{"host":"i29s15dsg0c43zmx","time":1614192950,"event":{"mods":["AchievementEnabler","BaseMod","Colored Map","Minty Spire (QoL Compilation)","StSLib"],"gold_per_floor":[114,189,139,157,157,157,187,8,8,18,18,34,45,107,107,107,107],"floor_reached":16,"language":"ENG","playtime":512,"items_purged":["Defend_B"],"score":105,"play_id":"320ab321-092d-4ed4-9966-769f30ba16a1","local_time":"20210224195550","is_ascension_mode":true,"campfire_choices":[{"data":"Zap","floor":6,"key":"SMITH"},{"data":"Consume","floor":11,"key":"SMITH"},{"floor":15,"key":"REST"}],"circlet_count":0,"master_deck":["Strike_B","Strike_B","Defend_B","Defend_B","Defend_B","Zap+1","Dualcast","Recycle","Capacitor","Capacitor","Consume+1","Conserve Battery","Melter","Conserve Battery","Turbo"],"relics":["Cracked Core","PreservedInsect","Frozen Egg 2","Nunchaku"],"acts_visited":["Exordium"],"potions_floor_usage":[13,14],"damage_taken":[{"damage":4,"enemies":"2 Louse","floor":1,"turns":3},{"damage":8,"enemies":"Small Slimes","floor":4,"turns":5},{"damage":40,"enemies":"Lagavulin","floor":7,"turns":10},{"damage":5,"enemies":"Cultist","floor":10,"turns":4},{"damage":6,"enemies":"Exordium Wildlife","floor":12,"turns":4},{"damage":9,"enemies":"Large Slime","floor":13,"turns":6},{"damage":10,"enemies":"Lagavulin Event","floor":14,"turns":5},{"damage":28,"enemies":"Slime Boss","floor":16,"turns":3}],"seed_played":"3419899824987582361","potions_obtained":[{"floor":4,"key":"ColorlessPotion"},{"floor":12,"key":"SpeedPotion"},{"floor":13,"key":"SneckoOil"}],"is_trial":false,"path_per_floor":["M","?","?","M","?","R","E","$","T","M","R","M","M","?","R","B"],"character_chosen":"DEFECT","items_purchased":["Consume","Conserve Battery"],"campfire_rested":1,"item_purchase_floors":[8,8],"current_hp_per_floor":[71,60,60,52,75,75,35,35,35,30,30,24,15,5,27,0,0],"gold":107,"neow_bonus":"TRANSFORM_CARD","is_daily":false,"chose_seed":false,"campfire_upgraded":2,"win_rate":0.0,"timestamp":1614192950,"path_taken":["M","?","?","M","?","R","E","$","T","M","R","M","M","?","R","BOSS"],"items_purchased_type":["Card","Card"],"build_version":"2020-12-22","purchased_purges":1,"victory":false,"max_hp_per_floor":[75,75,75,75,75,75,75,75,75,75,75,75,75,75,75,75,75],"card_choices":[{"not_picked":["Leap","Go for the Eyes"],"picked":"Capacitor","floor":1},{"not_picked":["Gash","Steam"],"picked":"Capacitor","floor":4},{"not_picked":["Scrape","Steam","Hologram"],"picked":"SKIP","floor":7},{"not_picked":["Auto Shields","Redo"],"picked":"Melter","floor":10},{"not_picked":["Recycle","Gash","Sweeping Beam"],"picked":"SKIP","floor":12},{"not_picked":["Steam Power","Undo"],"picked":"Conserve Battery","floor":13},{"not_picked":["Beam Cell","Rebound"],"picked":"Turbo","floor":14}],"player_experience":133546,"relics_obtained":[{"floor":7,"key":"PreservedInsect"},{"floor":9,"key":"Frozen Egg 2"},{"floor":14,"key":"Nunchaku"}],"event_choices":[{"damage_healed":0,"gold_gain":75,"player_choice":"Gather Gold","damage_taken":11,"max_hp_gain":0,"max_hp_loss":0,"event_name":"World of Goop","floor":2,"gold_loss":0},{"cards_removed":["Strike_B"],"damage_healed":0,"gold_gain":0,"player_choice":"Card Removal","damage_taken":0,"max_hp_gain":0,"max_hp_loss":0,"event_name":"The Cleric","floor":3,"gold_loss":50},{"damage_healed":25,"gold_gain":0,"player_choice":"Banana","damage_taken":0,"max_hp_gain":0,"max_hp_loss":0,"event_name":"Big Fish","floor":5,"gold_loss":0},{"damage_healed":0,"gold_gain":30,"player_choice":"Searched \u00272\u0027 times","damage_taken":0,"max_hp_gain":0,"max_hp_loss":0,"event_name":"Dead Adventurer","floor":14,"gold_loss":0}],"is_beta":false,"boss_relics":[],"items_purged_floors":[8],"is_endless":false,"potions_floor_spawned":[4,12,13],"killed_by":"Slime Boss","ascension_level":1}}