{"host":"Doisman","time":1614208640,"event":{"mods":["AchievementEnabler","BaseMod","Better Note","Curses Come First","Minty Spire (QoL Compilation)","Permanent Neow","Quick Restart","Relic Stats","Replay The Spire","StSLib","slay the spire mod where everything is the same but ironclad has a cowboy hat"],"gold_per_floor":[110,110,125,135,147,181,181,208,235,260,285,285,314,349,349,458,558,580,609,609,647,667,667,697,697,721,742,742,492,492,529,529,639,639,673,705,313,313,346,390,428,428,479,479,519,536,580,601,601,613],"floor_reached":51,"language":"ENG","playtime":2473,"items_purged":["Strike_G","Choke+1"],"score":1122,"play_id":"412e484e-3614-4133-b18c-ca15c73ed883","local_time":"20210224171720","is_ascension_mode":true,"campfire_choices":[{"data":"Leg Sweep","floor":12,"key":"SMITH"},{"data":"Well Laid Plans","floor":15,"key":"SMITH"},{"data":"Noxious Fumes","floor":23,"key":"SMITH"},{"data":"Noxious Fumes","floor":25,"key":"SMITH"},{"data":"Adrenaline","floor":28,"key":"SMITH"},{"data":"Leg Sweep","floor":32,"key":"SMITH"},{"floor":42,"key":"REST"},{"floor":44,"key":"REST"},{"floor":49,"key":"REST"}],"circlet_count":0,"master_deck":["Defend_G+1","Defend_G+1","Defend_G+1","Defend_G+1","Defend_G+1","Survivor+1","Neutralize+1","Skewer","Noxious Fumes+1","Noxious Fumes+1","Deadly Poison","Leg Sweep+1","Dagger Spray+1","Deadly Poison","Deflect+1","Blur","Well Laid Plans+1","Adrenaline+1","Backflip+1","Deadly Poison","Leg Sweep+1","Deadly Poison","Finisher+1","Skewer+1","Catalyst+1","Noxious Fumes","ReplayUltimateDefense","Footwork+1","Footwork","Noxious Fumes+1"],"relics":["SlaversCollar","CaptainsWheel","Replay:Bandana","Replay:Mystery Machine","Orichalcum","Replay:Wanted Poster","GremlinMask","Singing Bowl","Smiling Mask","Whetstone","PreservedInsect","Astrolabe","TwistedFunnel","CeramicFish","War Paint","Replay:Bottled Eggs","Dream Catcher"],"acts_visited":["Exordium","TheCity","TheBeyond"],"potions_floor_usage":[11,14,14,14,31,39,39,48,50,50],"damage_taken":[{"damage":5,"enemies":"Jaw Worm","floor":1,"turns":6},{"damage":0,"enemies":"Cultist","floor":3,"turns":3},{"damage":0,"enemies":"Small Slimes","floor":4,"turns":4},{"damage":2,"enemies":"Blue Slaver","floor":5,"turns":5},{"damage":14,"enemies":"Lagavulin","floor":6,"turns":6},{"damage":0,"enemies":"Gremlin Nob","floor":8,"turns":4},{"damage":0,"enemies":"Looter","floor":10,"turns":4},{"damage":3,"enemies":"Lots of Slimes","floor":11,"turns":5},{"damage":0,"enemies":"Replay:BlueRogue","floor":13,"turns":5},{"damage":9,"enemies":"Gremlin Gang","floor":14,"turns":6},{"damage":0,"enemies":"Hexaghost","floor":16,"turns":9},{"damage":3,"enemies":"Spheric Guardian","floor":18,"turns":6},{"damage":0,"enemies":"Shell Parasite","floor":19,"turns":5},{"damage":3,"enemies":"Centurion and Healer","floor":21,"turns":9},{"damage":0,"enemies":"Snecko","floor":22,"turns":5},{"damage":0,"enemies":"Replay:Snechameleon","floor":24,"turns":7},{"damage":0,"enemies":"Snake Plant","floor":27,"turns":5},{"damage":7,"enemies":"Slavers","floor":31,"turns":5},{"damage":34,"enemies":"Champ","floor":33,"turns":11},{"damage":30,"enemies":"3 Darklings","floor":35,"turns":5},{"damage":4,"enemies":"Orb Walker","floor":36,"turns":4},{"damage":14,"enemies":"Jaw Worm Horde","floor":39,"turns":5},{"damage":17,"enemies":"Nemesis","floor":40,"turns":7},{"damage":10,"enemies":"Transient","floor":41,"turns":5},{"damage":0,"enemies":"Giant Head","floor":45,"turns":7},{"damage":2,"enemies":"Writhing Mass","floor":46,"turns":4},{"damage":10,"enemies":"Nemesis","floor":47,"turns":6},{"damage":0,"enemies":"4 Shapes","floor":48,"turns":7},{"damage":4,"enemies":"Donu and Deca","floor":50,"turns":9}],"seed_played":"9164887593700610751","potions_obtained":[{"floor":1,"key":"Weak Potion"},{"floor":3,"key":"EntropicBrew"},{"floor":4,"key":"EssenceOfSteel"},{"floor":6,"key":"Block Potion"},{"floor":18,"key":"GamblersBrew"},{"floor":22,"key":"FearPotion"},{"floor":27,"key":"AttackPotion"},{"floor":31,"key":"Fire Potion"},{"floor":36,"key":"Weak Potion"},{"floor":41,"key":"DuplicationPotion"},{"floor":46,"key":"Cursed Concoction"},{"floor":48,"key":"Reflective Coating"}],"is_trial":false,"path_per_floor":["M","?","M","M","M","E","?","E","T","M","M","R","E","M","R","B",null,"M","M","?","M","M","R","E","R","T","M","R","$","?","E","R","B",null,"M","M","$","?","M","E","M","R","T","R","E","M","E","M","R","B",null],"character_chosen":"THE_SILENT","items_purchased":["Whetstone","PowerPotion","TwistedFunnel","ReplayUltimateDefense"],"campfire_rested":3,"item_purchase_floors":[29,29,37,37],"current_hp_per_floor":[65,65,65,65,63,49,35,35,35,35,32,32,32,23,23,23,70,67,67,67,64,64,64,66,66,66,68,68,68,68,63,63,31,78,48,44,44,44,32,15,5,29,29,53,53,53,45,47,74,70],"gold":613,"neow_bonus":"BOSS_RELIC","is_daily":false,"chose_seed":false,"campfire_upgraded":6,"win_rate":0.0,"timestamp":1614208640,"path_taken":["M","?","?","M","M","E","?","E","T","M","M","R","E","M","R","BOSS","M","M","?","?","?","R","E","R","T","M","R","$","?","E","R","BOSS","M","M","?","?","M","E","M","R","T","R","E","M","E","M","R","BOSS"],"items_purchased_type":["Relic","Potion","Relic","Card"],"build_version":"2020-12-18","purchased_purges":2,"victory":true,"max_hp_per_floor":[70,70,70,70,70,70,70,70,70,70,70,70,70,70,70,70,70,70,70,70,70,70,70,72,72,72,74,74,74,74,76,76,78,78,78,78,78,78,80,80,80,80,80,80,80,82,84,86,88,88],"relic_stats":{"Dream Catcher":1,"Singing Bowl":18,"counters":[29,169],"Astrolabe":["Choke","Finisher","Skewer"],"CeramicFish":27,"PreservedInsect":219,"Whetstone":["Dagger Spray","Strike_G"],"Orichalcum":[102],"War Paint":["Deflect","Defend_G"],"Smiling Mask":75,"obtain_stats":[{"TwistedFunnel":37,"Singing Bowl":24,"Astrolabe":34,"CeramicFish":40,"GremlinMask":20,"PreservedInsect":31,"Whetstone":29,"Replay:Mystery Machine":9,"Orichalcum":13,"War Paint":43,"Smiling Mask":26,"Replay:Wanted Poster":17,"SlaversCollar":0,"CaptainsWheel":6,"Replay:Bandana":8,"Dream Catcher":47,"Replay:Bottled Eggs":45,"Ring of the Snake":0},{"TwistedFunnel":21,"Singing Bowl":16,"Astrolabe":19,"CeramicFish":23,"GremlinMask":13,"PreservedInsect":18,"Whetstone":17,"Replay:Mystery Machine":6,"Orichalcum":9,"War Paint":24,"Smiling Mask":16,"Replay:Wanted Poster":11,"SlaversCollar":0,"CaptainsWheel":5,"Replay:Bandana":6,"Dream Catcher":27,"Replay:Bottled Eggs":25,"Ring of the Snake":0},{"TwistedFunnel":119,"Singing Bowl":89,"Astrolabe":110,"CeramicFish":131,"GremlinMask":68,"PreservedInsect":99,"Whetstone":94,"Replay:Mystery Machine":28,"Orichalcum":42,"War Paint":136,"Smiling Mask":89,"Replay:Wanted Poster":57,"SlaversCollar":0,"CaptainsWheel":24,"Replay:Bandana":28,"Dream Catcher":153,"Replay:Bottled Eggs":143,"Ring of the Snake":0}]},"card_choices":[{"not_picked":["Acrobatics","Choke"],"picked":"Skewer","floor":1},{"not_picked":["Escape Plan","Concentrate"],"picked":"Noxious Fumes","floor":3},{"not_picked":["Acrobatics","ReplayTheSpireMod:Tripwire"],"picked":"Noxious Fumes","floor":4},{"not_picked":["Slice","Calculated Gamble"],"picked":"Deadly Poison","floor":5},{"not_picked":["Prepared","Quick Slash"],"picked":"Leg Sweep","floor":6},{"not_picked":["Dodge and Roll","Die Die Die"],"picked":"Dagger Spray","floor":8},{"not_picked":["Terror","Dagger Throw"],"picked":"Deadly Poison","floor":10},{"not_picked":["Quick Slash","All Out Attack"],"picked":"Deflect","floor":11},{"not_picked":["Bane","Slice"],"picked":"Blur","floor":13},{"not_picked":["Bullet Time","Dagger Throw"],"picked":"Well Laid Plans","floor":14},{"not_picked":["Burst","After Image"],"picked":"Adrenaline","floor":16},{"not_picked":["Deadly Poison+1","Dagger Throw+1"],"picked":"Backflip+1","floor":18},{"not_picked":["Accuracy","Blade Dance"],"picked":"Deadly Poison","floor":19},{"not_picked":["Caltrops+1","Quick Slash","Bane"],"picked":"SKIP","floor":21},{"not_picked":["Dodge and Roll","Distraction"],"picked":"Leg Sweep","floor":22},{"not_picked":["Accuracy","Acrobatics+1","Bane"],"picked":"Singing Bowl","floor":24},{"not_picked":["Deadly Poison","Dash+1","Venomology"],"picked":"Singing Bowl","floor":27},{"not_picked":["Outmaneuver","Blade Dance","Deflect"],"picked":"Singing Bowl","floor":31},{"not_picked":["Tools of the Trade","ReplayTheSpireMod:From All Sides","Unload"],"picked":"Singing Bowl","floor":33},{"not_picked":["Accuracy","Acrobatics+1"],"picked":"Catalyst+1","floor":35},{"not_picked":["Riddle With Holes","Tactician+1"],"picked":"Noxious Fumes","floor":36},{"not_picked":["Outmaneuver","Quick Slash","Bane+1"],"picked":"Singing Bowl","floor":39},{"not_picked":["Terror","Prepared"],"picked":"Footwork+1","floor":40},{"not_picked":["Storm of Steel","Dagger Spray"],"picked":"Footwork","floor":41},{"not_picked":["Underhanded Strike+1","Skewer+1"],"picked":"Noxious Fumes+1","floor":45},{"not_picked":["Deflect+1","Acrobatics+1","Expertise+1"],"picked":"Singing Bowl","floor":46},{"not_picked":["Dagger Spray+1","Cloak And Dagger+1","Poisoned Stab"],"picked":"Singing Bowl","floor":47},{"not_picked":["Storm of Steel","Flying Knee","Deadly Poison"],"picked":"Singing Bowl","floor":48},{"not_picked":["Deflect+1","Bane","Eviscerate+1"],"picked":"Singing Bowl","floor":49}],"player_experience":795441,"relics_obtained":[{"floor":6,"key":"CaptainsWheel"},{"floor":8,"key":"Replay:Bandana"},{"floor":9,"key":"Replay:Mystery Machine"},{"floor":13,"key":"Orichalcum"},{"floor":24,"key":"Singing Bowl"},{"floor":26,"key":"Smiling Mask"},{"floor":31,"key":"PreservedInsect"},{"floor":40,"key":"CeramicFish"},{"floor":43,"key":"War Paint"},{"floor":45,"key":"Replay:Bottled Eggs"},{"floor":47,"key":"Dream Catcher"}],"event_choices":[{"cards_removed":["Strike_G"],"damage_healed":0,"gold_gain":0,"player_choice":"Purged","damage_taken":0,"max_hp_gain":0,"max_hp_loss":0,"event_name":"Purifier","floor":2,"gold_loss":0},{"damage_healed":0,"gold_gain":0,"player_choice":"Entered Light","damage_taken":14,"max_hp_gain":0,"max_hp_loss":0,"event_name":"Shining Light","floor":7,"gold_loss":0,"cards_upgraded":["Survivor","Neutralize"]},{"damage_healed":0,"gold_gain":0,"player_choice":"Trade","damage_taken":0,"relics_obtained":["GremlinMask"],"max_hp_gain":0,"max_hp_loss":0,"event_name":"FaceTrader","floor":20,"gold_loss":0},{"damage_healed":0,"gold_gain":0,"player_choice":"1 cards matched","damage_taken":0,"max_hp_gain":0,"max_hp_loss":0,"event_name":"Match and Keep!","floor":30,"gold_loss":0,"cards_obtained":["Deadly Poison"]},{"damage_healed":0,"gold_gain":0,"player_choice":"Ignored","damage_taken":0,"max_hp_gain":0,"max_hp_loss":0,"event_name":"Tomb of Lord Red Mask","floor":38,"gold_loss":0}],"is_beta":true,"boss_relics":[{"not_picked":["Runic Dome","Snecko Eye"],"picked":"Replay:Wanted Poster"},{"not_picked":["Tiny House","Abe\u0027s Treasure"],"picked":"Astrolabe"}],"items_purged_floors":[29,37],"is_endless":false,"potions_floor_spawned":[1,3,4,6,18,22,27,31,36,41,46,47,48],"ascension_level":1}}