{"host":"4eao2pkwlmv012cz","time":1614152141,"event":{"mods":["BaseMod","Bestiary","Bossed Relics","Colored Powertips","Minty Spire (QoL Compilation)","Permanent Neow","Quick Restart","Random Character Button","StSLib"],"gold_per_floor":[114,39,39,54,54,54,84,99,174,174,204,219,249,264,264,364,364,379,478,493,518,533,563,563,578,578,9,24,24,54,69,69,169,169,184,208,208,238,253,283,298,328,378,378,393,423,423,438,438,438],"floor_reached":51,"language":"ENG","playtime":2858,"items_purged":[],"score":927,"play_id":"77ecffb5-48d5-4be8-82bf-c02f388671e5","local_time":"20210224023541","daily_mods":["Heirloom","Colorless Cards","DeadlyEvents"],"is_ascension_mode":false,"campfire_choices":[{"data":"Inflame","floor":6,"key":"SMITH"},{"data":"Anger","floor":10,"key":"SMITH"},{"data":"Demon Form","floor":15,"key":"SMITH"},{"data":"Heavy Blade","floor":24,"key":"SMITH"},{"data":"True Grit","floor":29,"key":"SMITH"},{"data":"Shrug It Off","floor":32,"key":"SMITH"},{"data":"Apotheosis","floor":44,"key":"SMITH"},{"data":"1","floor":47,"key":"LIFT"},{"data":"2","floor":49,"key":"LIFT"}],"circlet_count":0,"master_deck":["Strike_R","Strike_R+1","Strike_R","Strike_R","Defend_R","Defend_R","Defend_R","Defend_R","Bash+1","Cleave","Inflame+1","Anger+1","Heavy Blade","Demon Form+1","Spot Weakness","Shrug It Off+1","Madness","Double Tap","Feel No Pain","Heavy Blade+1","Feed+1","Mayhem","True Grit+1","Flex","Sword Boomerang+1","Apotheosis+1","True Grit+1","Bandage Up+1","Immolate","Hemokinesis+1","Madness","Iron Wave+1","Exhume","Thunderclap+1","Juggernaut","Dark Shackles"],"relics":["Burning Blood","Magic Flower","Gremlin Horn","Sundial","Bottled Flame","Centennial Puzzle","SlaversCollar","Toy Ornithopter","Ice Cream","Whetstone","Lee\u0027s Waffle","Oddly Smooth Stone","Red Skull","Runic Cube","Gambling Chip","Mummified Hand","Bronze Scales","Potion Belt","Blue Candle","Happy Flower","Girya"],"acts_visited":["Exordium","TheCity","TheBeyond"],"potions_floor_usage":[11,13,16,18,23,30,30,33,36,41,50],"damage_taken":[{"damage":10,"enemies":"Cultist","floor":1,"turns":4},{"damage":3,"enemies":"Jaw Worm","floor":4,"turns":4},{"damage":26,"enemies":"Lagavulin","floor":7,"turns":5},{"damage":6,"enemies":"2 Louse","floor":8,"turns":2},{"damage":14,"enemies":"Gremlin Nob","floor":11,"turns":3},{"damage":14,"enemies":"Blue Slaver","floor":12,"turns":3},{"damage":19,"enemies":"Lagavulin","floor":13,"turns":4},{"damage":0,"enemies":"3 Louse","floor":14,"turns":3},{"damage":55,"enemies":"The Guardian","floor":16,"turns":7},{"damage":5,"enemies":"Spheric Guardian","floor":18,"turns":3},{"damage":22,"enemies":"2 Thieves","floor":20,"turns":4},{"damage":10,"enemies":"Snecko","floor":22,"turns":3},{"damage":38,"enemies":"Book of Stabbing","floor":23,"turns":4},{"damage":48,"enemies":"Centurion and Healer","floor":25,"turns":6},{"damage":30,"enemies":"Snake Plant","floor":28,"turns":3},{"damage":51,"enemies":"Slavers","floor":30,"turns":3},{"damage":20,"enemies":"Cultist and Chosen","floor":31,"turns":5},{"damage":53,"enemies":"Automaton","floor":33,"turns":7},{"damage":11,"enemies":"3 Shapes","floor":35,"turns":3},{"damage":37,"enemies":"2 Orb Walkers","floor":36,"turns":5},{"damage":48,"enemies":"Giant Head","floor":38,"turns":7},{"damage":19,"enemies":"3 Darklings","floor":39,"turns":3},{"damage":26,"enemies":"Reptomancer","floor":40,"turns":4},{"damage":29,"enemies":"Maw","floor":41,"turns":5},{"damage":2,"enemies":"Giant Head","floor":42,"turns":5},{"damage":20,"enemies":"Jaw Worm Horde","floor":45,"turns":2},{"damage":5,"enemies":"Reptomancer","floor":46,"turns":5},{"damage":6,"enemies":"4 Shapes","floor":48,"turns":2},{"damage":40,"enemies":"Time Eater","floor":50,"turns":4}],"seed_played":"1986488565424594500","potions_obtained":[{"floor":8,"key":"BloodPotion"},{"floor":11,"key":"Block Potion"},{"floor":13,"key":"EssenceOfSteel"},{"floor":16,"key":"DistilledChaos"},{"floor":25,"key":"BlessingOfTheForge"},{"floor":30,"key":"SmokeBomb"},{"floor":31,"key":"DistilledChaos"},{"floor":35,"key":"Swift Potion"},{"floor":40,"key":"LiquidBronze"},{"floor":42,"key":"SpeedPotion"},{"floor":45,"key":"Ancient Potion"}],"is_trial":false,"path_per_floor":["M","$","?","M","?","R","E","M","T","R","E","M","E","M","R","B",null,"M","?","M","T","M","E","R","M","T","$","M","R","E","M","R","B",null,"M","?","?","E","M","E","M","E","T","R","M","E","R","M","R","B",null],"character_chosen":"IRONCLAD","items_purchased":["Regen Potion","Lee\u0027s Waffle","Oddly Smooth Stone","Mayhem","Regen Potion"],"campfire_rested":0,"item_purchase_floors":[2,27,27,27,27],"current_hp_per_floor":[79,79,79,80,80,80,63,66,66,66,75,70,60,69,69,23,80,80,80,67,67,66,68,68,29,29,87,66,66,57,52,52,16,95,99,85,85,55,45,37,34,56,56,56,54,67,67,70,70,56],"gold":438,"neow_bonus":"","is_daily":true,"chose_seed":false,"campfire_upgraded":7,"win_rate":0.0,"timestamp":1614152141,"path_taken":["M","?","?","?","?","R","E","?","T","R","?","M","E","M","R","BOSS","M","?","M","?","?","E","R","M","T","$","M","R","E","M","R","BOSS","M","?","?","?","M","E","M","E","T","R","?","E","R","M","R","BOSS"],"items_purchased_type":["Potion","Relic","Relic","Card","Potion"],"build_version":"2020-12-22","purchased_purges":0,"victory":true,"max_hp_per_floor":[80,80,80,80,80,80,80,80,80,80,80,80,80,80,80,80,80,80,80,80,80,80,80,80,80,80,87,87,87,91,95,95,95,95,99,103,103,103,103,103,103,107,107,107,107,107,107,107,107,107],"card_choices":[{"not_picked":["Flex","Body Slam"],"picked":"Cleave","floor":1},{"not_picked":["Second Wind","Flash of Steel"],"picked":"Inflame","floor":4},{"not_picked":["Warcry","Flex"],"picked":"Anger","floor":7},{"not_picked":["Cleave","Dark Embrace"],"picked":"Heavy Blade","floor":8},{"not_picked":["Forethought","Feel No Pain"],"picked":"Demon Form","floor":11},{"not_picked":["Thunderclap","Pommel Strike"],"picked":"Spot Weakness","floor":12},{"not_picked":["Seeing Red","Havoc"],"picked":"Shrug It Off","floor":13},{"not_picked":["Cleave","Clothesline"],"picked":"Madness","floor":14},{"not_picked":["HandOfGreed","Master of Strategy"],"picked":"Double Tap","floor":16},{"not_picked":["Pommel Strike","Warcry+1"],"picked":"Feel No Pain","floor":18},{"not_picked":["Evolve","Iron Wave"],"picked":"Heavy Blade","floor":20},{"not_picked":["Perfected Strike","Deep Breath","Warcry"],"picked":"SKIP","floor":22},{"not_picked":["Swift Strike","Flex"],"picked":"Feed","floor":23},{"not_picked":["Entrench","Searing Blow","Pommel Strike"],"picked":"SKIP","floor":25},{"not_picked":["Sword Boomerang","Wild Strike"],"picked":"True Grit","floor":28},{"not_picked":["Wild Strike","Blood for Blood"],"picked":"Flex","floor":30},{"not_picked":["True Grit","Perfected Strike+1"],"picked":"Sword Boomerang+1","floor":31},{"not_picked":["Thinking Ahead","The Bomb"],"picked":"Apotheosis","floor":33},{"not_picked":["Wild Strike+1","Anger+1"],"picked":"True Grit+1","floor":35},{"not_picked":["Pommel Strike","Perfected Strike"],"picked":"Bandage Up+1","floor":36},{"not_picked":["Pommel Strike+1","Ghostly Armor+1"],"picked":"Immolate","floor":38},{"not_picked":["Trip","Bloodletting+1"],"picked":"Hemokinesis+1","floor":39},{"not_picked":["Blood for Blood","Pommel Strike"],"picked":"Madness","floor":40},{"not_picked":["Twin Strike+1","Hemokinesis"],"picked":"Iron Wave+1","floor":41},{"not_picked":["Shrug It Off+1","Thunderclap"],"picked":"Exhume","floor":42},{"not_picked":["Carnage","Iron Wave"],"picked":"Thunderclap+1","floor":45},{"not_picked":["Burning Pact+1","Intimidate+1"],"picked":"Juggernaut","floor":46},{"not_picked":["Clothesline","Thunderclap"],"picked":"Dark Shackles","floor":48}],"player_experience":2947996,"relics_obtained":[{"floor":7,"key":"Gremlin Horn"},{"floor":9,"key":"Sundial"},{"floor":11,"key":"Bottled Flame"},{"floor":13,"key":"Centennial Puzzle"},{"floor":21,"key":"Toy Ornithopter"},{"floor":23,"key":"Ice Cream"},{"floor":26,"key":"Whetstone"},{"floor":30,"key":"Red Skull"},{"floor":36,"key":"Gambling Chip"},{"floor":38,"key":"Bronze Scales"},{"floor":40,"key":"Potion Belt"},{"floor":42,"key":"Blue Candle"},{"floor":43,"key":"Happy Flower"},{"floor":46,"key":"Girya"}],"event_choices":[{"cards_removed":["Strike_R"],"damage_healed":0,"gold_gain":0,"player_choice":"Purged","damage_taken":0,"max_hp_gain":0,"max_hp_loss":0,"event_name":"Purifier","floor":3,"gold_loss":0},{"damage_healed":0,"gold_gain":0,"player_choice":"Grow","damage_taken":0,"max_hp_gain":0,"max_hp_loss":0,"event_name":"Living Wall","floor":5,"gold_loss":0,"cards_upgraded":["Bash"]},{"damage_healed":0,"gold_gain":99,"player_choice":"Stole From Cult","damage_taken":0,"max_hp_gain":0,"max_hp_loss":0,"event_name":"Nest","floor":19,"gold_loss":0},{"damage_healed":0,"gold_gain":0,"player_choice":"Fight","damage_taken":0,"max_hp_gain":0,"max_hp_loss":0,"event_name":"Mysterious Sphere","floor":36,"gold_loss":0},{"damage_healed":0,"gold_gain":0,"player_choice":"Gave Potion","damage_taken":0,"relics_obtained":["Mummified Hand"],"max_hp_gain":0,"max_hp_loss":0,"event_name":"WeMeetAgain","floor":37,"gold_loss":0}],"is_beta":false,"boss_relics":[{"not_picked":["Tiny House","Black Star"],"picked":"SlaversCollar"},{"not_picked":["Runic Pyramid","Coffee Dripper"],"picked":"Runic Cube"}],"items_purged_floors":[],"is_endless":false,"potions_floor_spawned":[8,11,13,16,25,30,31,35,40,42,45],"ascension_level":0}}