{"host":"ju1b3c4x8n2jtjm7","time":1614183498,"event":{"mods":["AchievementEnabler","BaseMod","Colored Map","Colored Powertips","DeckTracker","Highlight Path","Minty Spire (QoL Compilation)","Quick Restart","Rare Cards Sparkle","Relic Stats","StSLib"],"gold_per_floor":[115,135,135,149,161,189,189,189,189,229,253,294,315,394,394,492,492,537,550,625,646,673,673,686,725,725,783,783,249,303,12,12,130,130,168,184,200,200,200,200,224,287,336,381,381,5,338,338,338,338],"floor_reached":51,"language":"ENG","playtime":3362,"items_purged":["Strike_P","Strike_P"],"score":1531,"play_id":"dd55ad2b-4e26-451d-9259-db88ec5df9f9","local_time":"20210224171818","is_ascension_mode":true,"campfire_choices":[{"data":"WheelKick","floor":7.0,"key":"SMITH"},{"data":"Alpha","floor":15.0,"key":"SMITH"},{"floor":23.0,"key":"REST"},{"floor":28.0,"key":"REST"},{"floor":32.0,"key":"REST"},{"floor":40.0,"key":"REST"},{"floor":45.0,"key":"REST"},{"floor":49.0,"key":"RECALL"}],"circlet_count":0,"master_deck":["AscendersBane","Strike_P","Strike_P","Defend_P","Defend_P","Defend_P","Defend_P","Eruption","BowlingBash","Consecrate","Tantrum","Protect","WheelKick+1","Alpha+1","Meditate","FearNoEvil","EmptyFist","SashWhip","Wish","EmptyBody","FearNoEvil","Fasting2","Crescendo","Wireheading","ThirdEye","ThirdEye+1","Halt","Establishment","WheelKick+1","Transmutation+1","Discovery+1"],"relics":["Velvet Choker","Lantern","StrikeDummy","Omamori","White Beast Statue","Happy Flower","Nunchaku","Busted Crown","Ancient Tea Set","Potion Belt","Vajra","Membership Card","Centennial Puzzle","Pen Nib","Toolbox","Eternal Feather","SlaversCollar","Oddly Smooth Stone","Toxic Egg 2","DollysMirror"],"acts_visited":["Exordium","TheCity","TheBeyond","TheEnding"],"potions_floor_usage":[],"damage_taken":[{"damage":3.0,"enemies":"2 Louse","floor":1.0,"turns":3.0},{"damage":2.0,"enemies":"Jaw Worm","floor":2.0,"turns":4.0},{"damage":0.0,"enemies":"Cultist","floor":4.0,"turns":3.0},{"damage":6.0,"enemies":"Exordium Thugs","floor":5.0,"turns":2.0},{"damage":12.0,"enemies":"Lagavulin","floor":6.0,"turns":5.0},{"damage":0.0,"enemies":"Gremlin Nob","floor":10.0,"turns":2.0},{"damage":0.0,"enemies":"Blue Slaver","floor":11.0,"turns":2.0},{"damage":2.0,"enemies":"Lagavulin","floor":12.0,"turns":3.0},{"damage":0.0,"enemies":"3 Louse","floor":13.0,"turns":2.0},{"damage":0.0,"enemies":"3 Sentries","floor":14.0,"turns":3.0},{"damage":19.0,"enemies":"The Guardian","floor":16.0,"turns":8.0},{"damage":24.0,"enemies":"Shell Parasite","floor":18.0,"turns":5.0},{"damage":0.0,"enemies":"Spheric Guardian","floor":19.0,"turns":3.0},{"damage":10.0,"enemies":"Snecko","floor":21.0,"turns":6.0},{"damage":9.0,"enemies":"Shelled Parasite and Fungi","floor":24.0,"turns":5.0},{"damage":10.0,"enemies":"3 Cultists","floor":25.0,"turns":5.0},{"damage":9.0,"enemies":"Gremlin Leader","floor":27.0,"turns":4.0},{"damage":23.0,"enemies":"Centurion and Healer","floor":30.0,"turns":3.0},{"damage":6.0,"enemies":"Champ","floor":33.0,"turns":8.0},{"damage":15.0,"enemies":"3 Shapes","floor":35.0,"turns":9.0},{"damage":41.0,"enemies":"3 Darklings","floor":36.0,"turns":4.0},{"damage":1.0,"enemies":"4 Shapes","floor":37.0,"turns":2.0},{"damage":0.0,"enemies":"Sphere and 2 Shapes","floor":39.0,"turns":1.0},{"damage":0.0,"enemies":"Jaw Worm Horde","floor":41.0,"turns":3.0},{"damage":0.0,"enemies":"Giant Head","floor":42.0,"turns":6.0},{"damage":17.0,"enemies":"3 Darklings","floor":44.0,"turns":8.0},{"damage":41.0,"enemies":"Donu and Deca","floor":50.0,"turns":5.0}],"seed_played":"2201694498574871408","potions_obtained":[{"floor":2.0,"key":"Ambrosia"},{"floor":4.0,"key":"BlessingOfTheForge"},{"floor":5.0,"key":"Fire Potion"},{"floor":11.0,"key":"AttackPotion"},{"floor":12.0,"key":"AttackPotion"},{"floor":14.0,"key":"EssenceOfSteel"},{"floor":16.0,"key":"PowerPotion"},{"floor":24.0,"key":"Explosive Potion"},{"floor":25.0,"key":"Weak Potion"},{"floor":27.0,"key":"BottledMiracle"},{"floor":30.0,"key":"BottledMiracle"},{"floor":33.0,"key":"AttackPotion"},{"floor":35.0,"key":"StancePotion"},{"floor":36.0,"key":"EssenceOfSteel"},{"floor":37.0,"key":"SmokeBomb"},{"floor":41.0,"key":"Swift Potion"},{"floor":42.0,"key":"SkillPotion"},{"floor":44.0,"key":"Explosive Potion"}],"is_trial":false,"path_per_floor":["M","M","?","M","M","E","R","?","T","E","M","E","M","?","R","B",null,"M","M","?","M","T","R","M","M","T","E","R","$","M","$","R","B",null,"M","M","M","?","M","R","M","E","T","M","R","$","?","?","R","B",null],"character_chosen":"WATCHER","items_purchased":["Membership Card","Centennial Puzzle","Pen Nib","FearNoEvil","Fasting2","BlessingOfTheForge","SneckoOil","SpeedPotion","Crescendo","Toolbox","Eternal Feather","Wireheading","ThirdEye","Toxic Egg 2","DollysMirror","DuplicationPotion","Transmutation+1","Discovery+1"],"campfire_rested":5,"item_purchase_floors":[29,29,29,29,29,29,29,29,29,31,31,31,31,46,46,46,46,46],"current_hp_per_floor":[62,60,53,53,47,35,35,35,35,35,35,33,33,33,33,14,54,30,30,24,14,14,34,25,15,15,6,26,26,3,3,38,32,58,43,2,1,1,1,36,36,36,36,19,54,54,54,54,67,26],"gold":338,"neow_bonus":"BOSS_RELIC","is_daily":false,"chose_seed":false,"campfire_upgraded":2,"win_rate":0.0,"timestamp":1614183498,"path_taken":["M","M","?","M","M","E","R","?","T","E","M","E","M","?","R","BOSS","M","M","?","?","?","R","M","M","T","E","R","$","M","$","R","BOSS","M","M","M","?","M","R","M","E","T","M","R","$","?","?","R","BOSS"],"items_purchased_type":["Relic","Relic","Relic","Card","Card","Potion","Potion","Potion","Card","Relic","Relic","Card","Card","Relic","Relic","Potion","Card","Card"],"build_version":"2020-12-22","purchased_purges":2,"victory":true,"max_hp_per_floor":[72,72,72,72,72,72,72,67,67,67,67,67,67,67,67,67,67,67,67,67,67,67,67,67,67,67,67,67,67,67,67,67,67,67,67,67,67,67,67,67,67,67,67,67,67,67,67,67,67,67],"relic_stats":{"Nunchaku":[15],"Centennial Puzzle":[21],"Busted Crown":28,"Happy Flower":[30],"counters":[27,114],"Eternal Feather":58,"Pen Nib":[8],"obtain_stats":[{"Potion Belt":26,"Lantern":3,"Happy Flower":12,"Golden Idol":8,"Velvet Choker":0,"Vajra":27,"Oddly Smooth Stone":42,"Eternal Feather":31,"Pen Nib":29,"Omamori":9,"Ancient Tea Set":22,"White Beast Statue":10,"SlaversCollar":34,"Nunchaku":14,"Centennial Puzzle":29,"Busted Crown":17,"DollysMirror":46,"Toolbox":31,"Membership Card":29,"PureWater":0,"Toxic Egg 2":46,"StrikeDummy":6},{"Potion Belt":16,"Lantern":2,"Happy Flower":8,"Golden Idol":5,"Velvet Choker":0,"Vajra":17,"Oddly Smooth Stone":25,"Eternal Feather":18,"Pen Nib":17,"Omamori":5,"Ancient Tea Set":14,"White Beast Statue":6,"SlaversCollar":19,"Nunchaku":9,"Centennial Puzzle":17,"Busted Crown":11,"DollysMirror":26,"Toolbox":18,"Membership Card":17,"PureWater":0,"Toxic Egg 2":26,"StrikeDummy":5},{"Potion Belt":61,"Lantern":7,"Happy Flower":24,"Golden Idol":17,"Velvet Choker":0,"Vajra":65,"Oddly Smooth Stone":101,"Eternal Feather":68,"Pen Nib":65,"Omamori":17,"Ancient Tea Set":51,"White Beast Statue":19,"SlaversCollar":76,"Nunchaku":26,"Centennial Puzzle":65,"Busted Crown":37,"DollysMirror":109,"Toolbox":68,"Membership Card":65,"PureWater":0,"Toxic Egg 2":109,"StrikeDummy":17}]},"card_choices":[{"not_picked":["ThirdEye","Adaptation"],"picked":"BowlingBash","floor":1.0},{"not_picked":["BowlingBash","Vengeance"],"picked":"Consecrate","floor":2.0},{"not_picked":["Vengeance","CutThroughFate"],"picked":"Tantrum","floor":4.0},{"not_picked":["Prostrate","ClearTheMind"],"picked":"Protect","floor":5.0},{"not_picked":["ForeignInfluence","ClearTheMind"],"picked":"WheelKick","floor":6.0},{"not_picked":["MasterReality","FlurryOfBlows"],"picked":"Alpha","floor":10.0},{"not_picked":["PathToVictory","FlurryOfBlows"],"picked":"Meditate","floor":11.0},{"not_picked":["WindmillStrike","FollowUp"],"picked":"FearNoEvil","floor":12.0},{"not_picked":["Nirvana","DeceiveReality"],"picked":"EmptyFist","floor":13.0},{"not_picked":["PathToVictory","BowlingBash"],"picked":"SashWhip","floor":14.0},{"not_picked":["DeusExMachina","MasterReality"],"picked":"Wish","floor":16.0},{"not_picked":[],"picked":"EmptyBody","floor":18.0},{"not_picked":["Swivel"],"picked":"SKIP","floor":19.0},{"not_picked":["Prostrate"],"picked":"SKIP","floor":21.0},{"not_picked":["EmptyFist"],"picked":"SKIP","floor":24.0},{"not_picked":["CarveReality+1"],"picked":"SKIP","floor":25.0},{"not_picked":["Prostrate"],"picked":"SKIP","floor":27.0},{"not_picked":["CarveReality"],"picked":"SKIP","floor":30.0},{"not_picked":["WreathOfFlame"],"picked":"SKIP","floor":35.0},{"not_picked":["FlyingSleeves+1"],"picked":"SKIP","floor":36.0},{"not_picked":[],"picked":"ThirdEye+1","floor":37.0},{"not_picked":[],"picked":"Halt","floor":41.0},{"not_picked":[],"picked":"Establishment","floor":42.0},{"not_picked":["EmptyFist"],"picked":"SKIP","floor":44.0}],"player_experience":527830,"relics_obtained":[{"floor":6.0,"key":"StrikeDummy"},{"floor":9.0,"key":"Omamori"},{"floor":10.0,"key":"White Beast Statue"},{"floor":12.0,"key":"Happy Flower"},{"floor":22.0,"key":"Ancient Tea Set"},{"floor":26.0,"key":"Potion Belt"},{"floor":27.0,"key":"Vajra"},{"floor":42.0,"key":"Oddly Smooth Stone"}],"event_choices":[{"damage_healed":0.0,"max_hp_gain":0.0,"max_hp_loss":0.0,"gold_gain":0.0,"event_name":"Scrap Ooze","player_choice":"Success","floor":3.0,"gold_loss":0.0,"damage_taken":7.0,"relics_obtained":["Lantern"]},{"damage_healed":0.0,"max_hp_gain":0.0,"max_hp_loss":5.0,"gold_gain":0.0,"event_name":"Golden Idol","player_choice":"Lose Max HP","floor":8.0,"gold_loss":0.0,"damage_taken":0.0,"relics_obtained":["Golden Idol"]},{"damage_healed":0.0,"max_hp_gain":0.0,"max_hp_loss":0.0,"gold_gain":0.0,"event_name":"Dead Adventurer","player_choice":"Searched \u00273\u0027 times","floor":14.0,"gold_loss":0.0,"damage_taken":0.0,"relics_obtained":["Nunchaku"]},{"damage_healed":0.0,"max_hp_gain":0.0,"max_hp_loss":0.0,"gold_gain":75.0,"event_name":"FaceTrader","player_choice":"Touch","floor":20.0,"gold_loss":0.0,"damage_taken":6.0},{"damage_healed":0.0,"max_hp_gain":0.0,"max_hp_loss":0.0,"gold_gain":0.0,"event_name":"Mysterious Sphere","player_choice":"Ignored","floor":38.0,"gold_loss":0.0,"damage_taken":0.0},{"damage_healed":0.0,"max_hp_gain":0.0,"max_hp_loss":0.0,"gold_gain":333.0,"event_name":"The Moai Head","player_choice":"Gave Idol","floor":47.0,"relics_lost":["Golden Idol"],"gold_loss":0.0,"damage_taken":0.0},{"cards_removed":["Vigilance"],"damage_healed":0.0,"max_hp_gain":0.0,"max_hp_loss":0.0,"gold_gain":0.0,"event_name":"Falling","player_choice":"Removed Skill","floor":48.0,"gold_loss":0.0,"damage_taken":0.0}],"is_beta":false,"boss_relics":[{"not_picked":["Cursed Key","Runic Dome"],"picked":"Busted Crown"},{"not_picked":["Sozu","Snecko Eye"],"picked":"SlaversCollar"}],"items_purged_floors":[29,31],"is_endless":false,"potions_floor_spawned":[2,4,5,11,12,13,14,16,18,19,21,24,25,27,30,33,35,36,37,39,41,42,44],"ascension_level":13}}