{"host":"o9lehcdjc4u6j9un","time":1614191996,"event":{"mods":["Aspiration","BaseMod","Better-Laid Plans","Bossed Relics","Colored Map","Koishi","Marisa£®ÏF”Í°°ƒß¿Ì…≥£©","Minty Spire (QoL Compilation)","Reimu£®≤©¿ˆ¡È√Œ£©","Remilia£®¿Ÿ√◊¿Ú—«£©","StSLib","The Senshi","The Servant 0.9.4","Yakumo Yukari mod","Youmu£®ªÍ∆«—˝√Œ£©"],"gold_per_floor":[117,77,2,102,122,122,142,142,142,142,142,142,159,170,170,273,273,290,306,322,322,322,322,333,43,43,43,43,55,69,69,69,170,170,184,184,36,0,0,0],"floor_reached":39,"language":"ZHS","playtime":10625,"items_purged":["Strike_G","Strike_G"],"score":369,"play_id":"dfd94c2f-4b83-4410-823d-523a47d07f4c","local_time":"20210225023956","is_ascension_mode":false,"campfire_choices":[{"data":"Dagger Spray","floor":6.0,"key":"SMITH"},{"data":"Neutralize","floor":8.0,"key":"SMITH"},{"data":"Adrenaline","floor":12.0,"key":"SMITH"},{"data":"Choke","floor":15.0,"key":"SMITH"},{"data":"A Thousand Cuts","floor":23.0,"key":"SMITH"},{"data":"Finisher","floor":28,"key":"SMITH"},{"floor":32,"key":"REST"}],"circlet_count":0,"master_deck":["Strike_G","Strike_G","Defend_G","Defend_G","Defend_G","Defend_G","Survivor","Neutralize+1","Dagger Spray+1","Adrenaline+1","Escape Plan","Choke+1","A Thousand Cuts+1","Blade Dance+1","Finisher+1","Phantasmal Killer"],"relics":["Ring of the Snake","aspiration:Nostalgia","Burning Blood","PaintedHorse:ReiMu","Kunai","SacredBark","Ninja Scroll","aspiration:HummingbirdHeart","Astrolabe","Red Mask"],"acts_visited":["Exordium","TheCity","TheBeyond"],"potions_floor_usage":[33,33,33,39],"damage_taken":[{"damage":2.0,"enemies":"Small Slimes","floor":1.0,"turns":4.0},{"damage":3.0,"enemies":"Jaw Worm","floor":5.0,"turns":5.0},{"damage":1.0,"enemies":"Cultist","floor":7.0,"turns":4.0},{"damage":3.0,"enemies":"Looter","floor":13.0,"turns":3.0},{"damage":11.0,"enemies":"Gremlin Gang","floor":14.0,"turns":5.0},{"damage":47.0,"enemies":"Hexaghost","floor":16.0,"turns":12.0},{"damage":15.0,"enemies":"Spheric Guardian","floor":18.0,"turns":5.0},{"damage":0.0,"enemies":"3 Byrds","floor":19.0,"turns":3.0},{"damage":11.0,"enemies":"Snecko","floor":20.0,"turns":4.0},{"damage":18.0,"enemies":"Centurion and Healer","floor":24.0,"turns":4.0},{"damage":3,"enemies":"Cultist and Chosen","floor":29,"turns":3},{"damage":0,"enemies":"Snecko","floor":30,"turns":1},{"damage":10,"enemies":"Automaton","floor":33,"turns":8},{"damage":0,"enemies":"Orb Walker","floor":35,"turns":1},{"damage":80,"enemies":"Orin","floor":39,"turns":10}],"seed_played":"-9134080764414549732","potions_obtained":[{"floor":1.0,"key":"SkillPotion"},{"floor":7.0,"key":"Block Potion"},{"floor":13.0,"key":"SmokeBomb"},{"floor":19.0,"key":"FearPotion"},{"floor":20.0,"key":"Dexterity Potion"},{"floor":27,"key":"CultistPotion"},{"floor":27,"key":"PowerPotion"},{"floor":33,"key":"GrandPatriotsElixir:ReiMu"}],"is_trial":false,"path_per_floor":["M","?","$","?","M","R","M","R","T","?","?","R","M","M","R","B",null,"M","M","M","?","?","R","M","$","T","?","R","M","M","$","R","B",null,"M","?","$","?","?"],"character_chosen":"THE_SILENT","items_purchased":["Ninja Scroll","Finisher","SteroidPotion"],"campfire_rested":1,"item_purchase_floors":[25,25,37],"current_hp_per_floor":[70,70,70,70,70,70,70,70,70,75,75,75,75,70,70,29,75,66,72,67,53,53,53,41,41,41,41,41,44,50,50,74,70,80,80,80,80,80,0,0],"gold":0,"neow_bonus":"NOSTALGIA","is_daily":false,"chose_seed":false,"campfire_upgraded":6,"win_rate":0.0,"timestamp":1614191996,"path_taken":["M","?","$","?","?","R","M","R","T","?","?","R","?","M","R","BOSS","M","M","M","?","?","R","?","$","T","?","R","M","M","$","R","BOSS","M","?","$","?","?"],"items_purchased_type":["Relic","Card","Potion"],"build_version":"2020-12-22","purchased_purges":2,"victory":false,"max_hp_per_floor":[70,70,70,70,70,70,70,70,70,75,75,75,75,75,75,75,75,75,75,75,80,80,80,80,80,80,80,80,80,80,80,80,80,80,80,80,80,80,80,80],"card_choices":[{"not_picked":["Predator","Caltrops","Underhanded Strike"],"picked":"SKIP","floor":1.0},{"not_picked":["Leg Sweep","Quick Slash"],"picked":"Dagger Spray","floor":5.0},{"not_picked":["Caltrops","Backflip"],"picked":"Adrenaline","floor":7.0},{"not_picked":["Dodge and Roll","Tactician"],"picked":"Escape Plan","floor":13.0},{"not_picked":["Dodge and Roll","Bane"],"picked":"Choke","floor":14.0},{"not_picked":["aspiration:Lunge","Die Die Die"],"picked":"A Thousand Cuts","floor":16.0},{"not_picked":["Dagger Spray","Reflex+1"],"picked":"Blade Dance","floor":18.0},{"not_picked":["Leg Sweep+1","Crippling Poison","Outmaneuver"],"picked":"SKIP","floor":19.0},{"not_picked":["Sucker Punch","Backflip","Leg Sweep"],"picked":"SKIP","floor":20.0},{"not_picked":["Quick Slash","Predator","Masterful Stab+1"],"picked":"SKIP","floor":24.0},{"not_picked":["Backflip","Calculated Gamble+1","Outmaneuver"],"picked":"SKIP","floor":29},{"not_picked":["Underhanded Strike+1","Skewer","Well Laid Plans"],"picked":"SKIP","floor":30},{"not_picked":["Venomology","Malaise"],"picked":"Phantasmal Killer","floor":33},{"not_picked":["PiercingWail","Dagger Spray","Dagger Throw"],"picked":"SKIP","floor":35}],"player_experience":200189,"relics_obtained":[{"floor":9.0,"key":"Kunai"},{"floor":26,"key":"aspiration:HummingbirdHeart"}],"event_choices":[{"damage_healed":0.0,"max_hp_gain":0.0,"max_hp_loss":0.0,"gold_gain":0.0,"event_name":"yidonshenshe","player_choice":"»˚«Æ","floor":2.0,"gold_loss":40.0,"damage_taken":0.0,"relics_obtained":["PaintedHorse:ReiMu"]},{"damage_healed":0.0,"max_hp_gain":0.0,"max_hp_loss":0.0,"gold_gain":100.0,"event_name":"Golden Shrine","player_choice":"Pray","floor":4.0,"gold_loss":0.0,"damage_taken":0.0},{"damage_healed":0.0,"max_hp_gain":5.0,"max_hp_loss":0.0,"gold_gain":0.0,"event_name":"Big Fish","player_choice":"Donut","floor":10.0,"gold_loss":0.0,"damage_taken":0.0},{"cards_removed":["Defend_G"],"damage_healed":0.0,"max_hp_gain":0.0,"max_hp_loss":0.0,"gold_gain":0.0,"event_name":"Purifier","player_choice":"Purged","floor":11.0,"gold_loss":0.0,"damage_taken":0.0},{"damage_healed":0.0,"max_hp_gain":5.0,"max_hp_loss":0.0,"gold_gain":0.0,"event_name":"Forgotten Altar","player_choice":"Shed Blood","floor":21.0,"gold_loss":0.0,"damage_taken":19.0},{"damage_healed":0.0,"max_hp_gain":0.0,"max_hp_loss":0.0,"gold_gain":0.0,"event_name":"Accursed Blacksmith","player_choice":"Forge","floor":22.0,"gold_loss":0.0,"damage_taken":0.0,"cards_upgraded":["Blade Dance"]},{"damage_healed":0,"gold_gain":0,"player_choice":"Got Potions","damage_taken":0,"max_hp_gain":0,"max_hp_loss":0,"event_name":"Lab","floor":27,"gold_loss":0},{"cards_removed":["Strike_G"],"damage_healed":0,"gold_gain":0,"player_choice":"Removed Attack","damage_taken":0,"max_hp_gain":0,"max_hp_loss":0,"event_name":"Falling","floor":36,"gold_loss":0},{"damage_healed":0,"gold_gain":0,"player_choice":"Paid","damage_taken":0,"relics_obtained":["Red Mask"],"max_hp_gain":0,"max_hp_loss":0,"event_name":"Tomb of Lord Red Mask","floor":38,"gold_loss":36},{"damage_healed":0,"gold_gain":0,"player_choice":"Fight","damage_taken":0,"max_hp_gain":0,"max_hp_loss":0,"event_name":"OrinTheCat","floor":39,"gold_loss":0}],"is_beta":false,"boss_relics":[{"not_picked":["aspiration:IroncladSkillbook","Velvet Choker"],"picked":"SacredBark"},{"not_picked":["SlaversCollar","Runic Pyramid"],"picked":"Astrolabe"}],"items_purged_floors":[3,37],"is_endless":false,"potions_floor_spawned":[1,7,13,19,20,33],"killed_by":"Orin","ascension_level":0}}