{"host":"lsq35p0sdkx2xifo","time":1614164375,"event":{"mods":["AchievementEnabler","BaseMod","Highlight Path","Minty Spire (QoL Compilation)","StSLib"],"gold_per_floor":[14,14,14,28,78,122,136,136,136],"floor_reached":8,"language":"ENG","playtime":347,"items_purged":[],"score":112,"play_id":"721d1e40-912d-436e-bc9c-cb2d17c7169a","local_time":"20210224025935","is_ascension_mode":true,"campfire_choices":[],"circlet_count":0,"master_deck":["AscendersBane","Strike_R","Strike_R","Strike_R","Strike_R","Strike_R","Defend_R","Defend_R","Defend_R","Defend_R","Bash","Sever Soul","Rampage","Reckless Charge"],"relics":["Burning Blood","Golden Idol","Pen Nib"],"acts_visited":["Exordium"],"potions_floor_usage":[6,7],"damage_taken":[{"damage":12,"enemies":"2 Louse","floor":1,"turns":3},{"damage":6,"enemies":"Cultist","floor":4,"turns":4},{"damage":44,"enemies":"Gremlin Nob","floor":6,"turns":5},{"damage":4,"enemies":"Small Slimes","floor":7,"turns":3},{"damage":40,"enemies":"3 Sentries","floor":8,"turns":6}],"seed_played":"7576686028262713567","potions_obtained":[{"floor":1,"key":"Weak Potion"},{"floor":4,"key":"SkillPotion"}],"is_trial":false,"path_per_floor":["M","$","?","M","?","E","M","E"],"character_chosen":"IRONCLAD","items_purchased":[],"campfire_rested":0,"item_purchase_floors":[],"current_hp_per_floor":[76,76,76,76,76,38,40,0,0],"gold":136,"neow_bonus":"TWENTY_PERCENT_HP_BONUS","is_daily":false,"chose_seed":false,"campfire_upgraded":0,"win_rate":0.0,"timestamp":1614164375,"path_taken":["M","$","?","M","?","E","?","E"],"items_purchased_type":[],"build_version":"2020-12-22","purchased_purges":0,"victory":false,"max_hp_per_floor":[89,89,81,81,81,81,81,81,81],"card_choices":[{"not_picked":["Heavy Blade","Cleave"],"picked":"Sever Soul","floor":1},{"not_picked":["True Grit","Heavy Blade","Perfected Strike"],"picked":"SKIP","floor":4},{"not_picked":["Entrench","Brutality"],"picked":"Rampage","floor":6},{"not_picked":["Perfected Strike","Thunderclap"],"picked":"Reckless Charge","floor":7}],"player_experience":1313598,"relics_obtained":[{"floor":6,"key":"Pen Nib"}],"event_choices":[{"damage_healed":0,"gold_gain":0,"player_choice":"Lose Max HP","damage_taken":0,"relics_obtained":["Golden Idol"],"max_hp_gain":0,"max_hp_loss":8,"event_name":"Golden Idol","floor":3,"gold_loss":0},{"damage_healed":0,"gold_gain":50,"player_choice":"Pray","damage_taken":0,"max_hp_gain":0,"max_hp_loss":0,"event_name":"Golden Shrine","floor":5,"gold_loss":0}],"is_beta":false,"boss_relics":[],"items_purged_floors":[],"is_endless":false,"potions_floor_spawned":[1,4],"killed_by":"3 Sentries","ascension_level":20}}