{"host":"9fh35csyvbzgxvf9","time":1614134729,"event":{"mods":["BaseMod","Block Reminder","Colored Map","DeckTracker","Minty Spire (QoL Compilation)"],"gold_per_floor":[113,125,142,155,173,173,201,201,201,57,67,85,85,85,85,180,180,197,213,166,81,91,91,101,111,165,199,212,230,230,230,230,331,331,344,344,355,375,300,310,16,28,28,63,63,88,88,99,99,99,99],"floor_reached":50,"language":"ENG","playtime":4214,"items_purged":["Defend_G+1","Defend_G+1"],"score":582,"play_id":"f9d3e741-3f6c-4b00-a3c8-a5ba0d58d841","local_time":"20210223214529","is_ascension_mode":false,"campfire_choices":[{"data":"Infinite Blades","floor":6,"key":"SMITH"},{"data":"Terror","floor":8,"key":"SMITH"},{"data":"Neutralize","floor":15,"key":"SMITH"},{"data":"A Thousand Cuts","floor":23,"key":"SMITH"},{"floor":30,"key":"REST"},{"floor":32,"key":"REST"},{"floor":47,"key":"REST"},{"floor":49,"key":"RECALL"}],"circlet_count":0,"master_deck":["Strike_G+1","Strike_G+1","Strike_G+1","Defend_G+1","Defend_G+1","Survivor","Neutralize+1","Acrobatics","Blur","Deflect","Terror+1","Infinite Blades+1","Dodge and Roll","Cloak And Dagger","Flying Knee","A Thousand Cuts+1","Backflip+1","Cloak And Dagger","Distraction","Cloak And Dagger","Bouncing Flask+1","Cloak And Dagger","Phantasmal Killer","Deadly Poison+1","Footwork+1","Cloak And Dagger+1","Finisher","Infinite Blades","Infinite Blades+1","Poisoned Stab","Deadly Poison","Poisoned Stab"],"relics":["Ring of the Snake","Paper Crane","Toolbox","Sozu","Strawberry","Pen Nib","The Specimen","WristBlade","Oddly Smooth Stone","Bottled Tornado","Snake Skull","Mango"],"acts_visited":["Exordium","TheCity","TheBeyond"],"potions_floor_usage":[3,13,22,46],"damage_taken":[{"damage":3,"enemies":"Cultist","floor":1,"turns":5},{"damage":4,"enemies":"Jaw Worm","floor":2,"turns":4},{"damage":5,"enemies":"Small Slimes","floor":3,"turns":5},{"damage":0,"enemies":"Blue Slaver","floor":4,"turns":8},{"damage":7,"enemies":"Red Slaver","floor":5,"turns":6},{"damage":16,"enemies":"3 Sentries","floor":7,"turns":12},{"damage":1,"enemies":"Exordium Thugs","floor":11,"turns":8},{"damage":0,"enemies":"3 Louse","floor":12,"turns":5},{"damage":0,"enemies":"Lots of Slimes","floor":13,"turns":1},{"damage":7,"enemies":"The Guardian","floor":16,"turns":11},{"damage":8,"enemies":"Spheric Guardian","floor":18,"turns":4},{"damage":5,"enemies":"3 Byrds","floor":19,"turns":4},{"damage":17,"enemies":"Snake Plant","floor":22,"turns":5},{"damage":0,"enemies":"Cultist and Chosen","floor":24,"turns":4},{"damage":0,"enemies":"Snecko","floor":25,"turns":5},{"damage":23,"enemies":"Gremlin Leader","floor":27,"turns":6},{"damage":0,"enemies":"Shelled Parasite and Fungi","floor":28,"turns":4},{"damage":9,"enemies":"3 Cultists","floor":29,"turns":4},{"damage":33,"enemies":"Champ","floor":33,"turns":10},{"damage":1,"enemies":"Orb Walker","floor":35,"turns":3},{"damage":3,"enemies":"3 Shapes","floor":37,"turns":3},{"damage":6,"enemies":"Sphere and 2 Shapes","floor":38,"turns":5},{"damage":2,"enemies":"Transient","floor":40,"turns":5},{"damage":8,"enemies":"Spire Growth","floor":42,"turns":4},{"damage":36,"enemies":"Reptomancer","floor":44,"turns":4},{"damage":9,"enemies":"Giant Head","floor":46,"turns":6},{"damage":10,"enemies":"4 Shapes","floor":48,"turns":3},{"damage":41,"enemies":"Donu and Deca","floor":50,"turns":2}],"seed_played":"-4896968200072101603","potions_obtained":[{"floor":2,"key":"Regen Potion"},{"floor":3,"key":"SmokeBomb"},{"floor":5,"key":"FearPotion"},{"floor":12,"key":"SkillPotion"}],"is_trial":false,"path_per_floor":["M","M","M","M","M","R","E","R","T","$","M","M","M","?","R","B",null,"M","M","$","?","M","R","M","M","T","E","M","M","R","?","R","B",null,"M","?","M","M","$","M","$","M","T","E","?","E","R","M","R","B"],"character_chosen":"THE_SILENT","items_purchased":["Toolbox","Cloak And Dagger","Oddly Smooth Stone","Infinite Blades"],"campfire_rested":3,"item_purchase_floors":[10,20,41,41],"current_hp_per_floor":[67,63,70,70,63,63,47,47,47,47,46,46,46,46,46,39,70,62,57,57,64,47,47,47,47,47,24,24,15,38,38,61,28,77,76,76,73,67,67,65,65,57,57,21,14,19,46,36,36,0,0],"gold":99,"neow_bonus":"REMOVE_CARD","is_daily":false,"chose_seed":false,"campfire_upgraded":4,"win_rate":0.0,"timestamp":1614134729,"path_taken":["M","M","M","M","M","R","E","R","T","$","M","M","M","?","R","BOSS","M","M","$","?","M","R","M","M","T","E","M","M","R","?","R","BOSS","M","?","M","M","$","M","$","M","T","E","?","E","R","M","R","BOSS"],"items_purchased_type":["Relic","Card","Relic","Card"],"build_version":"2020-12-22","purchased_purges":2,"victory":false,"max_hp_per_floor":[70,70,70,70,70,70,70,70,70,70,70,70,70,70,70,70,70,70,70,70,77,77,77,77,77,77,77,77,77,77,77,77,77,77,77,77,77,77,77,77,77,77,77,77,77,91,91,91,91,91,91],"card_choices":[{"not_picked":["Outmaneuver","Prepared"],"picked":"Acrobatics","floor":1},{"not_picked":["Dash","Deflect"],"picked":"Blur","floor":2},{"not_picked":["Concentrate","Leg Sweep"],"picked":"Deflect","floor":3},{"not_picked":["Crippling Poison","Slice"],"picked":"Terror","floor":4},{"not_picked":["Acrobatics","Outmaneuver"],"picked":"Infinite Blades","floor":5},{"not_picked":["Prepared","Noxious Fumes"],"picked":"Dodge and Roll","floor":7},{"not_picked":["Distraction","Flechettes"],"picked":"Cloak And Dagger","floor":11},{"not_picked":["Leg Sweep","PiercingWail"],"picked":"Flying Knee","floor":12},{"not_picked":["Die Die Die","Tools of the Trade"],"picked":"A Thousand Cuts","floor":16},{"not_picked":["Bane","Choke"],"picked":"Backflip+1","floor":18},{"not_picked":["Acrobatics+1","Dagger Spray+1","Crippling Poison"],"picked":"SKIP","floor":19},{"not_picked":["Terror","Backflip+1"],"picked":"Distraction","floor":22},{"not_picked":["Quick Slash","Setup"],"picked":"Cloak And Dagger","floor":24},{"not_picked":["Backflip","Night Terror","Deflect"],"picked":"SKIP","floor":25},{"not_picked":["Heel Hook","Outmaneuver"],"picked":"Bouncing Flask+1","floor":27},{"not_picked":["Prepared","Endless Agony","Acrobatics"],"picked":"SKIP","floor":28},{"not_picked":["Flying Knee","Underhanded Strike+1"],"picked":"Cloak And Dagger","floor":29},{"not_picked":["Die Die Die","Tools of the Trade"],"picked":"Phantasmal Killer","floor":33},{"not_picked":["Expertise","Bane"],"picked":"Deadly Poison+1","floor":35},{"not_picked":["Escape Plan","Distraction+1"],"picked":"Footwork+1","floor":37},{"not_picked":["Noxious Fumes","Skewer+1"],"picked":"Cloak And Dagger+1","floor":38},{"not_picked":["Tactician","Riddle With Holes+1"],"picked":"Finisher","floor":40},{"not_picked":["Dagger Throw","Outmaneuver"],"picked":"Infinite Blades+1","floor":42},{"not_picked":["Backstab","Tactician+1"],"picked":"Poisoned Stab","floor":44},{"not_picked":["Backstab","Setup"],"picked":"Deadly Poison","floor":46},{"not_picked":["Deadly Poison+1","Quick Slash+1"],"picked":"Poisoned Stab","floor":48}],"player_experience":381974,"relics_obtained":[{"floor":7,"key":"Paper Crane"},{"floor":26,"key":"Pen Nib"},{"floor":27,"key":"The Specimen"},{"floor":43,"key":"Bottled Tornado"},{"floor":44,"key":"Snake Skull"},{"floor":46,"key":"Mango"}],"event_choices":[{"cards_removed":["Defend_G"],"damage_healed":0,"gold_gain":0,"player_choice":"Forget","damage_taken":0,"max_hp_gain":0,"max_hp_loss":0,"event_name":"Living Wall","floor":14,"gold_loss":0},{"damage_healed":0,"gold_gain":0,"player_choice":"Obtained Relic","damage_taken":0,"relics_obtained":["Strawberry"],"max_hp_gain":0,"max_hp_loss":0,"event_name":"Addict","floor":21,"gold_loss":85},{"damage_healed":0,"gold_gain":0,"player_choice":"Simplicity","damage_taken":0,"max_hp_gain":0,"max_hp_loss":0,"event_name":"Back to Basics","floor":31,"gold_loss":0,"cards_upgraded":["Strike_G","Strike_G","Strike_G","Strike_G","Defend_G","Defend_G","Defend_G","Defend_G"]},{"cards_removed":["Strike_G"],"damage_healed":0,"gold_gain":0,"player_choice":"Removed Attack","damage_taken":0,"max_hp_gain":0,"max_hp_loss":0,"event_name":"Falling","floor":36,"gold_loss":0},{"damage_healed":0,"gold_gain":0,"player_choice":"Damaged","damage_taken":7,"max_hp_gain":0,"max_hp_loss":0,"event_name":"Wheel of Change","floor":45,"gold_loss":0}],"is_beta":false,"boss_relics":[{"not_picked":["Busted Crown","HoveringKite"],"picked":"Sozu"},{"not_picked":["Cursed Key","Velvet Choker"],"picked":"WristBlade"}],"items_purged_floors":[39,41],"is_endless":false,"potions_floor_spawned":[2,3,5,12,18,24,29,33,35,40,46],"killed_by":"Donu and Deca","ascension_level":0}}