{"host":"2ty4h143nj8vwezc","time":1614141974,"event":{"mods":["BaseMod","Colored Map","Googly Eyes","Highlight Path","Minty Spire (QoL Compilation)","Quick Restart","StSLib"],"gold_per_floor":[114,125,145,165,165,200,200,231,231,231,231,248,248,267,267,343,343,361,169,185,18,36,36,36],"floor_reached":23,"language":"ENG","playtime":721,"items_purged":[],"score":355,"play_id":"de0aea99-c36c-40ba-addf-b35c517967aa","local_time":"20210223234614","is_ascension_mode":true,"campfire_choices":[{"floor":7,"key":"REST"},{"floor":10,"key":"REST"},{"data":"Rainbow","floor":13,"key":"SMITH"},{"floor":15,"key":"REST"}],"circlet_count":0,"master_deck":["AscendersBane","Strike_B","Strike_B","Strike_B","Strike_B","Defend_B","Defend_B","Defend_B","Defend_B","Zap","Dualcast","Beam Cell","Conserve Battery","Defragment","Ball Lightning","Streamline","Rainbow+1","Go for the Eyes","Echo Form","Hologram","Apotheosis","BootSequence","Panache","Capacitor+1"],"relics":["Cracked Core","NeowsBlessing","Bird Faced Urn","Incense Burner","WingedGreaves","GremlinMask","SlaversCollar"],"acts_visited":["Exordium","TheCity"],"potions_floor_usage":[16,20,20],"damage_taken":[{"damage":0,"enemies":"Jaw Worm","floor":1,"turns":1},{"damage":0,"enemies":"Small Slimes","floor":2,"turns":1},{"damage":0,"enemies":"Cultist","floor":3,"turns":1},{"damage":6,"enemies":"Red Slaver","floor":4,"turns":4},{"damage":32,"enemies":"Gremlin Nob","floor":6,"turns":4},{"damage":28,"enemies":"Lagavulin","floor":8,"turns":5},{"damage":16,"enemies":"Exordium Wildlife","floor":12,"turns":4},{"damage":13,"enemies":"3 Louse","floor":14,"turns":3},{"damage":22,"enemies":"The Guardian","floor":16,"turns":10},{"damage":0,"enemies":"Chosen","floor":18,"turns":4},{"damage":14,"enemies":"3 Byrds","floor":20,"turns":2},{"damage":17,"enemies":"Centurion and Healer","floor":22,"turns":7},{"damage":43,"enemies":"Gremlin Leader","floor":23,"turns":2}],"seed_played":"-7795210862209001794","potions_obtained":[{"floor":2,"key":"LiquidBronze"},{"floor":8,"key":"AttackPotion"},{"floor":16,"key":"Swift Potion"}],"is_trial":false,"path_per_floor":["M","M","M","M","?","E","R","E","T","R","?","M","R","M","R","B",null,"M","$","M","$","M","E"],"character_chosen":"DEFECT","items_purchased":["Apotheosis","Panache"],"campfire_rested":3,"item_purchase_floors":[19,21],"current_hp_per_floor":[64,64,64,58,58,26,47,21,21,42,42,26,26,15,36,16,57,59,59,45,45,36,0,0],"gold":36,"neow_bonus":"THREE_ENEMY_KILL","is_daily":false,"chose_seed":false,"campfire_upgraded":1,"win_rate":0.0,"timestamp":1614141974,"path_taken":["M","M","M","M","?","E","R","E","T","R","?","M","R","M","R","BOSS","M","$","M","$","M","E"],"items_purchased_type":["Card","Card"],"build_version":"2020-12-22","purchased_purges":0,"victory":false,"max_hp_per_floor":[71,71,71,71,71,71,71,71,71,71,71,71,71,71,71,71,71,71,71,71,71,71,71,71],"card_choices":[{"not_picked":["Coolheaded","Gash"],"picked":"Beam Cell","floor":1},{"not_picked":["Coolheaded","Gash"],"picked":"Conserve Battery","floor":2},{"not_picked":["Leap","Sweeping Beam"],"picked":"Defragment","floor":3},{"not_picked":["Coolheaded","Hologram"],"picked":"Ball Lightning","floor":4},{"not_picked":["Ball Lightning","Gash"],"picked":"Streamline","floor":6},{"not_picked":["Streamline","Self Repair"],"picked":"Rainbow","floor":8},{"not_picked":["Compile Driver","Coolheaded"],"picked":"Go for the Eyes","floor":12},{"not_picked":["Reprogram","Steam","Consume"],"picked":"SKIP","floor":14},{"not_picked":["Reboot","Seek"],"picked":"Echo Form","floor":16},{"not_picked":["Gash+1","Ball Lightning"],"picked":"Hologram","floor":18},{"not_picked":["Sweeping Beam","Coolheaded"],"picked":"BootSequence","floor":20},{"not_picked":["Sweeping Beam","Loop+1"],"picked":"Capacitor+1","floor":22}],"player_experience":481483,"relics_obtained":[{"floor":6,"key":"Bird Faced Urn"},{"floor":8,"key":"Incense Burner"},{"floor":9,"key":"WingedGreaves"}],"event_choices":[{"damage_healed":0,"gold_gain":0,"player_choice":"Ignored","damage_taken":0,"max_hp_gain":0,"max_hp_loss":0,"event_name":"Shining Light","floor":5,"gold_loss":0},{"damage_healed":0,"gold_gain":0,"player_choice":"Trade","damage_taken":0,"relics_obtained":["GremlinMask"],"max_hp_gain":0,"max_hp_loss":0,"event_name":"FaceTrader","floor":11,"gold_loss":0}],"is_beta":false,"boss_relics":[{"not_picked":["Cursed Key","Coffee Dripper"],"picked":"SlaversCollar"}],"items_purged_floors":[],"is_endless":false,"potions_floor_spawned":[2,8,14,16],"killed_by":"Gremlin Leader","ascension_level":15}}