{"host":"s41rn2jhghpwfrvz","time":1614145744,"event":{"mods":["BaseMod","Minty Spire (QoL Compilation)","Quick Restart","Relic Stats","SuperFastMode"],"gold_per_floor":[115,415,182,196,157,188,201,235,235,264,276,310,322,355,355,426,426,443,459,470,115,40,69,69,97,97,124,134,134,134,168,168,242,242,262,262,281,353,365,397,397,424,424,455,473,504,454,484,484,484,484,484,484,28,63,63],"floor_reached":57,"language":"ENG","playtime":1388,"items_purged":["Dagger Spray","Protect"],"score":4232,"play_id":"e302f483-7149-4f39-85eb-9f3b3a7ca0da","local_time":"20210224074904","daily_mods":["SealedDeck","Diverse","Elite Swarm"],"is_ascension_mode":true,"campfire_choices":[{"data":"Scrawl","floor":15,"key":"SMITH"},{"data":"Dark Embrace","floor":24,"key":"SMITH"},{"data":"Genetic Algorithm","floor":29,"key":"SMITH"},{"data":"Scrawl","floor":32,"key":"SMITH"},{"floor":49,"key":"RECALL"},{"data":"Backflip","floor":53,"key":"SMITH"}],"circlet_count":0,"master_deck":["AscendersBane","True Grit","Gash+1","Gash+1","Backflip+1","Dark Embrace+1","Scrawl+1","Genetic Algorithm+1","Scrawl+1","Offering","Scrawl+1","Scrawl"],"relics":["Burning Blood","Old Coin","ClockworkSouvenir","Matryoshka","Sundial","Bag of Preparation","Molten Egg 2","Incense Burner","The Courier","Vajra","Empty Cage","Unceasing Top","Self Forming Clay","Bird Faced Urn","Bottled Tornado","Singing Bowl","Ice Cream","MutagenicStrength","Dream Catcher","SacredBark","Torii","Eternal Feather","Darkstone Periapt","Gambling Chip","Juzu Bracelet","Paper Frog","TheAbacus","Whetstone","Pantograph","Mango"],"acts_visited":["Exordium","TheCity","TheBeyond","TheEnding"],"potions_floor_usage":[56],"damage_taken":[{"damage":0,"enemies":"Small Slimes","floor":1,"turns":2},{"damage":0,"enemies":"Cultist","floor":4,"turns":3},{"damage":25,"enemies":"3 Sentries","floor":6,"turns":7},{"damage":5,"enemies":"Jaw Worm","floor":7,"turns":2},{"damage":2,"enemies":"Gremlin Nob","floor":8,"turns":3},{"damage":0,"enemies":"Lagavulin","floor":10,"turns":3},{"damage":0,"enemies":"Red Slaver","floor":11,"turns":1},{"damage":0,"enemies":"Gremlin Nob","floor":12,"turns":2},{"damage":0,"enemies":"Large Slime","floor":13,"turns":2},{"damage":0,"enemies":"Lagavulin","floor":14,"turns":2},{"damage":0,"enemies":"Hexaghost","floor":16,"turns":2},{"damage":0,"enemies":"2 Thieves","floor":18,"turns":1},{"damage":0,"enemies":"3 Byrds","floor":19,"turns":2},{"damage":0,"enemies":"3 Cultists","floor":20,"turns":1},{"damage":0,"enemies":"Slavers","floor":23,"turns":1},{"damage":6,"enemies":"Gremlin Leader","floor":25,"turns":1},{"damage":6,"enemies":"Slavers","floor":27,"turns":2},{"damage":1,"enemies":"Centurion and Healer","floor":28,"turns":1},{"damage":6,"enemies":"Book of Stabbing","floor":31,"turns":1},{"damage":6,"enemies":"Automaton","floor":33,"turns":1},{"damage":6,"enemies":"3 Shapes","floor":35,"turns":1},{"damage":6,"enemies":"Orb Walker","floor":37,"turns":1},{"damage":6,"enemies":"Maw","floor":39,"turns":1},{"damage":1,"enemies":"Giant Head","floor":40,"turns":1},{"damage":6,"enemies":"Nemesis","floor":42,"turns":1},{"damage":6,"enemies":"Giant Head","floor":44,"turns":1},{"damage":6,"enemies":"Writhing Mass","floor":45,"turns":1},{"damage":6,"enemies":"Nemesis","floor":46,"turns":1},{"damage":6,"enemies":"Reptomancer","floor":48,"turns":1},{"damage":1,"enemies":"Donu and Deca","floor":50,"turns":1},{"damage":29,"enemies":"Time Eater","floor":51,"turns":3},{"damage":6,"enemies":"Shield and Spear","floor":55,"turns":1},{"damage":6,"enemies":"The Heart","floor":56,"turns":5}],"seed_played":"2552322213719607573","potions_obtained":[{"floor":7,"key":"Fire Potion"},{"floor":8,"key":"SpeedPotion"},{"floor":13,"key":"Swift Potion"}],"is_trial":true,"path_per_floor":["M","?","$","M","$","E","M","E","T","E","M","E","M","E","R","B",null,"M","M","M","$","?","E","R","E","T","E","M","R","?","E","R","B",null,"M","?","M","T","M","E","$","E","T","E","M","E","?","E","R","B","B",null,"R","$","E","B",null],"character_chosen":"IRONCLAD","items_purchased":["ClockworkSouvenir","Dark Embrace","Unceasing Top","TheAbacus","Whetstone","Pantograph"],"campfire_rested":0,"item_purchase_floors":[3,5,21,54,54,54],"current_hp_per_floor":[74,74,74,75,75,56,57,61,61,67,73,75,75,75,75,75,75,75,75,75,75,75,75,75,75,75,77,79,79,79,81,81,83,83,85,85,87,87,89,91,91,93,93,95,97,97,97,99,99,99,76,93,99,99,113,113],"gold":63,"neow_bonus":"","is_daily":false,"chose_seed":false,"campfire_upgraded":5,"win_rate":0.0,"timestamp":1614145744,"path_taken":["M","?","?","M","$","E","M","E","T","E","?","E","M","E","R","BOSS","M","M","M","$","?","E","R","E","T","E","M","R","?","E","R","BOSS","M","?","M","?","M","E","$","E","T","E","M","E","?","E","R","BOSS","BOSS","R","$","E","BOSS"],"items_purchased_type":["Relic","Card","Relic","Relic","Relic","Relic"],"build_version":"2020-12-22","purchased_purges":2,"victory":true,"max_hp_per_floor":[75,75,75,75,75,75,75,75,75,75,75,75,75,75,75,75,75,75,75,75,75,75,75,75,75,75,77,79,79,79,81,81,83,83,85,85,87,87,89,91,91,93,93,95,97,97,97,99,99,99,99,99,99,99,113,113],"relic_stats":{"Darkstone Periapt":0,"Singing Bowl":24,"Torii":0,"counters":[33,59],"Self Forming Clay":[15],"Eternal Feather":6,"Bag of Preparation":[60],"Juzu Bracelet":0,"Whetstone":["Gash"],"Burning Blood":132,"Dream Catcher":0,"TheAbacus":[192],"Sundial":[154],"Bird Faced Urn":[0],"Gambling Chip":[0],"Pantograph":0,"obtain_stats":[{"Ice Cream":27,"Darkstone Periapt":43,"Singing Bowl":26,"Torii":40,"SacredBark":34,"Vajra":14,"Mango":55,"Bag of Preparation":9,"Incense Burner":10,"Juzu Bracelet":46,"Whetstone":54,"Bottled Tornado":26,"Empty Cage":17,"Burning Blood":0,"Old Coin":2,"ClockworkSouvenir":3,"Dream Catcher":31,"Matryoshka":6,"TheAbacus":54,"Sundial":8,"Gambling Chip":44,"Pantograph":54,"Paper Frog":48,"Self Forming Clay":23,"Eternal Feather":42,"The Courier":12,"Bird Faced Urn":25,"MutagenicStrength":30,"Molten Egg 2":9,"Unceasing Top":21},{"Ice Cream":17,"Darkstone Periapt":25,"Singing Bowl":16,"Torii":24,"SacredBark":20,"Vajra":10,"Mango":32,"Bag of Preparation":5,"Incense Burner":6,"Juzu Bracelet":28,"Whetstone":31,"Bottled Tornado":16,"Empty Cage":11,"Burning Blood":0,"Old Coin":1,"ClockworkSouvenir":1,"Dream Catcher":19,"Matryoshka":3,"TheAbacus":31,"Sundial":5,"Gambling Chip":26,"Pantograph":31,"Paper Frog":29,"Self Forming Clay":15,"Eternal Feather":25,"The Courier":8,"Bird Faced Urn":16,"MutagenicStrength":18,"Molten Egg 2":5,"Unceasing Top":14},{"Ice Cream":37,"Darkstone Periapt":45,"Singing Bowl":35,"Torii":44,"SacredBark":40,"Vajra":27,"Mango":54,"Bag of Preparation":17,"Incense Burner":20,"Juzu Bracelet":48,"Whetstone":53,"Bottled Tornado":35,"Empty Cage":29,"Burning Blood":0,"Old Coin":2,"ClockworkSouvenir":2,"Dream Catcher":39,"Matryoshka":12,"TheAbacus":53,"Sundial":17,"Gambling Chip":46,"Pantograph":53,"Paper Frog":49,"Self Forming Clay":34,"Eternal Feather":45,"The Courier":23,"Bird Faced Urn":35,"MutagenicStrength":38,"Molten Egg 2":17,"Unceasing Top":33}],"Unceasing Top":[8]},"card_choices":[{"not_picked":["Deflect","Aggregate","True Grit"],"picked":"SKIP","floor":1},{"not_picked":["Cold Snap","Pummel","Wild Strike"],"picked":"SKIP","floor":4},{"not_picked":["Tools of the Trade","Barricade"],"picked":"Scrawl","floor":6},{"not_picked":["Recycle","Sword Boomerang","Hello World"],"picked":"SKIP","floor":7},{"not_picked":["Establishment","Reaper","Judgement"],"picked":"SKIP","floor":8},{"not_picked":["Barricade","Envenom","After Image"],"picked":"SKIP","floor":10},{"not_picked":["Quick Slash+1","Footwork","Terror"],"picked":"SKIP","floor":11},{"not_picked":["All For One+1","Buffer"],"picked":"DeusExMachina","floor":12},{"not_picked":["Wallop+1","True Grit"],"picked":"Genetic Algorithm","floor":13},{"not_picked":["Night Terror","ConjureBlade"],"picked":"Scrawl","floor":14},{"not_picked":["EmptyBody","Fire Breathing","Skewer+1"],"picked":"SKIP","floor":18},{"not_picked":["Shockwave","Conserve Battery","Stack"],"picked":"SKIP","floor":19},{"not_picked":["Blood for Blood+1","Combust","Endless Agony+1"],"picked":"SKIP","floor":20},{"not_picked":["Fission","Alpha"],"picked":"Offering","floor":23},{"not_picked":["Brilliance+1","Electrodynamics","DeusExMachina"],"picked":"SKIP","floor":25},{"not_picked":["Wraith Form v2","Juggernaut","DevaForm"],"picked":"Singing Bowl","floor":27},{"not_picked":["FollowUp+1","Perfected Strike+1","Flex"],"picked":"Singing Bowl","floor":28},{"not_picked":["Multi-Cast","SpiritShield","Biased Cognition"],"picked":"Singing Bowl","floor":31},{"not_picked":["Omniscience","Judgement","Grand Finale+1"],"picked":"Singing Bowl","floor":33},{"not_picked":["Warcry+1","Flex","Vengeance"],"picked":"Singing Bowl","floor":35},{"not_picked":["Consume","Deadly Poison","Combust"],"picked":"Singing Bowl","floor":37},{"not_picked":["Meteor Strike+1","PathToVictory","Shrug It Off"],"picked":"Singing Bowl","floor":39},{"not_picked":["LessonLearned+1","Biased Cognition","Brilliance+1"],"picked":"Singing Bowl","floor":40},{"not_picked":["ConjureBlade","Exhume","Malaise"],"picked":"Singing Bowl","floor":42},{"not_picked":["Bludgeon+1","Omniscience","ConjureBlade"],"picked":"Singing Bowl","floor":44},{"not_picked":["Shockwave","Bloodletting","Consume"],"picked":"Singing Bowl","floor":45},{"not_picked":["Corpse Explosion","Unload+1"],"picked":"Scrawl","floor":46},{"not_picked":["Glass Knife+1","Die Die Die+1","All For One+1"],"picked":"Singing Bowl","floor":48},{"not_picked":["Bludgeon+1","ConjureBlade"],"picked":"Scrawl","floor":55}],"player_experience":2000188,"relics_obtained":[{"floor":6,"key":"Matryoshka"},{"floor":8,"key":"Sundial"},{"floor":9,"key":"Bag of Preparation"},{"floor":9,"key":"Molten Egg 2"},{"floor":10,"key":"Incense Burner"},{"floor":12,"key":"The Courier"},{"floor":14,"key":"Vajra"},{"floor":23,"key":"Self Forming Clay"},{"floor":25,"key":"Bird Faced Urn"},{"floor":26,"key":"Bottled Tornado"},{"floor":26,"key":"Singing Bowl"},{"floor":27,"key":"Ice Cream"},{"floor":31,"key":"Dream Catcher"},{"floor":40,"key":"Torii"},{"floor":42,"key":"Eternal Feather"},{"floor":43,"key":"Darkstone Periapt"},{"floor":44,"key":"Gambling Chip"},{"floor":46,"key":"Juzu Bracelet"},{"floor":48,"key":"Paper Frog"},{"floor":55,"key":"Mango"}],"event_choices":[{"cards_removed":["Collect"],"damage_healed":0,"gold_gain":0,"player_choice":"Gave Card","damage_taken":0,"relics_obtained":["Old Coin"],"max_hp_gain":0,"max_hp_loss":0,"event_name":"WeMeetAgain","floor":2,"gold_loss":0},{"cards_removed":["Body Slam"],"damage_healed":0,"gold_gain":0,"player_choice":"Gave Gold","damage_taken":0,"max_hp_gain":0,"max_hp_loss":0,"event_name":"Beggar","floor":22,"gold_loss":75},{"damage_healed":0,"gold_gain":0,"player_choice":"Inject Mutagens","damage_taken":0,"relics_obtained":["MutagenicStrength"],"max_hp_gain":0,"max_hp_loss":0,"event_name":"Drug Dealer","floor":30,"gold_loss":0},{"cards_removed":["DeusExMachina"],"damage_healed":0,"gold_gain":0,"player_choice":"Removed Skill","damage_taken":0,"max_hp_gain":0,"max_hp_loss":0,"event_name":"Falling","floor":36,"gold_loss":0},{"damage_healed":0,"gold_gain":0,"player_choice":"Upgraded Two","damage_taken":0,"max_hp_gain":0,"max_hp_loss":0,"event_name":"Designer","floor":47,"gold_loss":50,"cards_upgraded":["Scrawl","Gash"]}],"is_beta":false,"boss_relics":[{"not_picked":["Tiny House","Sozu"],"picked":"Empty Cage"},{"not_picked":["Cursed Key","Snecko Eye"],"picked":"SacredBark"}],"items_purged_floors":[3,21],"is_endless":false,"potions_floor_spawned":[7,8,10,13,16,19,25,33,35,37,42,44,46,48],"ascension_level":20}}