{"host":"watt8gvwfmxuscaf","time":1614207976,"event":{"mods":["100% Spire Juice","Act Like it!","Arknights","BaseMod","Bestiary","CatGirl Mod","Colored Map","Colored Powertips","Conspire","Downfall","GifTheSpireLib","Hermit","Hubris","Infinite Spire","Marisa????????","Minty Spire (QoL Compilation)","Quick Restart","Rare Cards Sparkle","Relic Stats","Replay The Spire","Shop Mod","StSLib","Stuff the Spire","SuperFastMode","The Alterego","The Animator","The Cursed","The Hierophant","The Marked","The Mystic","The Necromancer","The Poker Player","The Runesmith","The Servant 0.9.4","The Wild Card"],"gold_per_floor":[114,114,114,14,14,14,34,86,133,172,172,190,224,242,242,391,391,408,423,423,449,461,461,497,497,497,532,532,289,312,312,312,316,316],"floor_reached":33,"language":"ENG","playtime":926,"items_purged":["animator:Strike","animator:Strike"],"score":317,"play_id":"37a47d47-a8f8-450d-856e-ecb17c52e953","local_time":"20210224180616","is_ascension_mode":true,"campfire_choices":[{"data":"theWildCard:PaleRider","floor":6,"key":"SMITH"},{"floor":15,"key":"REST"},{"floor":23,"key":"REST"},{"floor":25,"key":"REST"},{"floor":32,"key":"REST"}],"circlet_count":0,"master_deck":["animator:Strike_MadokaMagica","animator:Defend_MadokaMagica+1","animator:Defend","animator:Defend","animator:Defend","animator:IrohaTamaki","animator:YuiTsuruno","animator:Chris","theWildCard:PaleRider+1","conspire:SpireCoStock","conspire:SpireCoStock","animator:ChaikaBohdan","animator:Darkness","animator:KyokoSakura+1","animator:MamiTomoe","animator:Souei","animator:Kyubey","animator:MamiTomoe","infinitespire:Punishment+1","infinitespire:Gouge","animator:ShinjiMatou"],"relics":["animator:LivingPicture","animator:TheMissingPiece","NeowsBlessing","Art of War","Orichalcum","hubris:SlimyHat","infinitespire:CheckeredPen","Ring of Chaos","Membership Card","StuffTheSpire:EmeraldSignet","Centennial Puzzle","Shuriken","conspire:TreasureMap"],"acts_visited":["Exordium","TheCity"],"potions_floor_usage":[13,13,13,33],"damage_taken":[{"damage":0,"enemies":"Small Slimes","floor":1,"turns":1},{"damage":0,"enemies":"Jaw Worm","floor":7,"turns":1},{"damage":0,"enemies":"3 Sentries","floor":8,"turns":1},{"damage":5,"enemies":"2 Louse","floor":10,"turns":2},{"damage":6,"enemies":"2 Fungi Beasts","floor":12,"turns":3},{"damage":6,"enemies":"Lagavulin","floor":13,"turns":4},{"damage":0,"enemies":"Looter","floor":14,"turns":3},{"damage":25,"enemies":"Slime Boss","floor":16,"turns":7},{"damage":1,"enemies":"2 Thieves","floor":18,"turns":3},{"damage":0,"enemies":"Spheric Guardian","floor":19,"turns":2},{"damage":13,"enemies":"Snake Plant","floor":21,"turns":3},{"damage":0,"enemies":"Snecko","floor":22,"turns":3},{"damage":10,"enemies":"Centurion and Healer","floor":24,"turns":4},{"damage":16,"enemies":"Gremlin Leader","floor":27,"turns":6},{"damage":2,"enemies":"Shelled Parasite and Fungi","floor":30,"turns":2},{"damage":55,"enemies":"Collector","floor":33,"turns":3}],"seed_played":"-3429476192643247751","potions_obtained":[{"floor":7,"key":"Toxic Potion"},{"floor":8,"key":"Guardian:BlockOnCardUsePotion"},{"floor":10,"key":"Explosive Potion"},{"floor":13,"key":"Dexterity Potion"},{"floor":22,"key":"Milkshake"},{"floor":24,"key":"Milkshake"}],"is_trial":false,"path_per_floor":["M","?","T","?","?","R","M","E","T","M","?","M","E","M","R","B",null,"M","M","AVR","M","M","R","M","R","T","E","?","$","M","?","R","B"],"character_chosen":"THE_ANIMATOR","items_purchased":["Shuriken","conspire:TreasureMap"],"campfire_rested":4,"item_purchase_floors":[29,29],"current_hp_per_floor":[66,66,66,66,59,59,59,59,59,54,41,36,30,30,50,25,67,66,66,66,53,53,67,57,67,67,51,35,35,33,33,53,0,0],"gold":316,"neow_bonus":"THREE_ENEMY_KILL","is_daily":false,"chose_seed":false,"campfire_upgraded":1,"win_rate":0.0,"timestamp":1614207976,"path_taken":["M","?","?","?","?","R","M","E","T","M","?","M","E","M","R","BOSS","M","M","AVR","M","M","R","M","R","T","E","?","$","M","?","R","BOSS"],"items_purchased_type":["Relic","Relic"],"build_version":"2020-12-22","purchased_purges":2,"victory":false,"max_hp_per_floor":[66,66,66,66,66,66,66,66,66,66,66,67,67,67,67,67,67,67,67,67,67,67,67,67,67,67,67,67,67,67,67,67,67,67],"relic_stats":{"Centennial Puzzle":[6],"counters":[16,48],"Shuriken":[2],"Art of War":[0],"Orichalcum":[54],"obtain_stats":[{"conspire:TreasureMap":29,"NeowsBlessing":0,"animator:TheMissingPiece":0,"Ring of Chaos":17,"StuffTheSpire:EmeraldSignet":26,"hubris:SlimyHat":9,"infinitespire:CheckeredPen":13,"Orichalcum":8,"Centennial Puzzle":27,"Shuriken":29,"animator:LivingPicture":0,"Art of War":3,"Membership Card":20},{"conspire:TreasureMap":14,"NeowsBlessing":0,"animator:TheMissingPiece":0,"Ring of Chaos":8,"StuffTheSpire:EmeraldSignet":13,"hubris:SlimyHat":3,"infinitespire:CheckeredPen":6,"Orichalcum":3,"Centennial Puzzle":14,"Shuriken":14,"animator:LivingPicture":0,"Art of War":1,"Membership Card":10},{"conspire:TreasureMap":43,"NeowsBlessing":0,"animator:TheMissingPiece":0,"Ring of Chaos":22,"StuffTheSpire:EmeraldSignet":37,"hubris:SlimyHat":3,"infinitespire:CheckeredPen":12,"Orichalcum":3,"Centennial Puzzle":43,"Shuriken":43,"animator:LivingPicture":0,"Art of War":1,"Membership Card":27}]},"card_choices":[{"not_picked":["animator:Shuna","animator:Gillette"],"picked":"animator:Chris","floor":1},{"not_picked":["animator:ElricEdward","animator:Shinoa"],"picked":"animator:ChaikaBohdan","floor":7},{"not_picked":["animator:Shuna","animator:Shinoa"],"picked":"animator:Darkness","floor":8},{"not_picked":["animator:YuiTsuruno","animator:MamiTomoe"],"picked":"animator:KyokoSakura","floor":10},{"not_picked":["animator:Scar","animator:Millim"],"picked":"animator:MamiTomoe","floor":12},{"not_picked":["animator:Aqua","animator:RoyMustang"],"picked":"animator:Souei","floor":13},{"not_picked":["animator:Verdia","animator:Caster","animator:Kaijin"],"picked":"SKIP","floor":14},{"not_picked":["animator:Envy","animator:Father"],"picked":"animator:Kyubey","floor":16},{"not_picked":["animator:Kyubey","animator:IrohaTamaki"],"picked":"animator:MamiTomoe","floor":18},{"not_picked":["animator:Verdia","animator:HiiragiShinya+1","animator:Kazuma"],"picked":"SKIP","floor":19},{"not_picked":["animator:ChaikaTrabant","animator:AcuraAkari","animator:Shion+1"],"picked":"SKIP","floor":21},{"not_picked":["animator:HiiragiShinya","animator:WinryRockbell","animator:Mitsuba"],"picked":"SKIP","floor":22},{"not_picked":["animator:Rider+1","animator:Mitsurugi","animator:Viivi"],"picked":"SKIP","floor":27},{"not_picked":["infinitespire:SevenWalls","ReplayTheSpireMod:Book of Names"],"picked":"infinitespire:Gouge","floor":28},{"not_picked":["animator:Yuuichirou","animator:SayakaMiki+1"],"picked":"animator:ShinjiMatou","floor":30}],"player_experience":610141,"relics_obtained":[{"floor":3,"key":"Art of War"},{"floor":8,"key":"Orichalcum"},{"floor":9,"key":"hubris:SlimyHat"},{"floor":13,"key":"infinitespire:CheckeredPen"},{"floor":26,"key":"StuffTheSpire:EmeraldSignet"},{"floor":27,"key":"Centennial Puzzle"}],"event_choices":[{"damage_healed":0,"gold_gain":0,"player_choice":"Invest 2","damage_taken":0,"max_hp_gain":0,"max_hp_loss":0,"event_name":"conspire:Investor","floor":4,"gold_loss":0},{"cards_removed":["animator:Strike"],"damage_healed":0,"gold_gain":0,"player_choice":"Card Removal","damage_taken":7,"max_hp_gain":0,"max_hp_loss":0,"event_name":"Golden Wing","floor":5,"gold_loss":0},{"damage_healed":0,"gold_gain":0,"player_choice":"Entered Light","damage_taken":13,"max_hp_gain":0,"max_hp_loss":0,"event_name":"Shining Light","floor":11,"gold_loss":0,"cards_upgraded":["animator:Defend_MadokaMagica","animator:KyokoSakura"]},{"damage_healed":0,"gold_gain":0,"player_choice":"Upgraded","damage_taken":0,"max_hp_gain":0,"max_hp_loss":0,"event_name":"Upgrade Shrine","floor":31,"gold_loss":0,"cards_upgraded":["infinitespire:Punishment"]}],"is_beta":false,"boss_relics":[{"not_picked":["Mark of Pain","hubris:GrandSneckoEye"],"picked":"Ring of Chaos"}],"items_purged_floors":[20,29],"is_endless":false,"potions_floor_spawned":[7,8,10,13,22,24,27],"killed_by":"Collector","ascension_level":1}}