{"host":"lufzn74xe9ct3rkf","time":1614132239,"event":{"mods":["AchievementEnabler","BaseMod","DNKmod","Evolution","Friendly Minions","Minty Spire (QoL Compilation)","StSLib","Treasure Hunter"],"gold_per_floor":[1122,1137,1148,1159,469,469,486,436,462,462,474,490,490,517,517,619,619,630,647,290,310,326,337,337,352,432,452,479,497,129,129,129,234,284,298,212,212,212,229,256,276,293,319,366,366,366,386,397,397,397],"floor_reached":51,"language":"ENG","playtime":2422,"items_purged":[],"score":1157,"play_id":"c9f2b67b-b633-46a8-bcc9-8814a1f10e48","local_time":"20210223180359","is_ascension_mode":false,"campfire_choices":[{"data":"1","floor":6,"key":"LIFT"},{"data":"2","floor":13,"key":"LIFT"},{"data":"3","floor":15,"key":"LIFT"},{"data":"Enlightenment","floor":32,"key":"SMITH"},{"data":"Storm of Steel","floor":45,"key":"SMITH"},{"floor":49,"key":"DIG"}],"circlet_count":0,"master_deck":["Dagger Spray+1","Dagger Spray+1","Dagger Spray+1","Dagger Spray+1","Cloak And Dagger+1","Cloak And Dagger+1","Cloak And Dagger+1","Cloak And Dagger+1","Survivor+1","Neutralize+1","Enlightenment+1","Blade Dance+1","Deadly Poison+1","Poisoned Stab+1","Adrenaline+1","Outmaneuver+1","Endless Agony+1","Metamorphosis+1","Underhanded Strike+1","TH:CursedSword+1","Footwork+1","Poisoned Stab+1","TH:Mimic+1","Burst+1","TH:CopperCoins+1","Phantasmal Killer+1","CurseOfTheBell","Slice+1","Dagger Throw+1","Noxious Fumes+1","Chrysalis+1","Bane+1","Slice+1","Outmaneuver+1","Mind Blast+1","Enlightenment+1","Blade Dance+1","TH:CursedSword+1","Flying Knee+1","TH:CursedSword+1","Calculated Gamble+1","Deadly Poison+1","Flying Knee+1","Infinite Blades+1","Bandage Up+1","Deadly Poison+1","TH:DeckOfManyThings+1","Storm of Steel+1","Blade Dance+1","Dagger Spray+1","Bouncing Flask+1","Bane+1","Flying Knee+1","TH:EnergyPotion+1","Bouncing Flask+1","Flying Knee+1","Dagger Throw+1","TH:EnergyPotion+1","Well Laid Plans+1","Calculated Gamble+1","Outmaneuver"],"relics":["Ring of the Snake","EVO:Axolotl","Bird Faced Urn","Ice Cream","Incense Burner","FossilizedHelix","Tingsha","Dead Branch","Ginger","Lizard Tail","Shovel","CaptainsWheel","Girya","Calipers","The Specimen","Unceasing Top","Du-Vu Doll","Molten Egg 2","Bag of Marbles","Boot","Mummified Hand","Calling Bell","Snake Skull","TH:Anvil","Mango","ClockworkSouvenir","Frozen Egg 2","Question Card","Bronze Scales","Enchiridion","Tiny House","Lantern","Blood Vial","Tough Bandages","Mark of the Bloom","Toy Ornithopter"],"acts_visited":["Exordium","TheCity","TheBeyond"],"potions_floor_usage":[21,23,35,39,50,50,50],"damage_taken":[{"damage":0,"enemies":"Small Slimes","floor":1,"turns":1},{"damage":0,"enemies":"Jaw Worm","floor":2,"turns":1},{"damage":0,"enemies":"2 Louse","floor":3,"turns":1},{"damage":0,"enemies":"Red Slaver","floor":4,"turns":2},{"damage":0,"enemies":"2 Fungi Beasts","floor":7,"turns":2},{"damage":0,"enemies":"Looter","floor":11,"turns":1},{"damage":0,"enemies":"Red Slaver","floor":12,"turns":2},{"damage":0,"enemies":"3 Sentries","floor":14,"turns":1},{"damage":3,"enemies":"The Guardian","floor":16,"turns":3},{"damage":0,"enemies":"3 Byrds","floor":18,"turns":1},{"damage":0,"enemies":"Shell Parasite","floor":19,"turns":1},{"damage":0,"enemies":"Snecko","floor":21,"turns":1},{"damage":0,"enemies":"Cultist and Chosen","floor":22,"turns":3},{"damage":0,"enemies":"Centurion and Healer","floor":23,"turns":2},{"damage":0,"enemies":"Snake Plant","floor":25,"turns":1},{"damage":0,"enemies":"Snecko","floor":27,"turns":2},{"damage":0,"enemies":"Gremlin Leader","floor":28,"turns":2},{"damage":0,"enemies":"Shelled Parasite and Fungi","floor":29,"turns":1},{"damage":0,"enemies":"Champ","floor":33,"turns":2},{"damage":0,"enemies":"3 Shapes","floor":35,"turns":1},{"damage":0,"enemies":"3 Darklings","floor":39,"turns":2},{"damage":0,"enemies":"Giant Head","floor":40,"turns":2},{"damage":0,"enemies":"Writhing Mass","floor":41,"turns":2},{"damage":0,"enemies":"Transient","floor":42,"turns":5},{"damage":0,"enemies":"2 Orb Walkers","floor":44,"turns":1},{"damage":0,"enemies":"Jaw Worm Horde","floor":47,"turns":2},{"damage":0,"enemies":"4 Shapes","floor":48,"turns":1},{"damage":0,"enemies":"Awakened One","floor":50,"turns":5}],"seed_played":"-4050355470904058052","potions_obtained":[{"floor":3,"key":"Energy Potion"},{"floor":4,"key":"BlessingOfTheForge"},{"floor":7,"key":"SkillPotion"},{"floor":14,"key":"FearPotion"},{"floor":19,"key":"Explosive Potion"},{"floor":23,"key":"Fire Potion"},{"floor":25,"key":"Fire Potion"},{"floor":34,"key":"LiquidMemories"},{"floor":35,"key":"PowerPotion"},{"floor":41,"key":"SkillPotion"},{"floor":47,"key":"Ancient Potion"}],"is_trial":false,"path_per_floor":["M","M","M","M","$","R","M","?","T","?","M","M","R","E","R","B",null,"M","M","$","M","M","M","?","M","T","M","E","M","$","?","R","B",null,"M","$","?","?","M","E","M","M","T","?","R","?","M","M","R","B",null],"character_chosen":"THE_SILENT","items_purchased":["Molten Egg 2","Outmaneuver","Endless Agony+1","Metamorphosis","Bag of Marbles","ClockworkSouvenir","Noxious Fumes","Chrysalis","Flying Knee+1","Bronze Scales","Infinite Blades+1","Bandage Up","Deadly Poison","Bouncing Flask","Bane+1"],"campfire_rested":0,"item_purchase_floors":[5,5,5,5,5,20,20,20,30,30,30,30,30,36,36],"current_hp_per_floor":[70,70,70,70,70,70,70,70,70,70,70,70,70,70,70,70,84,84,84,84,84,84,84,65,65,65,67,69,69,69,53,53,65,89,89,89,89,89,89,89,89,89,89,89,89,89,89,89,89,89],"gold":397,"neow_bonus":"RANDOM_COLORLESS","is_daily":false,"chose_seed":false,"campfire_upgraded":2,"win_rate":0.0,"timestamp":1614132239,"path_taken":["M","M","M","M","$","R","M","?","T","?","M","M","R","E","R","BOSS","M","M","$","M","M","M","?","?","T","M","E","M","?","?","R","BOSS","M","$","?","?","?","E","M","M","T","?","R","?","M","M","R","BOSS"],"items_purchased_type":["Relic","Card","Card","Card","Relic","Relic","Card","Card","Card","Relic","Card","Card","Card","Card","Card"],"build_version":"2020-12-22","purchased_purges":0,"victory":true,"max_hp_per_floor":[70,70,70,70,70,70,70,70,70,70,70,70,70,70,70,70,84,84,84,84,84,84,84,84,84,84,84,84,84,84,84,84,84,89,89,89,89,89,89,89,89,89,89,89,89,89,89,89,89,89],"card_choices":[{"not_picked":["Madness","Impatience"],"picked":"Enlightenment","floor":0},{"not_picked":["Predator","Deflect"],"picked":"Blade Dance","floor":1},{"not_picked":["Blade Dance","Dodge and Roll"],"picked":"Deadly Poison","floor":2},{"not_picked":["Caltrops","Backstab"],"picked":"Poisoned Stab","floor":3},{"not_picked":["Leg Sweep","Underhanded Strike"],"picked":"Adrenaline","floor":4},{"not_picked":["Bane+1","Dodge and Roll"],"picked":"Underhanded Strike+1","floor":7},{"not_picked":["TH:PixieDust"],"picked":"TH:CursedSword","floor":9},{"not_picked":["Dodge and Roll","Skewer+1"],"picked":"Footwork","floor":11},{"not_picked":["Bane+1","Dagger Spray+1"],"picked":"Poisoned Stab+1","floor":12},{"not_picked":["TH:ArmorSpikes"],"picked":"TH:Mimic","floor":14},{"not_picked":["Deadly Poison","Dash+1"],"picked":"Burst","floor":14},{"not_picked":["TH:DeckOfManyThings"],"picked":"TH:CopperCoins","floor":16},{"not_picked":["Tools of the Trade","Doppelganger"],"picked":"Phantasmal Killer","floor":16},{"not_picked":["Backflip","Riddle With Holes+1"],"picked":"Slice+1","floor":18},{"not_picked":["Outmaneuver","Blade Dance+1"],"picked":"Dagger Throw+1","floor":19},{"not_picked":["Outmaneuver","Phantasmal Killer"],"picked":"Bane+1","floor":21},{"not_picked":["Outmaneuver","Bouncing Flask+1"],"picked":"Slice+1","floor":22},{"not_picked":["Underhanded Strike+1","Blur+1"],"picked":"Outmaneuver+1","floor":23},{"not_picked":["Unload+1","Slice+1"],"picked":"Blade Dance+1","floor":25},{"not_picked":["TH:CopperCoins"],"picked":"TH:CursedSword","floor":26},{"not_picked":["Acrobatics+1","PiercingWail"],"picked":"Flying Knee+1","floor":27},{"not_picked":["TH:ArmorSpikes"],"picked":"TH:CursedSword","floor":28},{"not_picked":["Dagger Spray+1","Underhanded Strike+1"],"picked":"Calculated Gamble","floor":28},{"not_picked":["Dodge and Roll","Backflip","Acrobatics"],"picked":"Deadly Poison","floor":29},{"not_picked":["TH:ElvenBoots","TH:Mimic"],"picked":"TH:DeckOfManyThings","floor":33},{"not_picked":["Doppelganger","Venomology","Wraith Form v2+1"],"picked":"Storm of Steel","floor":33},{"not_picked":["Catalyst","Acrobatics","Expertise"],"picked":"Blade Dance+1","floor":34},{"not_picked":["Footwork+1","Slice+1","Reflex"],"picked":"Dagger Spray+1","floor":35},{"not_picked":["All Out Attack+1","Crippling Poison","Deadly Poison"],"picked":"Flying Knee+1","floor":39},{"not_picked":["TH:ArmorSpikes","TH:ElvenBoots"],"picked":"TH:EnergyPotion","floor":40},{"not_picked":["Heel Hook+1","Acrobatics+1","Distraction"],"picked":"Bouncing Flask+1","floor":40},{"not_picked":["Dagger Throw+1","Calculated Gamble+1","Bane+1"],"picked":"Flying Knee+1","floor":41},{"not_picked":["Choke+1","Glass Knife+1","Tactician+1"],"picked":"Dagger Throw+1","floor":42},{"not_picked":["TH:TreasureMap","TH:DeckOfManyThings"],"picked":"TH:EnergyPotion","floor":43},{"not_picked":["Sucker Punch+1","Eviscerate+1","Cloak And Dagger"],"picked":"Well Laid Plans+1","floor":44},{"not_picked":["Quick Slash+1","Escape Plan","Flying Knee+1"],"picked":"Calculated Gamble+1","floor":47},{"not_picked":["Eviscerate+1","Well Laid Plans+1","Dagger Throw+1"],"picked":"Outmaneuver","floor":48}],"player_experience":42299,"relics_obtained":[{"floor":9,"key":"Boot"},{"floor":14,"key":"Mummified Hand"},{"floor":17,"key":"Snake Skull"},{"floor":17,"key":"TH:Anvil"},{"floor":17,"key":"Mango"},{"floor":26,"key":"Frozen Egg 2"},{"floor":28,"key":"Question Card"},{"floor":31,"key":"Enchiridion"},{"floor":40,"key":"Lantern"},{"floor":43,"key":"Blood Vial"},{"floor":44,"key":"Tough Bandages"},{"floor":49,"key":"Toy Ornithopter"}],"event_choices":[{"cards_removed":["Defend_G"],"damage_healed":0,"gold_gain":0,"player_choice":"Card Removal","damage_taken":0,"max_hp_gain":0,"max_hp_loss":0,"event_name":"The Cleric","floor":8,"gold_loss":50},{"damage_healed":0,"gold_gain":0,"player_choice":"Grow","damage_taken":0,"max_hp_gain":0,"max_hp_loss":0,"event_name":"Living Wall","floor":10,"gold_loss":0,"cards_upgraded":["Adrenaline"]},{"damage_healed":0,"gold_gain":0,"player_choice":"CARD CARD ","damage_taken":19,"max_hp_gain":0,"max_hp_loss":0,"event_name":"Knowing Skull","floor":24,"potions_obtained":[],"gold_loss":0,"cards_obtained":["Mind Blast","Enlightenment"]},{"damage_healed":0,"gold_gain":0,"player_choice":"Obtained Book","damage_taken":16,"max_hp_gain":0,"max_hp_loss":0,"event_name":"Cursed Tome","floor":31,"gold_loss":0},{"cards_removed":["Dagger Spray"],"damage_healed":0,"gold_gain":0,"player_choice":"Removed Attack","damage_taken":0,"max_hp_gain":0,"max_hp_loss":0,"event_name":"Falling","floor":37,"gold_loss":0},{"damage_healed":0,"gold_gain":0,"player_choice":"Full Heal","damage_taken":0,"max_hp_gain":0,"max_hp_loss":0,"event_name":"Wheel of Change","floor":38,"gold_loss":0},{"damage_healed":0,"gold_gain":0,"player_choice":"Fight","damage_taken":0,"max_hp_gain":0,"max_hp_loss":0,"event_name":"Mysterious Sphere","floor":44,"gold_loss":0},{"damage_healed":0,"gold_gain":0,"player_choice":"Upgrade","damage_taken":0,"relics_obtained":["Mark of the Bloom"],"max_hp_gain":0,"max_hp_loss":0,"event_name":"MindBloom","floor":46,"gold_loss":0,"cards_upgraded":["Dagger Spray","Dagger Spray","Dagger Spray","Dagger Spray","Cloak And Dagger","Cloak And Dagger","Cloak And Dagger","Cloak And Dagger","Survivor","Neutralize","Enlightenment","Blade Dance","Deadly Poison","Poisoned Stab","Outmaneuver","Metamorphosis","TH:CursedSword","Footwork","TH:Mimic","Burst","TH:CopperCoins","Phantasmal Killer","Noxious Fumes","Calculated Gamble","Deadly Poison","Bandage Up","Deadly Poison","Bouncing Flask"]}],"is_beta":false,"boss_relics":[{"not_picked":["Astrolabe","Runic Dome"],"picked":"Calling Bell"},{"not_picked":["Coffee Dripper","Fusion Hammer"],"picked":"Tiny House"}],"items_purged_floors":[],"is_endless":false,"potions_floor_spawned":[3,4,7,14,16,19,23,25,33,35,41,42,47],"ascension_level":0}}