{"host":"d0379l13u4uktr5h","time":1614138627,"event":{"mods":["ATMod(°¢èªMod)","Act Like it!","BaseMod","Colored Map","Colored Powertips","Conspire","Downfall","Gensokyo","Marisa£¨ìFÓê¡¡Ä§ÀíÉ³£©","Minty Spire (QoL Compilation)","Pale of the Ancients","Prisma Mod","Quick Restart","Reliquary","Replay The Spire","RumiaBox-Â¶Ã×æ«µÄÉñÃØºÐ×Ó","Shop Mod","Spicy Shops","StSLib","Wide Potions","noobMod"],"gold_per_floor":[118,118,132,151,151,151,176,206,218,255,11,34,46,78,90,203,215,237,263,93,109,109,240,304,439,439,573,573,698,698,698],"floor_reached":30,"language":"ZHS","playtime":2103,"items_purged":["PrismaMod:IllyaCommonAttack","PrismaMod:IllyaCommonAttack"],"score":459,"play_id":"c247997c-ea81-4f7b-ac5c-9fe63e4bde39","local_time":"20210224115027","is_ascension_mode":true,"campfire_choices":[{"floor":6,"key":"RECALL"},{"floor":13,"key":"REST"},{"data":"PrismaMod:IllyaHassanGift","floor":15,"key":"SMITH"}],"circlet_count":0,"master_deck":["PrismaMod:IllyaCommonDefend","PrismaMod:IllyaCommonDefend","PrismaMod:IllyaCommonAttack","PrismaMod:IllyaCommonDefend","PrismaMod:IllyaCommonDefend","PrismaMod:IllyaCommonAttack","PrismaMod:IllyaCommonDefend","PrismaMod:IllyaUncommonAttack+1","PrismaMod:IllyaUncommonDefend+1","PrismaMod:IllyaBoysLove","PrismaMod:IllyaBoysLove+1","PrismaMod:IllyaAssassinRevenge+1","PrismaMod:IllyaBerserCAR","PrismaMod:IllyaAOECommonAttack","PrismaMod:IllyaHassanGift+1","PrismaMod:IllyaAlice+1","PrismaMod:IllyaUberPoisonChannel+1","PrismaMod:IllyaBerserCAR","PrismaMod:IllyaBride+1","Decay","PrismaMod:IllyaFeed","PrismaMod:IllyaPoisoningPhantasm+1","PrismaMod:IllyaSaphire+1","PrismaMod:IllyaBoysLove"],"relics":["PrismaMod:PrismaRuby","AT_ATBox","ice","Blue Candle","MawBank","AT_SilvercatRing","Guide Book","reliquary:ExpiredCoupon","conspire:RoyalGoblet","AT_TheCollector","reliquary:SharkskinSheath","ReplayTheSpireMod:CursedCoin","PrismaMod:AliceRelic","Replay:Wax Seal","PreservedInsect","reliquary:RoseTintedGlasses","Quantum Egg","Akabeko","Orichalcum"],"acts_visited":["Gensokyo:Gensokyo","Gensokyo:Gensokyoer"],"potions_floor_usage":[3,16,18,21,23,25,25,28],"damage_taken":[{"damage":8,"enemies":"Gensokyo:Python","floor":1,"turns":5},{"damage":0,"enemies":"Gensokyo:Gryphon","floor":3,"turns":3},{"damage":1,"enemies":"Gensokyo:3_Fairies","floor":4,"turns":5},{"damage":16,"enemies":"Gensokyo:Cirno","floor":7,"turns":7},{"damage":8,"enemies":"Gensokyo:2_Rabbits","floor":8,"turns":5},{"damage":28,"enemies":"Gensokyo:Aya","floor":10,"turns":6},{"damage":5,"enemies":"Gensokyo:VengefulSpirit","floor":12,"turns":4},{"damage":24,"enemies":"Gensokyo:5_Fairies","floor":14,"turns":5},{"damage":37,"enemies":"Gensokyo:Reimu","floor":16,"turns":9},{"damage":0,"enemies":"Gensokyo:Chomper","floor":18,"turns":4},{"damage":59,"enemies":"Gensokyo:3_Dogs","floor":19,"turns":4},{"damage":0,"enemies":"Gensokyo:Wraith","floor":21,"turns":4},{"damage":84,"enemies":"Gensokyo:Tenshi","floor":23,"turns":4},{"damage":0,"enemies":"Gensokyo:Reisen","floor":25,"turns":2},{"damage":18,"enemies":"Gensokyo:Koishi","floor":27,"turns":3},{"damage":0,"enemies":"Gensokyo:Swordslinger","floor":28,"turns":4},{"damage":0,"enemies":"Gensokyo:Tenshi","floor":29,"turns":4},{"damage":41,"enemies":"Gensokyo:Slime_Group","floor":30,"turns":5}],"seed_played":"6773623222384924112","potions_obtained":[{"floor":1,"key":"SkillPotion"},{"floor":8,"key":"SpeedPotion"},{"floor":10,"key":"Energy Potion"},{"floor":14,"key":"Fire Potion"},{"floor":16,"key":"SkillPotion"},{"floor":19,"key":"Fire Potion"},{"floor":21,"key":"Toxic Potion"},{"floor":23,"key":"Swift Potion"},{"floor":24,"key":"SneckoOil"},{"floor":27,"key":"Energy Potion"}],"is_trial":false,"path_per_floor":["M","?","M","M","?","R","E","M","T","E","COS","M","R","M","R","B",null,"M","M","$","M","?","E","?","E","T","E","M","E","M"],"character_chosen":"ILLYA","items_purchased":["reliquary:SharkskinSheath","ReplayTheSpireMod:CursedCoin"],"campfire_rested":1,"item_purchase_floors":[20,20],"current_hp_per_floor":[67,67,67,66,61,61,45,37,37,75,75,70,77,53,53,21,91,91,36,36,36,36,74,26,41,41,43,59,70,34,34],"gold":698,"neow_bonus":"THREE_CARDS","is_daily":false,"chose_seed":false,"campfire_upgraded":1,"win_rate":0.0,"timestamp":1614138627,"path_taken":["M","?","M","?","?","R","E","M","T","E","COS","M","R","M","R","BOSS","M","M","$","M","?","E","?","E","T","E","M","E","M"],"items_purchased_type":["Relic","Relic"],"build_version":"2020-12-22","purchased_purges":2,"victory":false,"max_hp_per_floor":[75,75,75,75,75,75,75,75,75,75,75,77,77,86,86,91,91,95,111,111,115,115,122,122,122,122,125,128,132,138,138],"card_choices":[{"not_picked":["PrismaMod:IllyaHassanGift","PrismaMod:IllyaDualEvoke"],"picked":"PrismaMod:IllyaBoysLove","floor":0},{"not_picked":["PrismaMod:IllyaUberPoisonBlock","PrismaMod:IllyaPartialInstallAssassin"],"picked":"PrismaMod:IllyaBoysLove","floor":1},{"not_picked":["PrismaMod:IllyaMinorRapidFire","PrismaMod:IllyaGrailKun"],"picked":"PrismaMod:IllyaAssassinRevenge","floor":3},{"not_picked":["PrismaMod:IllyaUncommonDefend","PrismaMod:IllyaCommonEvoke"],"picked":"PrismaMod:IllyaBerserCAR","floor":4},{"not_picked":["PrismaMod:IllyaCheapChannelDefend","PrismaMod:IllyaUncommonEvoke"],"picked":"PrismaMod:IllyaAOECommonAttack","floor":7},{"not_picked":["PrismaMod:IllyaUberChannel","PrismaMod:IllyaUncommonAttack"],"picked":"PrismaMod:IllyaHassanGift","floor":8},{"not_picked":["PrismaMod:IllyaCommonEvoke","PrismaMod:IllyaAOECommonAttack","PrismaMod:IllyaPoisonBlock"],"picked":"SKIP","floor":10},{"not_picked":["PrismaMod:IllyaPartialInstallAssassin","PrismaMod:IllyaUberPoisonBlock"],"picked":"PrismaMod:IllyaAlice","floor":12},{"not_picked":["PrismaMod:IllyaTestament","PrismaMod:IllyaCheapChannelAttack","PrismaMod:IllyaPartialInstallAssassin"],"picked":"SKIP","floor":14},{"not_picked":["PrismaMod:IllyaZwei","PrismaMod:IllyaUberAttackChannel"],"picked":"PrismaMod:IllyaUberPoisonChannel","floor":16},{"not_picked":["PrismaMod:IllyaCommonEvoke","PrismaMod:IllyaUncommonAttack"],"picked":"PrismaMod:IllyaBerserCAR","floor":18},{"not_picked":["PrismaMod:IllyaDevil+1","PrismaMod:IllyaMinorReinForce"],"picked":"PrismaMod:IllyaBride+1","floor":19},{"not_picked":["PrismaMod:IllyaCommandSeal","PrismaMod:IllyaCheapChannelAttack"],"picked":"PrismaMod:IllyaFeed","floor":21},{"not_picked":["PrismaMod:IllyaSaphire","PrismaMod:IllyaFeed+1"],"picked":"PrismaMod:IllyaPoisoningPhantasm+1","floor":23},{"not_picked":["PrismaMod:IllyaBerserCAR","PrismaMod:IllyaFeed+1"],"picked":"PrismaMod:IllyaSaphire+1","floor":25},{"not_picked":["PrismaMod:IllyaUberPoisonChannel","PrismaMod:IllyaFriendMaker"],"picked":"PrismaMod:IllyaBoysLove","floor":27},{"not_picked":["PrismaMod:IllyaMinorZwei+1","PrismaMod:IllyaCheapAttack+1","PrismaMod:IllyaAOECommonAttack"],"picked":"SKIP","floor":28},{"not_picked":["PrismaMod:IllyaCheapChannelAttack+1","PrismaMod:IllyaMinorZwei","PrismaMod:IllyaUberPoisonBlock+1"],"picked":"SKIP","floor":29}],"player_experience":55442,"relics_obtained":[{"floor":7,"key":"MawBank"},{"floor":10,"key":"AT_SilvercatRing"},{"floor":23,"key":"Replay:Wax Seal"},{"floor":24,"key":"PreservedInsect"},{"floor":25,"key":"reliquary:RoseTintedGlasses"},{"floor":26,"key":"Quantum Egg"},{"floor":27,"key":"Akabeko"},{"floor":29,"key":"Orichalcum"}],"event_choices":[],"is_beta":false,"boss_relics":[{"not_picked":["conspire:SeveredTorchhead","bronze:MakeshiftBattery"],"picked":"conspire:RoyalGoblet"}],"items_purged_floors":[20,20],"is_endless":false,"potions_floor_spawned":[1,8,10,14,16,19,21,23,27],"killed_by":"Gensokyo:Slime_Group","ascension_level":1}}