{"host":"0t11pkp2julks910","time":1614207056,"event":{"mods":["Astrologer","Bard","BaseMod","Bestiary","BetterRewards","Colored Map","Curses Come First","Downfall","Friendly Minions","Hermit","Hubris","Infinite Spire","Minty Spire (QoL Compilation)","Replay The Spire","Robot Space Explorer","Shop Mod","Somnambulant","StSLib","The Blackbeard","The Bug Knight","The Construct","The Cursed","The Disciple","The Forsaken","The Hierophant","The Jungle","The Marked","The Mystic","The Necromancer","The Poker Player","The Problem Sleuth","The Runesmith","[IsaacMod]????"],"gold_per_floor":[134,172,172,172,183,183,177,189,264,264,264,351,351,377,377,510,510,521,556,568,585,627,627,672,672,672,714,147,97,149,190,190,287,287,306,350,388,187,218,218,250,250,250,250,289,341,352,352,352,352,352],"floor_reached":50,"language":"ENG","playtime":3423,"items_purged":["TheCursedMod:Dregs"],"score":553,"play_id":"a14754a3-c690-4712-918e-e690792a17fc","local_time":"20210224145055","is_ascension_mode":false,"campfire_choices":[{"data":"White Noise","floor":6,"key":"SMITH"},{"floor":10,"key":"REST"},{"floor":13,"key":"REST"},{"data":"DaylightSavings","floor":15,"key":"SMITH"},{"data":"LockedBlood","floor":23,"key":"SMITH"},{"data":"Fragmentalize","floor":25,"key":"SMITH"},{"floor":32,"key":"RECALL"},{"data":"LockedCalendar","floor":40,"key":"SMITH"},{"data":"MasterKey","floor":42,"key":"SMITH"},{"floor":49,"key":"REST"}],"circlet_count":0,"master_deck":["Strike_Br","Strike_Br","Defend_Br","Defend_Br","PatternShift","BettingIsNotGood+1","Facsimile","DaylightSavings+15","White Noise+1","LockedMawBank","LockedWhetstone","HandsUpB","Parity","Fragmentalize+1","Echoward+1","Steam Power+1","RageCommand+1","TiringSlam+1","Parity+1","Moderato","LockedMawBank","LockedBlood+1","LockedMercury","LockedAnchor","Engulf+1","Adagio","Backlash","LockedCalendar+1","LockedAnchor","LockedUrn+1","LockedAnchor","LockedMercury","MasterKey+1","VestedLegacy+1","BeatsPerMinute+1","Dark Shackles"],"relics":["HushsDoor","PunchingBag","m_MercuryCore","BookofShadows","Eternal Feather","MealTicket","Astrolabe","GnawedLeaf","BookOfRevelations","NineVolt","hubris:Reverence","ReplayTheSpireMod:Shallot","construct:WeddingRing","ReplayTheSpireMod:CursedCoin","Potion Belt","Peace Pipe"],"acts_visited":["Exordium","TheCity","TheBeyond"],"potions_floor_usage":[7,16,16,20,21,28,39,50,50],"damage_taken":[{"damage":17,"enemies":"Cultist","floor":1,"turns":6},{"damage":6,"enemies":"Jaw Worm","floor":2,"turns":8},{"damage":18,"enemies":"2 Louse","floor":5,"turns":4},{"damage":11,"enemies":"Looter","floor":7,"turns":4},{"damage":3,"enemies":"Gremlin Gang","floor":8,"turns":2},{"damage":52,"enemies":"Hiden Room Battle","floor":12,"turns":6},{"damage":14,"enemies":"Blue Slaver","floor":14,"turns":4},{"damage":55,"enemies":"Fading Forest","floor":16,"turns":11},{"damage":0,"enemies":"2 Thieves","floor":18,"turns":1},{"damage":9,"enemies":"Snecko","floor":19,"turns":4},{"damage":10,"enemies":"Cultist and Chosen","floor":20,"turns":2},{"damage":12,"enemies":"Chosen and Byrds","floor":21,"turns":4},{"damage":0,"enemies":"3 Cultists","floor":22,"turns":5},{"damage":46,"enemies":"Slavers","floor":24,"turns":5},{"damage":15,"enemies":"Snecko","floor":27,"turns":4},{"damage":0,"enemies":"Snake Plant","floor":30,"turns":5},{"damage":9,"enemies":"Gremlin Leader","floor":31,"turns":6},{"damage":66,"enemies":"Automaton","floor":33,"turns":12},{"damage":0,"enemies":"3 Shapes","floor":35,"turns":2},{"damage":48,"enemies":"Orb Walker","floor":36,"turns":6},{"damage":10,"enemies":"Maw","floor":37,"turns":6},{"damage":37,"enemies":"4 Shapes","floor":39,"turns":3},{"damage":9,"enemies":"Jaw Worm Horde","floor":41,"turns":4},{"damage":71,"enemies":"Transient","floor":45,"turns":4},{"damage":4,"enemies":"2 Orb Walkers","floor":46,"turns":2},{"damage":0,"enemies":"Sphere and 2 Shapes","floor":47,"turns":5},{"damage":48,"enemies":"hubris:GrandSnecko","floor":50,"turns":9}],"seed_played":"6612734033630833321","potions_obtained":[{"floor":2,"key":"DuplicationPotion"},{"floor":8,"key":"LiquidBronze"},{"floor":12,"key":"FairyPotion"},{"floor":14,"key":"WardPotion"},{"floor":18,"key":"champ:CounterPotion"},{"floor":20,"key":"Fire Potion"},{"floor":21,"key":"Ancient Potion"},{"floor":24,"key":"Milkshake"},{"floor":35,"key":"Venom Potion"},{"floor":41,"key":"Elixir"},{"floor":46,"key":"champ:CounterPotion"}],"is_trial":false,"path_per_floor":["M","M","?","?","M","R","M","M","T","R","?","?","R","M","R","B",null,"M","M","M","M","M","R","E","R","T","M","$","?","M","E","R","B",null,"M","M","M","$","M","R","M","R","T","?","M","?","M","?","R","B"],"character_chosen":"CHRONO_CLASS","items_purchased":["NineVolt","hubris:Reverence","LockedAnchor","Fruit Juice","ReplayTheSpireMod:CursedCoin","Potion Belt","LockedMercury","Adrenaline Potion"],"campfire_rested":3,"item_purchase_floors":[28,28,28,28,38,38,38,38],"current_hp_per_floor":[55,59,59,59,41,41,30,27,27,46,46,4,32,28,37,14,65,65,56,46,44,54,65,25,37,37,28,48,68,70,61,70,43,70,70,31,42,57,26,44,41,59,59,59,24,20,20,20,62,21,21],"gold":352,"neow_bonus":"UPGRADE_CARD","is_daily":false,"chose_seed":false,"campfire_upgraded":6,"win_rate":0.0,"timestamp":1614207055,"path_taken":["M","?","?","?","?","R","M","M","T","R","?","?","R","M","R","BOSS","M","M","?","M","M","R","E","R","T","M","$","?","M","E","R","BOSS","M","M","M","$","M","R","M","R","T","?","M","?","?","?","R","BOSS"],"items_purchased_type":["Relic","Relic","Card","Potion","Relic","Relic","Card","Potion"],"build_version":"2020-12-22","purchased_purges":1,"victory":false,"max_hp_per_floor":[65,65,65,65,65,65,65,65,65,65,65,65,65,65,65,65,65,65,65,65,65,65,65,65,65,65,65,70,70,70,70,70,70,70,70,70,70,70,70,70,70,70,70,70,70,70,70,70,70,70,70],"card_choices":[{"not_picked":[],"picked":"BettingIsNotGood","floor":0},{"not_picked":["LockedAnchor","Backlash"],"picked":"Facsimile","floor":1},{"not_picked":["Facsimile","ResonantCall"],"picked":"DaylightSavings","floor":2},{"not_picked":["SlimeSpray","LockedTurtyl"],"picked":"LockedMawBank","floor":5},{"not_picked":["LockedIceCream","Engulf"],"picked":"Bomb","floor":7},{"not_picked":["Echoward","BackFourSeconds"],"picked":"LockedWhetstone","floor":8},{"not_picked":["AlternateTimeline","WindUp"],"picked":"HandsUpB","floor":12},{"not_picked":["AlternateTimeline","LockedIceCream"],"picked":"Parity","floor":14},{"not_picked":["BackFourSeconds","Flay"],"picked":"Fragmentalize","floor":16},{"not_picked":["LockedMedicine","LockedUrn"],"picked":"TiringSlam+1","floor":18},{"not_picked":["Break","LockedPlans"],"picked":"Parity+1","floor":19},{"not_picked":["Fragmentalize","AlternateTimeline+1"],"picked":"Tempo","floor":20},{"not_picked":["TickedOff","HandsUpC+1"],"picked":"LockedMawBank","floor":21},{"not_picked":["TiringSlam+1","Analog+1"],"picked":"LockedBlood","floor":22},{"not_picked":["HandsUpC","LockedScales"],"picked":"LockedMercury","floor":24},{"not_picked":["LockedMedicine+1","Engulf"],"picked":"Tempo","floor":27},{"not_picked":["WakeUpCall+1","Parity+1"],"picked":"Engulf+1","floor":30},{"not_picked":["ExoVibe","DaylightSavings"],"picked":"Backlash","floor":31},{"not_picked":["Chronoelasticity","RageCommand"],"picked":"LockedCalendar","floor":33},{"not_picked":["Echoward","CrunchTime+1"],"picked":"LockedAnchor","floor":35},{"not_picked":["Fragmentalize","ExoVibe"],"picked":"LockedUrn+1","floor":36},{"not_picked":["Stagnate","Echoward+1"],"picked":"LockedAnchor","floor":37},{"not_picked":["Keepsakes","TickedOff+1"],"picked":"MasterKey","floor":39},{"not_picked":["WatchCommand","WakeUpCall+1","Parity"],"picked":"SKIP","floor":41},{"not_picked":["Stagnate","TickedOff+1","BlueShift+1"],"picked":"SKIP","floor":45},{"not_picked":["ReapSow","PrimeTime"],"picked":"VestedLegacy+1","floor":46},{"not_picked":["BlueShift","ReapSow"],"picked":"BeatsPerMinute+1","floor":47},{"not_picked":["Mind Blast","Master of Strategy"],"picked":"Dark Shackles","floor":48}],"player_experience":309499,"relics_obtained":[{"floor":9,"key":"BookofShadows"},{"floor":12,"key":"Eternal Feather"},{"floor":12,"key":"MealTicket"},{"floor":24,"key":"GnawedLeaf"},{"floor":26,"key":"BookOfRevelations"},{"floor":31,"key":"ReplayTheSpireMod:Shallot"},{"floor":46,"key":"Peace Pipe"}],"event_choices":[{"damage_healed":0,"gold_gain":0,"player_choice":"Fight","damage_taken":0,"max_hp_gain":0,"max_hp_loss":0,"event_name":"HidenRoomEvent","floor":12,"gold_loss":0},{"cards_removed":["Defend_Br"],"damage_healed":0,"gold_gain":0,"player_choice":"Removed Skill","damage_taken":0,"max_hp_gain":0,"max_hp_loss":0,"event_name":"Falling","floor":44,"gold_loss":0},{"damage_healed":0,"gold_gain":0,"player_choice":"Fight","damage_taken":0,"max_hp_gain":0,"max_hp_loss":0,"event_name":"Mysterious Sphere","floor":46,"gold_loss":0},{"damage_healed":0,"gold_gain":0,"player_choice":"Memory 1","damage_taken":0,"max_hp_gain":0,"max_hp_loss":0,"event_name":"SensoryStone","floor":48,"gold_loss":0}],"is_beta":false,"boss_relics":[{"not_picked":["Fusion Hammer","construct:ClawGrip"],"picked":"Astrolabe"},{"not_picked":[]},{"not_picked":["ChewingGum","HangingClock"],"picked":"construct:WeddingRing"},{"not_picked":[]}],"items_purged_floors":[38],"is_endless":false,"potions_floor_spawned":[2,8,12,14,18,20,21,24,35,41,46],"killed_by":"hubris:GrandSnecko","ascension_level":0}}