{"host":"uohgqexxxcaim5wq","time":1614130947,"event":{"mods":["AchievementEnabler","Act Like it!","Ascension Reborn","Aspiration","BaseMod","Bestiary","Better Match","Better Note","Better Third Choice","BetterRewards","Conspire","Curses Come First","Decade(???)","Downfall","Fox Events","GifTheSpireLib","Halation","Hallownest","Hubris","Infinite Spire","Minty Spire (QoL Compilation)","Pale of the Ancients","Permanent Neow","Quick Restart","Remove Card Discount Mod","Robot Space Explorer","Shedinja","Shop Mod","Spicy Shops","Spikes Relics","StSLib","Stuff the Spire","TestMod","The Bug Knight","The IronCluck","The Wild Card","Trackpad","Wandering Minibosses"],"gold_per_floor":[366,291,291,254,41,95,95,96,96,156,192,192,242,0,0,0,0],"floor_reached":16,"language":"ENG","playtime":1067,"items_purged":[],"score":151,"play_id":"9cd64e97-7056-4633-b9d0-a53dfde7de93","local_time":"20210223204227","is_ascension_mode":true,"campfire_choices":[{"floor":15,"key":"RECALL"}],"circlet_count":0,"master_deck":["HollowMod:NailStrikeStart","HollowMod:NailStrikeStart","HollowMod:NailStrikeStart","HollowMod:NailStrikeStart","HollowMod:QuickDashStart","HollowMod:QuickDashStart","HollowMod:QuickDashStart","HollowMod:QuickDashStart","HollowMod:FocusHealStart","HollowMod:PogoStrike","HollowMod:DoubleDash","HollowMod:DescendingDark+1","HollowMod:MantisMark","HandOfGreed","HollowMod:SoulMaster","HollowMod:ChannelNail","HollowMod:HeavyBlow","HollowMod:Grubsong","HollowMod:VengefulSpirit"],"relics":["HollowMod:VesselMask","testmod-TestBox","testmod-AssaultLearning","hubris:Icosahedron","testmod-Nyarlathotep","Hallownest:DreamNailRelic","HornCleat","testmod-Antiphasic","hubris:FunFungus","trackpad:BottledShadow"],"acts_visited":["Hallownest:Greenpath"],"potions_floor_usage":[],"damage_taken":[{"damage":1,"enemies":"2_ Uuma","floor":1,"turns":6},{"damage":5,"enemies":"Hallownest:monsterHuskGuard","floor":4,"turns":4},{"damage":0,"enemies":"Hallownest:eliteVengeflyKing","floor":6,"turns":5},{"damage":5,"enemies":"Hallownest:eliteMossKnight","floor":8,"turns":5},{"damage":5,"enemies":"Hallownest:eliteCrystalGuardian","floor":10,"turns":5},{"damage":0,"enemies":"Hallownest:monsterHuskWarrior","floor":11,"turns":1},{"damage":4,"enemies":"Hallownest:eliteMossKnight","floor":13,"turns":5},{"damage":48,"enemies":"Hallownest:BossBrokenVessel","floor":16,"turns":8}],"seed_played":"-5047625212862358837","potions_obtained":[{"floor":1,"key":"SpeedPotion"},{"floor":11,"key":"Strength Potion"}],"is_trial":false,"path_per_floor":["M","?","?","M","$","E","?","E","T","E","M","?","E","$","R","B"],"character_chosen":"THE_BUGKNIGHT","items_purchased":["HandOfGreed","trackpad:BottledShadow"],"campfire_rested":0,"item_purchase_floors":[5,14],"current_hp_per_floor":[59,59,59,54,54,54,54,49,49,44,44,52,48,48,48,0,0],"gold":0,"neow_bonus":"TWO_FIFTY_GOLD","is_daily":false,"chose_seed":false,"campfire_upgraded":0,"win_rate":0.0,"timestamp":1614130947,"path_taken":["M","?","?","M","?","E","?","E","T","E","?","?","E","?","R","BOSS"],"items_purchased_type":["Card","Relic"],"build_version":"2020-12-22","purchased_purges":0,"victory":false,"max_hp_per_floor":[75,75,75,75,75,75,75,75,75,75,75,75,75,75,75,75,75],"card_choices":[{"not_picked":["HollowMod:TaintedHusks","HollowMod:NewJinnsSoul"],"picked":"HollowMod:DoubleDash","floor":1},{"not_picked":["HollowMod:ShadowDash+1","HollowMod:InfectedCysts+1"],"picked":"HollowMod:DescendingDark+1","floor":2},{"not_picked":["HollowMod:LifebloodCocoon","HollowMod:ChannelNail"],"picked":"HollowMod:MantisMark","floor":4},{"not_picked":["HollowMod:GoodIntentions","HollowMod:DashSlash"],"picked":"HollowMod:SoulMaster","floor":6},{"not_picked":["HollowMod:SoulMaster","HollowMod:HowlingWraiths"],"picked":"HollowMod:ChannelNail","floor":8},{"not_picked":["HollowMod:DreamGate","HollowMod:DoubleDash"],"picked":"HollowMod:HeavyBlow","floor":10},{"not_picked":["HollowMod:VengefulVoid","HollowMod:SoulSplash"],"picked":"HollowMod:Grubsong","floor":11},{"not_picked":["HollowMod:InfectedCysts","HollowMod:TaintedHusks"],"picked":"HollowMod:VengefulSpirit","floor":13}],"player_experience":172243,"relics_obtained":[{"floor":6,"key":"testmod-Nyarlathotep"},{"floor":8,"key":"HornCleat"},{"floor":10,"key":"testmod-Antiphasic"},{"floor":13,"key":"hubris:FunFungus"}],"event_choices":[{"damage_healed":0,"gold_gain":0,"player_choice":"2","damage_taken":0,"max_hp_gain":0,"max_hp_loss":0,"event_name":"betterMatch:BetterMatch","floor":2,"gold_loss":0,"cards_obtained":["betterMatch:CommonCard"]}],"is_beta":false,"boss_relics":[],"items_purged_floors":[],"is_endless":false,"potions_floor_spawned":[1,11],"killed_by":"Hallownest:BossBrokenVessel","ascension_level":0}}