{"host":"5tzvto3beate6p8b","time":1614150726,"event":{"mods":["BaseMod","Colored Map","DeckTracker","Minty Spire (QoL Compilation)","Relic Stats","StSLib","SuperFastMode"],"gold_per_floor":[11,11,26,26,38,38,38,38],"floor_reached":7,"language":"JPN","playtime":237,"items_purged":[],"score":80,"play_id":"686a421c-50c6-4703-b5cd-835e2434384c","local_time":"20210224161206","is_ascension_mode":true,"campfire_choices":[{"floor":6,"key":"REST"}],"circlet_count":0,"master_deck":["AscendersBane","Strike_B","Strike_B","Strike_B","Strike_B","Defend_B","Defend_B","Defend_B","Defend_B","Zap","Dualcast","Echo Form","Reprogram+1","Gash","Pain","Undo"],"relics":["Cracked Core","WarpedTongs"],"acts_visited":["Exordium"],"potions_floor_usage":[],"damage_taken":[{"damage":12.0,"enemies":"Small Slimes","floor":1.0,"turns":4.0},{"damage":0.0,"enemies":"Cultist","floor":3.0,"turns":5.0},{"damage":1,"enemies":"2 Louse","floor":5,"turns":3},{"damage":77,"enemies":"Gremlin Nob","floor":7,"turns":5}],"seed_played":"-956561759263289680","potions_obtained":[{"floor":5,"key":"Regen Potion"}],"is_trial":false,"path_per_floor":["M","?","M","?","M","R","E"],"character_chosen":"DEFECT","items_purchased":[],"campfire_rested":1,"item_purchase_floors":[],"current_hp_per_floor":[52,52,52,52,51,71,0,0],"gold":38,"neow_bonus":"THREE_RARE_CARDS","is_daily":false,"chose_seed":false,"campfire_upgraded":0,"win_rate":0.0,"timestamp":1614150726,"path_taken":["M","?","M","?","?","R","E"],"items_purchased_type":[],"build_version":"2020-12-22","purchased_purges":0,"victory":false,"max_hp_per_floor":[71,71,71,71,71,71,71,71],"relic_stats":{"counters":[4,17],"obtain_stats":[{"Cracked Core":0,"WarpedTongs":4},{"Cracked Core":0,"WarpedTongs":2},{"Cracked Core":0,"WarpedTongs":9}],"WarpedTongs":[8]},"card_choices":[{"not_picked":["Thunder Strike","Reboot"],"picked":"Echo Form","floor":0.0},{"not_picked":["Go for the Eyes","Turbo"],"picked":"Reprogram","floor":1.0},{"not_picked":["Redo","Turbo"],"picked":"Gash","floor":3.0},{"not_picked":["White Noise","Redo"],"picked":"Undo","floor":5}],"player_experience":851174,"relics_obtained":[],"event_choices":[{"damage_healed":0.0,"max_hp_gain":0.0,"max_hp_loss":0.0,"gold_gain":0.0,"event_name":"Living Wall","player_choice":"Grow","floor":2.0,"gold_loss":0.0,"damage_taken":0.0,"cards_upgraded":["Reprogram"]},{"damage_healed":0.0,"max_hp_gain":0.0,"max_hp_loss":0.0,"gold_gain":0.0,"event_name":"Accursed Blacksmith","player_choice":"Rummage","floor":4.0,"gold_loss":0.0,"damage_taken":0.0,"relics_obtained":["WarpedTongs"],"cards_obtained":["Pain"]}],"is_beta":false,"boss_relics":[],"items_purged_floors":[],"is_endless":false,"potions_floor_spawned":[5],"killed_by":"Gremlin Nob","ascension_level":19}}