{"host":"mi0eibewekhugwl1","time":1614171826,"event":{"mods":["AchievementEnabler","BaseMod","Colored Map","Colored Powertips","DeckTracker","Keyboard Shortcuts","Minty Spire (QoL Compilation)","Quick Restart","Rare Cards Sparkle","Relic Stats","StSLib","SuperFastMode","everything is the same but u backflip on backflip"],"gold_per_floor":[210,224,28,43,43,43,54,65,65,80,14,14,77,87,87,87,87],"floor_reached":16,"language":"KOR","playtime":341,"items_purged":["Strike_G"],"score":188,"play_id":"9ce30dc1-85be-4e5e-b94a-3b3acef59063","local_time":"20210224220346","is_ascension_mode":true,"campfire_choices":[{"data":"Neutralize","floor":6,"key":"SMITH"},{"data":"Acrobatics","floor":12,"key":"SMITH"},{"floor":15,"key":"REST"}],"circlet_count":0,"master_deck":["AscendersBane","Strike_G","Strike_G","Strike_G","Strike_G","Defend_G","Defend_G","Defend_G","Defend_G","Defend_G","Survivor","Neutralize+1","Backflip","Deadly Poison","Tactician","Dagger Spray","Noxious Fumes","Acrobatics+1","Footwork","Dash","Caltrops","Catalyst"],"relics":["Ring of the Snake","Membership Card","The Courier","Ornamental Fan"],"acts_visited":["Exordium"],"potions_floor_usage":[7,13,13],"damage_taken":[{"damage":3,"enemies":"Cultist","floor":1,"turns":4},{"damage":4,"enemies":"Small Slimes","floor":2,"turns":5},{"damage":1,"enemies":"Jaw Worm","floor":4,"turns":5},{"damage":1,"enemies":"3 Louse","floor":7,"turns":4},{"damage":2,"enemies":"Exordium Wildlife","floor":8,"turns":3},{"damage":4,"enemies":"Large Slime","floor":10,"turns":6},{"damage":17,"enemies":"Lagavulin Event","floor":13,"turns":8},{"damage":1,"enemies":"3 Louse","floor":14,"turns":4},{"damage":31,"enemies":"The Guardian","floor":16,"turns":9}],"seed_played":"7572842238593493385","potions_obtained":[{"floor":2,"key":"CunningPotion"},{"floor":4,"key":"LiquidBronze"},{"floor":7,"key":"Weak Potion"}],"is_trial":false,"path_per_floor":["M","M","$","M","?","R","M","M","T","M","$","R","?","M","R","B"],"character_chosen":"THE_SILENT","items_purchased":["Membership Card","Footwork","Dash"],"campfire_rested":1,"item_purchase_floors":[3,11,11],"current_hp_per_floor":[56,52,52,51,33,33,32,30,30,26,26,26,9,8,27,0,0],"gold":87,"neow_bonus":"HUNDRED_GOLD","is_daily":false,"chose_seed":false,"campfire_upgraded":2,"win_rate":0.0,"timestamp":1614171826,"path_taken":["M","M","$","M","?","R","M","M","T","M","$","R","?","M","R","BOSS"],"items_purchased_type":["Relic","Card","Card"],"build_version":"2020-12-22","purchased_purges":1,"victory":false,"max_hp_per_floor":[66,66,66,66,66,66,66,66,66,66,66,66,66,66,66,66,66],"relic_stats":{"counters":[9,48],"Ornamental Fan":[8],"obtain_stats":[{"Ornamental Fan":13,"The Courier":5,"Membership Card":3,"Ring of the Snake":0},{"Ornamental Fan":7,"The Courier":3,"Membership Card":2,"Ring of the Snake":0},{"Ornamental Fan":35,"The Courier":14,"Membership Card":9,"Ring of the Snake":0}],"Ring of the Snake":[18]},"card_choices":[{"not_picked":["Dodge and Roll","Bane"],"picked":"Backflip","floor":1},{"not_picked":["Dodge and Roll","Cloak And Dagger"],"picked":"Deadly Poison","floor":2},{"not_picked":["Dagger Throw","Escape Plan"],"picked":"Tactician","floor":4},{"not_picked":["Setup","Endless Agony"],"picked":"Dagger Spray","floor":7},{"not_picked":["Night Terror","Dagger Throw"],"picked":"Noxious Fumes","floor":8},{"not_picked":["Deflect","Sucker Punch"],"picked":"Acrobatics","floor":10},{"not_picked":["Backflip","Heel Hook"],"picked":"Caltrops","floor":13},{"not_picked":["Sucker Punch","Deadly Poison"],"picked":"Catalyst","floor":14}],"player_experience":1822420,"relics_obtained":[{"floor":13,"key":"Ornamental Fan"}],"event_choices":[{"damage_healed":0,"gold_gain":0,"player_choice":"Success","damage_taken":18,"relics_obtained":["The Courier"],"max_hp_gain":0,"max_hp_loss":0,"event_name":"Scrap Ooze","floor":5,"gold_loss":0},{"damage_healed":0,"gold_gain":0,"player_choice":"Searched \u00271\u0027 times","damage_taken":0,"max_hp_gain":0,"max_hp_loss":0,"event_name":"Dead Adventurer","floor":13,"gold_loss":0}],"is_beta":false,"boss_relics":[],"items_purged_floors":[3],"is_endless":false,"potions_floor_spawned":[2,4,7,8],"killed_by":"The Guardian","ascension_level":20}}