{"host":"rwiy0nr47d6nmxat","time":1614198720,"event":{"mods":["2.2 Compatiblity","AchievementEnabler","Act Like it!","Aspiration","BaseMod","Better Note","Better Sensory Stone","Block Reminder","Challenge The Spire","Colored Map","Colored Powertips","Conspire","Elementarium","Highlight Path","Hubris","Infinite Spire","Mad Scientist","Minty Spire (QoL Compilation)","Permanent Neow","Quick Restart","Rare Cards Sparkle","Replay The Spire","StSLib","SuperFastMode","The Cursed","TheFirefly","slay the spire mod where everything is the same but ironclad has a cowboy hat"],"gold_per_floor":[114,126,137,153,183,215,225,225,252,267,267,296,296,313,313,409,409,421,441,401,401,419,419,433,463,463,463,463,463,477,677,677,773,773,793,804,804,823,838,838,854,870,870,901,913,913,913],"floor_reached":46,"language":"ENG","playtime":7197,"items_purged":[],"score":563,"play_id":"d3543ffa-5520-4420-b6c5-f02055596a4e","local_time":"20210224153200","is_ascension_mode":false,"campfire_choices":[{"floor":8,"key":"REST"},{"floor":11,"key":"REST"},{"data":"Sunder","floor":15,"key":"SMITH"},{"data":"Zap","floor":23,"key":"SMITH"},{"data":"ReplayRNGCard","floor":27,"key":"SMITH"},{"data":"BasicCrystalCard","floor":29,"key":"SMITH"},{"data":"Buffer","floor":32,"key":"SMITH"},{"data":"Sweeping Beam","floor":40,"key":"SMITH"}],"circlet_count":0,"master_deck":["Strike_B","Strike_B","Strike_B","Strike_B","Defend_B","Defend_B","Defend_B","Defend_B","Zap+1","Dualcast","BasicCrystalCard","BasicCrystalCard+1","Ball Lightning+1","Sweeping Beam+1","Go for the Eyes","ReplayRNGCard+1","Sunder+1","Rebound+1","Leap","Heatsinks","Amplify","Self Repair","Double Energy+1","Coolheaded","Gash","Conserve Battery","Buffer+1","Thunder Strike","Go for the Eyes","Glacier+1","Tempest+1","Defragment+1","Crystallizer+1","Consume","Darkness","BasicCrystalCard"],"relics":["Cracked Core","NeowsBlessing","Unceasing Top","Replay:Accelerometer","infinitespire:Beetle Shell","Bag of Preparation","Replay:Grab Bag","Painkiller Herb","hubris:VirtuousBlindfold","hubris:ScarierMask","aspiration:Stellarator","Durian","Oddly Smooth Stone","hubris:BlackHole","Lantern","Carrot","Prayer Wheel"],"acts_visited":["Exordium","TheCity","TheBeyond"],"potions_floor_usage":[6,12,12,16,33,33,33,39,39,39,46,46],"damage_taken":[{"damage":0,"enemies":"Small Slimes","floor":1,"turns":1},{"damage":0,"enemies":"Jaw Worm","floor":2,"turns":1},{"damage":0,"enemies":"2 Louse","floor":3,"turns":1},{"damage":40,"enemies":"Gremlin Gang","floor":4,"turns":5},{"damage":3,"enemies":"Gremlin Nob","floor":6,"turns":3},{"damage":4,"enemies":"2 Fungi Beasts","floor":7,"turns":3},{"damage":9,"enemies":"Blue Slaver","floor":10,"turns":4},{"damage":3,"enemies":"Lagavulin","floor":12,"turns":6},{"damage":0,"enemies":"3 Louse","floor":14,"turns":2},{"damage":53,"enemies":"Fading Forest","floor":16,"turns":11},{"damage":23,"enemies":"Shell Parasite","floor":18,"turns":7},{"damage":0,"enemies":"2 Thieves","floor":19,"turns":2},{"damage":23,"enemies":"Centurion and Healer","floor":22,"turns":5},{"damage":15,"enemies":"Snake Plant","floor":24,"turns":4},{"damage":29,"enemies":"Slavers","floor":25,"turns":5},{"damage":22,"enemies":"Shelled Parasite and Fungi","floor":30,"turns":4},{"damage":24,"enemies":"hubris:MusketHawk","floor":33,"turns":13},{"damage":0,"enemies":"3 Darklings","floor":35,"turns":1},{"damage":6,"enemies":"3 Shapes","floor":36,"turns":1},{"damage":0,"enemies":"3 Darklings","floor":38,"turns":1},{"damage":11,"enemies":"Maw","floor":39,"turns":8},{"damage":0,"enemies":"Jaw Worm Horde","floor":41,"turns":2},{"damage":0,"enemies":"Writhing Mass","floor":42,"turns":1},{"damage":0,"enemies":"Nightmare","floor":44,"turns":1},{"damage":3,"enemies":"Spire Growth","floor":45,"turns":2},{"damage":110,"enemies":"Transient","floor":46,"turns":5}],"seed_played":"-8916600117208912561","potions_obtained":[{"floor":2,"key":"FearPotion"},{"floor":4,"key":"Elixir"},{"floor":6,"key":"Block Potion"},{"floor":10,"key":"DistilledChaos"},{"floor":22,"key":"Milkshake"},{"floor":25,"key":"Block Potion"},{"floor":28,"key":"EssenceOfSteel"},{"floor":33,"key":"SteroidPotion"},{"floor":35,"key":"DistilledChaos"},{"floor":38,"key":"ColorlessPotion"},{"floor":39,"key":"SpeedPotion"},{"floor":45,"key":"Ancient Potion"}],"is_trial":false,"path_per_floor":["M","M","M","M","?","E","M","R","T","M","R","E","?","M","R","B",null,"?","?","?","AVR","?","T","?","E","T","T","?","T","?","?","T","B",null,"?","?","?","?","?","T","?","?","T","NM","?","?"],"character_chosen":"DEFECT","items_purchased":[],"campfire_rested":2,"item_purchase_floors":[],"current_hp_per_floor":[75,75,75,35,35,32,28,50,50,41,63,60,68,68,68,31,75,52,58,64,70,59,65,63,52,58,64,70,76,65,71,77,63,80,80,80,80,80,76,80,80,80,80,80,77,0,0],"gold":913,"neow_bonus":"THREE_ENEMY_KILL","is_daily":false,"chose_seed":false,"campfire_upgraded":6,"win_rate":0.0,"timestamp":1614198720,"path_taken":["M","M","M","M","?","E","M","R","T","M","R","E","?","?","R","BOSS","?","?","?","AVR","?","T","?","E","T","T","?","T","?","?","T","BOSS","?","?","?","?","?","T","?","?","T","NM","?","?"],"items_purchased_type":[],"build_version":"2020-12-22","purchased_purges":0,"victory":false,"max_hp_per_floor":[75,75,75,75,75,75,75,75,75,75,75,75,75,75,75,75,75,75,75,75,75,75,75,75,80,80,80,80,80,80,80,80,80,80,80,80,80,80,80,80,80,80,80,80,80,80,80],"card_choices":[{"not_picked":["Redo","Crystallizer"],"picked":"BasicCrystalCard","floor":1},{"not_picked":["Coolheaded","Cold Snap"],"picked":"BasicCrystalCard","floor":2},{"not_picked":["Force Field","Rebound"],"picked":"Ball Lightning","floor":3},{"not_picked":["Cold Snap","Go for the Eyes"],"picked":"Sweeping Beam","floor":4},{"not_picked":["Time Bomb","Redo"],"picked":"Go for the Eyes","floor":5},{"not_picked":["Go for the Eyes","Multi-Cast"],"picked":"ReplayRNGCard","floor":6},{"not_picked":["FIFO Queue","Rebound"],"picked":"Sunder","floor":7},{"not_picked":["Panic Button","Compile Driver"],"picked":"Rebound","floor":10},{"not_picked":["hubris:Ukulele","BootSequence"],"picked":"Leap","floor":12},{"not_picked":["ReplayTheSpireMod:GoodbyeWorld","Beam Cell"],"picked":"Heatsinks","floor":14},{"not_picked":["Fission","ReplayTheSpireMod:Omega Cannon"],"picked":"Amplify","floor":16},{"not_picked":["Reinforced Body","Gash+1"],"picked":"Self Repair","floor":18},{"not_picked":["Leap","Fusion+1"],"picked":"Double Energy+1","floor":19},{"not_picked":["Streamline","Reprogram+1"],"picked":"Coolheaded","floor":22},{"not_picked":["BasicCrystalCard","Melter"],"picked":"Gash","floor":24},{"not_picked":["BasicCrystalCard","conspire:Rain"],"picked":"Conserve Battery","floor":25},{"not_picked":["Go for the Eyes","Cold Snap"],"picked":"Buffer","floor":30},{"not_picked":["Hyperbeam","Multi-Cast"],"picked":"Thunder Strike","floor":33},{"not_picked":["Compile Driver","BasicCrystalCard+1"],"picked":"Go for the Eyes","floor":35},{"not_picked":["conspire:SharedLibrary+1","Rebound+1"],"picked":"Glacier+1","floor":36},{"not_picked":["ReplaySort","Conserve Battery"],"picked":"Tempest+1","floor":38},{"not_picked":["ReplaySort","Capacitor"],"picked":"Defragment+1","floor":39},{"not_picked":["Stack+1","Time Bomb"],"picked":"Crystallizer+1","floor":41},{"not_picked":["Cold Snap","BasicCrystalCard"],"picked":"Consume","floor":42},{"not_picked":["Compile Driver+1","Barrage+1"],"picked":"ReplayTheSpireMod:Fabricate Wheel","floor":44},{"not_picked":["Cold Snap","Coolheaded"],"picked":"Darkness","floor":45},{"not_picked":["Streamline","ReplayTheSpireMod:Reroute Power"],"picked":"BasicCrystalCard","floor":45}],"player_experience":62298,"relics_obtained":[{"floor":5,"key":"Unceasing Top"},{"floor":6,"key":"Replay:Accelerometer"},{"floor":9,"key":"infinitespire:Beetle Shell"},{"floor":12,"key":"Bag of Preparation"},{"floor":25,"key":"Durian"},{"floor":26,"key":"Oddly Smooth Stone"},{"floor":43,"key":"Lantern"},{"floor":44,"key":"Carrot"}],"event_choices":[{"damage_healed":0,"gold_gain":0,"player_choice":"Upgraded Two","damage_taken":0,"max_hp_gain":0,"max_hp_loss":0,"event_name":"Designer","floor":20,"gold_loss":40,"cards_upgraded":["Rebound","Ball Lightning"]},{"damage_healed":0,"gold_gain":0,"player_choice":"Got Potions","damage_taken":0,"max_hp_gain":0,"max_hp_loss":0,"event_name":"Lab","floor":28,"gold_loss":0},{"damage_healed":0,"gold_gain":250,"player_choice":"Bet on Owner","damage_taken":0,"max_hp_gain":0,"max_hp_loss":0,"event_name":"The Joust","floor":31,"gold_loss":50}],"is_beta":false,"boss_relics":[{"not_picked":["Sozu","Tiny House"],"picked":"Replay:Grab Bag"},{"not_picked":["Busted Crown","hubris:TerracottaHorce"],"picked":"Painkiller Herb"},{"not_picked":["conspire:RoyalGoblet","Velvet Choker"],"picked":"hubris:VirtuousBlindfold"},{"not_picked":["Runic Pyramid","Inserter"],"picked":"hubris:ScarierMask"},{"not_picked":["aspiration:WatcherSkillbook","aspiration:PoetsPen_weak"],"picked":"hubris:BlackHole"}],"items_purged_floors":[],"is_endless":true,"potions_floor_spawned":[2,4,6,10,22,25,33,35,38,39,45],"killed_by":"Transient","ascension_level":0}}