{"host":"o9lehcdjc4u6j9un","time":1614165845,"event":{"mods":["Aspiration","BaseMod","Better-Laid Plans","Bossed Relics","Colored Map","Koishi","Marisa£®ÏF”Í°°ƒß¿Ì…≥£©","Minty Spire (QoL Compilation)","Reimu£®≤©¿ˆ¡È√Œ£©","Remilia£®¿Ÿ√◊¿Ú—«£©","StSLib","The Senshi","The Servant 0.9.4","Yakumo Yukari mod","Youmu£®ªÍ∆«—˝√Œ£©"],"gold_per_floor":[117,7,21,41,1,30,30,49,49,81,93,130,142,165,177,286,298,328,356,385,410,33,33,33,33,33,63,162,15,15,28,28,126,126,141,151,201,4,52,77,77,93,161,161,171,189,189,201,201,201],"floor_reached":51,"language":"ZHS","playtime":7854,"items_purged":["Strike_S","Strike_S","Strike_S","Defend_S"],"score":784,"play_id":"6d0206e7-4d62-4fba-b1a1-f89a91f122d4","local_time":"20210224192405","is_ascension_mode":false,"campfire_choices":[{"data":"BestPractice","floor":7,"key":"SMITH"},{"data":"Exchange","floor":11,"key":"SMITH"},{"data":"LightFlow","floor":13,"key":"SMITH"},{"data":"Contraction","floor":15,"key":"SMITH"},{"data":"Potential","floor":23,"key":"SMITH"},{"data":"SilverBlades","floor":25,"key":"SMITH"},{"data":"WasteNot","floor":32,"key":"SMITH"},{"data":"Replace","floor":41,"key":"SMITH"},{"floor":44,"key":"REST"},{"floor":49,"key":"REST"}],"circlet_count":0,"master_deck":["Defend_S","Defend_S","Defend_S","KidneyShot","Exchange+1","Moonlight","BestPractice+1","Potential+1","Starlight","SilverBlades+1","TimeWarp","LightFlow+1","Contraction+1","Sunlight","CurseOfTheBell","Replace+1","WasteNot+1","TimeWarp","Rewind","BottledTime","Rewind","ForgedInTime","Replace+1","TimeWarp+1","BottledTime","BottledTime","ShatteredReality+1","BottledTime+1","Potential+1"],"relics":["Uniform","PaintedHorse:ReiMu","PureWhite:ReiMu","MawBank","Thread and Needle","Calling Bell","Orichalcum","Kunai","Incense Burner","HandDrill","Bag of Marbles","Anchor","SlaversCollar","Pocketwatch","Mango","HornCleat","CrazyTorch:ReiMu"],"acts_visited":["Exordium","TheCity","TheBeyond"],"potions_floor_usage":[8,50,50,50],"damage_taken":[{"damage":1,"enemies":"2 Louse","floor":1,"turns":3},{"damage":0,"enemies":"Small Slimes","floor":3,"turns":3},{"damage":6,"enemies":"Jaw Worm","floor":4,"turns":3},{"damage":10,"enemies":"Gremlin Nob","floor":6,"turns":4},{"damage":9,"enemies":"Exordium Wildlife","floor":8,"turns":4},{"damage":0,"enemies":"Blue Slaver","floor":10,"turns":3},{"damage":5,"enemies":"Lagavulin","floor":12,"turns":5},{"damage":0,"enemies":"3 Louse","floor":14,"turns":2},{"damage":0,"enemies":"Slime Boss","floor":16,"turns":5},{"damage":0,"enemies":"3 Byrds","floor":18,"turns":3},{"damage":0,"enemies":"Shell Parasite","floor":19,"turns":3},{"damage":0,"enemies":"Snecko","floor":20,"turns":2},{"damage":0,"enemies":"Centurion and Healer","floor":21,"turns":4},{"damage":3,"enemies":"Book of Stabbing","floor":27,"turns":3},{"damage":0,"enemies":"Cultist and Chosen","floor":31,"turns":4},{"damage":3,"enemies":"Champ","floor":33,"turns":8},{"damage":3,"enemies":"3 Darklings","floor":35,"turns":3},{"damage":9,"enemies":"3 Shapes","floor":36,"turns":3},{"damage":2,"enemies":"Mind Bloom Boss Battle","floor":37,"turns":3},{"damage":41,"enemies":"2 Orb Walkers","floor":39,"turns":5},{"damage":2,"enemies":"Giant Head","floor":40,"turns":4},{"damage":0,"enemies":"Sphere and 2 Shapes","floor":42,"turns":3},{"damage":8,"enemies":"Writhing Mass","floor":45,"turns":3},{"damage":0,"enemies":"Maw","floor":46,"turns":3},{"damage":0,"enemies":"Spire Growth","floor":48,"turns":1},{"damage":19,"enemies":"Donu and Deca","floor":50,"turns":5}],"seed_played":"5586742900932470523","potions_obtained":[{"floor":6,"key":"DistilledChaos"},{"floor":10,"key":"Dexterity Potion"},{"floor":16,"key":"BlessingOfTheForge"},{"floor":19,"key":"CultistPotion"},{"floor":20,"key":"Strength Potion"},{"floor":35,"key":"GrandPatriotsElixir:ReiMu"}],"is_trial":false,"path_per_floor":["M","$","M","M","?","E","R","M","T","M","R","E","R","M","R","B",null,"M","M","M","M","$","R","?","R","T","E","?","$","?","M","R","B",null,"M","M","?","$","?","E","R","M","T","R","M","M","T","M","R","B",null],"character_chosen":"THE_SERVANT","items_purchased":["BestPractice","HandDrill","Bag of Marbles","BottledTime","BottledTime"],"campfire_rested":2,"item_purchase_floors":[2,22,22,29,38],"current_hp_per_floor":[70,70,70,64,64,54,54,45,45,45,45,40,40,40,40,40,71,71,71,71,71,71,71,58,58,58,55,55,55,55,55,55,52,76,73,64,62,62,35,33,33,33,33,60,52,52,52,52,79,60],"gold":201,"neow_bonus":"TEN_PERCENT_HP_BONUS","is_daily":false,"chose_seed":false,"campfire_upgraded":8,"win_rate":0.0,"timestamp":1614165845,"path_taken":["M","$","M","M","?","E","R","M","T","M","R","E","R","M","R","BOSS","M","M","M","M","$","R","?","R","T","E","?","$","?","M","R","BOSS","M","M","?","$","?","E","R","M","T","R","M","M","?","M","R","BOSS"],"items_purchased_type":["Card","Relic","Relic","Card","Card"],"build_version":"2020-12-22","purchased_purges":4,"victory":true,"max_hp_per_floor":[71,71,71,71,71,71,71,71,71,71,71,71,71,71,71,71,71,71,71,71,71,71,71,76,76,76,76,76,76,76,76,76,76,76,76,76,76,76,90,90,90,90,90,90,90,90,90,90,90,90],"card_choices":[{"not_picked":["Rearm","Foresight"],"picked":"Moonlight","floor":1},{"not_picked":["Rewind","Spin"],"picked":"Potential","floor":3},{"not_picked":["RealityMarble","InstantArmor"],"picked":"Starlight","floor":4},{"not_picked":["Advance","FanOfKnives"],"picked":"SilverBlades","floor":6},{"not_picked":["Starlight","DoubleEdge","Rearm"],"picked":"SKIP","floor":8},{"not_picked":["Reset","BottledTime"],"picked":"TimeWarp","floor":10},{"not_picked":["Moonlight","Collapse"],"picked":"LightFlow","floor":12},{"not_picked":["Collapse","Revamp"],"picked":"Contraction","floor":14},{"not_picked":["LightFlow","PendulumOfEternity"],"picked":"Sunlight","floor":16},{"not_picked":["Ricochet","Rewind+1"],"picked":"Replace+1","floor":18},{"not_picked":["Sunlight","Ricochet"],"picked":"WasteNot","floor":19},{"not_picked":["Rearm","ShatteredReality"],"picked":"TimeWarp","floor":20},{"not_picked":["GearUp","Starlight"],"picked":"Rewind","floor":21},{"not_picked":["KillingDoll","Read","Desolation"],"picked":"SKIP","floor":27},{"not_picked":["Unruled","Alleviate"],"picked":"Rewind","floor":31},{"not_picked":["TheWorld","Initiator"],"picked":"ForgedInTime","floor":33},{"not_picked":["DoubleEdge","Shuttle"],"picked":"Replace","floor":35},{"not_picked":["MoonPhase","WasteNot+1"],"picked":"TimeWarp+1","floor":36},{"not_picked":["Gouge+1","InstantArmor+1"],"picked":"BottledTime","floor":37},{"not_picked":["DoubleEdge+1","FastForward+1"],"picked":"ShatteredReality+1","floor":39},{"not_picked":["Deny","DoubleEdge+1","Reset"],"picked":"SKIP","floor":40},{"not_picked":["Moonlight","Ricochet+1"],"picked":"BottledTime+1","floor":42},{"not_picked":["Revamp+1","Gouge+1"],"picked":"Potential+1","floor":45},{"not_picked":["Gouge+1","Shuttle","SurpressingFire"],"picked":"SKIP","floor":46},{"not_picked":["DoubleEdge+1","Unruled+1","BottledTime+1"],"picked":"SKIP","floor":48}],"player_experience":177021,"relics_obtained":[{"floor":6,"key":"PureWhite:ReiMu"},{"floor":9,"key":"MawBank"},{"floor":12,"key":"Thread and Needle"},{"floor":17,"key":"Orichalcum"},{"floor":17,"key":"Kunai"},{"floor":17,"key":"Incense Burner"},{"floor":27,"key":"Anchor"},{"floor":37,"key":"Pocketwatch"},{"floor":39,"key":"Mango"},{"floor":40,"key":"HornCleat"},{"floor":47,"key":"CrazyTorch:ReiMu"}],"event_choices":[{"damage_healed":0,"gold_gain":0,"player_choice":"»˚«Æ","damage_taken":0,"relics_obtained":["PaintedHorse:ReiMu"],"max_hp_gain":0,"max_hp_loss":0,"event_name":"yidonshenshe","floor":5,"gold_loss":40},{"damage_healed":0,"gold_gain":0,"player_choice":"Shed Blood","damage_taken":18,"max_hp_gain":5,"max_hp_loss":0,"event_name":"Forgotten Altar","floor":24,"gold_loss":0},{"damage_healed":0,"gold_gain":99,"player_choice":"Stole From Cult","damage_taken":0,"max_hp_gain":0,"max_hp_loss":0,"event_name":"Nest","floor":28,"gold_loss":0},{"cards_removed":["Strike_S"],"damage_healed":0,"gold_gain":0,"player_choice":"Elegance","damage_taken":0,"max_hp_gain":0,"max_hp_loss":0,"event_name":"Back to Basics","floor":30,"gold_loss":0},{"damage_healed":0,"gold_gain":0,"player_choice":"Fight","damage_taken":0,"max_hp_gain":0,"max_hp_loss":0,"event_name":"MindBloom","floor":37,"gold_loss":0},{"damage_healed":0,"gold_gain":0,"player_choice":"Fight","damage_taken":0,"max_hp_gain":0,"max_hp_loss":0,"event_name":"Mysterious Sphere","floor":39,"gold_loss":0}],"is_beta":false,"boss_relics":[{"not_picked":["Busted Crown","aspiration:RitualDagger"],"picked":"Calling Bell"},{"not_picked":["aspiration:MarisaSkillbook","MysterySword"],"picked":"SlaversCollar"}],"items_purged_floors":[2,22,29,38],"is_endless":false,"potions_floor_spawned":[6,10,16,19,20,35,37,46],"ascension_level":0}}