{"host":"uohgqexxxcaim5wq","time":1614175468,"event":{"mods":["AchievementEnabler","Act Like it!","Ascension Reborn","Aspiration","BaseMod","Bestiary","Better Match","Better Note","Better Third Choice","BetterRewards","Conspire","Curses Come First","Decade(???)","Downfall","Fox Events","GifTheSpireLib","Halation","Hallownest","Hubris","Infinite Spire","Minty Spire (QoL Compilation)","Pale of the Ancients","Permanent Neow","Quick Restart","Remove Card Discount Mod","Robot Space Explorer","Shedinja","Shop Mod","Spicy Shops","Spikes Relics","StSLib","Stuff the Spire","TestMod","The Bug Knight","The IronCluck","The Wild Card","Trackpad","Wandering Minibosses"],"gold_per_floor":[99,112,97,22,22,32,79,64,76,108,101,141,158,197,221,221,221,221],"floor_reached":16,"language":"ENG","playtime":1244,"items_purged":[],"score":110,"play_id":"c9c1e4f6-6a67-4916-87c7-f8a359a9d735","local_time":"20210224090428","is_ascension_mode":true,"campfire_choices":[{"floor":1,"key":"RECALL"}],"circlet_count":0,"master_deck":["hexamod:Strike","hexamod:Strike","hexamod:Strike","hexamod:Strike","hexamod:Defend","hexamod:Defend","hexamod:Defend","hexamod:Defend","hexamod:Sear","hexamod:Float","hexamod:SwordOfDarkness","hexamod:FirstSeal","testmod-Reflect+1","hexamod:ExtraCrispy","hexamod:ThirdSeal","hexamod:GhostShield","hexamod:BurningTouch","hexamod:SecondSeal","hexamod:InspiringFlames","hexamod:RainOfEmbers","hexamod:HexaLevel","hexamod:BacktrackSmack+1","hexamod:HeatCrush","hexamod:ShieldOfDarkness+1","hexamod:FourthSeal","hexamod:SixthSeal","hexamod:HeatShield","hexamod:HeatCrush"],"relics":["hexamod:SpiritBrand","testmod-TestBox","testmod-ObsoleteBoomerang","hexamod:MatchstickCase","testmod-Antiphasic","infinitespire:FocusingShard","StuffTheSpire:Tea"],"acts_visited":["Hallownest:Greenpath"],"potions_floor_usage":[11,14,15,16],"damage_taken":[{"damage":0,"enemies":"Hallownest:2_MossCreeps","floor":2,"turns":4},{"damage":5,"enemies":"downfall:FleeingMerchant","floor":3,"turns":4},{"damage":0,"enemies":"Hallownest:monsterHuskWarrior","floor":6,"turns":2},{"damage":5,"enemies":"downfall:FleeingMerchant","floor":8,"turns":4},{"damage":2,"enemies":"Hallownest:monsterHuskGuard","floor":9,"turns":3},{"damage":15,"enemies":"conspire:MimicChest","floor":10,"turns":3},{"damage":15,"enemies":"downfall:FleeingMerchant","floor":11,"turns":4},{"damage":32,"enemies":"Hallownest:eliteMossKnight","floor":12,"turns":6},{"damage":0,"enemies":"Hallownest:monsterFoolEater","floor":13,"turns":2},{"damage":20,"enemies":"Hallownest:eliteVengeflyKing","floor":14,"turns":6},{"damage":0,"enemies":"Hallownest:monsterAspidMother","floor":15,"turns":3},{"damage":16,"enemies":"IC_STATUS_ARCHETYPE","floor":16,"turns":4}],"seed_played":"5319753121718916228","potions_obtained":[{"floor":6,"key":"testmod-TestPotion"},{"floor":9,"key":"SneckoOil"},{"floor":10,"key":"SmokeBomb"},{"floor":12,"key":"Dexterity Potion"},{"floor":13,"key":"Fire Potion"},{"floor":14,"key":"Energy Potion"},{"floor":14,"key":"LiquidMemories"}],"is_trial":false,"path_per_floor":["R","M","$","?","?","M","T","$","M","?","$","E","M","E","M","B"],"character_chosen":"THE_SPIRIT","items_purchased":[],"campfire_rested":0,"item_purchase_floors":[],"current_hp_per_floor":[70,70,65,65,65,65,65,67,70,55,47,22,22,9,16,0,0,0],"gold":221,"neow_bonus":"RANDOM_COMMON_RELIC","is_daily":false,"chose_seed":false,"campfire_upgraded":0,"win_rate":0.0,"timestamp":1614175468,"path_taken":["R","M","$","?","?","M","T","?","?","?","$","E","?","E","M","BOSS"],"items_purchased_type":[],"build_version":"2020-12-22","purchased_purges":0,"victory":false,"max_hp_per_floor":[70,70,70,70,70,70,70,70,70,70,70,70,70,70,70,70,70,70],"card_choices":[{"not_picked":["hexamod:NightmareGuise","hexamod:SpectersWail"],"picked":"hexamod:SwordOfDarkness","floor":2},{"not_picked":["hexamod:SpectralAdrenaline","hexamod:UnlimitedPower"],"picked":"hexamod:FirstSeal","floor":3},{"not_picked":["testmod-ChaoticCore+1","testmod-Recap+1"],"picked":"testmod-Reflect+1","floor":4},{"not_picked":["hexamod:HeatMetal","hexamod:SwordOfDarkness"],"picked":"hexamod:ExtraCrispy","floor":6},{"not_picked":["hexamod:WildfireWeapon","hexamod:FastForward"],"picked":"hexamod:ThirdSeal","floor":8},{"not_picked":["hexamod:Hexaguard","hexamod:ThirdSeal"],"picked":"hexamod:GhostShield","floor":9},{"not_picked":["hexamod:InspiringFlames","hexamod:SpectralAdrenaline"],"picked":"hexamod:BurningTouch","floor":9},{"not_picked":["hexamod:DynamicBlow","hexamod:PhantomFireball"],"picked":"hexamod:SecondSeal","floor":10},{"not_picked":["hexamod:GhostOfSpirePast","hexamod:BurningTouch"],"picked":"hexamod:InspiringFlames","floor":10},{"not_picked":["hexamod:FirstSeal","hexamod:Rewind"],"picked":"hexamod:RainOfEmbers","floor":11},{"not_picked":["hexamod:RadiantFlame","hexamod:Rewind"],"picked":"hexamod:HexaLevel","floor":11},{"not_picked":["hexamod:SwordOfDarkness","hexamod:HeatMetal"],"picked":"hexamod:BacktrackSmack","floor":12},{"not_picked":["hexamod:EmpoweredFlame","hexamod:Hexaguard"],"picked":"hexamod:HeatCrush","floor":12},{"not_picked":["hexamod:SwordOfDarkness","hexamod:UnleashSpirits"],"picked":"hexamod:ShieldOfDarkness","floor":13},{"not_picked":["hexamod:ThermalTransfer","hexamod:GhostShield"],"picked":"hexamod:FourthSeal","floor":13},{"not_picked":["hexamod:HeatMetal","hexamod:FastForward"],"picked":"hexamod:SixthSeal","floor":14},{"not_picked":["hexamod:DynamicBlow","hexamod:BurningTouch"],"picked":"hexamod:HeatShield","floor":14},{"not_picked":["hexamod:Haunt","hexamod:ShieldOfDarkness"],"picked":"hexamod:HeatCrush","floor":15}],"player_experience":173310,"relics_obtained":[{"floor":10,"key":"testmod-Antiphasic"},{"floor":12,"key":"infinitespire:FocusingShard"},{"floor":14,"key":"StuffTheSpire:Tea"}],"event_choices":[{"damage_healed":0,"gold_gain":0,"player_choice":"2","damage_taken":0,"max_hp_gain":0,"max_hp_loss":0,"event_name":"betterMatch:BetterMatch","floor":4,"gold_loss":0,"cards_obtained":["betterMatch:ColorlessRareCard"]},{"damage_healed":0,"gold_gain":0,"player_choice":"Leave","damage_taken":0,"max_hp_gain":0,"max_hp_loss":0,"event_name":"conspire:Investor","floor":5,"gold_loss":0}],"is_beta":false,"boss_relics":[],"items_purged_floors":[],"is_endless":false,"potions_floor_spawned":[6,9,10,12,13,14],"killed_by":"IC_STATUS_ARCHETYPE","ascension_level":0}}