{"host":"clf2hd4adhiiw0zf","time":1614153856,"event":{"mods":["AchievementEnabler","BaseMod","Beaked The Cultist","Bestiary","Dark Map","Downfall","Gremlin Mod","Hermit","Jorbs\u0027s Wanderer Trilogy","Marisa????????","Minty Spire (QoL Compilation)","Quick Restart","Replay The Spire","Shop Mod","Spire Arcade","StSLib","The Construct","The Cursed","Wide Potions"],"gold_per_floor":[99,109,119,219,234,334,334,334,234,267,283,10,10,36,56,159,159,159,176,176,44,58,58,58,118,145,145,145,185,185,394,404,404,404,404],"floor_reached":33,"language":"ENG","playtime":1741,"items_purged":[],"score":410,"play_id":"41b04ef0-c77d-45ef-8449-566223b50a64","local_time":"20210224010416","is_ascension_mode":true,"campfire_choices":[{"floor":1.0,"key":"RECALL"},{"data":"Guardian:Repulse","floor":9.0,"key":"SMITH"},{"data":"Guardian:TimeBomb","floor":13.0,"key":"SMITH"},{"data":"Guardian:GemFinder","floor":18.0,"key":"SMITH"},{"data":"Guardian:WalkerClaw","floor":27,"key":"SMITH"},{"floor":30,"key":"REST"}],"circlet_count":0,"master_deck":["Guardian:Strike_Guardian","Guardian:Strike_Guardian+1","Guardian:Strike_Guardian","Guardian:Strike_Guardian","Guardian:Defend_Guardian","Guardian:Defend_Guardian","Guardian:Defend_Guardian","Guardian:Defend_Guardian","Guardian:CurlUp","Guardian:TwinSlam+1","Guardian:TimeBomb+1","Guardian:Repulse+1","Guardian:PiercingHide","Guardian:EvasiveProtocol","Guardian:GemFinder+1","Guardian:Gem_Cyan","Guardian:BronzeOrb+1","Guardian:WalkerClaw+1","Guardian:Gem_Cyan","Guardian:TimeCapacitor+1","Guardian:Gem_Green","Guardian:Gem_Purple","Guardian:Gem_Green","Guardian:TemporalShield"],"relics":["Busted Crown","Omamori","FaceOfCleric","downfall:HeartBlessingRed","Replay:Rubber Ducky","Guardian:StasisCodex","Whetstone","ReplayTheSpireMod:DimensionalGlitch","downfall:KnowingSkull","bronze:BronzeIdol","hexamod:Sixitude","Bronze Scales","sneckomod:BabySnecko"],"acts_visited":["Exordium","TheCity"],"potions_floor_usage":[25,26,29,33,33],"damage_taken":[{"damage":4.0,"enemies":"Small Slimes","floor":2.0,"turns":5.0},{"damage":6.0,"enemies":"Cultist","floor":3.0,"turns":4.0},{"damage":4.0,"enemies":"2 Louse","floor":5.0,"turns":3.0},{"damage":10.0,"enemies":"Lagavulin","floor":10.0,"turns":7.0},{"damage":19.0,"enemies":"Lots of Slimes","floor":11.0,"turns":4.0},{"damage":0.0,"enemies":"downfall:FleeingMerchant","floor":12.0,"turns":4.0},{"damage":0.0,"enemies":"Exordium Wildlife","floor":15.0,"turns":5.0},{"damage":23.0,"enemies":"IC_STATUS_ARCHETYPE","floor":16.0,"turns":9.0},{"damage":2.0,"enemies":"Chosen","floor":19.0,"turns":5.0},{"damage":6.0,"enemies":"downfall:FleeingMerchant","floor":21.0,"turns":4.0},{"damage":10.0,"enemies":"downfall:LooterAlt2","floor":22.0,"turns":5.0},{"damage":5,"enemies":"Snecko","floor":25,"turns":3},{"damage":14,"enemies":"Book of Stabbing","floor":26,"turns":7},{"damage":5,"enemies":"Slavers","floor":29,"turns":1},{"damage":2,"enemies":"Cultist and Chosen","floor":32,"turns":8},{"damage":47,"enemies":"DF_ARCHETYPE_CLAW","floor":33,"turns":8}],"seed_played":"1781685907317491184","potions_obtained":[{"floor":2.0,"key":"sneckomod:MuddlingPotion"},{"floor":5.0,"key":"BlessingOfTheForge"},{"floor":19.0,"key":"ColorlessPotion"},{"floor":22.0,"key":"SneckoOil"},{"floor":25,"key":"Guardian:DefensiveModePotion"},{"floor":32,"key":"Death Potion"}],"is_trial":false,"path_per_floor":["R","M","M","?","M","?","T","?","R","E","M","$","R","T","M","B",null,"R","M","?","$","M","?","T","M","E","R","?","E","R","?","M","B"],"character_chosen":"GUARDIAN","items_purchased":["Guardian:StasisCodex","bronze:BronzeIdol"],"campfire_rested":1,"item_purchase_floors":[12,21],"current_hp_per_floor":[72,68,62,62,58,58,58,58,58,49,31,32,32,32,33,11,67,67,66,54,49,40,40,40,36,23,23,23,19,46,46,45,0,0,0],"gold":404,"neow_bonus":"BOSS_RELIC","is_daily":false,"chose_seed":false,"campfire_upgraded":4,"win_rate":0.0,"timestamp":1614153856,"path_taken":["R","M","M","?","?","?","T","?","R","E","?","$","R","?","M","BOSS","R","M","?","$","?","?","T","M","E","R","?","E","R","?","M","BOSS"],"items_purchased_type":["Relic","Relic"],"build_version":"2020-12-22","purchased_purges":0,"victory":false,"max_hp_per_floor":[80,80,80,80,80,80,80,80,80,81,82,83,83,83,84,85,85,85,86,86,87,88,88,88,89,90,90,90,91,91,91,92,92,92,92],"card_choices":[{"not_picked":[],"picked":"Guardian:TimeBomb","floor":2.0},{"not_picked":[],"picked":"Guardian:Gem_Crimson","floor":3.0},{"not_picked":[],"picked":"Guardian:Repulse","floor":5.0},{"not_picked":[],"picked":"Guardian:PiercingHide","floor":10.0},{"not_picked":["Guardian:Gem_Red"],"picked":"SKIP","floor":11.0},{"not_picked":["Guardian:PrimingBeam"],"picked":"SKIP","floor":12.0},{"not_picked":[],"picked":"Guardian:EvasiveProtocol","floor":15.0},{"not_picked":[],"picked":"Guardian:GemFinder","floor":16.0},{"not_picked":["Guardian:Gem_Green","Guardian:Gem_Lightblue"],"picked":"Guardian:Gem_Cyan","floor":19.0},{"not_picked":[],"picked":"Guardian:BronzeOrb+1","floor":19.0},{"not_picked":["Guardian:Gem_Cyan","Guardian:Gem_Green"],"picked":"Guardian:Gem_Red","floor":21.0},{"not_picked":[],"picked":"Guardian:WalkerClaw","floor":21.0},{"not_picked":["Guardian:Gem_Lightblue","Guardian:Gem_Cyan"],"picked":"Guardian:Gem_Red","floor":22.0},{"not_picked":[],"picked":"Guardian:PiercingHide","floor":22.0},{"not_picked":["Guardian:Gem_Lightblue","Guardian:Gem_Red"],"picked":"Guardian:Gem_Cyan","floor":25},{"not_picked":[],"picked":"Guardian:TimeCapacitor+1","floor":25},{"not_picked":["Guardian:Gem_Lightblue","Guardian:Gem_Cyan"],"picked":"Guardian:Gem_Green","floor":26},{"not_picked":["Guardian:Gem_Lightblue"],"picked":"SKIP","floor":26},{"not_picked":[],"picked":"Guardian:Gem_Purple","floor":31},{"not_picked":["Guardian:Gem_Lightblue","Guardian:Gem_Red"],"picked":"Guardian:Gem_Green","floor":32},{"not_picked":[],"picked":"Guardian:TemporalShield","floor":32}],"player_experience":399054,"relics_obtained":[{"floor":7.0,"key":"Omamori"},{"floor":10.0,"key":"Replay:Rubber Ducky"},{"floor":14.0,"key":"Whetstone"},{"floor":24,"key":"hexamod:Sixitude"},{"floor":26,"key":"Bronze Scales"}],"event_choices":[{"damage_healed":0.0,"max_hp_gain":0.0,"max_hp_loss":0.0,"gold_gain":0.0,"event_name":"FaceTrader","player_choice":"Trade","floor":8.0,"gold_loss":0.0,"damage_taken":0.0,"relics_obtained":["FaceOfCleric"]}],"is_beta":false,"boss_relics":[{"not_picked":["Coffee Dripper","Velvet Choker"],"picked":"ReplayTheSpireMod:DimensionalGlitch"}],"items_purged_floors":[],"is_endless":false,"potions_floor_spawned":[2,5,19,22,25,32],"killed_by":"DF_ARCHETYPE_CLAW","ascension_level":9}}