{"host":"0lnx88jdgcrh6gmr","time":1614133644,"event":{"mods":["2.2 Compatiblity","AchievementEnabler","BaseMod","Beaked The Cultist","Better Note","Better Skull","Better Third Choice","Block Reminder","Colored Map","Displayed Cursed Tome","Glutton Mod","Googly Eyes","Hermit","Highlight Path","Minty Spire (QoL Compilation)","Rare Cards Sparkle","Relic Stats","Shade Mod","Spicy Shops","StSLib","The Construct","The Cursed","The Disciple","The Mystic","The Servant 0.9.4","Unceasing Turn Reminder","everything is the same but u backflip on backflip","slay the spire mod where everything is the same but ironclad has a cowboy hat"],"gold_per_floor":[116,18,18,18,33,66,66,86,86,86,86,96,109,122,122,227,277,289,101,101,115,115,115,131,143,143,143,143,143,143,161,161,161,161],"floor_reached":33,"language":"ENG","playtime":7038,"items_purged":[],"score":247,"play_id":"81bf7761-c38a-4461-93d0-b417d4b3ef32","local_time":"20210223192724","is_ascension_mode":false,"campfire_choices":[{"data":"Dash","floor":7,"key":"SMITH"},{"floor":11,"key":"REST"},{"floor":15,"key":"REST"},{"data":"Backflip","floor":23,"key":"SMITH"},{"data":"Decay","floor":28,"key":"PURGE"},{"floor":30,"key":"REST"},{"data":"Footwork","floor":32,"key":"SMITH"}],"circlet_count":0,"master_deck":["Strike_G","Strike_G","Strike_G+1","Strike_G","Defend_G","Defend_G","Defend_G","Defend_G","Defend_G","Survivor","Neutralize","Poisoned Stab+1","Poisoned Stab","Bane+1","Dash+1","Deadly Poison","Bane","Backflip+1","Dagger Spray","Phantasmal Killer","Prepared","Backflip+1","Footwork+1","Slice","Catalyst","Necronomicurse"],"relics":["Ring of the Snake","Pen Nib","Peace Pipe","Tiny House","Boot","Eternal Feather","Necronomicon"],"acts_visited":["Exordium","TheCity"],"potions_floor_usage":[33,33],"damage_taken":[{"damage":4,"enemies":"Jaw Worm","floor":1,"turns":7},{"damage":0,"enemies":"2 Louse","floor":5,"turns":1},{"damage":15,"enemies":"Gremlin Nob","floor":6,"turns":4},{"damage":0,"enemies":"Cultist","floor":8,"turns":2},{"damage":2,"enemies":"Exordium Thugs","floor":12,"turns":3},{"damage":0,"enemies":"Looter","floor":13,"turns":2},{"damage":6,"enemies":"Large Slime","floor":14,"turns":4},{"damage":16,"enemies":"Slime Boss","floor":16,"turns":10},{"damage":16,"enemies":"Spheric Guardian","floor":18,"turns":4},{"damage":5,"enemies":"3 Byrds","floor":21,"turns":4},{"damage":7,"enemies":"Centurion and Healer","floor":24,"turns":5},{"damage":15,"enemies":"Snecko","floor":25,"turns":6},{"damage":21,"enemies":"Shelled Parasite and Fungi","floor":31,"turns":5},{"damage":73,"enemies":"Champ","floor":33,"turns":11}],"seed_played":"-5105330385698582261","potions_obtained":[{"floor":8,"key":"Ancient Potion"},{"floor":12,"key":"SkillPotion"},{"floor":16,"key":"Strength Potion"}],"is_trial":false,"path_per_floor":["M","$","?","?","M","E","R","M","T","?","R","M","M","M","R","B",null,"M","$","?","M","?","R","M","M","T","?","R","?","R","M","R","B"],"character_chosen":"THE_SILENT","items_purchased":["Poisoned Stab","Footwork","Boot"],"campfire_rested":3,"item_purchase_floors":[2,19,19],"current_hp_per_floor":[66,66,71,56,56,41,41,41,41,41,63,61,61,55,75,59,80,64,64,64,59,59,59,52,37,37,37,52,36,75,54,69,0,0],"gold":161,"neow_bonus":"RANDOM_COMMON_RELIC","is_daily":false,"chose_seed":false,"campfire_upgraded":3,"win_rate":0.0,"timestamp":1614133644,"path_taken":["M","$","?","?","M","E","R","M","T","?","R","?","M","M","R","BOSS","M","$","?","M","?","R","M","M","T","?","R","?","R","M","R","BOSS"],"items_purchased_type":["Card","Card","Relic"],"build_version":"2020-12-22","purchased_purges":0,"victory":false,"max_hp_per_floor":[70,70,75,75,75,75,75,75,75,75,75,75,75,75,75,75,80,80,80,80,80,80,80,80,80,80,80,80,80,80,80,80,80,80],"relic_stats":{"Peace Pipe":1,"counters":[14,68],"Eternal Feather":45,"Pen Nib":[14],"Necronomicon":[3],"Boot":[36],"obtain_stats":[{"Peace Pipe":6,"Tiny House":17,"Eternal Feather":26,"Pen Nib":0,"Necronomicon":29,"Boot":19,"Ring of the Snake":0},{"Peace Pipe":3,"Tiny House":8,"Eternal Feather":12,"Pen Nib":0,"Necronomicon":12,"Boot":9,"Ring of the Snake":0},{"Peace Pipe":12,"Tiny House":33,"Eternal Feather":52,"Pen Nib":0,"Necronomicon":52,"Boot":37,"Ring of the Snake":0}],"Ring of the Snake":[28]},"card_choices":[{"not_picked":["PiercingWail","Dagger Throw"],"picked":"Poisoned Stab","floor":1},{"not_picked":["Well Laid Plans","Underhanded Strike"],"picked":"Bane","floor":5},{"not_picked":["Slice","Acrobatics"],"picked":"Dash","floor":6},{"not_picked":["Bouncing Flask","Caltrops"],"picked":"Deadly Poison","floor":8},{"not_picked":["Acrobatics","Blade Dance"],"picked":"Bane","floor":12},{"not_picked":["Dodge and Roll","Expertise"],"picked":"Backflip","floor":13},{"not_picked":["PiercingWail","Unload"],"picked":"Dagger Spray","floor":14},{"not_picked":["Tools of the Trade","Wraith Form v2"],"picked":"Phantasmal Killer","floor":16},{"not_picked":["Underhanded Strike","Quick Slash"],"picked":"Prepared","floor":17},{"not_picked":["Infinite Blades","Caltrops"],"picked":"Backflip+1","floor":18},{"not_picked":["Choke","Quick Slash+1","Flying Knee"],"picked":"SKIP","floor":21},{"not_picked":["Eviscerate","Dodge and Roll"],"picked":"Slice","floor":24},{"not_picked":["Expertise","Dagger Spray+1"],"picked":"Catalyst","floor":25},{"not_picked":["Acrobatics","Infinite Blades","Backflip"],"picked":"SKIP","floor":31}],"player_experience":248426,"relics_obtained":[{"floor":6,"key":"Peace Pipe"},{"floor":26,"key":"Eternal Feather"}],"event_choices":[{"damage_healed":0,"gold_gain":0,"player_choice":"Donut","damage_taken":0,"max_hp_gain":5,"max_hp_loss":0,"event_name":"Big Fish","floor":3,"gold_loss":0},{"damage_healed":71,"gold_gain":0,"player_choice":"Upgrade","damage_taken":15,"max_hp_gain":0,"max_hp_loss":75,"event_name":"betterThird:BetterShining","floor":4,"gold_loss":0,"cards_upgraded":["Strike_G","Poisoned Stab"]},{"cards_removed":["Strike_G"],"damage_healed":0,"gold_gain":0,"player_choice":"Offered Basic","damage_taken":0,"max_hp_gain":0,"max_hp_loss":0,"event_name":"Bonfire Elementals","floor":10,"gold_loss":0},{"cards_removed":["Footwork"],"damage_healed":0,"gold_gain":0,"player_choice":"Give","damage_taken":0,"max_hp_gain":0,"max_hp_loss":0,"event_name":"betterNote:BetterNote","floor":20,"gold_loss":0,"cards_obtained":["Perfected Strike"]},{"damage_healed":0,"gold_gain":0,"player_choice":"Ignored","damage_taken":0,"max_hp_gain":0,"max_hp_loss":0,"event_name":"Vampires","floor":22,"gold_loss":0},{"damage_healed":0,"gold_gain":0,"player_choice":"Smashed Altar","damage_taken":0,"max_hp_gain":0,"max_hp_loss":0,"event_name":"Forgotten Altar","floor":27,"gold_loss":0,"cards_obtained":["Decay"]},{"damage_healed":0,"gold_gain":0,"player_choice":"Obtained Book","damage_taken":16,"max_hp_gain":0,"max_hp_loss":0,"event_name":"Cursed Tome","floor":29,"gold_loss":0}],"is_beta":false,"boss_relics":[{"not_picked":["Cursed Key","Runic Pyramid"],"picked":"Tiny House"}],"items_purged_floors":[],"is_endless":false,"potions_floor_spawned":[8,12,16,21,25,31],"killed_by":"Champ","ascension_level":0}}