{"host":"4yf2n7l3ni368tvf","time":1614153084,"event":{"mods":["AchievementEnabler","BaseMod","Colored Map","DeckTracker","Keyboard Shortcuts","Minty Spire (QoL Compilation)","SuperFastMode"],"gold_per_floor":[112,126,141,155,155,180,180,211,211,185,219,219,183,183,183,284,284,284,284],"floor_reached":18,"language":"KOR","playtime":549,"items_purged":[],"score":223,"play_id":"99c7fde5-cd79-4a06-976e-c4132f57be9a","local_time":"20210224165124","is_ascension_mode":true,"campfire_choices":[{"floor":7.0,"key":"REST"},{"floor":15,"key":"REST"}],"circlet_count":0,"master_deck":["Strike_R","Strike_R","Strike_R+1","Strike_R","Strike_R","Defend_R","Defend_R","Defend_R","Bash","Perfected Strike","Thunderclap","Pommel Strike+1","Armaments","Whirlwind","Shockwave","Inflame","Cleave","Enlightenment+1","Feel No Pain+1","True Grit+1"],"relics":["Burning Blood","Paper Frog","InkBottle","Ornamental Fan","Question Card","Dream Catcher","Astrolabe"],"acts_visited":["Exordium","TheCity"],"potions_floor_usage":[11],"damage_taken":[{"damage":8.0,"enemies":"Small Slimes","floor":1.0,"turns":2.0},{"damage":7.0,"enemies":"Jaw Worm","floor":2.0,"turns":3.0},{"damage":0.0,"enemies":"Cultist","floor":3.0,"turns":2.0},{"damage":24.0,"enemies":"Exordium Thugs","floor":4.0,"turns":4.0},{"damage":42.0,"enemies":"Lagavulin","floor":6.0,"turns":6.0},{"damage":24.0,"enemies":"Gremlin Nob","floor":8.0,"turns":4.0},{"damage":25,"enemies":"Lagavulin","floor":11,"turns":5},{"damage":25,"enemies":"Slime Boss","floor":16,"turns":8},{"damage":69,"enemies":"Shell Parasite","floor":18,"turns":7}],"seed_played":"-7242436064095928172","potions_obtained":[{"floor":1.0,"key":"SteroidPotion"},{"floor":6.0,"key":"Regen Potion"},{"floor":16,"key":"EssenceOfSteel"}],"is_trial":false,"path_per_floor":["M","M","M","M","$","E","R","E","T","?","E","?","$","T","R","B",null,"M"],"character_chosen":"IRONCLAD","items_purchased":["Inflame"],"campfire_rested":2,"item_purchase_floors":[13],"current_hp_per_floor":[78,77,80,62,62,26,50,41,41,41,22,6,6,6,30,11,63,0,0],"gold":284,"neow_bonus":"RANDOM_COLORLESS","is_daily":false,"chose_seed":false,"campfire_upgraded":0,"win_rate":0.0,"timestamp":1614153084,"path_taken":["M","M","M","M","$","E","R","E","T","?","E","?","$","?","R","BOSS","M"],"items_purchased_type":["Card"],"build_version":"2020-12-22","purchased_purges":0,"victory":false,"max_hp_per_floor":[80,80,80,80,80,80,80,80,80,80,80,80,80,80,80,80,80,80,80],"card_choices":[{"not_picked":["Deep Breath","Bandage Up"],"picked":"Swift Strike","floor":0.0},{"not_picked":["Pommel Strike","Wild Strike"],"picked":"Perfected Strike","floor":1.0},{"not_picked":["Reckless Charge","Wild Strike"],"picked":"Thunderclap","floor":2.0},{"not_picked":["Wild Strike","Dropkick"],"picked":"Pommel Strike","floor":3.0},{"not_picked":["Dark Embrace","Havoc"],"picked":"Armaments","floor":4.0},{"not_picked":["Shrug It Off","Berserk"],"picked":"Whirlwind","floor":6.0},{"not_picked":["Wild Strike","Reckless Charge"],"picked":"Flex","floor":8.0},{"not_picked":["Carnage","Sever Soul"],"picked":"Shockwave","floor":11},{"not_picked":["Clothesline","Wild Strike","Power Through"],"picked":"Cleave","floor":15}],"player_experience":280640,"relics_obtained":[{"floor":6.0,"key":"Paper Frog"},{"floor":8.0,"key":"InkBottle"},{"floor":9.0,"key":"Ornamental Fan"},{"floor":11,"key":"Question Card"},{"floor":14,"key":"Dream Catcher"}],"event_choices":[{"damage_healed":0.0,"max_hp_gain":0.0,"max_hp_loss":0.0,"gold_gain":0.0,"event_name":"World of Goop","player_choice":"Left Gold","floor":10.0,"gold_loss":26.0,"damage_taken":0.0},{"damage_healed":0,"gold_gain":0,"player_choice":"Entered Light","damage_taken":16,"max_hp_gain":0,"max_hp_loss":0,"event_name":"Shining Light","floor":12,"gold_loss":0,"cards_upgraded":["Pommel Strike","Strike_R"]}],"is_beta":false,"boss_relics":[{"not_picked":["Empty Cage","Snecko Eye"],"picked":"Astrolabe"}],"items_purged_floors":[],"is_endless":false,"potions_floor_spawned":[1,6,16],"killed_by":"Shell Parasite","ascension_level":5}}