{"host":"i391n33tccqevi90","time":1614192035,"event":{"mods":["2.2 Compatiblity","AchievementEnabler","AlwaysNeverKeys","BaseMod","Better Third Choice","Conspire","Emptier Cage","Filter the Spire","Grow up Mod","Hubris","Minty Spire (QoL Compilation)","Remove Card Discount Mod","Replay The Spire","Spicy Shops","StSLib"],"gold_per_floor":[113,113,123,97,108,136,136,171,252,252,272,282,282,282,282,282,332,431,431,443,83,83,94,107,137,157,157,157,187,187,204,204,216,279,375,375,394,126,26,129,12,59,59,93,93,93,9,9,23,68,68,119,119,119,70,126,152],"floor_reached":58,"language":"ENG","playtime":9039,"items_purged":["Defend_B","Defend_B","Strike_B","Strike_B","Dualcast","hubris:SpecializedCircuitry"],"score":2027,"play_id":"f07f99c0-3d01-4fe8-8e78-ff24dc970901","local_time":"20210224124035","is_ascension_mode":true,"campfire_choices":[{"floor":7.0,"key":"REST"},{"data":"ReplayUltimateDefense","floor":10.0,"key":"SMITH"},{"data":"ReplayTheSpireMod:Brewmster","floor":13.0,"key":"SMITH"},{"data":"Zap","floor":27.0,"key":"SMITH"},{"floor":32.0,"key":"REST"},{"data":"Seek","floor":43,"key":"SMITH"},{"data":"Storm","floor":46,"key":"SMITH"},{"floor":51,"key":"DIG"},{"data":"Loop","floor":54,"key":"SMITH"},{"data":"Hologram","floor":54,"key":"SMITH"}],"circlet_count":0,"master_deck":["AscendersBane","Zap+1","Conserve Battery","ReplayTheSpireMod:Brewmster+1","ReplayUltimateDefense+1","Turbo","Skim","Genetic Algorithm","Lockon","Seek+1","AbeCurse","Rip and Tear","Coolheaded","Panic Button+1","BasicCrystalCard+1","Chill","Go for the Eyes+1","Core Surge","Doom and Gloom","Turbo","Hologram+1","Echo Form","Turbo+1","FIFO Queue","conspire:SpireCoStock","conspire:SpireCoStock","hubris:Ukulele+1","Storm+1","Leap","Blizzard+1","Loop+1","Storm","Capacitor","White Noise"],"relics":["Cracked Core","hubris:EvacipatedBox","hubris:FruitBowl","ReplayTheSpireMod:ShopPack","betterThird:SlimedRelic","Pen Nib","Centennial Puzzle","hubris:SphereOfDissonance","hubris:Towel","Replay:Grab Bag","conspire:SlowCooker","Abe\u0027s Treasure","Honey Jar","hubris:BallOfYels","Bronze Scales","Cables","Mercury Hourglass","Orichalcum","conspire:RoyalGoblet","Replay:Frozen Program","Gambling Chip","Oddly Smooth Stone","hubris:PeanutButter","hubris:BottledRain","Replay:Rubber Ducky","Lantern","Replay:Arrowhead","DataDisk"],"acts_visited":["Exordium","TheCity","TheBeyond","TheEnding"],"potions_floor_usage":[35,35,40,42,42,44,52,52,52,52,57,57,57],"damage_taken":[{"damage":1.0,"enemies":"Cultist","floor":1.0,"turns":3.0},{"damage":18.0,"enemies":"Small Slimes","floor":3.0,"turns":6.0},{"damage":0.0,"enemies":"Jaw Worm","floor":5.0,"turns":4.0},{"damage":25.0,"enemies":"3 Sentries","floor":6.0,"turns":8.0},{"damage":18.0,"enemies":"Lagavulin","floor":8.0,"turns":8.0},{"damage":0.0,"enemies":"Large Slime","floor":11.0,"turns":7.0},{"damage":0.0,"enemies":"2 Fungi Beasts","floor":12.0,"turns":8.0},{"damage":37.0,"enemies":"The Guardian","floor":18.0,"turns":13.0},{"damage":16.0,"enemies":"Shell Parasite","floor":20.0,"turns":6.0},{"damage":16.0,"enemies":"3 Byrds","floor":23.0,"turns":3.0},{"damage":28.0,"enemies":"Snake Plant","floor":24.0,"turns":4.0},{"damage":2.0,"enemies":"Gremlin Leader","floor":25.0,"turns":6.0},{"damage":0.0,"enemies":"conspire:HollyBat","floor":26.0,"turns":6.0},{"damage":0.0,"enemies":"Replay:Snechameleon","floor":29.0,"turns":6.0},{"damage":10.0,"enemies":"Shelled Parasite and Fungi","floor":31.0,"turns":4.0},{"damage":0.0,"enemies":"3 Cultists","floor":33.0,"turns":2.0},{"damage":9,"enemies":"Champ","floor":35,"turns":9},{"damage":10,"enemies":"Orb Walker","floor":37,"turns":2},{"damage":51,"enemies":"2 Orb Walkers","floor":40,"turns":6},{"damage":4,"enemies":"Giant Head","floor":42,"turns":8},{"damage":16,"enemies":"Reptomancer","floor":44,"turns":5},{"damage":9,"enemies":"3 Shapes","floor":49,"turns":3},{"damage":0,"enemies":"R_Hoarder","floor":50,"turns":6},{"damage":6,"enemies":"Time Eater","floor":52,"turns":9},{"damage":16,"enemies":"Shield and Spear","floor":56,"turns":5},{"damage":0,"enemies":"The Heart","floor":57,"turns":6}],"seed_played":"-904313634921442298","potions_obtained":[{"floor":1.0,"key":"Swift Potion"},{"floor":18.0,"key":"PowerPotion"},{"floor":29.0,"key":"SkillPotion"},{"floor":33.0,"key":"Swift Potion"},{"floor":40,"key":"Reflective Coating"}],"is_trial":false,"path_per_floor":["M","$","M","?","M","E","R","E","T","R","M","M","R","PTL","PTL","?","R","B",null,"M","$","?","M","M","E","M","R","T","E","?","M","R","M","R","B",null,"M","$","?","?","$","E","R","E","T","R","$","T","M","E","R","B",null,"R","$","E","B",null],"character_chosen":"DEFECT","items_purchased":["hubris:EvacipatedBox","hubris:FruitBowl","ReplayTheSpireMod:ShopPack","hubris:BallOfYels","Bronze Scales","Coolheaded","FIFO Queue","Replay:Frozen Program","Storm","Loop","PowerPotion"],"campfire_rested":2,"item_purchase_floors":[2,2,2,21,21,21,38,38,41,47,55],"current_hp_per_floor":[69,33,25,24,34,19,72,64,74,84,94,104,114,124,134,144,154,127,241,235,245,255,249,231,239,249,259,269,279,289,289,405,415,425,426,443,443,453,463,422,432,438,448,442,452,462,472,482,483,493,503,507,591,601,611,605,615],"gold":152,"neow_bonus":"REMOVE_TWO","is_daily":false,"chose_seed":false,"campfire_upgraded":7,"win_rate":0.0,"timestamp":1614192035,"path_taken":["M","?","M","?","M","E","R","E","T","R","M","?","R","PTL","PTL","?","R","BOSS","M","$","?","M","M","E","M","R","T","E","?","M","R","M","R","BOSS","M","$","?","?","?","E","R","E","T","R","$","?","M","E","R","BOSS","R","$","E","BOSS"],"items_purchased_type":["Relic","Relic","Relic","Relic","Relic","Card","Card","Relic","Card","Card","Potion"],"build_version":"2020-12-22","purchased_purges":6,"victory":true,"max_hp_per_floor":[95,105,115,125,135,145,155,165,175,185,195,205,215,225,235,245,255,265,275,285,295,305,315,325,335,345,355,365,375,385,395,405,415,425,435,445,455,465,475,485,495,505,515,525,535,545,555,565,575,585,595,605,615,625,635,645,655],"card_choices":[{"not_picked":["conspire:SharedLibrary","Steam"],"picked":"Conserve Battery","floor":1.0},{"not_picked":["Midas Touch","Mayhem"],"picked":"ReplayTheSpireMod:Brewmster","floor":2.0},{"not_picked":["Purity","Good Instincts"],"picked":"ReplayUltimateDefense","floor":2.0},{"not_picked":["Steam Power","Stack"],"picked":"Turbo","floor":3.0},{"not_picked":["Leap","Undo"],"picked":"Skim","floor":5.0},{"not_picked":["Chill","BootSequence"],"picked":"Genetic Algorithm","floor":6.0},{"not_picked":["Rebound","Stack","Compile Driver"],"picked":"SKIP","floor":8.0},{"not_picked":["ReplayTheSpireMod:System Scan","BasicCrystalCard","Rebound"],"picked":"SKIP","floor":11.0},{"not_picked":["Gash","Multi-Cast"],"picked":"Lockon","floor":12.0},{"not_picked":["Biased Cognition","Core Surge"],"picked":"Seek","floor":18.0},{"not_picked":["Reinforced Body+1","Ball Lightning","Turbo"],"picked":"Rip and Tear","floor":20.0},{"not_picked":["Conserve Battery","Leap+1","Gash"],"picked":"Panic Button+1","floor":23.0},{"not_picked":["Heatsinks+1","Stack","Streamline+1"],"picked":"BasicCrystalCard+1","floor":24.0},{"not_picked":["ReplayTheSpireMod:System Scan","Barrage","Steam"],"picked":"Chill","floor":25.0},{"not_picked":["BasicCrystalCard","Cold Snap+1","ReplayGash"],"picked":"Go for the Eyes+1","floor":26.0},{"not_picked":["Coolheaded","Turbo+1","Chaos"],"picked":"Core Surge","floor":29.0},{"not_picked":["Coolheaded","Hologram","ReplaySort"],"picked":"Turbo","floor":31.0},{"not_picked":["Panic Button","Barrage","Leap"],"picked":"Hologram","floor":33.0},{"not_picked":["Amplify","Biased Cognition","Meteor Strike"],"picked":"Echo Form","floor":35},{"not_picked":["Hologram","Crystallizer","Compile Driver"],"picked":"Turbo+1","floor":37},{"not_picked":["Rip and Tear+1","Reprogram+1","Buffer"],"picked":"hubris:Ukulele+1","floor":40},{"not_picked":["Coolheaded+1","BasicCrystalCard","Stack+1"],"picked":"Leap","floor":42},{"not_picked":["Storm+1","Skim+1","Darkness"],"picked":"Blizzard+1","floor":44},{"not_picked":["Redo","Coolheaded+1","Beam Cell"],"picked":"Storm","floor":49},{"not_picked":["Barrage","Turbo+1","Panic Button"],"picked":"Capacitor","floor":50},{"not_picked":["Chaos","ReplaySort","Streamline+1"],"picked":"White Noise","floor":56}],"player_experience":643505,"relics_obtained":[{"floor":6.0,"key":"Pen Nib"},{"floor":8.0,"key":"Centennial Puzzle"},{"floor":9.0,"key":"hubris:SphereOfDissonance"},{"floor":25.0,"key":"Cables"},{"floor":28.0,"key":"Mercury Hourglass"},{"floor":29.0,"key":"Orichalcum"},{"floor":40,"key":"Gambling Chip"},{"floor":42,"key":"Oddly Smooth Stone"},{"floor":44,"key":"hubris:PeanutButter"},{"floor":45,"key":"hubris:BottledRain"},{"floor":48,"key":"Replay:Rubber Ducky"},{"floor":50,"key":"Lantern"},{"floor":51,"key":"Replay:Arrowhead"},{"floor":56,"key":"DataDisk"}],"event_choices":[{"damage_healed":0.0,"max_hp_gain":0.0,"max_hp_loss":0.0,"gold_gain":0.0,"event_name":"betterThird:BetterGoop","player_choice":"Slimed","floor":4.0,"gold_loss":26.0,"damage_taken":11.0},{"damage_healed":0.0,"max_hp_gain":0.0,"max_hp_loss":0.0,"gold_gain":0.0,"event_name":"betterThird:BetterWriting","player_choice":"Adaptability","floor":22.0,"gold_loss":0.0,"damage_taken":0.0},{"damage_healed":0.0,"max_hp_gain":0.0,"max_hp_loss":0.0,"gold_gain":0.0,"cards_transformed":["Strike_B","Defend_B"],"event_name":"Drug Dealer","player_choice":"Became Test Subject","floor":30.0,"gold_loss":0.0,"damage_taken":0.0,"cards_obtained":["Doom and Gloom","hubris:SpecializedCircuitry"]},{"damage_healed":0,"gold_gain":0,"player_choice":"Invest 2","damage_taken":0,"max_hp_gain":0,"max_hp_loss":0,"event_name":"conspire:Investor","floor":39,"gold_loss":0},{"damage_healed":0,"gold_gain":0,"player_choice":"Fight","damage_taken":0,"max_hp_gain":0,"max_hp_loss":0,"event_name":"Mysterious Sphere","floor":40,"gold_loss":0}],"is_beta":false,"boss_relics":[{"not_picked":["conspire:SpecialSausage","Replay:Drink Me","Tiny House"],"picked":"Replay:Grab Bag"},{"not_picked":["Runic Dome","ChewingGum","conspire:RunicOctahedron"],"picked":"conspire:SlowCooker"},{"not_picked":["Replay:Wanted Poster","Busted Crown","Snecko Eye"],"picked":"Abe\u0027s Treasure"},{"not_picked":["hubris:ScarierMask","Empty Cage","Ring of Chaos"],"picked":"Honey Jar"},{"not_picked":["hubris:BlackHole","hubris:Stopwatch","Replay:Ancient Bell"],"picked":"conspire:RoyalGoblet"}],"items_purged_floors":[47,47,47,47,47,47],"is_endless":false,"potions_floor_spawned":[1,5,11,18,20,29,33,40],"ascension_level":11}}