{"host":"5mo0809oo9tcrmpl","time":1614128115,"event":{"mods":["BaseMod","Highlight Path","Minty Spire (QoL Compilation)","Relic Stats","Slay the Relics Exporter"],"gold_per_floor":[217,234,246,262,280,280,280,305,353,106,156,190,208,222,222,294,294,313,331,343,47,65,65,91,91,115,125,157,157,157,187,187,259,259,278,278,289,0,18,18,47,47,71,82,82,82,117,129,129,129,129,129,3,37,37,37],"floor_reached":55,"language":"ENG","playtime":2111,"items_purged":[],"score":1442,"play_id":"60bb91cc-309d-4ca8-a745-1621526c26f2","local_time":"20210223185515","is_ascension_mode":true,"campfire_choices":[{"data":"Perfected Strike","floor":6.0,"key":"SMITH"},{"data":"Perfected Strike","floor":15.0,"key":"SMITH"},{"data":"Disarm","floor":23.0,"key":"SMITH"},{"data":"Offering","floor":25.0,"key":"SMITH"},{"data":"Pommel Strike","floor":30.0,"key":"SMITH"},{"floor":32.0,"key":"REST"},{"floor":40.0,"key":"RECALL"},{"floor":46.0,"key":"REST"},{"floor":49.0,"key":"REST"},{"floor":52.0,"key":"REST"}],"circlet_count":0,"master_deck":["AscendersBane","Strike_R","Strike_R+1","Strike_R","Strike_R","Defend_R","Defend_R","Defend_R","Defend_R","Bash","Battle Trance","Seeing Red+1","Perfected Strike+1","Rampage","Pommel Strike","Cleave","Disarm+1","Shrug It Off","Headbutt","Perfected Strike+1","Spot Weakness+1","Feed","Armaments+1","Pommel Strike+1","Pommel Strike+1","Offering+1","Rage","Fiend Fire","Disarm","Dual Wield+1","Twin Strike+1","Disarm","Uppercut"],"relics":["Burning Blood","Happy Flower","White Beast Statue","Akabeko","Bag of Marbles","Potion Belt","Mark of Pain","Gambling Chip","Whetstone","Pen Nib","Red Skull","War Paint","Fusion Hammer","Red Mask","Regal Pillow","CeramicFish","Turnip","Oddly Smooth Stone"],"acts_visited":["Exordium","TheCity","TheBeyond","TheEnding"],"potions_floor_usage":[54,54,54,55,55],"damage_taken":[{"damage":6.0,"enemies":"Cultist","floor":1.0,"turns":4.0},{"damage":2.0,"enemies":"2 Louse","floor":2.0,"turns":3.0},{"damage":12.0,"enemies":"Jaw Worm","floor":3.0,"turns":3.0},{"damage":9.0,"enemies":"2 Fungi Beasts","floor":4.0,"turns":3.0},{"damage":11.0,"enemies":"Looter","floor":5.0,"turns":2.0},{"damage":15.0,"enemies":"3 Sentries","floor":8.0,"turns":7.0},{"damage":28.0,"enemies":"Lagavulin","floor":12.0,"turns":4.0},{"damage":0.0,"enemies":"Exordium Wildlife","floor":13.0,"turns":1.0},{"damage":0.0,"enemies":"3 Louse","floor":14.0,"turns":1.0},{"damage":27.0,"enemies":"The Guardian","floor":16.0,"turns":10.0},{"damage":6.0,"enemies":"2 Thieves","floor":18.0,"turns":2.0},{"damage":6.0,"enemies":"3 Byrds","floor":19.0,"turns":4.0},{"damage":0.0,"enemies":"3 Cultists","floor":20.0,"turns":2.0},{"damage":0.0,"enemies":"Snake Plant","floor":22.0,"turns":1.0},{"damage":35.0,"enemies":"Slavers","floor":24.0,"turns":3.0},{"damage":0.0,"enemies":"Cultist and Chosen","floor":27.0,"turns":3.0},{"damage":0.0,"enemies":"Book of Stabbing","floor":28.0,"turns":1.0},{"damage":27.0,"enemies":"Slavers","floor":31.0,"turns":4.0},{"damage":66.0,"enemies":"Champ","floor":33.0,"turns":8.0},{"damage":10.0,"enemies":"3 Shapes","floor":35.0,"turns":3.0},{"damage":0.0,"enemies":"Orb Walker","floor":37.0,"turns":2.0},{"damage":4.0,"enemies":"Jaw Worm Horde","floor":39.0,"turns":2.0},{"damage":6.0,"enemies":"Reptomancer","floor":41.0,"turns":2.0},{"damage":0.0,"enemies":"Spire Growth","floor":44.0,"turns":2.0},{"damage":14.0,"enemies":"Giant Head","floor":47.0,"turns":5.0},{"damage":3.0,"enemies":"Sphere and 2 Shapes","floor":48.0,"turns":3.0},{"damage":55.0,"enemies":"Time Eater","floor":50.0,"turns":5.0},{"damage":76,"enemies":"Shield and Spear","floor":54,"turns":5},{"damage":44,"enemies":"The Heart","floor":55,"turns":2}],"seed_played":"235931616250736046","potions_obtained":[{"floor":1.0,"key":"SkillPotion"},{"floor":4.0,"key":"Swift Potion"},{"floor":12.0,"key":"Fire Potion"},{"floor":13.0,"key":"PowerPotion"},{"floor":14.0,"key":"BloodPotion"},{"floor":18.0,"key":"Regen Potion"},{"floor":19.0,"key":"FearPotion"},{"floor":22.0,"key":"SteroidPotion"},{"floor":24.0,"key":"PowerPotion"},{"floor":27.0,"key":"Dexterity Potion"},{"floor":28.0,"key":"Weak Potion"},{"floor":31.0,"key":"GamblersBrew"},{"floor":33.0,"key":"LiquidMemories"},{"floor":35.0,"key":"DistilledChaos"},{"floor":37.0,"key":"PowerPotion"},{"floor":41.0,"key":"Ancient Potion"},{"floor":44.0,"key":"Fire Potion"},{"floor":47.0,"key":"Strength Potion"},{"floor":48.0,"key":"DuplicationPotion"},{"floor":54,"key":"AttackPotion"}],"is_trial":false,"path_per_floor":["M","M","M","M","M","R","?","E","T","$","?","E","M","M","R","B",null,"M","M","M","$","M","R","E","R","T","M","E","?","R","E","R","B",null,"M","?","M","?","M","R","E","?","T","M","T","R","E","M","R","B",null,"R","$","E","B"],"character_chosen":"IRONCLAD","items_purchased":["Disarm","Bag of Marbles","Shrug It Off","Gambling Chip","Disarm","SteroidPotion","SpeedPotion"],"campfire_rested":4,"item_purchase_floors":[10,10,10,21,53,53,53],"current_hp_per_floor":[68,72,66,63,58,58,58,49,49,49,49,27,33,39,39,18,61,61,78,78,78,81,81,57,57,57,66,72,72,72,54,80,20,70,66,66,72,72,74,74,74,74,74,80,80,87,82,85,90,41,78,90,90,20,0,0],"gold":37,"neow_bonus":"HUNDRED_GOLD","is_daily":false,"chose_seed":false,"campfire_upgraded":5,"win_rate":0.0,"timestamp":1614128115,"path_taken":["M","M","M","M","M","R","?","E","T","$","?","E","M","M","R","BOSS","M","M","M","$","M","R","E","R","T","M","E","?","R","E","R","BOSS","M","?","?","?","M","R","E","?","T","M","?","R","E","?","R","BOSS","R","$","E","BOSS"],"items_purchased_type":["Card","Relic","Card","Relic","Card","Potion","Potion"],"build_version":"2020-12-22","purchased_purges":0,"victory":false,"max_hp_per_floor":[75,75,75,75,75,75,75,75,75,75,75,75,75,75,75,75,75,75,78,78,78,81,81,81,81,81,84,84,84,84,87,87,87,87,87,87,87,87,87,87,87,87,87,87,87,87,90,90,90,90,90,90,90,90,90,90],"relic_stats":{"Regal Pillow":0,"Happy Flower":[27],"counters":[29,97],"Gambling Chip":[40],"CeramicFish":18,"Pen Nib":[11],"Turnip":[2],"Whetstone":["Pommel Strike","Strike_R"],"War Paint":["Spot Weakness","Seeing Red"],"obtain_stats":[{"Potion Belt":12,"Regal Pillow":41,"Happy Flower":7,"CeramicFish":45,"Oddly Smooth Stone":54,"Pen Nib":26,"Whetstone":24,"War Paint":31,"Burning Blood":0,"White Beast Statue":8,"Akabeko":9,"Gambling Chip":21,"Mark of Pain":17,"Fusion Hammer":34,"Turnip":47,"Bag of Marbles":10,"Red Mask":38,"Red Skull":28},{"Potion Belt":7,"Regal Pillow":23,"Happy Flower":5,"CeramicFish":24,"Oddly Smooth Stone":28,"Pen Nib":15,"Whetstone":15,"War Paint":18,"Burning Blood":0,"White Beast Statue":6,"Akabeko":6,"Gambling Chip":13,"Mark of Pain":10,"Fusion Hammer":19,"Turnip":25,"Bag of Marbles":6,"Red Mask":21,"Red Skull":17},{"Potion Belt":26,"Regal Pillow":75,"Happy Flower":15,"CeramicFish":77,"Oddly Smooth Stone":95,"Pen Nib":50,"Whetstone":50,"War Paint":58,"Burning Blood":0,"White Beast Statue":22,"Akabeko":22,"Gambling Chip":46,"Mark of Pain":38,"Fusion Hammer":66,"Turnip":82,"Bag of Marbles":22,"Red Mask":71,"Red Skull":54}],"Burning Blood":156},"card_choices":[{"not_picked":["Infernal Blade","Thunderclap"],"picked":"Battle Trance","floor":1.0},{"not_picked":["Rage","Burning Pact"],"picked":"Seeing Red","floor":2.0},{"not_picked":["Spot Weakness","True Grit"],"picked":"Perfected Strike","floor":3.0},{"not_picked":["Entrench","Burning Pact"],"picked":"Rampage","floor":4.0},{"not_picked":["Spot Weakness","Warcry"],"picked":"Pommel Strike","floor":5.0},{"not_picked":["Hemokinesis","Battle Trance"],"picked":"Cleave","floor":8.0},{"not_picked":["Battle Trance","Berserk"],"picked":"Headbutt","floor":12.0},{"not_picked":["Pommel Strike","Sword Boomerang"],"picked":"Perfected Strike","floor":13.0},{"not_picked":["Headbutt","Intimidate"],"picked":"Spot Weakness","floor":14.0},{"not_picked":["Brutality","Exhume"],"picked":"Feed","floor":16.0},{"not_picked":["Burning Pact","Clothesline"],"picked":"Armaments+1","floor":18.0},{"not_picked":["Body Slam","Blood for Blood"],"picked":"Pommel Strike","floor":19.0},{"not_picked":["Thunderclap","Anger","Combust"],"picked":"SKIP","floor":20.0},{"not_picked":["Headbutt+1","Iron Wave"],"picked":"Pommel Strike","floor":22.0},{"not_picked":["Warcry","Wild Strike"],"picked":"Offering","floor":24.0},{"not_picked":["True Grit","Armaments"],"picked":"Rage","floor":27.0},{"not_picked":["Searing Blow","Havoc"],"picked":"Fiend Fire","floor":28.0},{"not_picked":["Fire Breathing+1","Blood for Blood","Warcry"],"picked":"SKIP","floor":31.0},{"not_picked":["Infernal Blade","Shrug It Off"],"picked":"Disarm","floor":35.0},{"not_picked":["Ghostly Armor+1","Rage"],"picked":"Dual Wield+1","floor":37.0},{"not_picked":["Clash+1","Hemokinesis","Armaments"],"picked":"SKIP","floor":39.0},{"not_picked":["Burning Pact","Warcry","Heavy Blade"],"picked":"SKIP","floor":41.0},{"not_picked":["Anger","Hemokinesis"],"picked":"Twin Strike+1","floor":44.0},{"not_picked":["Dropkick","Shockwave","Wild Strike"],"picked":"SKIP","floor":47.0},{"not_picked":["Thunderclap+1","Second Wind+1","Havoc"],"picked":"SKIP","floor":48.0},{"not_picked":["Limit Break","Carnage+1"],"picked":"Uppercut","floor":54}],"player_experience":1315554,"relics_obtained":[{"floor":8.0,"key":"White Beast Statue"},{"floor":9.0,"key":"Akabeko"},{"floor":12.0,"key":"Potion Belt"},{"floor":24.0,"key":"Whetstone"},{"floor":26.0,"key":"Pen Nib"},{"floor":28.0,"key":"Red Skull"},{"floor":31.0,"key":"War Paint"},{"floor":41.0,"key":"Regal Pillow"},{"floor":45.0,"key":"CeramicFish"},{"floor":47.0,"key":"Turnip"},{"floor":54,"key":"Oddly Smooth Stone"}],"event_choices":[{"damage_healed":0.0,"max_hp_gain":0.0,"max_hp_loss":0.0,"gold_gain":0.0,"event_name":"Dead Adventurer","player_choice":"Searched \u00271\u0027 times","floor":7.0,"gold_loss":0.0,"damage_taken":0.0,"relics_obtained":["Happy Flower"]},{"damage_healed":0.0,"max_hp_gain":0.0,"max_hp_loss":0.0,"gold_gain":50.0,"event_name":"Golden Shrine","player_choice":"Pray","floor":11.0,"gold_loss":0.0,"damage_taken":0.0},{"damage_healed":0.0,"max_hp_gain":0.0,"max_hp_loss":0.0,"gold_gain":0.0,"event_name":"Ghosts","player_choice":"Ignored","floor":29.0,"gold_loss":0.0,"damage_taken":0.0},{"cards_removed":["Strike_R"],"damage_healed":0.0,"max_hp_gain":0.0,"max_hp_loss":0.0,"gold_gain":0.0,"event_name":"Bonfire Elementals","player_choice":"Offered Basic","floor":36.0,"gold_loss":0.0,"damage_taken":0.0},{"damage_healed":0.0,"max_hp_gain":0.0,"max_hp_loss":0.0,"gold_gain":0.0,"event_name":"Tomb of Lord Red Mask","player_choice":"Paid","floor":38.0,"gold_loss":289.0,"damage_taken":0.0,"relics_obtained":["Red Mask"]},{"damage_healed":0.0,"max_hp_gain":0.0,"max_hp_loss":0.0,"gold_gain":0.0,"event_name":"SensoryStone","player_choice":"Memory 1","floor":42.0,"gold_loss":0.0,"damage_taken":0.0}],"is_beta":false,"boss_relics":[{"not_picked":["Calling Bell","Snecko Eye"],"picked":"Mark of Pain"},{"not_picked":["Black Blood","Tiny House"],"picked":"Fusion Hammer"}],"items_purged_floors":[],"is_endless":false,"potions_floor_spawned":[1,4,5,12,13,14,16,18,19,20,22,24,27,28,31,33,35,37,39,41,44,47,48,54],"killed_by":"The Heart","ascension_level":15}}