{"host":"i5vvwdf42szr3cje","time":1614160229,"event":{"mods":["BaseMod","Colored Map","Hermit","Minty Spire (QoL Compilation)","Replay The Spire","StSLib"],"gold_per_floor":[109,123,133,144,162,195,195,207,234,87,114,131,131,131,131,159,171,284,296,328,340,277,300,332,344,372,413,425,333,333,333,333,368,368,463,463,479,131,131,146,163,197,217,252,276,288,319,333,345,371,371,371,371,371,15,48,48],"floor_reached":58,"language":"ENG","playtime":3992,"items_purged":["Sickly","Strike_P","Strike_P","Strike_P"],"score":1479,"play_id":"5b3feb7f-885e-44a2-a7ec-886dd4b2880b","local_time":"20210224015029","is_ascension_mode":true,"campfire_choices":[{"data":"PathToVictory","floor":7.0,"key":"SMITH"},{"data":"PathToVictory","floor":13.0,"key":"SMITH"},{"data":"Replay:AtTheReady","floor":13.0,"key":"SMITH"},{"data":"ThirdEye","floor":17.0,"key":"SMITH"},{"data":"Wireheading","floor":17.0,"key":"SMITH"},{"data":"Replay:DivineShield","floor":25.0,"key":"SMITH"},{"data":"Replay:Battleflow","floor":25.0,"key":"SMITH"},{"data":"PathToVictory","floor":31.0,"key":"SMITH"},{"data":"PathToVictory","floor":31.0,"key":"SMITH"},{"floor":34,"key":"REST"},{"floor":51,"key":"RECALL"},{"data":"Scrawl","floor":54,"key":"SMITH"},{"data":"Scrawl","floor":54,"key":"SMITH"}],"circlet_count":0,"master_deck":["Strike_P","Defend_P","Defend_P","Defend_P","Defend_P","Replay:Battleflow+1","Replay:AtTheReady+1","Wireheading+1","PathToVictory+1","ThirdEye+1","PathToVictory+1","DeusExMachina+1","ThirdEye+1","Consecrate+1","PathToVictory+1","Replay:DivineShield+1","PathToVictory+1","PathToVictory+1","Scrawl+1","PathToVictory+1","Replay:Cycle+1","Scrawl+1","Protect"],"relics":["PureWater","NeowsBlessing","Smiling Mask","ReplayTheSpireMod:CursedCoin","Singing Bowl","Replay:Arrowhead","MawBank","Astrolabe","Omamori","Simple Rune","Akabeko","War Paint","Busted Crown","Replay:Baseball","Medical Kit","InkBottle","Ginger","Orichalcum","Replay:Bottled Eggs","Boot","Replay:Kaleidoscope"],"acts_visited":["Exordium","TheCity","TheBeyond","TheEnding"],"potions_floor_usage":[57,57,57],"damage_taken":[{"damage":0.0,"enemies":"Cultist","floor":1.0,"turns":1.0},{"damage":0.0,"enemies":"Small Slimes","floor":2.0,"turns":1.0},{"damage":0.0,"enemies":"2 Louse","floor":3.0,"turns":1.0},{"damage":2.0,"enemies":"Large Slime","floor":4.0,"turns":5.0},{"damage":3.0,"enemies":"3 Louse","floor":5.0,"turns":4.0},{"damage":4.0,"enemies":"Lagavulin","floor":6.0,"turns":8.0},{"damage":5.0,"enemies":"2 Fungi Beasts","floor":8.0,"turns":4.0},{"damage":0.0,"enemies":"Gremlin Nob","floor":11.0,"turns":3.0},{"damage":0.0,"enemies":"Exordium Wildlife","floor":12.0,"turns":2.0},{"damage":20.0,"enemies":"3 Sentries","floor":16.0,"turns":13.0},{"damage":19.0,"enemies":"Hexaghost","floor":18.0,"turns":8.0},{"damage":0.0,"enemies":"Shell Parasite","floor":20.0,"turns":5.0},{"damage":2.0,"enemies":"Chosen","floor":23.0,"turns":4.0},{"damage":17.0,"enemies":"Snecko","floor":24.0,"turns":8.0},{"damage":0.0,"enemies":"Snake Plant","floor":26.0,"turns":2.0},{"damage":44.0,"enemies":"Gremlin Leader","floor":27.0,"turns":6.0},{"damage":20,"enemies":"Slavers","floor":33,"turns":8},{"damage":11,"enemies":"Collector","floor":35,"turns":6},{"damage":0,"enemies":"Orb Walker","floor":37,"turns":2},{"damage":13,"enemies":"3 Darklings","floor":40,"turns":3},{"damage":0,"enemies":"Jaw Worm Horde","floor":41,"turns":3},{"damage":7,"enemies":"Nemesis","floor":42,"turns":5},{"damage":8,"enemies":"Spire Growth","floor":43,"turns":4},{"damage":0,"enemies":"Giant Head","floor":44,"turns":4},{"damage":0,"enemies":"4 Shapes","floor":46,"turns":3},{"damage":0,"enemies":"Nemesis","floor":47,"turns":3},{"damage":0,"enemies":"Maw","floor":48,"turns":4},{"damage":0,"enemies":"Writhing Mass","floor":49,"turns":3},{"damage":0,"enemies":"Reptomancer","floor":50,"turns":3},{"damage":4,"enemies":"Replay:Hell Engine","floor":52,"turns":5},{"damage":13,"enemies":"Shield and Spear","floor":56,"turns":4},{"damage":37,"enemies":"The Heart","floor":57,"turns":5}],"seed_played":"-3230520109253906897","potions_obtained":[{"floor":1.0,"key":"SkillPotion"},{"floor":3.0,"key":"Explosive Potion"},{"floor":5.0,"key":"DistilledChaos"},{"floor":18.0,"key":"SkillPotion"},{"floor":20.0,"key":"AttackPotion"},{"floor":24.0,"key":"FearPotion"},{"floor":27.0,"key":"Elixir"},{"floor":37,"key":"Languid Potion"},{"floor":41,"key":"CultistPotion"},{"floor":48,"key":"LiquidBronze"},{"floor":50,"key":"GamblersBrew"}],"is_trial":false,"path_per_floor":["M","M","M","M","M","E","R","M","T","$","E","M","R","PTL","PTL","E","R","B",null,"M","?","?","M","M","R","M","E","T","$","?","R","?","E","R","B",null,"M","$","?","M","M","E","M","E","T","M","E","M","M","E","R","B",null,"R","$","E","B",null],"character_chosen":"WATCHER","items_purchased":["ReplayTheSpireMod:CursedCoin","Singing Bowl","PathToVictory","Replay:Baseball","Medical Kit","Replay:Kaleidoscope"],"campfire_rested":1,"item_purchase_floors":[10,10,29,38,38,55],"current_hp_per_floor":[72,72,72,70,67,63,63,58,58,58,60,62,62,62,62,44,44,25,78,78,78,78,76,61,61,63,19,19,19,46,46,46,28,53,42,84,86,86,86,75,77,72,64,64,64,66,68,70,70,72,72,68,100,100,100,89,52],"gold":48,"neow_bonus":"THREE_ENEMY_KILL","is_daily":false,"chose_seed":false,"campfire_upgraded":11,"win_rate":0.0,"timestamp":1614160229,"path_taken":["M","M","M","M","M","E","R","M","T","$","E","?","R","PTL","PTL","E","R","BOSS","M","?","?","M","M","R","M","E","T","$","?","R","?","E","R","BOSS","M","$","?","M","M","E","?","E","T","M","E","M","M","E","R","BOSS","R","$","E","BOSS"],"items_purchased_type":["Relic","Relic","Card","Relic","Relic","Relic"],"build_version":"2020-12-22","purchased_purges":4,"victory":true,"max_hp_per_floor":[72,72,72,72,72,72,72,72,72,72,74,76,76,76,76,78,78,78,78,78,78,78,78,80,80,82,82,82,82,82,82,82,84,84,84,84,86,86,86,88,90,92,92,92,92,94,96,98,98,100,100,100,100,100,100,102,102],"card_choices":[{"not_picked":["Worship","Protect"],"picked":"Replay:Battleflow","floor":1.0},{"not_picked":["MentalFortress","Protect"],"picked":"Crescendo","floor":2.0},{"not_picked":["Study","Worship"],"picked":"Replay:AtTheReady","floor":3.0},{"not_picked":["ThirdEye","ClearTheMind"],"picked":"Wireheading","floor":4.0},{"not_picked":["JustLucky","InnerPeace"],"picked":"PathToVictory","floor":5.0},{"not_picked":["Conclude","Vengeance"],"picked":"ThirdEye","floor":6.0},{"not_picked":["WindmillStrike","WreathOfFlame"],"picked":"PathToVictory","floor":8.0},{"not_picked":["BattleHymn","SashWhip","Crescendo"],"picked":"Singing Bowl","floor":11.0},{"not_picked":["EmptyBody","FlurryOfBlows","Prostrate"],"picked":"Singing Bowl","floor":12.0},{"not_picked":["Replay:ManipulateFuture","MasterReality","Replay:AtTheReady"],"picked":"Singing Bowl","floor":16.0},{"not_picked":["Brilliance","ConjureBlade"],"picked":"DeusExMachina","floor":18.0},{"not_picked":["WheelKick","Replay:BluntJabs"],"picked":"PathToVictory+1","floor":20.0},{"not_picked":["Crescendo","Adaptation"],"picked":"Replay:DivineShield","floor":23.0},{"not_picked":["LikeWater","FlyingSleeves+1","BattleHymn+1"],"picked":"Singing Bowl","floor":24.0},{"not_picked":["Indignation+1","LikeWater","Blasphemy"],"picked":"Singing Bowl","floor":26.0},{"not_picked":["Fasting2","SashWhip"],"picked":"PathToVictory","floor":27.0},{"not_picked":["EmptyBody","Replay:Hum","WheelKick"],"picked":"Singing Bowl","floor":33},{"not_picked":["Blasphemy","DeusExMachina"],"picked":"Scrawl","floor":35},{"not_picked":["Meditate+1"],"picked":"Singing Bowl","floor":37},{"not_picked":["JustLucky+1"],"picked":"Singing Bowl","floor":40},{"not_picked":["Fasting2"],"picked":"Singing Bowl","floor":41},{"not_picked":["Weave+1"],"picked":"Singing Bowl","floor":42},{"not_picked":[],"picked":"Replay:Cycle+1","floor":43},{"not_picked":[],"picked":"Scrawl","floor":44},{"not_picked":["Prostrate"],"picked":"Singing Bowl","floor":46},{"not_picked":["Swivel+1"],"picked":"Singing Bowl","floor":47},{"not_picked":["Replay:ManipulateFuture"],"picked":"Singing Bowl","floor":48},{"not_picked":[],"picked":"Protect","floor":49},{"not_picked":["CrushJoints+1"],"picked":"Singing Bowl","floor":50},{"not_picked":["JustLucky"],"picked":"Singing Bowl","floor":56}],"player_experience":196079,"relics_obtained":[{"floor":6.0,"key":"Smiling Mask"},{"floor":11.0,"key":"Replay:Arrowhead"},{"floor":16.0,"key":"MawBank"},{"floor":27.0,"key":"Omamori"},{"floor":28.0,"key":"Simple Rune"},{"floor":33,"key":"War Paint"},{"floor":42,"key":"InkBottle"},{"floor":44,"key":"Ginger"},{"floor":45,"key":"Orichalcum"},{"floor":47,"key":"Replay:Bottled Eggs"},{"floor":50,"key":"Boot"}],"event_choices":[{"damage_healed":0.0,"max_hp_gain":0.0,"max_hp_loss":0.0,"gold_gain":0.0,"event_name":"Ghosts","player_choice":"Ignored","floor":21.0,"gold_loss":0.0,"damage_taken":0.0},{"cards_removed":["LikeWater"],"damage_healed":0.0,"max_hp_gain":0.0,"max_hp_loss":0.0,"gold_gain":0.0,"event_name":"Beggar","player_choice":"Gave Gold","floor":22.0,"gold_loss":75.0,"damage_taken":0.0},{"damage_healed":27.0,"max_hp_gain":0.0,"max_hp_loss":0.0,"gold_gain":0.0,"event_name":"The Library","player_choice":"Heal","floor":30.0,"gold_loss":0.0,"damage_taken":0.0},{"damage_healed":0.0,"max_hp_gain":0.0,"max_hp_loss":0.0,"gold_gain":0.0,"event_name":"The Mausoleum","player_choice":"Opened","floor":32.0,"gold_loss":0.0,"damage_taken":0.0,"relics_obtained":["Akabeko"],"cards_obtained":["Writhe"]},{"damage_healed":0,"gold_gain":0,"player_choice":"Copied","damage_taken":0,"max_hp_gain":0,"max_hp_loss":0,"event_name":"Duplicator","floor":39,"gold_loss":0,"cards_obtained":["PathToVictory"]}],"is_beta":false,"boss_relics":[{"not_picked":["Replay:Ancient Bell","SacredBark"],"picked":"Astrolabe"},{"not_picked":["Ring of Chaos","Replay:Bronze Core"],"picked":"Busted Crown"}],"items_purged_floors":[10,29,38,55],"is_endless":false,"potions_floor_spawned":[1,3,5,8,18,20,24,27,37,41,43,46,48,50,56],"ascension_level":4}}