{"host":"mj8akmyfd5lo602f","time":1614178529,"event":{"mods":["2.2 Compatiblity","Act Like it!","BaseMod","Bestiary","BshForSts","Colored Map","Colored Powertips","Downfall","Highlight Path","Koishi","Minty Spire (QoL Compilation)","Permanent Neow","Relic Stats","StSLib","The Marked"],"gold_per_floor":[99,110,95,114,134,134,134,134,155,155,165,194,194,220,230,332,332,232,249,266,279,289,317,317,417,9,9,9,9,20,34,53,53,53],"floor_reached":33,"language":"ENG","playtime":2623,"items_purged":[],"score":329,"play_id":"b35e071c-123e-46f8-aa2f-7164b78977d9","local_time":"20210224145529","is_ascension_mode":false,"campfire_choices":[{"data":"Koishi:Provoke","floor":1.0,"key":"SMITH"},{"data":"Koishi:ImGoingToCallYouNow","floor":6.0,"key":"SMITH"},{"data":"Koishi:MassHysteria","floor":10.0,"key":"SMITH"},{"data":"Koishi:HeartStoppingHorror","floor":13.0,"key":"SMITH"},{"data":"Koishi:RuptureMind","floor":18.0,"key":"SMITH"},{"data":"Koishi:PerfectMindControl","floor":28.0,"key":"SMITH"}],"circlet_count":0,"master_deck":["Koishi:BasicStrike","Koishi:BasicStrike","Koishi:BasicStrike","Koishi:BasicStrike","Koishi:BasicDefend","Koishi:BasicDefend","Koishi:BasicDefend","Koishi:BasicDefend","Koishi:Provoke+1","Koishi:HauntingSlash","Koishi:StingingMind","Koishi:ImGoingToCallYouNow+1","Koishi:Untouchable","Koishi:HeartStoppingHorror+1","Koishi:YoukaiPolygraph","Koishi:RuptureMind+1","Koishi:Prune+1","Koishi:GeneticsOfTheUnconscious+1","Koishi:SprinkleStarAndHeart+1","Koishi:RacingHeart+1","Koishi:VengefulSpirit","Koishi:HeartfeltFancy+1","Koishi:Catatonia","Koishi:Whimsy","Koishi:PerfectMindControl+1"],"relics":["Koishi:ImaginaryFriend","Odd Mushroom","Shuriken","Koishi:AHoleWhereASisterShouldBe","Astrolabe","downfall:HeartBlessingBlue","Bottled Lightning","Calipers","Shovel","Matryoshka","Blue Candle","Guardian:PocketSentry"],"acts_visited":["Exordium","TheCity"],"potions_floor_usage":[],"damage_taken":[{"damage":0.0,"enemies":"Jaw Worm","floor":2.0,"turns":6.0},{"damage":0.0,"enemies":"downfall:FleeingMerchant","floor":3.0,"turns":4.0},{"damage":12.0,"enemies":"2 Louse","floor":4.0,"turns":3.0},{"damage":6.0,"enemies":"Cultist","floor":5.0,"turns":4.0},{"damage":47.0,"enemies":"The Mushroom Lair","floor":9.0,"turns":5.0},{"damage":9.0,"enemies":"Blue Slaver","floor":11.0,"turns":6.0},{"damage":5.0,"enemies":"3 Sentries","floor":12.0,"turns":6.0},{"damage":0.0,"enemies":"Lagavulin","floor":14.0,"turns":8.0},{"damage":0.0,"enemies":"3 Louse","floor":15.0,"turns":1.0},{"damage":6.0,"enemies":"IC_STATUS_ARCHETYPE","floor":16.0,"turns":10.0},{"damage":15.0,"enemies":"Chosen","floor":19.0,"turns":4.0},{"damage":25.0,"enemies":"downfall:LooterAlt2","floor":20.0,"turns":5.0},{"damage":18.0,"enemies":"Sentry and Sphere","floor":21.0,"turns":8.0},{"damage":11.0,"enemies":"Cultist and Chosen","floor":22.0,"turns":7.0},{"damage":53.0,"enemies":"Gremlin Leader","floor":23.0,"turns":4.0},{"damage":8.0,"enemies":"Colosseum Nobs","floor":25.0,"turns":9.0},{"damage":4.0,"enemies":"downfall:FleeingMerchant","floor":26.0,"turns":4.0},{"damage":2,"enemies":"3 Cultists","floor":30,"turns":7},{"damage":21,"enemies":"Shelled Parasite and Fungi","floor":31,"turns":7},{"damage":13,"enemies":"Centurion and Healer","floor":32,"turns":7},{"damage":99997,"enemies":"WA_ARCHETYPE_CALM","floor":33,"turns":6}],"seed_played":"3873601176194988240","potions_obtained":[{"floor":0.0,"key":"Slimebound:ThreeZeroPotion"},{"floor":0.0,"key":"PowerPotion"},{"floor":0.0,"key":"FearPotion"},{"floor":11.0,"key":"Energy Potion"},{"floor":15.0,"key":"PowerPotion"},{"floor":20.0,"key":"Block Potion"},{"floor":21.0,"key":"ColorlessPotion"},{"floor":23.0,"key":"SkillPotion"},{"floor":25.0,"key":"SmokeBomb"},{"floor":32,"key":"Explosive Potion"}],"is_trial":false,"path_per_floor":["R","M","$","M","M","R","T","?","?","R","M","E","R","E","M","B",null,"R","M","M","M","M","E","T","?","$","?","R","?","M","M","M","B"],"character_chosen":"KOISHI","items_purchased":["Blue Candle","Guardian:PocketSentry"],"campfire_rested":0,"item_purchase_floors":[26,26],"current_hp_per_floor":[60,60,60,55,60,60,60,60,19,19,38,36,36,54,54,60,60,70,60,56,53,70,65,65,67,63,63,63,50,64,58,75,0,0],"gold":53,"neow_bonus":"THREE_SMALL_POTIONS","is_daily":false,"chose_seed":false,"campfire_upgraded":6,"win_rate":0.0,"timestamp":1614178529,"path_taken":["R","M","$","M","M","R","T","?","?","R","M","E","R","E","M","BOSS","R","M","M","M","M","E","T","?","$","?","R","?","M","?","M","BOSS"],"items_purchased_type":["Relic","Relic"],"build_version":"2020-12-22","purchased_purges":0,"victory":false,"max_hp_per_floor":[60,60,60,60,60,60,60,60,60,60,60,60,60,60,60,60,60,70,70,70,70,70,70,70,70,70,70,70,75,75,75,75,75,75],"relic_stats":{"Shovel":0,"counters":[21,119],"Shuriken":[10],"Astrolabe":["Koishi:Prune","Koishi:GeneticsOfTheUnconscious","Koishi:SprinkleStarAndHeart"],"Blue Candle":[0],"obtain_stats":[{"Calipers":24,"Astrolabe":17,"Blue Candle":26,"Guardian:PocketSentry":26,"Odd Mushroom":9,"Frozen Eye":12,"Shovel":25,"Matryoshka":25,"Shuriken":12,"downfall:HeartBlessingBlue":18,"Koishi:AHoleWhereASisterShouldBe":14,"Bottled Lightning":23,"Koishi:ImaginaryFriend":0},{"Calipers":15,"Astrolabe":10,"Blue Candle":17,"Guardian:PocketSentry":17,"Odd Mushroom":5,"Frozen Eye":7,"Shovel":16,"Matryoshka":16,"Shuriken":7,"downfall:HeartBlessingBlue":10,"Koishi:AHoleWhereASisterShouldBe":8,"Bottled Lightning":15,"Koishi:ImaginaryFriend":0},{"Calipers":81,"Astrolabe":53,"Blue Candle":94,"Guardian:PocketSentry":94,"Odd Mushroom":22,"Frozen Eye":29,"Shovel":90,"Matryoshka":90,"Shuriken":34,"downfall:HeartBlessingBlue":53,"Koishi:AHoleWhereASisterShouldBe":42,"Bottled Lightning":81,"Koishi:ImaginaryFriend":0}]},"card_choices":[{"not_picked":["Koishi:HeartAttack","Koishi:JumpScare"],"picked":"Koishi:StingingMind","floor":2.0},{"not_picked":["Koishi:EmbryosDream","Koishi:RorschachInDanmaku"],"picked":"Koishi:ImGoingToCallYouNow","floor":3.0},{"not_picked":["Koishi:SubconsciousSweep","Koishi:FidgetySnatcher"],"picked":"Koishi:ReleaseOfTheId","floor":4.0},{"not_picked":["Koishi:Bloodlust","Koishi:BramblyRoseGarden"],"picked":"Koishi:Untouchable","floor":5.0},{"not_picked":["Koishi:PhantomStrike","Koishi:JumpScare"],"picked":"Koishi:MassHysteria","floor":9.0},{"not_picked":["Koishi:UnansweredLove","Koishi:JumpScare"],"picked":"Koishi:IdleWhim","floor":11.0},{"not_picked":["Koishi:JumpScare","Koishi:Prune"],"picked":"Koishi:HeartStoppingHorror","floor":12.0},{"not_picked":["Koishi:Possession","Koishi:FreudianInstinct"],"picked":"Koishi:YoukaiPolygraph","floor":14.0},{"not_picked":["Koishi:SpiritedAway","Koishi:ReflexRadar","Koishi:UnansweredLove"],"picked":"SKIP","floor":15.0},{"not_picked":["Koishi:FadingMemory","Koishi:ConditionedTeleport"],"picked":"Koishi:RuptureMind","floor":16.0},{"not_picked":["Koishi:MassHysteria","Koishi:UnansweredLove"],"picked":"Koishi:RacingHeart+1","floor":19.0},{"not_picked":["Koishi:Prune+1","Koishi:SpiritedAway"],"picked":"Koishi:VengefulSpirit","floor":20.0},{"not_picked":["Koishi:UnconsciousUprising","Koishi:ParalyzingFear"],"picked":"Koishi:HeartfeltFancy+1","floor":21.0},{"not_picked":["Koishi:JumpScare","Koishi:SpiritedAway"],"picked":"Koishi:Catatonia","floor":22.0},{"not_picked":["Koishi:FleetingPhantom","Koishi:PhantomBarrier+1"],"picked":"Koishi:Whimsy","floor":23.0},{"not_picked":["Koishi:FleetingPhantom","Koishi:BloodcurdlingScream"],"picked":"Koishi:PerfectMindControl","floor":25.0},{"not_picked":["Koishi:RacingHeart+1","Koishi:StingingMind","Koishi:ParalyzingFear"],"picked":"SKIP","floor":26.0},{"not_picked":["Koishi:ReflexRadar","Koishi:JumpScare","Koishi:SuperEgo"],"picked":"SKIP","floor":30},{"not_picked":["Koishi:HeartfeltFancy","Koishi:ReleaseOfTheId","Koishi:ReflexRadar+1"],"picked":"SKIP","floor":31},{"not_picked":["Koishi:PhantomStrike+1","Koishi:SubterraneanRose+1","Koishi:CatchAndRose+1"],"picked":"SKIP","floor":32}],"player_experience":567678,"relics_obtained":[{"floor":9.0,"key":"Odd Mushroom"},{"floor":12.0,"key":"Shuriken"},{"floor":14.0,"key":"Koishi:AHoleWhereASisterShouldBe"},{"floor":23.0,"key":"Bottled Lightning"},{"floor":24.0,"key":"Calipers"},{"floor":25.0,"key":"Shovel"},{"floor":25.0,"key":"Matryoshka"}],"event_choices":[{"damage_healed":0.0,"max_hp_gain":0.0,"max_hp_loss":0.0,"gold_gain":0.0,"event_name":"Mushrooms","player_choice":"Fought Mushrooms","floor":9.0,"gold_loss":0.0,"damage_taken":0.0}],"is_beta":false,"boss_relics":[{"not_picked":["expansioncontent:StudyCardRelic","Velvet Choker"],"picked":"Astrolabe"}],"items_purged_floors":[],"is_endless":false,"potions_floor_spawned":[9,11,15,20,21,23,25,32],"killed_by":"WA_ARCHETYPE_CALM","ascension_level":0}}