{"host":"js2su9tbbk4rmjfl","time":1614192084,"event":{"mods":["AchievementEnabler","BaseMod","Block Reminder","Colored Map","Colored Powertips","Highlight Path","Minty Spire (QoL Compilation)","Relic Stats"],"gold_per_floor":[111,128,128,128,128,128,161,161,186,211,0,0,25,69,69,159,159,175,225,244,265,289,289,115,115,115,151,151,151,164,164,164,164,164],"floor_reached":33,"language":"ENG","playtime":1519,"items_purged":["Defend_R"],"score":581,"play_id":"7d908d35-a52f-42c1-83ea-39867ed2c7dd","local_time":"20210224194124","is_ascension_mode":true,"campfire_choices":[{"data":"Clothesline","floor":6,"key":"SMITH"},{"data":"Cleave","floor":8,"key":"SMITH"},{"data":"Heavy Blade","floor":12,"key":"SMITH"},{"data":"Bloodletting","floor":15,"key":"SMITH"},{"data":"Whirlwind","floor":23,"key":"SMITH"},{"data":"Deep Breath","floor":25,"key":"SMITH"},{"data":"Defend_R","floor":29,"key":"SMITH"},{"floor":32,"key":"REST"}],"circlet_count":0,"master_deck":["AscendersBane","Strike_R","Strike_R","Strike_R","Strike_R","Strike_R","Defend_R+1","Defend_R","Defend_R","Bash","Clothesline+1","Spot Weakness","Cleave+1","Heavy Blade+1","Impervious","Whirlwind+1","Bloodletting+1","Impervious","Deep Breath+1"],"relics":["Burning Blood","NeowsBlessing","Golden Idol","Bag of Marbles","Bronze Scales","Bag of Preparation","Art of War","Velvet Choker","StoneCalendar","Frozen Egg 2","MutagenicStrength"],"acts_visited":["Exordium","TheCity"],"potions_floor_usage":[14,14,16,21,27,30,33],"damage_taken":[{"damage":0,"enemies":"2 Louse","floor":1,"turns":1},{"damage":0,"enemies":"Jaw Worm","floor":2,"turns":1},{"damage":0,"enemies":"3 Sentries","floor":7,"turns":2},{"damage":0,"enemies":"Cultist","floor":10,"turns":3},{"damage":4,"enemies":"Red Slaver","floor":13,"turns":3},{"damage":6,"enemies":"Gremlin Nob","floor":14,"turns":4},{"damage":23,"enemies":"The Guardian","floor":16,"turns":8},{"damage":11,"enemies":"Spheric Guardian","floor":18,"turns":5},{"damage":4,"enemies":"2 Thieves","floor":20,"turns":4},{"damage":10,"enemies":"Shelled Parasite and Fungi","floor":21,"turns":4},{"damage":15,"enemies":"Snecko","floor":22,"turns":5},{"damage":23,"enemies":"Book of Stabbing","floor":27,"turns":4},{"damage":3,"enemies":"Cultist and Chosen","floor":30,"turns":3},{"damage":70,"enemies":"Automaton","floor":33,"turns":6}],"seed_played":"3983297073485882530","potions_obtained":[{"floor":2,"key":"Ancient Potion"},{"floor":14,"key":"CultistPotion"},{"floor":16,"key":"SkillPotion"},{"floor":21,"key":"ColorlessPotion"},{"floor":22,"key":"DistilledChaos"},{"floor":30,"key":"Energy Potion"}],"is_trial":false,"path_per_floor":["M","M","?","?","?","R","E","R","T","M","$","R","M","E","R","B",null,"M","?","M","M","M","R","$","R","T","E","?","R","M","?","R","B"],"character_chosen":"IRONCLAD","items_purchased":["Impervious","SkillPotion","Deep Breath"],"campfire_rested":1,"item_purchase_floors":[11,11,24],"current_hp_per_floor":[74,75,68,68,68,68,68,68,68,68,68,68,68,68,68,51,64,59,59,61,57,48,48,48,48,48,31,31,31,34,34,54,0,0],"gold":164,"neow_bonus":"THREE_ENEMY_KILL","is_daily":false,"chose_seed":false,"campfire_upgraded":7,"win_rate":0.0,"timestamp":1614192084,"path_taken":["M","M","?","?","?","R","E","R","T","?","$","R","M","E","R","BOSS","M","?","M","M","M","R","$","R","T","E","?","R","M","?","R","BOSS"],"items_purchased_type":["Card","Potion","Card"],"build_version":"2020-12-22","purchased_purges":1,"victory":false,"max_hp_per_floor":[75,75,68,68,68,68,68,68,68,68,68,68,68,68,68,68,68,68,68,68,68,68,68,68,68,68,68,68,68,68,68,68,68,68],"relic_stats":{"counters":[14,53],"Golden Idol":70,"Bronze Scales":[108],"StoneCalendar":[0],"Bag of Preparation":[22],"Art of War":[4],"obtain_stats":[{"NeowsBlessing":0,"Golden Idol":3,"Bronze Scales":7,"MutagenicStrength":28,"Velvet Choker":17,"StoneCalendar":26,"Bag of Marbles":4,"Bag of Preparation":9,"Art of War":14,"Frozen Egg 2":27,"Burning Blood":0},{"NeowsBlessing":0,"Golden Idol":2,"Bronze Scales":3,"MutagenicStrength":12,"Velvet Choker":7,"StoneCalendar":11,"Bag of Marbles":2,"Bag of Preparation":3,"Art of War":6,"Frozen Egg 2":12,"Burning Blood":0},{"NeowsBlessing":0,"Golden Idol":2,"Bronze Scales":4,"MutagenicStrength":44,"Velvet Choker":22,"StoneCalendar":40,"Bag of Marbles":2,"Bag of Preparation":4,"Art of War":14,"Frozen Egg 2":44,"Burning Blood":0}],"Burning Blood":59},"card_choices":[{"not_picked":["Clash","Iron Wave"],"picked":"Clothesline","floor":1},{"not_picked":["Fire Breathing","Perfected Strike"],"picked":"Spot Weakness","floor":2},{"not_picked":["Warcry","Demon Form"],"picked":"Cleave","floor":7},{"not_picked":["Wild Strike","Anger"],"picked":"Heavy Blade","floor":10},{"not_picked":["Burning Pact","Feel No Pain"],"picked":"Whirlwind","floor":13},{"not_picked":["Flex","Wild Strike"],"picked":"Bloodletting","floor":14},{"not_picked":["Brutality","Berserk"],"picked":"Impervious","floor":16},{"not_picked":["Dark Embrace","Evolve","Havoc"],"picked":"SKIP","floor":18},{"not_picked":["Twin Strike","Reckless Charge","Body Slam+1"],"picked":"SKIP","floor":20},{"not_picked":["Body Slam","Iron Wave","Dark Embrace"],"picked":"SKIP","floor":21},{"not_picked":["Rage","Dropkick","Dual Wield"],"picked":"SKIP","floor":22},{"not_picked":["Clash","Feed","Twin Strike"],"picked":"SKIP","floor":27},{"not_picked":["Anger","Warcry","Headbutt"],"picked":"SKIP","floor":30}],"player_experience":915458,"relics_obtained":[{"floor":7,"key":"Bronze Scales"},{"floor":9,"key":"Bag of Preparation"},{"floor":14,"key":"Art of War"},{"floor":26,"key":"StoneCalendar"},{"floor":27,"key":"Frozen Egg 2"}],"event_choices":[{"damage_healed":0,"gold_gain":0,"player_choice":"Lose Max HP","damage_taken":0,"relics_obtained":["Golden Idol"],"max_hp_gain":0,"max_hp_loss":7,"event_name":"Golden Idol","floor":3,"gold_loss":0},{"damage_healed":0,"gold_gain":0,"player_choice":"Box","damage_taken":0,"relics_obtained":["Bag of Marbles"],"max_hp_gain":0,"max_hp_loss":0,"event_name":"Big Fish","floor":4,"gold_loss":0,"cards_obtained":["Regret"]},{"cards_removed":["Regret"],"damage_healed":0,"gold_gain":0,"player_choice":"Purged","damage_taken":0,"max_hp_gain":0,"max_hp_loss":0,"event_name":"Purifier","floor":5,"gold_loss":0},{"damage_healed":0,"gold_gain":50,"player_choice":"Stole From Cult","damage_taken":0,"max_hp_gain":0,"max_hp_loss":0,"event_name":"Nest","floor":19,"gold_loss":0},{"damage_healed":0,"gold_gain":0,"player_choice":"Inject Mutagens","damage_taken":0,"relics_obtained":["MutagenicStrength"],"max_hp_gain":0,"max_hp_loss":0,"event_name":"Drug Dealer","floor":28,"gold_loss":0},{"damage_healed":0,"gold_gain":0,"player_choice":"0 cards matched","damage_taken":0,"max_hp_gain":0,"max_hp_loss":0,"event_name":"Match and Keep!","floor":31,"gold_loss":0,"cards_obtained":[]}],"is_beta":false,"boss_relics":[{"not_picked":["Runic Cube","Empty Cage"],"picked":"Velvet Choker"}],"items_purged_floors":[24],"is_endless":false,"potions_floor_spawned":[2,14,16,21,22,30],"killed_by":"Automaton","ascension_level":19}}