{"host":"jegehu1t82aiec5j","time":1614170418,"event":{"mods":["BaseMod","Colored Map","Minty Spire (QoL Compilation)","Relic Stats","StSLib","Treasure Hunter"],"gold_per_floor":[112,37,53,6,6,38,38,370,396,429,429,429,429,465,465,540,540,540],"floor_reached":17,"language":"ENG","playtime":604,"items_purged":[],"score":313,"play_id":"e06f5cb7-50d8-478f-ba10-3eb9c181928b","local_time":"20210224074018","is_ascension_mode":true,"campfire_choices":[{"data":"Poisoned Stab","floor":7,"key":"SMITH"},{"floor":11,"key":"REST"},{"floor":13,"key":"REST"},{"data":"Footwork","floor":15,"key":"SMITH"}],"circlet_count":0,"master_deck":["AscendersBane","Strike_G","Strike_G","Strike_G","Strike_G","Defend_G","Defend_G","Defend_G","Defend_G","Defend_G","Survivor","Neutralize","Acrobatics","Footwork+1","Poisoned Stab+1","TH:CopperCoins","Footwork","TH:CopperCoins","After Image","TH:TreasureMap","Underhanded Strike","Wraith Form v2","Venomology"],"relics":["Ring of the Snake","WarpedTongs","Happy Flower","Old Coin","Ancient Tea Set","Oddly Smooth Stone","Blood Vial","Runic Dome"],"acts_visited":["Exordium","TheCity"],"potions_floor_usage":[6,6,8],"damage_taken":[{"damage":6,"enemies":"Jaw Worm","floor":1,"turns":6},{"damage":0,"enemies":"2 Louse","floor":3,"turns":3},{"damage":17,"enemies":"Gremlin Nob","floor":6,"turns":4},{"damage":17,"enemies":"3 Sentries","floor":8,"turns":13},{"damage":18,"enemies":"Lagavulin","floor":10,"turns":9},{"damage":3,"enemies":"Gremlin Nob","floor":14,"turns":5},{"damage":11,"enemies":"The Guardian","floor":16,"turns":17}],"seed_played":"3219476681782916079","potions_obtained":[{"floor":0,"key":"DistilledChaos"},{"floor":0,"key":"Fire Potion"},{"floor":6,"key":"Swift Potion"},{"floor":10,"key":"BlessingOfTheForge"},{"floor":16,"key":"Swift Potion"}],"is_trial":false,"path_per_floor":["M","?","M","$","$","E","R","E","T","E","R","?","R","E","R","B",null],"character_chosen":"THE_SILENT","items_purchased":["Poisoned Stab"],"campfire_rested":2,"item_purchase_floors":[4],"current_hp_per_floor":[53,53,53,53,53,36,36,19,19,1,20,20,39,36,36,27,56,56],"gold":540,"neow_bonus":"THREE_SMALL_POTIONS","is_daily":false,"chose_seed":false,"campfire_upgraded":2,"win_rate":0.0,"timestamp":1614170418,"path_taken":["M","?","M","?","$","E","R","E","T","E","R","?","R","E","R","BOSS"],"items_purchased_type":["Card"],"build_version":"2020-12-22","purchased_purges":0,"victory":false,"max_hp_per_floor":[66,66,66,66,66,66,66,66,66,66,66,66,66,66,66,66,66,66],"relic_stats":{"Blood Vial":2,"Happy Flower":[14],"counters":[7,57],"obtain_stats":[{"Blood Vial":14,"Runic Dome":17,"Happy Flower":6,"Oddly Smooth Stone":10,"Ancient Tea Set":9,"Ring of the Snake":0,"WarpedTongs":1,"Old Coin":8},{"Blood Vial":6,"Runic Dome":7,"Happy Flower":3,"Oddly Smooth Stone":5,"Ancient Tea Set":4,"Ring of the Snake":0,"WarpedTongs":1,"Old Coin":4},{"Blood Vial":40,"Runic Dome":57,"Happy Flower":13,"Oddly Smooth Stone":35,"Ancient Tea Set":26,"Ring of the Snake":0,"WarpedTongs":1,"Old Coin":26}],"Ring of the Snake":[14],"WarpedTongs":[52]},"card_choices":[{"not_picked":["Tactician","Expertise"],"picked":"Acrobatics","floor":1},{"not_picked":["Slice","Outmaneuver"],"picked":"Footwork","floor":3},{"not_picked":["TH:Mimic"],"picked":"TH:CopperCoins","floor":6},{"not_picked":["Deflect","Acrobatics"],"picked":"Footwork","floor":6},{"not_picked":["TH:ElvenBoots"],"picked":"TH:CopperCoins","floor":8},{"not_picked":["Slice","Tactician"],"picked":"After Image","floor":8},{"not_picked":["TH:ElvenBoots"],"picked":"TH:TreasureMap","floor":9},{"not_picked":["Prepared","Dodge and Roll"],"picked":"Underhanded Strike","floor":10},{"not_picked":["TH:Mimic","TH:TreasureMap"],"picked":"SKIP","floor":10},{"not_picked":["Sucker Punch","Cloak And Dagger"],"picked":"Wraith Form v2","floor":14},{"not_picked":["TH:CursedSword","TH:ElvenBoots"],"picked":"SKIP","floor":14},{"not_picked":["Grand Finale","Unload"],"picked":"Venomology","floor":16}],"player_experience":2643571,"relics_obtained":[{"floor":6,"key":"Happy Flower"},{"floor":8,"key":"Old Coin"},{"floor":9,"key":"Ancient Tea Set"},{"floor":10,"key":"Oddly Smooth Stone"},{"floor":14,"key":"Blood Vial"}],"event_choices":[{"cards_removed":["Strike_G"],"damage_healed":0,"gold_gain":0,"player_choice":"Card Removal","damage_taken":0,"max_hp_gain":0,"max_hp_loss":0,"event_name":"The Cleric","floor":2,"gold_loss":75},{"damage_healed":0,"gold_gain":0,"player_choice":"Searched \u00270\u0027 times","damage_taken":0,"max_hp_gain":0,"max_hp_loss":0,"event_name":"Dead Adventurer","floor":12,"gold_loss":0}],"is_beta":false,"boss_relics":[{"not_picked":["WristBlade","SacredBark"],"picked":"Runic Dome"}],"items_purged_floors":[],"is_endless":false,"potions_floor_spawned":[1,6,10,16],"ascension_level":15}}