{"host":"raai0vtvcfkt8csp","time":1614125741,"event":{"mods":["2.2 Compatiblity","BaseMod","Beaked The Cultist","Block Reminder","Booster Modes","Clockwork Mod","Custom Start","DeckTracker","Defective Defect","Defuse TimeMaze Blight","Dio Mod","GifTheSpireLib","Infinite Spire","Minty Spire (QoL Compilation)","Quick Restart","Random Character Button","Rare Cards Sparkle","StSLib","The Marked","Uncapped","Unceasing Turn Reminder"],"gold_per_floor":[118,118,137,112,112,142,142,167,246,281,281,307,307,320,320,419,419,437,387,397,39,59,94,110,110,164,164,13,33,49,77,77,174,174,188,226,238,303,315,339,339],"floor_reached":40,"language":"ENG","playtime":1356,"items_purged":[],"score":729,"play_id":"b465acad-058d-4397-9e18-5f0fa7a234d2","local_time":"20210224011541","daily_mods":["Hoarder","Specialized","Vintage"],"is_ascension_mode":true,"campfire_choices":[{"floor":7,"key":"REST"},{"data":"beaked:Ceremony","floor":11,"key":"SMITH"},{"data":"beaked:Ceremony","floor":15,"key":"SMITH"},{"data":"beaked:Ceremony","floor":25,"key":"SMITH"},{"data":"beaked:LiftOff","floor":27,"key":"SMITH"},{"floor":32,"key":"REST"}],"circlet_count":0,"master_deck":["beaked:Strike_Y","beaked:Strike_Y","beaked:Strike_Y","beaked:Strike_Y","beaked:Strike_Y","beaked:Strike_Y","beaked:Defend_Y","beaked:Defend_Y+1","beaked:Defend_Y","beaked:Defend_Y+1","beaked:Ceremony+1","beaked:Ceremony+1","beaked:Ceremony+1","beaked:WildInstinct","beaked:WildInstinct","beaked:WildInstinct","beaked:WildInstinct","beaked:WildInstinct","beaked:WildInstinct","beaked:WildInstinct","beaked:WildInstinct","beaked:WildInstinct","beaked:WildInstinct","beaked:WildInstinct","beaked:WildInstinct","beaked:WildInstinct","beaked:WildInstinct","beaked:WildInstinct","infinitespire:FutureSight","infinitespire:FutureSight","infinitespire:FutureSight","beaked:BraceForImpact","beaked:BraceForImpact","beaked:BraceForImpact","beaked:DigDeep","beaked:DigDeep","beaked:DigDeep","beaked:LiftOff+1","beaked:LiftOff","beaked:LiftOff","beaked:Insight+1","beaked:Insight+1","beaked:BloodRitual+1","beaked:BloodRitual+1","beaked:BloodRitual+1","beaked:MachineEssence+1","beaked:MachineEssence+1","beaked:MachineEssence+1"],"relics":["beaked:BlessedCoat","War Paint","PreservedInsect","infinitespire:Eraser","StrikeDummy","Mercury Hourglass","Turnip","Nunchaku","Bronze Scales","infinitespire:Satchel","Frozen Egg 2","Shuriken","Boot","Ancient Tea Set","Bottled Lightning","infinitespire:PuzzleCube","Happy Flower","Strawberry","Tiny Chest","Pear","infinitespire:CheckeredPen","HornCleat","SacredBark","MawBank","Potion Belt","Ice Cream","Pantograph"],"acts_visited":["Exordium","TheCity","TheBeyond"],"potions_floor_usage":[20,23,23,31,38],"damage_taken":[{"damage":34,"enemies":"Small Slimes","floor":1,"turns":5},{"damage":0,"enemies":"2 Louse","floor":3,"turns":1},{"damage":13,"enemies":"Gremlin Nob","floor":6,"turns":3},{"damage":0,"enemies":"Lagavulin","floor":8,"turns":2},{"damage":0,"enemies":"3 Sentries","floor":10,"turns":1},{"damage":0,"enemies":"Lagavulin","floor":12,"turns":2},{"damage":0,"enemies":"Cultist","floor":14,"turns":3},{"damage":0,"enemies":"Slime Boss","floor":16,"turns":4},{"damage":30,"enemies":"2 Thieves","floor":18,"turns":3},{"damage":7,"enemies":"3 Byrds","floor":20,"turns":3},{"damage":18,"enemies":"3 Cultists","floor":22,"turns":3},{"damage":7,"enemies":"Book of Stabbing","floor":23,"turns":3},{"damage":2,"enemies":"Cultist and Chosen","floor":24,"turns":4},{"damage":37,"enemies":"Snecko","floor":29,"turns":5},{"damage":16,"enemies":"Shelled Parasite and Fungi","floor":30,"turns":3},{"damage":12,"enemies":"Nightmare","floor":31,"turns":5},{"damage":31,"enemies":"Collector","floor":33,"turns":7},{"damage":45,"enemies":"3 Darklings","floor":35,"turns":4},{"damage":25,"enemies":"2 Orb Walkers","floor":38,"turns":3},{"damage":24,"enemies":"Giant Head","floor":40,"turns":4}],"seed_played":"-5365591614669911484","potions_obtained":[{"floor":3,"key":"PowerPotion"},{"floor":6,"key":"DistilledChaos"},{"floor":12,"key":"SteroidPotion"},{"floor":16,"key":"FairyPotion"},{"floor":22,"key":"Energy Potion"},{"floor":24,"key":"Ancient Potion"},{"floor":30,"key":"Block Potion"},{"floor":31,"key":"Fire Potion"},{"floor":38,"key":"SteroidPotion"}],"is_trial":true,"path_per_floor":["M","?","M","$","?","E","R","E","T","E","R","E","?","M","R","B",null,"M","?","M","$","M","E","M","R","T","R","$","M","M","NM","R","B",null,"M","T","?","?","T","E"],"character_chosen":"BEAKED_THE_CULTIST","items_purchased":["beaked:BraceForImpact","Boot","beaked:Insight+1","Ancient Tea Set","Tiny Chest"],"campfire_rested":2,"item_purchase_floors":[4,21,21,21,28],"current_hp_per_floor":[20,8,8,8,13,5,21,22,22,22,22,24,17,21,21,25,55,26,26,31,31,18,19,23,23,30,30,30,19,15,14,35,25,72,34,34,34,25,25,1,1],"gold":339,"neow_bonus":"","is_daily":false,"chose_seed":false,"campfire_upgraded":4,"win_rate":0.0,"timestamp":1614125741,"path_taken":["M","?","M","$","?","E","R","E","T","E","R","E","?","M","R","BOSS","M","?","?","$","M","E","M","R","T","R","$","M","M","NM","R","BOSS","M","?","?","?","?","E"],"items_purchased_type":["Card","Relic","Card","Relic","Relic"],"build_version":"2020-12-22","purchased_purges":0,"victory":false,"max_hp_per_floor":[50,50,50,50,55,55,55,55,55,55,55,55,55,55,55,55,55,55,55,55,55,55,55,55,55,62,62,62,72,72,72,72,72,72,72,72,72,72,72,72,72],"card_choices":[{"not_picked":["infinitespire:Menacing","infinitespire:SealOfDarkness+"],"picked":"infinitespire:FutureSight","floor":2},{"not_picked":["beaked:Flinch","beaked:Tradeoff"],"picked":"beaked:DigDeep","floor":6},{"not_picked":["beaked:MimicHuntress","beaked:Tweet","beaked:Overpower"],"picked":"SKIP","floor":8},{"not_picked":["beaked:Devastation","beaked:CursingBlood","beaked:Hexing"],"picked":"SKIP","floor":10},{"not_picked":["beaked:MimicHuntress","beaked:MimicWarrior","beaked:Roost"],"picked":"SKIP","floor":12},{"not_picked":["beaked:Brainwash","beaked:Caw"],"picked":"beaked:LiftOff","floor":16},{"not_picked":["beaked:Foresight","beaked:Windmill"],"picked":"beaked:BloodRitual+1","floor":23},{"not_picked":["beaked:Poke","beaked:StunningBlow","beaked:Recite"],"picked":"SKIP","floor":31},{"not_picked":["beaked:Brainwash","beaked:CheekyTricks+1"],"picked":"beaked:MachineEssence+1","floor":33}],"player_experience":1104118,"relics_obtained":[{"floor":1,"key":"War Paint"},{"floor":3,"key":"PreservedInsect"},{"floor":6,"key":"infinitespire:Eraser"},{"floor":8,"key":"StrikeDummy"},{"floor":9,"key":"Mercury Hourglass"},{"floor":10,"key":"Turnip"},{"floor":12,"key":"Nunchaku"},{"floor":14,"key":"infinitespire:Satchel"},{"floor":18,"key":"Frozen Egg 2"},{"floor":20,"key":"Shuriken"},{"floor":22,"key":"Bottled Lightning"},{"floor":23,"key":"infinitespire:PuzzleCube"},{"floor":24,"key":"Happy Flower"},{"floor":26,"key":"Strawberry"},{"floor":29,"key":"Pear"},{"floor":30,"key":"infinitespire:CheckeredPen"},{"floor":31,"key":"HornCleat"},{"floor":35,"key":"MawBank"},{"floor":36,"key":"Potion Belt"},{"floor":38,"key":"Ice Cream"},{"floor":39,"key":"Pantograph"}],"event_choices":[{"damage_healed":0,"gold_gain":0,"player_choice":"Donut","damage_taken":0,"max_hp_gain":5,"max_hp_loss":0,"event_name":"Big Fish","floor":5,"gold_loss":0},{"damage_healed":0,"gold_gain":0,"player_choice":"Success","damage_taken":7,"relics_obtained":["Bronze Scales"],"max_hp_gain":0,"max_hp_loss":0,"event_name":"Scrap Ooze","floor":13,"gold_loss":0},{"damage_healed":0,"gold_gain":0,"player_choice":"Bet on Murderer","damage_taken":0,"max_hp_gain":0,"max_hp_loss":0,"event_name":"The Joust","floor":19,"gold_loss":50},{"cards_removed":["beaked:Insight"],"damage_healed":0,"gold_gain":0,"player_choice":"Removed Power","damage_taken":0,"max_hp_gain":0,"max_hp_loss":0,"event_name":"Falling","floor":37,"gold_loss":0},{"damage_healed":0,"gold_gain":0,"player_choice":"Fight","damage_taken":0,"max_hp_gain":0,"max_hp_loss":0,"event_name":"Mysterious Sphere","floor":38,"gold_loss":0}],"is_beta":false,"boss_relics":[{"not_picked":["Cursed Key","beaked:FlawlessSticks"],"picked":"beaked:BlessedCoat"},{"not_picked":["beaked:SacredDeck","Coffee Dripper"],"picked":"SacredBark"}],"items_purged_floors":[],"is_endless":true,"potions_floor_spawned":[3,6,12,14,16,22,24,30,31,33,38],"killed_by":"Giant Head","ascension_level":1}}