{"host":"g7uq9uzahx9e0kti","time":1614160356,"event":{"mods":["100% Spire Juice","AchievementEnabler","Act Like it!","BaseMod","CapriCore","GungeonMod","Hermit","Koishi","Minty Spire (QoL Compilation)","Permanent Neow","Quick Restart","Replay The Spire","StSLib","SuperFastMode","The Bug Knight","The Cursed","Together in Spire","WarShipGirlsR/??á´Ò³R mod"],"gold_per_floor":[117,135,149,165,185,185,204,204,204,97,11,31,55,72,72,174,54,74,14,14,37,53,53,84,96,96,96,96,21,21,21],"floor_reached":30,"language":"KOR","playtime":903,"items_purged":["Moonworks:Strike"],"score":284,"play_id":"3f779c8b-7cff-42bb-a249-3c601e93f783","local_time":"20210224185236","is_ascension_mode":false,"campfire_choices":[{"data":"Moonworks:Ambush","floor":6,"key":"SMITH"},{"floor":15,"key":"REST"},{"data":"Moonworks:Strike","floor":23,"key":"SMITH"},{"floor":27,"key":"REST"}],"circlet_count":0,"master_deck":["Moonworks:Strike+1","Moonworks:Strike","Moonworks:Strike","Moonworks:Defend","Moonworks:Defend","Moonworks:Defend","Moonworks:Defend","Moonworks:Ambush+1","Moonworks:LongDistanceShot","Moonworks:FullSpeedAlicianrone","Moonworks:NicePresent","Moonworks:ImOnFire","Moonworks:SakisCookie","Moonworks:ImOnFire","Moonworks:JonathanRush+1","Moonworks:JonathanRush+1","Moonworks:AccelHyper","Moonworks:SakisCookie+1","ReplayTheSpireMod:Faulty Equipment","Moonworks:MiracleRedBeanIceCream","Moonworks:IndiscriminateFireSupport+1","Moonworks:JonathanRush+1"],"relics":["Moonworks:SBBomb","Moonworks:Homemark","Tiny Chest","Molten Egg 2","Mirror","Replay:Wax Seal","DemoMod:MonsterBlood","PreservedInsect","Red Mask"],"acts_visited":["Exordium","TheCity"],"potions_floor_usage":[11,11,16,22,24,30],"damage_taken":[{"damage":1,"enemies":"Cultist","floor":1,"turns":3},{"damage":8,"enemies":"Jaw Worm","floor":2,"turns":3},{"damage":0,"enemies":"2 Louse","floor":3,"turns":3},{"damage":4,"enemies":"Red Slaver","floor":4,"turns":3},{"damage":4,"enemies":"Looter","floor":5,"turns":2},{"damage":17,"enemies":"Blue Slaver","floor":7,"turns":2},{"damage":0,"enemies":"2 Fungi Beasts","floor":10,"turns":2},{"damage":23,"enemies":"Lagavulin","floor":11,"turns":3},{"damage":4,"enemies":"Looter","floor":12,"turns":3},{"damage":6,"enemies":"Red Slaver","floor":14,"turns":2},{"damage":0,"enemies":"Slime Boss","floor":16,"turns":8},{"damage":15,"enemies":"Spheric Guardian","floor":18,"turns":3},{"damage":13,"enemies":"Chosen","floor":22,"turns":3},{"damage":2,"enemies":"Masked Bandits","floor":24,"turns":2},{"damage":47,"enemies":"Sentry and Sphere","floor":25,"turns":4},{"damage":28,"enemies":"Snake Plant","floor":30,"turns":2}],"seed_played":"3378680445876088383","potions_obtained":[{"floor":3,"key":"EssenceOfSteel"},{"floor":5,"key":"Strength Potion"},{"floor":7,"key":"Explosive Potion"},{"floor":11,"key":"BlessingOfTheForge"},{"floor":16,"key":"Regen Potion"},{"floor":25,"key":"ColorlessPotion"}],"is_trial":false,"path_per_floor":["M","M","M","M","M","R","M","?","T","M","E","M","T","M","R","B",null,"M","?","?","T","M","R","?","M","T","R","?","$","M"],"character_chosen":"THE_STARBREAKER","items_purchased":[],"campfire_rested":2,"item_purchase_floors":[],"current_hp_per_floor":[59,51,51,47,43,43,26,31,31,33,12,8,8,2,20,20,60,45,45,52,52,53,53,51,14,14,34,22,22,0,0],"gold":21,"neow_bonus":"RANDOM_COMMON_RELIC","is_daily":false,"chose_seed":false,"campfire_upgraded":2,"win_rate":0.0,"timestamp":1614160356,"path_taken":["M","?","M","M","M","R","M","?","T","M","E","?","?","?","R","BOSS","M","?","?","?","?","R","?","M","T","R","?","$","M"],"items_purchased_type":[],"build_version":"2020-12-22","purchased_purges":1,"victory":false,"max_hp_per_floor":[60,60,60,60,60,60,60,60,60,60,60,60,60,60,60,60,60,60,60,67,67,67,67,67,67,67,67,72,72,72,72],"card_choices":[{"not_picked":["Moonworks:BigMagnum","Moonworks:TacticalRetreat","Moonworks:Flamethrower"],"picked":"SKIP","floor":1},{"not_picked":["Moonworks:Dinner","Moonworks:Assault"],"picked":"Moonworks:FullSpeedAlicianrone","floor":2},{"not_picked":["Moonworks:IndiscriminateFireSupport","Moonworks:LulusLuckyEgg"],"picked":"Moonworks:NicePresent","floor":3},{"not_picked":["Moonworks:MixPhenomenon","Moonworks:ReproductionOfRecords"],"picked":"Moonworks:ImOnFire","floor":4},{"not_picked":["Moonworks:Accelerator","Moonworks:CloudOfSeagulls"],"picked":"Moonworks:LulusLuckyEgg","floor":5},{"not_picked":["Moonworks:CloudOfSeagulls","Moonworks:NicePresent"],"picked":"Moonworks:SakisCookie","floor":7},{"not_picked":["Moonworks:CloudOfSeagulls+1","Moonworks:LulusLuckyEgg"],"picked":"Moonworks:ImOnFire","floor":10},{"not_picked":["Moonworks:ForcedRevival","Moonworks:LuckyCharm","Moonworks:IndiscriminateFireSupport+1"],"picked":"SKIP","floor":11},{"not_picked":["Moonworks:CloudOfSeagulls+1","Moonworks:SakisCookie"],"picked":"Moonworks:JonathanRush+1","floor":12},{"not_picked":["Moonworks:LulusLuckyEgg","Moonworks:ImmovableObject"],"picked":"Moonworks:JonathanRush+1","floor":14},{"not_picked":["Moonworks:Accelerator","Moonworks:SubspaceTunnel"],"picked":"Moonworks:AccelHyper","floor":16},{"not_picked":["Moonworks:DeployBits","Moonworks:ImOnFire+1"],"picked":"Moonworks:SakisCookie+1","floor":18},{"not_picked":["Moonworks:RedAndBlue","Moonworks:SakisCookie+1"],"picked":"Moonworks:MiracleRedBeanIceCream","floor":22},{"not_picked":["Moonworks:Bloodlust+1","Moonworks:BigMagnum+1"],"picked":"Moonworks:IndiscriminateFireSupport+1","floor":24},{"not_picked":["Moonworks:CastOff","Moonworks:Assault+1"],"picked":"Moonworks:JonathanRush+1","floor":25}],"player_experience":150185,"relics_obtained":[{"floor":9,"key":"Molten Egg 2"},{"floor":11,"key":"Mirror"},{"floor":13,"key":"Replay:Wax Seal"},{"floor":21,"key":"PreservedInsect"},{"floor":24,"key":"Red Mask"}],"event_choices":[{"cards_removed":["Moonworks:LulusLuckyEgg"],"damage_healed":5,"gold_gain":0,"player_choice":"Offered Common","damage_taken":0,"max_hp_gain":0,"max_hp_loss":0,"event_name":"Bonfire Elementals","floor":8,"gold_loss":0},{"cards_removed":["Moonworks:LulusLuckyEgg"],"damage_healed":5,"gold_gain":0,"player_choice":"Offered Special","damage_taken":0,"max_hp_gain":0,"max_hp_loss":0,"event_name":"Bonfire Elementals","floor":8,"gold_loss":0},{"damage_healed":0,"gold_gain":0,"player_choice":"Fought Bandits","damage_taken":0,"max_hp_gain":0,"max_hp_loss":0,"event_name":"Masked Bandits","floor":24,"gold_loss":0},{"damage_healed":0,"gold_gain":0,"player_choice":"Shed Blood","damage_taken":17,"max_hp_gain":5,"max_hp_loss":0,"event_name":"Forgotten Altar","floor":28,"gold_loss":0}],"is_beta":false,"boss_relics":[{"not_picked":["ChewingGum","Calling Bell"],"picked":"Moonworks:SBBomb"}],"items_purged_floors":[29],"is_endless":false,"potions_floor_spawned":[3,5,7,10,11,16,25],"killed_by":"Snake Plant","ascension_level":0}}