{"host":"ja7oz5ga8zh2u8it","time":1614157027,"event":{"mods":["Aspiration","BaseMod","Downfall","Hermit","Infinite Spire","Mimic Mod","Minty Spire (QoL Compilation)","Replay The Spire","StSLib","The Jungle"],"gold_per_floor":[131,54,54,89,120,120,194,194,265,276,276,276,320,320,320,508,508,553,553,581,617,388,388,358,358,358,358,391,420,490,490,490,672,672,706,724,742,874,702,702,702,702,702,744,773,844,844,875,875,981,1081,1114,1123,488,502,516,516,516,535,565,565,565,565,565,583,583,664,664,672,672,372,403,442,442,465,465,465,564,564,562,579,888,888,982,982,980,980,980,1007,778,796,796,800,800,824,842,842,842,845,845,987,987,1015,1015,1015,1034,976,1000,694,694,694,719,719,740,748,761,825,983,983,995,976,1126,830,845,845,862,862,885,913,913,913,927,946,946,1092,1092,1089,604,620,612,643,653,653,653,670,670,758,760,760,759,759,888,888,888],"floor_reached":153,"language":"ENG","playtime":7357,"items_purged":["infinitespire:Pacifist","hermit:Defend_Hermit","hermit:Strike_Hermit","hermit:Feint+1"],"score":3104,"play_id":"58a30f2d-1c25-4534-ac43-9ded36e56683","local_time":"20210224035707","is_ascension_mode":false,"campfire_choices":[{"data":"hermit:Manifest","floor":6.0,"key":"SMITH"},{"data":"hermit:GoldenBullet","floor":8.0,"key":"SMITH"},{"data":"hermit:DeadOrAlive","floor":11.0,"key":"SMITH"},{"data":"ReplayTheSpireMod:Chaos Vortex","floor":15.0,"key":"SMITH"},{"data":"hermit:ShadowCloak","floor":23.0,"key":"SMITH"},{"data":"hermit:Magnum","floor":25.0,"key":"SMITH"},{"data":"hermit:ShadowCloak","floor":27.0,"key":"SMITH"},{"data":"hermit:Roulette","floor":32.0,"key":"SMITH"},{"data":"hermit:Midnight","floor":40.0,"key":"SMITH"},{"data":"infinitespire:NeuralNetwork","floor":47.0,"key":"SMITH"},{"data":"hermit:FinalCanter","floor":49.0,"key":"SMITH"},{"data":"hermit:Scavenge","floor":62.0,"key":"SMITH"},{"data":"hermit:Brawl","floor":64.0,"key":"SMITH"},{"data":"hermit:Malice","floor":66.0,"key":"SMITH"},{"data":"hermit:Grudge","floor":74.0,"key":"SMITH"},{"data":"hermit:Desperado","floor":74.0,"key":"SMITH"},{"data":"hermit:Covet","floor":76.0,"key":"SMITH"},{"data":"hermit:Snapshot","floor":76.0,"key":"SMITH"},{"data":"hermit:Coalescence","floor":79.0,"key":"SMITH"},{"data":"hermit:Scavenge","floor":79.0,"key":"SMITH"},{"data":"hermit:Feint","floor":83.0,"key":"SMITH"},{"data":"hermit:TrackingShot","floor":83.0,"key":"SMITH"},{"floor":100.0,"key":"RECALL"},{"floor":113.0,"key":"DIG"},{"floor":125.0,"key":"DIG"},{"floor":134.0,"key":"DIG"},{"floor":143.0,"key":"DIG"},{"data":"1","floor":146.0,"key":"LIFT"},{"data":"2","floor":151.0,"key":"LIFT"}],"circlet_count":0,"master_deck":["hermit:Covet+1","hermit:DeadOrAlive+1","hermit:GoldenBullet+1","hermit:Scavenge+1","hermit:Manifest+1","hermit:Scavenge+1","hermit:ShadowCloak+1","Regret","hermit:Magnum+1","Injury","CommonCold","Decay","hermit:Desperado+1","Parasite","hermit:ShadowCloak+1","hermit:Midnight+1","hermit:Midnight+1","hermit:Roulette+1","hermit:FinalCanter+1","infinitespire:NeuralNetwork+1","hermit:Coalescence+1","Shame","hermit:Manifest+1","hermit:Brawl+1","hermit:Malice+1","hermit:Grudge+1","hermit:TrackingShot+1","hermit:Cheat+1","hermit:Reprieve+1","Pain","infinitespire:Gouge+1","hermit:Manifest+1","Languid","hermit:Maintenance+1","Writhe","Looming Evil","hermit:Manifest+1","ReplayTheSpireMod:Echoes of Time+1","hermit:Desperado+1","hermit:Dissolve+1"],"relics":["hermit:Momento","aspiration:FetidBarrel","Replay:WaspNest","aspiration:FrozenJewel","Replay:Ancient Bell","Anchor","Mirror","hermit:CharredGlove","Chemical X","ReplayTheSpireMod:CursedCoin","infinitespire:FocusingShard","infinitespire:Beetle Shell","CultistMask","Busted Crown","TungstenRod","Golden Egg","Pen Nib","Singing Bowl","Replay:Wanted Poster","Chameleon Ring","Toolbox","Replay:Ringing Soul","Toxic Egg 2","Replay:PocketPolymizer","SacredBark","Replay:Arrowhead","Happy Flower","Pantograph","Old Coin","aspiration:RitualDagger","Orichalcum","WarpedTongs","ReplayTheSpireMod:ShopPack","ReplayTheSpireMod:Ring of Collecting","Ring of Fury","infinitespire:Lychee Nut","Oddly Smooth Stone","infinitespire:Joker Card","aspiration:AnachronicSnailShell","Replay:Multitool","infinitespire:Magic Flask","aspiration:SecretTechniqueScroll","Shuriken","aspiration:HatOfInfinitePower","StrikeDummy","PreservedInsect","Ring of Peace","Replay:Rubber Ducky","Shovel","Garlic","ReplayTheSpireMod:SealedPack","Bottled Tornado","infinitespire:Lucky Rock","Girya","ReplayTheSpireMod:Lightbulb","Darkstone Periapt","Bird Faced Urn","ReplayTheSpireMod:Ring of Challenge","Gambling Chip","aspiration:PoetsPen_weak"],"acts_visited":["Exordium","TheCity","TheBeyond","Exordium","TheCity","TheBeyond","Exordium","Exordium","TheBeyond"],"potions_floor_usage":[],"damage_taken":[{"damage":1.0,"enemies":"Jaw Worm","floor":1.0,"turns":3.0},{"damage":6.0,"enemies":"2 Louse","floor":4.0,"turns":2.0},{"damage":0.0,"enemies":"Cultist","floor":5.0,"turns":4.0},{"damage":21.0,"enemies":"Gremlin Nob","floor":7.0,"turns":5.0},{"damage":0.0,"enemies":"Blue Slaver","floor":10.0,"turns":4.0},{"damage":0.0,"enemies":"Exordium Thugs","floor":13.0,"turns":5.0},{"damage":7.0,"enemies":"The Guardian","floor":16.0,"turns":22.0},{"damage":0.0,"enemies":"Shell Parasite","floor":18.0,"turns":8.0},{"damage":0.0,"enemies":"Chosen","floor":20.0,"turns":4.0},{"damage":8.0,"enemies":"Sentry and Sphere","floor":21.0,"turns":3.0},{"damage":0.0,"enemies":"Snecko","floor":28.0,"turns":3.0},{"damage":0.0,"enemies":"Snake Plant","floor":29.0,"turns":2.0},{"damage":2.0,"enemies":"Gremlin Leader","floor":30.0,"turns":7.0},{"damage":23.0,"enemies":"Collector","floor":33.0,"turns":11.0},{"damage":9.0,"enemies":"3 Shapes","floor":35.0,"turns":5.0},{"damage":0.0,"enemies":"3 Darklings","floor":36.0,"turns":5.0},{"damage":1.0,"enemies":"Transient","floor":37.0,"turns":5.0},{"damage":13.0,"enemies":"infinitespire:Three Voidlings","floor":38.0,"turns":6.0},{"damage":4.0,"enemies":"Nightmare_Alpha","floor":38.0,"turns":18.0},{"damage":18.0,"enemies":"Nemesis","floor":44.0,"turns":7.0},{"damage":0.0,"enemies":"Spire Growth","floor":45.0,"turns":5.0},{"damage":0.0,"enemies":"Sphere and 2 Shapes","floor":48.0,"turns":3.0},{"damage":2.0,"enemies":"Replay:Hell Engine","floor":50.0,"turns":10.0},{"damage":0.0,"enemies":"Cultist","floor":52.0,"turns":2.0},{"damage":0.0,"enemies":"Small Slimes","floor":53.0,"turns":2.0},{"damage":0.0,"enemies":"Jaw Worm","floor":55.0,"turns":1.0},{"damage":0.0,"enemies":"3 Louse","floor":56.0,"turns":1.0},{"damage":0.0,"enemies":"Gremlin Nob","floor":59.0,"turns":2.0},{"damage":0.0,"enemies":"Lots of Slimes","floor":60.0,"turns":8.0},{"damage":0.0,"enemies":"Lots of Slimes","floor":65.0,"turns":2.0},{"damage":0.0,"enemies":"The Guardian","floor":67.0,"turns":8.0},{"damage":0.0,"enemies":"Spheric Guardian","floor":69.0,"turns":1.0},{"damage":0.0,"enemies":"Shell Parasite","floor":72.0,"turns":2.0},{"damage":0.0,"enemies":"Cultist and Chosen","floor":73.0,"turns":8.0},{"damage":7.0,"enemies":"Cultist and Chosen","floor":75.0,"turns":4.0},{"damage":0.0,"enemies":"Snecko","floor":80.0,"turns":3.0},{"damage":0.0,"enemies":"Centurion and Healer","floor":81.0,"turns":2.0},{"damage":0.0,"enemies":"Gremlin Leader","floor":82.0,"turns":4.0},{"damage":0.0,"enemies":"Champ","floor":84.0,"turns":4.0},{"damage":4.0,"enemies":"3 Darklings","floor":86.0,"turns":2.0},{"damage":4.0,"enemies":"Orb Walker","floor":89.0,"turns":2.0},{"damage":14.0,"enemies":"Spire Growth","floor":91.0,"turns":4.0},{"damage":19.0,"enemies":"Transient","floor":93.0,"turns":5.0},{"damage":4.0,"enemies":"Sphere and 2 Shapes","floor":95.0,"turns":2.0},{"damage":23.0,"enemies":"Nightmare","floor":96.0,"turns":5.0},{"damage":30.0,"enemies":"4 Shapes","floor":99.0,"turns":3.0},{"damage":67.0,"enemies":"infinitespire:MassOfShapes","floor":101.0,"turns":7.0},{"damage":4.0,"enemies":"Small Slimes","floor":103.0,"turns":2.0},{"damage":16.0,"enemies":"Jaw Worm","floor":106.0,"turns":2.0},{"damage":28.0,"enemies":"Lagavulin","floor":108.0,"turns":3.0},{"damage":4.0,"enemies":"Replay:BlueRogue","floor":112.0,"turns":2.0},{"damage":2.0,"enemies":"2 Louse","floor":114.0,"turns":1.0},{"damage":2.0,"enemies":"Large Slime","floor":115.0,"turns":1.0},{"damage":5.0,"enemies":"Looter","floor":116.0,"turns":2.0},{"damage":4.0,"enemies":"Slime Boss","floor":118.0,"turns":2.0},{"damage":8.0,"enemies":"theJungle:5_Spyders","floor":120.0,"turns":4.0},{"damage":8.0,"enemies":"JungleHuntersEvent","floor":121.0,"turns":4.0},{"damage":2.0,"enemies":"theJungle:GiantWrat","floor":124.0,"turns":1.0},{"damage":12.0,"enemies":"theJungle:2_Flameangoes","floor":126.0,"turns":3.0},{"damage":10.0,"enemies":"theJungle:Lyon","floor":129.0,"turns":3.0},{"damage":0.0,"enemies":"Snake Plant","floor":132.0,"turns":1.0},{"damage":4.0,"enemies":"theJungle:2_Flameangoes","floor":133.0,"turns":3.0},{"damage":39.0,"enemies":"theJungle:TotemBoss","floor":135.0,"turns":4.0},{"damage":17.0,"enemies":"3 Darklings","floor":137.0,"turns":4.0},{"damage":6.0,"enemies":"3 Shapes","floor":139.0,"turns":4.0},{"damage":13.0,"enemies":"Transient","floor":140.0,"turns":5.0},{"damage":49.0,"enemies":"Mind Bloom Boss Battle","floor":141.0,"turns":6.0},{"damage":6.0,"enemies":"R_Hoarder","floor":142.0,"turns":4.0},{"damage":6.0,"enemies":"Jaw Worm Horde","floor":145.0,"turns":4.0},{"damage":70.0,"enemies":"2 Orb Walkers","floor":147.0,"turns":4.0},{"damage":4.0,"enemies":"Jaw Worm Horde","floor":148.0,"turns":3.0},{"damage":6.0,"enemies":"Spire Growth","floor":150.0,"turns":4.0},{"damage":14.0,"enemies":"Replay:Hell Engine","floor":152.0,"turns":8.0}],"seed_played":"2093801690581580755","potions_obtained":[{"floor":7.0,"key":"Energy Potion"},{"floor":13.0,"key":"Ancient Potion"},{"floor":16.0,"key":"DistilledChaos"},{"floor":28.0,"key":"Adrenaline Potion"},{"floor":30.0,"key":"Explosive Potion"},{"floor":37.0,"key":"ColorlessPotion"},{"floor":44.0,"key":"LifebloodPotion"},{"floor":52.0,"key":"FearPotion"},{"floor":57.0,"key":"Death Potion"},{"floor":57.0,"key":"bronze:BurnAndBuffPotion"},{"floor":65.0,"key":"Ancient Potion"},{"floor":72.0,"key":"Doom Potion"},{"floor":84.0,"key":"Weak Potion"},{"floor":91.0,"key":"hermit:Tonic"},{"floor":92.0,"key":"SteroidPotion"},{"floor":92.0,"key":"Death Potion"},{"floor":93.0,"key":"AttackPotion"},{"floor":95.0,"key":"Slimebound:ThreeZeroPotion"},{"floor":96.0,"key":"Fruit Juice"},{"floor":98.0,"key":"FairyPotion"},{"floor":98.0,"key":"Ancient Potion"},{"floor":106.0,"key":"SteroidPotion"},{"floor":110.0,"key":"Reflective Coating"},{"floor":118.0,"key":"PowerPotion"},{"floor":121.0,"key":"Explosive Potion"},{"floor":140.0,"key":"Toxic Potion"},{"floor":147.0,"key":"hexamod:SoulburnPotion"},{"floor":149.0,"key":"EssenceOfSteel"},{"floor":152.0,"key":"PowerPotion"}],"is_trial":false,"path_per_floor":["M","$","?","M","M","R","E","R","T","M","R","?","M","?","R","B",null,"M","?","M","M","$","R","$","R","T","R","M","M","E","?","R","B",null,"M","M","M","?","$","R","?","?","T","E","M","T","R","M","R","B",null,"M","M","$","M","M","R","?","E","MIM","?","R","$","R","M","R","B",null,"M","?","$","M","MIM","R","M","R","T","?","R","M","M","E","R","B",null,"M","AVR","?","M","$","M","R","M","T","M","NM","$","R","M","R","B",null,"M","?","?","M","?","E","$","R","T","E","R","M","M","M","R","B",null,"M","?","?","$","M","R","M","?","T","M","AVR","?","M","M","R","B",null,"M","$","M","M","?","E","R","$","MIM","R","?","M","?","M","R","B",null],"character_chosen":"HERMIT","items_purchased":["hermit:GoldenBullet","Chemical X","ReplayTheSpireMod:CursedCoin","hermit:ShadowCloak","hermit:Coalescence","Chameleon Ring","Toolbox","Replay:Ringing Soul","Replay:Arrowhead","Cursed Concoction","ReplayTheSpireMod:ShopPack","infinitespire:Joker Card","aspiration:HatOfInfinitePower","Bottled Tornado","infinitespire:Lucky Rock","FairyPotion"],"campfire_rested":0,"item_purchase_floors":[2,22,24,24,39,54,54,54,71,90,90,109,123,138,138,138],"current_hp_per_floor":[74,74,74,68,68,68,47,47,47,47,47,22,22,22,22,15,75,75,75,75,67,67,67,67,67,67,67,67,67,65,65,65,42,75,66,66,65,61,61,61,61,61,61,43,43,43,43,45,45,45,79,81,83,83,85,87,87,92,95,97,97,100,100,103,105,108,110,110,113,113,113,116,118,121,116,119,119,119,122,124,126,128,131,140,142,140,140,143,141,147,157,157,140,140,138,133,133,133,105,105,65,183,181,181,184,170,142,120,120,123,123,124,124,124,124,124,127,153,160,159,159,159,159,159,159,154,154,154,151,154,157,159,162,162,164,193,181,181,184,179,156,162,165,165,168,168,112,119,119,125,125,153,219,219],"gold":888,"neow_bonus":"ONE_RANDOM_RARE_CARD","is_daily":false,"chose_seed":false,"campfire_upgraded":22,"win_rate":0.0,"timestamp":1614157027,"path_taken":["M","$","?","M","M","R","E","R","T","M","R","?","M","?","R","BOSS","M","?","?","M","$","R","$","R","T","R","M","M","E","?","R","BOSS","M","M","M","?","$","R","?","?","T","E","?","?","R","M","R","BOSS","M","M","$","M","?","R","?","E","MIM","?","R","$","R","?","R","BOSS","M","?","$","M","?","R","M","R","T","?","R","?","M","E","R","BOSS","M","AVR","?","?","$","M","R","M","T","M","NM","$","R","M","R","BOSS","M","?","?","M","?","E","$","R","T","E","R","M","M","M","R","BOSS","M","?","?","$","M","R","M","?","T","M","AVR","?","M","M","R","BOSS","M","$","M","M","?","E","R","$","MIM","R","?","M","?","M","R","BOSS"],"items_purchased_type":["Card","Relic","Relic","Card","Card","Relic","Relic","Relic","Relic","Potion","Relic","Relic","Relic","Relic","Relic","Potion"],"build_version":"2020-12-22","purchased_purges":4,"victory":false,"max_hp_per_floor":[75,75,75,75,75,75,75,75,75,75,75,75,75,75,75,75,75,75,75,75,75,75,75,75,75,75,75,75,75,75,75,75,75,75,75,75,75,75,75,75,75,75,75,75,75,75,75,77,77,79,79,81,83,83,85,87,87,92,95,97,97,100,100,103,105,108,110,110,113,113,113,116,118,121,123,126,126,126,129,131,133,135,138,140,142,144,144,147,149,155,157,157,159,159,161,179,179,179,181,181,183,183,185,185,188,190,142,144,144,147,147,149,149,151,153,155,158,160,160,162,164,164,164,166,166,168,168,168,170,173,176,178,180,180,182,193,195,195,198,200,202,204,207,207,210,210,212,214,214,216,216,219,219,219],"card_choices":[{"not_picked":["hermit:Feint","hermit:Snipe","hermit:Determination"],"picked":"SKIP","floor":1.0},{"not_picked":["hermit:BigShot","hermit:ItchyTrigger"],"picked":"hermit:Feint","floor":4.0},{"not_picked":["hermit:SprayPray","hermit:Snipe"],"picked":"hermit:Manifest","floor":5.0},{"not_picked":["hermit:Snipe","hermit:Determination"],"picked":"hermit:Scavenge","floor":7.0},{"not_picked":["hermit:Shortfuse","hermit:Coalescence","hermit:Vantage"],"picked":"SKIP","floor":10.0},{"not_picked":["hermit:ItchyTrigger","hermit:Snipe"],"picked":"hermit:ShadowCloak","floor":13.0},{"not_picked":["infinitespire:TheBestDefense","infinitespire:UltimateForm"],"picked":"ReplayTheSpireMod:Chaos Vortex","floor":14.0},{"not_picked":["hermit:BlackWind","hermit:HeroicBravado"],"picked":"hermit:Magnum","floor":16.0},{"not_picked":["Hallucinations","Shame"],"picked":"Injury","floor":17.0},{"not_picked":["infinitespire:Pacifist","Overencumbered"],"picked":"CommonCold","floor":17.0},{"not_picked":["infinitespire:Pacifist","Sickly"],"picked":"Decay","floor":17.0},{"not_picked":["hermit:EyeOfTheStorm","hermit:ItchyTrigger+1","hermit:Glare"],"picked":"SKIP","floor":18.0},{"not_picked":["hermit:CalledShot","hermit:Glare","hermit:LoneWolf"],"picked":"SKIP","floor":20.0},{"not_picked":["hermit:Ricochet","hermit:HighCaliber"],"picked":"hermit:Desperado","floor":21.0},{"not_picked":["hermit:TakeAim","hermit:WideOpen+1"],"picked":"hermit:Midnight+1","floor":28.0},{"not_picked":["hermit:Snipe+1","hermit:Vantage"],"picked":"hermit:Midnight","floor":29.0},{"not_picked":["hermit:EyeOfTheStorm+1","hermit:Cheat"],"picked":"hermit:Roulette","floor":30.0},{"not_picked":["hermit:BlackWind","hermit:OverwhelmingPower"],"picked":"hermit:FinalCanter","floor":33.0},{"not_picked":["hermit:GhostlyPresence"],"picked":"SKIP","floor":35.0},{"not_picked":["hermit:TrackingShot"],"picked":"SKIP","floor":36.0},{"not_picked":["hermit:CalledShot+1"],"picked":"SKIP","floor":37.0},{"not_picked":["infinitespire:Oblivion","ReplayTheSpireMod:Haul"],"picked":"infinitespire:NeuralNetwork","floor":38.0},{"not_picked":["hermit:BigShot+1"],"picked":"SKIP","floor":44.0},{"not_picked":["hermit:Headshot"],"picked":"SKIP","floor":45.0},{"not_picked":["hermit:Quickdraw"],"picked":"Singing Bowl","floor":48.0},{"not_picked":["hermit:EternalForm"],"picked":"Singing Bowl","floor":50.0},{"not_picked":["hermit:TakeCover"],"picked":"Singing Bowl","floor":52.0},{"not_picked":["hermit:Headshot"],"picked":"Singing Bowl","floor":53.0},{"not_picked":["hermit:WideOpen"],"picked":"Singing Bowl","floor":55.0},{"not_picked":["hermit:Vantage"],"picked":"Singing Bowl","floor":56.0},{"not_picked":[],"picked":"hermit:Manifest+1","floor":59.0},{"not_picked":["hermit:Coalescence+1"],"picked":"Singing Bowl","floor":60.0},{"not_picked":["hermit:Dive+1"],"picked":"Singing Bowl","floor":65.0},{"not_picked":["hermit:Purgatory"],"picked":"Singing Bowl","floor":67.0},{"not_picked":[],"picked":"hermit:Feint+1","floor":69.0},{"not_picked":[],"picked":"hermit:Grudge","floor":72.0},{"not_picked":["hermit:Misfire+1"],"picked":"Singing Bowl","floor":73.0},{"not_picked":["hermit:CalledShot"],"picked":"Singing Bowl","floor":75.0},{"not_picked":["hermit:Vantage+1"],"picked":"Singing Bowl","floor":80.0},{"not_picked":["hermit:Showdown"],"picked":"Singing Bowl","floor":81.0},{"not_picked":["hermit:FullyLoaded+1"],"picked":"Singing Bowl","floor":82.0},{"not_picked":["hermit:FromBeyond+1"],"picked":"Singing Bowl","floor":84.0},{"not_picked":["Replay:Fractal Strike","infinitespire:Punishment","infinitespire:DeathsTouch"],"picked":"Singing Bowl","floor":85.0},{"not_picked":["hermit:TrackingShot"],"picked":"Singing Bowl","floor":86.0},{"not_picked":["hermit:Malice+1"],"picked":"Singing Bowl","floor":89.0},{"not_picked":["ReplayTheSpireMod:Brewmster"],"picked":"Singing Bowl","floor":90.0},{"not_picked":["Replay:Parry"],"picked":"Singing Bowl","floor":90.0},{"not_picked":["Trip"],"picked":"Singing Bowl","floor":90.0},{"not_picked":["hermit:Brawl+1"],"picked":"Singing Bowl","floor":91.0},{"not_picked":["hermit:BodyArmor+1"],"picked":"Singing Bowl","floor":93.0},{"not_picked":["hermit:NoHoldsBarred"],"picked":"Singing Bowl","floor":95.0},{"not_picked":["ReplayTheSpireMod:Book of Names","infinitespire:FinalStrike"],"picked":"infinitespire:Gouge","floor":96.0},{"not_picked":[],"picked":"hermit:Manifest+1","floor":96.0},{"not_picked":["hermit:GhostlyPresence+1"],"picked":"Singing Bowl","floor":99.0},{"not_picked":["hermit:FatalDesire"],"picked":"Singing Bowl","floor":101.0},{"not_picked":["hermit:Combo"],"picked":"Singing Bowl","floor":103.0},{"not_picked":["hermit:PistolWhip"],"picked":"Singing Bowl","floor":106.0},{"not_picked":["hermit:Virtue+1"],"picked":"Singing Bowl","floor":108.0},{"not_picked":["hermit:Combo"],"picked":"Singing Bowl","floor":112.0},{"not_picked":["hermit:CalledShot"],"picked":"Singing Bowl","floor":114.0},{"not_picked":["hermit:Vantage+1"],"picked":"Singing Bowl","floor":115.0},{"not_picked":["hermit:Glare+1"],"picked":"Singing Bowl","floor":116.0},{"not_picked":["hermit:Magnum"],"picked":"Singing Bowl","floor":118.0},{"not_picked":["hermit:Feint+1"],"picked":"Singing Bowl","floor":120.0},{"not_picked":["hermit:ShadowCloak"],"picked":"Singing Bowl","floor":121.0},{"not_picked":["hermit:TrackingShot"],"picked":"Singing Bowl","floor":124.0},{"not_picked":["hermit:Scavenge+1"],"picked":"Singing Bowl","floor":126.0},{"not_picked":["hermit:TakeAim+1"],"picked":"Singing Bowl","floor":129.0},{"not_picked":["hermit:WideOpen+1"],"picked":"Singing Bowl","floor":132.0},{"not_picked":["hermit:TrackingShot+1"],"picked":"Singing Bowl","floor":133.0},{"not_picked":["hermit:Reprieve+1"],"picked":"Singing Bowl","floor":135.0},{"not_picked":["Slimebound:CorrosiveSpit"],"picked":"Singing Bowl","floor":136.0},{"not_picked":["hermit:Magnum"],"picked":"Singing Bowl","floor":136.0},{"not_picked":["Mind Blast"],"picked":"Singing Bowl","floor":136.0},{"not_picked":["ReplayTheSpireMod:Black Plague"],"picked":"Singing Bowl","floor":136.0},{"not_picked":["hermit:Snipe+1"],"picked":"Singing Bowl","floor":137.0},{"not_picked":[],"picked":"hermit:Manifest+1","floor":139.0},{"not_picked":["hermit:Dive+1"],"picked":"Singing Bowl","floor":140.0},{"not_picked":["hermit:HoleUp+1"],"picked":"Singing Bowl","floor":141.0},{"not_picked":["hermit:Vantage+1"],"picked":"Singing Bowl","floor":142.0},{"not_picked":[],"picked":"hermit:Desperado+1","floor":145.0},{"not_picked":["hermit:DeadMansHand+1"],"picked":"Singing Bowl","floor":147.0},{"not_picked":["hermit:Magnum"],"picked":"Singing Bowl","floor":148.0},{"not_picked":["hermit:Glare+1"],"picked":"Singing Bowl","floor":150.0},{"not_picked":[],"picked":"hermit:Dissolve+1","floor":152.0}],"player_experience":356765,"relics_obtained":[{"floor":7.0,"key":"aspiration:FetidBarrel"},{"floor":9.0,"key":"Replay:WaspNest"},{"floor":26.0,"key":"infinitespire:FocusingShard"},{"floor":30.0,"key":"infinitespire:Beetle Shell"},{"floor":38.0,"key":"TungstenRod"},{"floor":43.0,"key":"Golden Egg"},{"floor":44.0,"key":"Pen Nib"},{"floor":46.0,"key":"Singing Bowl"},{"floor":59.0,"key":"Toxic Egg 2"},{"floor":60.0,"key":"Replay:PocketPolymizer"},{"floor":73.0,"key":"Happy Flower"},{"floor":77.0,"key":"Pantograph"},{"floor":82.0,"key":"Old Coin"},{"floor":105.0,"key":"ReplayTheSpireMod:Ring of Collecting"},{"floor":105.0,"key":"Ring of Fury"},{"floor":108.0,"key":"Oddly Smooth Stone"},{"floor":111.0,"key":"aspiration:AnachronicSnailShell"},{"floor":112.0,"key":"Replay:Multitool"},{"floor":113.0,"key":"infinitespire:Magic Flask"},{"floor":121.0,"key":"Shuriken"},{"floor":125.0,"key":"StrikeDummy"},{"floor":128.0,"key":"PreservedInsect"},{"floor":128.0,"key":"Ring of Peace"},{"floor":134.0,"key":"Garlic"},{"floor":141.0,"key":"Girya"},{"floor":142.0,"key":"ReplayTheSpireMod:Lightbulb"},{"floor":143.0,"key":"Darkstone Periapt"},{"floor":145.0,"key":"Bird Faced Urn"},{"floor":145.0,"key":"ReplayTheSpireMod:Ring of Challenge"},{"floor":147.0,"key":"Gambling Chip"}],"event_choices":[{"damage_healed":0.0,"max_hp_gain":0.0,"max_hp_loss":0.0,"gold_gain":0.0,"cards_transformed":["hermit:Strike_Hermit"],"event_name":"Living Wall","player_choice":"Change","floor":3.0,"gold_loss":0.0,"damage_taken":0.0,"cards_obtained":["hermit:Scavenge"]},{"damage_healed":0.0,"max_hp_gain":0.0,"max_hp_loss":0.0,"gold_gain":0.0,"event_name":"Scrap Ooze","player_choice":"Success","floor":12.0,"gold_loss":0.0,"damage_taken":25.0,"relics_obtained":["aspiration:FrozenJewel"]},{"damage_healed":0.0,"max_hp_gain":0.0,"max_hp_loss":0.0,"gold_gain":0.0,"event_name":"Wheel of Change","player_choice":"Full Heal","floor":19.0,"gold_loss":0.0,"damage_taken":0.0},{"damage_healed":0.0,"max_hp_gain":0.0,"max_hp_loss":0.0,"gold_gain":0.0,"event_name":"FaceTrader","player_choice":"Trade","floor":31.0,"gold_loss":0.0,"damage_taken":0.0,"relics_obtained":["CultistMask"]},{"damage_healed":0.0,"max_hp_gain":0.0,"max_hp_loss":0.0,"gold_gain":0.0,"event_name":"SensoryStone","player_choice":"Memory 1","floor":41.0,"gold_loss":0.0,"damage_taken":0.0},{"cards_removed":["hermit:Defend_Hermit"],"damage_healed":0.0,"max_hp_gain":0.0,"max_hp_loss":0.0,"gold_gain":0.0,"event_name":"NoteForYourself","player_choice":"Took Card","floor":42.0,"gold_loss":0.0,"damage_taken":0.0,"cards_obtained":["Shame"]},{"damage_healed":0.0,"max_hp_gain":5.0,"max_hp_loss":0.0,"gold_gain":0.0,"event_name":"Big Fish","player_choice":"Donut","floor":58.0,"gold_loss":0.0,"damage_taken":0.0},{"damage_healed":0.0,"max_hp_gain":0.0,"max_hp_loss":0.0,"gold_gain":0.0,"event_name":"Vampires","player_choice":"Ignored","floor":70.0,"gold_loss":0.0,"damage_taken":0.0},{"damage_healed":0.0,"max_hp_gain":0.0,"max_hp_loss":0.0,"gold_gain":99.0,"event_name":"Nest","player_choice":"Stole From Cult","floor":78.0,"gold_loss":0.0,"damage_taken":0.0},{"damage_healed":0.0,"max_hp_gain":0.0,"max_hp_loss":0.0,"gold_gain":0.0,"event_name":"Accursed Blacksmith","player_choice":"Rummage","floor":88.0,"gold_loss":0.0,"damage_taken":0.0,"relics_obtained":["WarpedTongs"],"cards_obtained":["Pain"]},{"damage_healed":0.0,"max_hp_gain":0.0,"max_hp_loss":0.0,"gold_gain":0.0,"event_name":"WeMeetAgain","player_choice":"Paid Gold","floor":107.0,"gold_loss":58.0,"damage_taken":0.0,"relics_obtained":["infinitespire:Lychee Nut"]},{"damage_healed":0.0,"max_hp_gain":0.0,"max_hp_loss":0.0,"gold_gain":0.0,"event_name":"MindBloom","player_choice":"Fight","floor":141.0,"gold_loss":0.0,"damage_taken":0.0},{"damage_healed":0.0,"max_hp_gain":0.0,"max_hp_loss":0.0,"gold_gain":0.0,"event_name":"Mysterious Sphere","player_choice":"Fight","floor":147.0,"gold_loss":0.0,"damage_taken":0.0},{"damage_healed":0.0,"max_hp_gain":0.0,"max_hp_loss":0.0,"gold_gain":0.0,"event_name":"Lab","player_choice":"Got Potions","floor":149.0,"gold_loss":0.0,"damage_taken":0.0}],"is_beta":false,"boss_relics":[{"not_picked":["SacredBark","Replay:Fungal Core"],"picked":"Replay:Ancient Bell"},{"not_picked":["Replay:Bandana","Blue Doll"],"picked":"Anchor"},{"not_picked":["Onion Ring","Replay:Accelerometer"],"picked":"Mirror"},{"not_picked":["Ice Cream","Shovel"],"picked":"hermit:CharredGlove"},{"not_picked":["Philosopher\u0027s Stone","ReplayTheSpireMod:DimensionalGlitch"],"picked":"Busted Crown"},{"not_picked":["Runic Pyramid","hermit:ClaspedLocket"],"picked":"Replay:Wanted Poster"},{"not_picked":["aspiration:PoetsPen_weak","aspiration:FutureDiary"],"picked":"SacredBark"},{"not_picked":["Tiny House","Calling Bell"],"picked":"aspiration:RitualDagger"},{"not_picked":["ChewingGum","aspiration:IroncladSkillbook","Sozu"]},{"not_picked":["Painkiller Herb","Replay:Drink Me"],"picked":"aspiration:SecretTechniqueScroll"},{"not_picked":["Runic Dome","Fusion Hammer"],"picked":"ReplayTheSpireMod:SealedPack"},{"not_picked":["hermit:DentedPlate","Pandora\u0027s Box"],"picked":"aspiration:PoetsPen_weak"}],"items_purged_floors":[22,24,39,87],"is_endless":true,"potions_floor_spawned":[7,13,16,28,30,37,38,44,52,65,67,72,80,82,84,91,93,95,96,106,116,118,120,121,129,140,142,147,150,152],"ascension_level":0}}