{"host":"1n4zh8skucxnzijq","time":1614203344,"event":{"mods":["AchievementEnabler","BaseMod","Minty Spire (QoL Compilation)","Quick Restart"],"gold_per_floor":[110,110,134,209,222,222,262,262,262,187,200,220,220,220],"floor_reached":13,"language":"ENG","playtime":226,"items_purged":["Injury"],"score":170,"play_id":"de676f00-f6e1-467f-9d56-c77f951b5093","local_time":"20210224214904","is_ascension_mode":true,"campfire_choices":[{"data":"Blade Dance","floor":6,"key":"SMITH"},{"data":"1","floor":8,"key":"LIFT"}],"circlet_count":0,"master_deck":["AscendersBane","Strike_G","Strike_G","Strike_G","Strike_G","Strike_G","Defend_G","Defend_G","Defend_G","Defend_G","Defend_G","Survivor","Neutralize","All Out Attack","Blade Dance+1","Dagger Spray","Cloak And Dagger","Riddle With Holes"],"relics":["Ring of the Snake","NeowsBlessing","Golden Idol","Girya","Shovel"],"acts_visited":["Exordium"],"potions_floor_usage":[7],"damage_taken":[{"damage":0,"enemies":"Small Slimes","floor":1,"turns":1},{"damage":0,"enemies":"Jaw Worm","floor":3,"turns":1},{"damage":0,"enemies":"Cultist","floor":5,"turns":1},{"damage":8,"enemies":"Gremlin Nob","floor":7,"turns":3},{"damage":0,"enemies":"Looter","floor":11,"turns":2},{"damage":14,"enemies":"Large Slime","floor":12,"turns":6},{"damage":42,"enemies":"Lagavulin","floor":13,"turns":5}],"seed_played":"8196001541470535420","potions_obtained":[{"floor":1,"key":"FearPotion"}],"is_trial":false,"path_per_floor":["M","?","M","?","M","R","E","R","T","$","M","M","E"],"character_chosen":"THE_SILENT","items_purchased":[],"campfire_rested":0,"item_purchase_floors":[],"current_hp_per_floor":[59,59,59,48,48,48,40,40,40,40,40,26,0,0],"gold":220,"neow_bonus":"THREE_ENEMY_KILL","is_daily":false,"chose_seed":false,"campfire_upgraded":1,"win_rate":0.0,"timestamp":1614203344,"path_taken":["M","?","M","?","M","R","E","R","T","?","M","M","E"],"items_purchased_type":[],"build_version":"2020-12-22","purchased_purges":1,"victory":false,"max_hp_per_floor":[66,66,66,66,66,66,66,66,66,66,66,66,66,66],"card_choices":[{"not_picked":["Dodge and Roll","Underhanded Strike"],"picked":"All Out Attack","floor":1},{"not_picked":["Finisher","Dodge and Roll"],"picked":"Blade Dance","floor":3},{"not_picked":["Riddle With Holes","Flechettes"],"picked":"Dagger Spray","floor":5},{"not_picked":["Acrobatics","Prepared"],"picked":"Cloak And Dagger","floor":7},{"not_picked":["Slice","Flying Knee","Predator"],"picked":"SKIP","floor":11},{"not_picked":["Expertise","Finisher"],"picked":"Riddle With Holes","floor":12}],"player_experience":1175937,"relics_obtained":[{"floor":7,"key":"Girya"},{"floor":9,"key":"Shovel"}],"event_choices":[{"damage_healed":0,"gold_gain":0,"player_choice":"Take Wound","damage_taken":0,"relics_obtained":["Golden Idol"],"max_hp_gain":0,"max_hp_loss":0,"event_name":"Golden Idol","floor":2,"gold_loss":0,"cards_obtained":["Injury"]},{"damage_healed":0,"gold_gain":75,"player_choice":"Gather Gold","damage_taken":11,"max_hp_gain":0,"max_hp_loss":0,"event_name":"World of Goop","floor":4,"gold_loss":0}],"is_beta":false,"boss_relics":[],"items_purged_floors":[10],"is_endless":false,"potions_floor_spawned":[1],"killed_by":"Lagavulin","ascension_level":20}}