{"host":"7skunfutdkk39s14","time":1614139596,"event":{"mods":["BaseMod","Downfall","Infinite Spire","Minty Spire (QoL Compilation)","StSLib"],"gold_per_floor":[99,115,173,189,199,299,326,343,363,383,383,383,8,8,30,128,128,128,142,142,142,153,153,177,19,30,30,42,67,267,267,286,396,396,396,416,474,474,486,521,592,592,592,196,218,237,271,126,138,138],"floor_reached":51,"language":"ENG","playtime":29923,"items_purged":["downfall:Bewildered","downfall:Haunted"],"score":751,"play_id":"3cd09896-b0cc-4607-a7fc-638df987be77","local_time":"20210223230636","is_ascension_mode":false,"campfire_choices":[{"data":"hexamod:UnlimitedPower","floor":1,"key":"SMITH"},{"floor":12,"key":"REST"},{"data":"expansioncontent:DashGenerateEvil","floor":18,"key":"SMITH"},{"floor":27,"key":"REST"},{"data":"infinitespire:DeathsTouch","floor":35,"key":"SMITH"},{"floor":42,"key":"REST"}],"circlet_count":0,"master_deck":["hexamod:Strike","hexamod:Strike","hexamod:Strike+1","hexamod:Strike+1","hexamod:Defend","hexamod:Defend+1","hexamod:Defend+1","hexamod:Defend","hexamod:Sear","hexamod:Float","hexamod:UnlimitedPower+1","hexamod:FlamesFromBeyond","hexamod:VolcanoVisage","hexamod:HeatShield+1","hexamod:RadiantFlame","hexamod:BurningTouch","expansioncontent:DashGenerateEvil+1","hexamod:FlamesFromBeyond","hexamod:RainOfEmbers","hexamod:EtherealExpedition","hexamod:CatchUp+1","hexamod:SuperheatedStrike+1","hexamod:StepThrough","hexamod:SpectersWail","hexamod:GhostflameBarrier+1","hexamod:RainOfEmbers","hexamod:GiftsFromTheDead","hexamod:GhostLash+1","infinitespire:DeathsTouch+1","hexamod:Incineration","hexamod:FastForward+1","hexamod:Toasty","hexamod:InspiringFlames+1","hexamod:SoulSteal","hexamod:ExtraCrispy+1","hexamod:TurnItUp","hexamod:NightmareStrike+1","hexamod:EmpoweredFlame+1","expansioncontent:StudyTheSpire","hexamod:ForkedFlame","hexamod:ChargedBarrage","hexamod:EmpoweredFlame+1","hexamod:ThirdSeal","hexamod:SkipABeat+1","hexamod:PowerFromBeyond+1","hexamod:PhantomFireball+1"],"relics":["hexamod:SpiritBrand","TungstenRod","Blood Vial","Chemical X","Pantograph","Philosopher\u0027s Stone","sneckomod:BabySnecko","Anchor","TheAbacus","Black Star","Sozu","Ice Cream","Boot","infinitespire:Satchel","Mercury Hourglass","infinitespire:Lucky Rock","infinitespire:WardingShard","Toxic Egg 2","Unceasing Top","Orichalcum","hexamod:TheBrokenSeal"],"acts_visited":["Exordium","TheCity","TheBeyond"],"potions_floor_usage":[3,13,25,33,33,33,37,37],"damage_taken":[{"damage":0,"enemies":"Cultist","floor":2,"turns":4},{"damage":40,"enemies":"Lagavulin Event","floor":3,"turns":7},{"damage":0,"enemies":"Small Slimes","floor":4,"turns":3},{"damage":0,"enemies":"2 Louse","floor":5,"turns":3},{"damage":6,"enemies":"Blue Slaver","floor":8,"turns":3},{"damage":17,"enemies":"3 Louse","floor":9,"turns":5},{"damage":5,"enemies":"Large Slime","floor":10,"turns":6},{"damage":0,"enemies":"downfall:FleeingMerchant","floor":13,"turns":4},{"damage":0,"enemies":"2 Fungi Beasts","floor":15,"turns":3},{"damage":39,"enemies":"WA_ARCHETYPE_RETAIN","floor":16,"turns":6},{"damage":12,"enemies":"Shell Parasite","floor":19,"turns":3},{"damage":25,"enemies":"3 Byrds","floor":22,"turns":4},{"damage":2,"enemies":"downfall:FleeingMerchant","floor":25,"turns":4},{"damage":1,"enemies":"Centurion and Healer","floor":26,"turns":3},{"damage":8,"enemies":"Snecko","floor":28,"turns":4},{"damage":7,"enemies":"Shelled Parasite and Fungi","floor":29,"turns":4},{"damage":0,"enemies":"Cultist and Chosen","floor":32,"turns":3},{"damage":69,"enemies":"SI_MIRROR_ARCHETYPE","floor":33,"turns":10},{"damage":1,"enemies":"3 Shapes","floor":36,"turns":3},{"damage":0,"enemies":"3 Shapes","floor":37,"turns":5},{"damage":0,"enemies":"Orb Walker","floor":39,"turns":2},{"damage":46,"enemies":"Reptomancer","floor":40,"turns":4},{"damage":4,"enemies":"downfall:FleeingMerchant","floor":44,"turns":3},{"damage":4,"enemies":"Writhing Mass","floor":45,"turns":4},{"damage":2,"enemies":"Maw","floor":46,"turns":5},{"damage":3,"enemies":"Nemesis","floor":47,"turns":3},{"damage":0,"enemies":"4 Shapes","floor":49,"turns":3},{"damage":68,"enemies":"IC_BLOCK_ARCHETYPE","floor":50,"turns":9}],"seed_played":"-9055178369678225213","potions_obtained":[{"floor":2,"key":"SteroidPotion"},{"floor":3,"key":"FearPotion"},{"floor":8,"key":"Ancient Potion"},{"floor":9,"key":"infinitespire:BlackPotion"},{"floor":16,"key":"EntropicBrew"},{"floor":22,"key":"SkillPotion"},{"floor":22,"key":"DuplicationPotion"},{"floor":25,"key":"FearPotion"},{"floor":26,"key":"EssenceOfSteel"},{"floor":32,"key":"Strength Potion"},{"floor":33,"key":"Guardian:BlockOnCardUsePotion"},{"floor":33,"key":"Fire Potion"}],"is_trial":false,"path_per_floor":["R","M","?","M","M","?","T","M","M","M","?","R","$","T","M","B",null,"R","M","?","?","M","?","T","$","M","R","M","M","?","AVR","M","B",null,"R","M","?","?","M","E","T","R","T","?","M","M","E","$","M","B",null],"character_chosen":"THE_SPIRIT","items_purchased":["expansioncontent:DashGenerateEvil","Chemical X","hexamod:FlamesFromBeyond","hexamod:StepThrough","infinitespire:Lucky Rock","expansioncontent:StudyTheSpire","hexamod:ForkedFlame","infinitespire:WardingShard","Orichalcum"],"campfire_rested":3,"item_purchase_floors":[13,13,13,25,44,44,44,44,48],"current_hp_per_floor":[70,70,30,30,37,37,37,40,32,36,36,57,59,59,61,31,70,70,65,65,65,49,49,49,49,50,70,62,57,57,57,59,8,70,70,70,70,70,70,31,31,52,52,57,55,55,54,54,56,80],"gold":138,"neow_bonus":"ONE_RANDOM_RARE_CARD","is_daily":false,"chose_seed":false,"campfire_upgraded":3,"win_rate":0.0,"timestamp":1614139596,"path_taken":["R","M","?","M","M","?","T","M","M","M","?","R","$","?","M","BOSS","R","M","?","?","M","?","T","$","M","R","M","M","?","AVR","M","BOSS","R","M","?","?","M","E","T","R","?","?","?","?","E","?","M","BOSS"],"items_purchased_type":["Card","Relic","Card","Card","Relic","Card","Card","Relic","Relic"],"build_version":"2020-12-22","purchased_purges":2,"victory":true,"max_hp_per_floor":[70,70,70,70,70,70,70,70,70,70,70,70,70,70,70,70,70,70,70,70,70,70,70,70,70,70,70,70,70,70,70,70,70,70,70,70,70,70,70,70,70,70,70,70,70,70,70,70,70,80],"card_choices":[{"not_picked":["hexamod:PhantomCloak","hexamod:ThermalTransfer"],"picked":"hexamod:FlamesFromBeyond","floor":2},{"not_picked":["hexamod:AdvancingGuard","hexamod:PhantomFireball"],"picked":"hexamod:FlamesFromBeyond","floor":3},{"not_picked":["hexamod:HeatShield","hexamod:GhostLash"],"picked":"hexamod:FirstSeal","floor":4},{"not_picked":["hexamod:PowerFromBeyond","hexamod:BacktrackSmack"],"picked":"hexamod:VolcanoVisage","floor":5},{"not_picked":["hexamod:GhostLash","hexamod:GhostOfSpireFuture"],"picked":"hexamod:SecondSeal","floor":8},{"not_picked":["hexamod:ThermalTransfer","hexamod:FirstSeal"],"picked":"hexamod:HeatShield","floor":9},{"not_picked":["hexamod:BacktrackSmack","hexamod:GhostOfSpireFuture"],"picked":"hexamod:RadiantFlame","floor":10},{"not_picked":["hexamod:RetreatToShadows","hexamod:GhostShield"],"picked":"hexamod:BurningTouch","floor":13},{"not_picked":["hexamod:Hexaguard","hexamod:BurningTouch"],"picked":"hexamod:RainOfEmbers","floor":15},{"not_picked":["hexamod:GhostflameInferno","hexamod:TurnItUp"],"picked":"hexamod:SixthSeal","floor":16},{"not_picked":["hexamod:NecessarySacrifice+1","hexamod:Incineration"],"picked":"hexamod:EtherealExpedition","floor":19},{"not_picked":["hexamod:RetreatToShadows","hexamod:RecurringNightmare"],"picked":"hexamod:CatchUp+1","floor":22},{"not_picked":["hexamod:ShieldOfDarkness","hexamod:HauntingEcho"],"picked":"hexamod:SuperheatedStrike","floor":25},{"not_picked":["hexamod:HeatMetal+1","hexamod:HeatShield"],"picked":"hexamod:SpectersWail","floor":26},{"not_picked":["hexamod:HauntingEcho+1","hexamod:ShieldOfDarkness"],"picked":"hexamod:GhostflameBarrier+1","floor":26},{"not_picked":["hexamod:InspiringFlames","hexamod:GhostShield"],"picked":"hexamod:RainOfEmbers","floor":28},{"not_picked":["hexamod:NightmareGuise","hexamod:SpectersWail+1"],"picked":"hexamod:GiftsFromTheDead","floor":28},{"not_picked":["hexamod:SpectralSpark","hexamod:HeatMetal+1"],"picked":"hexamod:GhostLash+1","floor":29},{"not_picked":["hexamod:Firestarter","hexamod:HauntingEcho+1"],"picked":"hexamod:Incineration","floor":32},{"not_picked":["hexamod:RetreatToShadows+1","hexamod:AdvancingGuard"],"picked":"hexamod:FastForward","floor":32},{"not_picked":["hexamod:UnlimitedPower","hexamod:HexaLevel"],"picked":"hexamod:Toasty","floor":33},{"not_picked":["hexamod:UnleashSpirits","hexamod:GiftsFromTheDead"],"picked":"hexamod:FifthSeal","floor":33},{"not_picked":["hexamod:NightmareStrike","hexamod:FirstSeal"],"picked":"hexamod:InspiringFlames+1","floor":36},{"not_picked":["hexamod:PhantomFireball","hexamod:HeatMetal+1"],"picked":"hexamod:SoulSteal","floor":37},{"not_picked":["hexamod:BurningTouch+1","hexamod:Haunt"],"picked":"hexamod:ExtraCrispy+1","floor":39},{"not_picked":["hexamod:HeatMetal+1","hexamod:Hexaguard"],"picked":"hexamod:TurnItUp","floor":40},{"not_picked":["hexamod:SuperheatedStrike","hexamod:HauntingEcho"],"picked":"hexamod:NightmareStrike+1","floor":40},{"not_picked":["hexamod:GhostLash","hexamod:ThermalTransfer+1"],"picked":"hexamod:EmpoweredFlame+1","floor":44},{"not_picked":["hexamod:Hexaguard+1","hexamod:ThirdSeal"],"picked":"hexamod:ChargedBarrage","floor":45},{"not_picked":["hexamod:FastForward+1","hexamod:Haunt+1"],"picked":"hexamod:EmpoweredFlame+1","floor":46},{"not_picked":["hexamod:FourthSeal","hexamod:FirstSeal"],"picked":"hexamod:ThirdSeal","floor":47},{"not_picked":["hexamod:HeatMetal","hexamod:HauntingEcho"],"picked":"hexamod:SkipABeat+1","floor":47},{"not_picked":["hexamod:Hexaguard+1","hexamod:NightmareGuise+1"],"picked":"hexamod:PowerFromBeyond+1","floor":49},{"not_picked":["hexamod:Firestarter+1","hexamod:GhostflameInferno+1"],"picked":"hexamod:PhantomFireball+1","floor":49}],"player_experience":711936,"relics_obtained":[{"floor":3,"key":"TungstenRod"},{"floor":7,"key":"Blood Vial"},{"floor":14,"key":"Pantograph"},{"floor":24,"key":"Anchor"},{"floor":37,"key":"Ice Cream"},{"floor":40,"key":"Boot"},{"floor":40,"key":"infinitespire:Satchel"},{"floor":41,"key":"Mercury Hourglass"},{"floor":47,"key":"Toxic Egg 2"},{"floor":47,"key":"Unceasing Top"}],"event_choices":[],"is_beta":false,"boss_relics":[{"not_picked":["Tiny House","Empty Cage"],"picked":"Philosopher\u0027s Stone"},{"not_picked":["Velvet Choker","Cursed Key"],"picked":"Sozu"}],"items_purged_floors":[25,31],"is_endless":false,"potions_floor_spawned":[2,3,8,9,16,22,26,32,33,37,40,45,46],"ascension_level":0}}