{"host":"yfdtuf6ojcxn06xg","time":1614141951,"event":{"mods":["2.2 Compatiblity","AchievementEnabler","BaseMod","Colored Map","Colored Powertips","Curses Come First","Hermit","JesterMod","Jorbs\u0027s Wanderer Trilogy","Minty Spire (QoL Compilation)","Quick Restart","Rare Cards Sparkle","Relic Stats","Replay The Spire","StSLib","The Cursed","The Disciple","The Hierophant","The Jungle","The Marked","The Necromancer","The Servant 0.9.4"],"gold_per_floor":[219,236,87,162,51,76,76,76,76],"floor_reached":8,"language":"ENG","playtime":280,"items_purged":["Strike_B"],"score":62,"play_id":"20680546-67a2-4f7e-aab1-d443fcab0113","local_time":"20210223234551","is_ascension_mode":true,"campfire_choices":[{"floor":7,"key":"REST"}],"circlet_count":0,"master_deck":["Strike_B","Strike_B","Strike_B","Defend_B","Defend_B","Defend_B","Defend_B","Zap","Dualcast","Genetic Algorithm","Gash","Defragment","Go for the Eyes","Bandage Up","Reprogram"],"relics":["Cracked Core","Omamori"],"acts_visited":["Exordium"],"potions_floor_usage":[6],"damage_taken":[{"damage":7,"enemies":"Small Slimes","floor":1,"turns":3},{"damage":6,"enemies":"2 Louse","floor":2,"turns":3},{"damage":37,"enemies":"3 Sentries","floor":6,"turns":9},{"damage":73,"enemies":"Gremlin Nob","floor":8,"turns":5}],"seed_played":"1418420916641038933","potions_obtained":[{"floor":6,"key":"Fruit Juice"}],"is_trial":false,"path_per_floor":["M","M","$","?","$","E","R","E"],"character_chosen":"DEFECT","items_purchased":["Defragment","Go for the Eyes","Bandage Up"],"campfire_rested":1,"item_purchase_floors":[3,5,5],"current_hp_per_floor":[68,62,62,51,51,23,47,0,0],"gold":76,"neow_bonus":"HUNDRED_GOLD","is_daily":false,"chose_seed":false,"campfire_upgraded":0,"win_rate":0.0,"timestamp":1614141951,"path_taken":["M","M","$","?","$","E","R","E"],"items_purchased_type":["Card","Card","Card"],"build_version":"2020-12-22","purchased_purges":1,"victory":false,"max_hp_per_floor":[75,75,75,75,75,80,80,80,80],"relic_stats":{"counters":[4,20],"obtain_stats":[{"Omamori":6,"Cracked Core":0},{"Omamori":3,"Cracked Core":0},{"Omamori":15,"Cracked Core":0}]},"card_choices":[{"not_picked":["Hologram","ReplayTheSpireMod:GoodbyeWorld"],"picked":"Genetic Algorithm","floor":1},{"not_picked":["ReplayTheSpireMod:Reroute Power","Skim"],"picked":"Gash","floor":2},{"not_picked":["Turbo","Redo"],"picked":"Reprogram","floor":6}],"player_experience":277896,"relics_obtained":[{"floor":6,"key":"Omamori"}],"event_choices":[{"damage_healed":0,"gold_gain":75,"player_choice":"Gather Gold","damage_taken":11,"max_hp_gain":0,"max_hp_loss":0,"event_name":"World of Goop","floor":4,"gold_loss":0}],"is_beta":false,"boss_relics":[],"items_purged_floors":[3],"is_endless":false,"potions_floor_spawned":[6],"killed_by":"Gremlin Nob","ascension_level":3}}