{"host":"i0avyit1s6jb1siw","time":1614196803,"event":{"mods":["BaseMod","DeckTracker","Dota2Spire","Minty Spire (QoL Compilation)","Quick Restart","StSLib","SuperFastMode"],"gold_per_floor":[14,14,89,101,26,26,53,53,53,18,68,68,102,102,2,2,2,79,79,97,110,120,136,136,136,164,164,176,202,202,202,202],"floor_reached":31,"language":"ENG","playtime":624,"items_purged":["Strike_G","Strike_G"],"score":518,"play_id":"7c6ba3a3-b7c5-4a9e-87c6-7d0d1cf27563","local_time":"20210224210003","is_ascension_mode":true,"campfire_choices":[{"data":"Noxious Fumes","floor":6.0,"key":"SMITH"},{"data":"Neutralize","floor":12.0,"key":"SMITH"},{"data":"Panache","floor":14.0,"key":"SMITH"},{"data":"Blade Dance","floor":16.0,"key":"SMITH"},{"data":"Leg Sweep","floor":17.0,"key":"SMITH"},{"floor":25.0,"key":"REST"},{"data":"Bullet Time","floor":27,"key":"SMITH"}],"circlet_count":0,"master_deck":["AscendersBane","Defend_G","Defend_G","Defend_G","Defend_G","Defend_G","Survivor","Neutralize+1","Panache+1","Crippling Poison+1","Noxious Fumes+1","Leg Sweep+1","Blade Dance+1","Bullet Time+1","Catalyst+1","Grand Finale+1","Dagger Throw+1","PiercingWail","Acrobatics+1","Reflex+1","Backflip","Blade Dance","Expertise"],"relics":["Ring of the Snake","Blood Vial","Eternal Feather","Astrolabe","MealTicket","Dota2Spire:BladeMail","Lizard Tail"],"acts_visited":["Exordium","TheCity"],"potions_floor_usage":[31],"damage_taken":[{"damage":3.0,"enemies":"2 Louse","floor":1.0,"turns":3.0},{"damage":5.0,"enemies":"Jaw Worm","floor":4.0,"turns":4.0},{"damage":14.0,"enemies":"3 Sentries","floor":7.0,"turns":6.0},{"damage":14.0,"enemies":"Lagavulin","floor":13.0,"turns":9.0},{"damage":22.0,"enemies":"Hexaghost","floor":18.0,"turns":9.0},{"damage":16.0,"enemies":"Spheric Guardian","floor":20.0,"turns":4.0},{"damage":15.0,"enemies":"Chosen","floor":21.0,"turns":6.0},{"damage":21.0,"enemies":"Sentry and Sphere","floor":22.0,"turns":5.0},{"damage":4.0,"enemies":"Centurion and Healer","floor":23.0,"turns":4.0},{"damage":24,"enemies":"Gremlin Leader","floor":26,"turns":6},{"damage":12,"enemies":"Cultist and Chosen","floor":28,"turns":5},{"damage":60,"enemies":"Book of Stabbing","floor":31,"turns":6}],"seed_played":"7865009477613896883","potions_obtained":[{"floor":1.0,"key":"SpeedPotion"},{"floor":4.0,"key":"Poison Potion"},{"floor":20.0,"key":"Poison Potion"},{"floor":22.0,"key":"BlessingOfTheForge"}],"is_trial":false,"path_per_floor":["M","?","?","M","$","R","E","?","T","?","?","R","E","R","$","R","R","B",null,"M","M","M","M","?","R","E","R","M","T","T","E"],"character_chosen":"THE_SILENT","items_purchased":[],"campfire_rested":1,"item_purchase_floors":[],"current_hp_per_floor":[56,56,45,40,40,40,26,26,26,42,36,36,24,33,33,42,51,31,57,43,30,11,9,9,40,18,30,20,20,20,0,0],"gold":202,"neow_bonus":"RANDOM_COLORLESS_2","is_daily":false,"chose_seed":false,"campfire_upgraded":6,"win_rate":0.0,"timestamp":1614196803,"path_taken":["M","?","?","M","$","R","E","?","T","?","?","R","E","R","$","R","R","BOSS","M","?","M","?","?","R","E","R","M","T","T","E"],"items_purchased_type":[],"build_version":"2020-12-22","purchased_purges":2,"victory":false,"max_hp_per_floor":[66,66,66,66,66,66,66,66,66,66,66,66,66,66,66,66,66,66,66,66,66,66,66,66,66,66,66,66,66,66,66,66],"card_choices":[{"not_picked":["Mayhem","Chrysalis"],"picked":"Panache","floor":0.0},{"not_picked":["Acrobatics","Setup"],"picked":"Crippling Poison","floor":1.0},{"not_picked":["Crippling Poison","Deflect"],"picked":"Noxious Fumes","floor":4.0},{"not_picked":["Prepared","Flying Knee"],"picked":"Leg Sweep","floor":7.0},{"not_picked":["Prepared","Slice"],"picked":"Blade Dance","floor":13.0},{"not_picked":["Glass Knife","Envenom"],"picked":"Bullet Time","floor":18.0},{"not_picked":["Backflip","Deadly Poison"],"picked":"PiercingWail","floor":20.0},{"not_picked":["Bane+1","Poisoned Stab"],"picked":"Acrobatics","floor":21.0},{"not_picked":["Noxious Fumes","Dodge and Roll"],"picked":"Reflex+1","floor":22.0},{"not_picked":["Flying Knee","Quick Slash"],"picked":"Backflip","floor":23.0},{"not_picked":["Venomology","Distraction"],"picked":"Blade Dance","floor":26},{"not_picked":["Calculated Gamble","Dagger Spray"],"picked":"Expertise","floor":28}],"player_experience":2511525,"relics_obtained":[{"floor":7.0,"key":"Blood Vial"},{"floor":13.0,"key":"Eternal Feather"},{"floor":26,"key":"MealTicket"},{"floor":29,"key":"Dota2Spire:BladeMail"},{"floor":30,"key":"Lizard Tail"}],"event_choices":[{"damage_healed":0.0,"max_hp_gain":0.0,"max_hp_loss":0.0,"gold_gain":0.0,"event_name":"Living Wall","player_choice":"Grow","floor":2.0,"gold_loss":0.0,"damage_taken":0.0,"cards_upgraded":["Crippling Poison"]},{"damage_healed":0.0,"max_hp_gain":0.0,"max_hp_loss":0.0,"gold_gain":75.0,"event_name":"World of Goop","player_choice":"Gather Gold","floor":3.0,"gold_loss":0.0,"damage_taken":11.0},{"damage_healed":0.0,"max_hp_gain":0.0,"max_hp_loss":0.0,"gold_gain":0.0,"event_name":"Shining Light","player_choice":"Ignored","floor":8.0,"gold_loss":0.0,"damage_taken":0.0},{"damage_healed":16.0,"max_hp_gain":0.0,"max_hp_loss":0.0,"gold_gain":0.0,"event_name":"The Cleric","player_choice":"Healed","floor":10.0,"gold_loss":35.0,"damage_taken":0.0},{"damage_healed":0.0,"max_hp_gain":0.0,"max_hp_loss":0.0,"gold_gain":50.0,"event_name":"FaceTrader","player_choice":"Touch","floor":11.0,"gold_loss":0.0,"damage_taken":6.0},{"damage_healed":0.0,"max_hp_gain":0.0,"max_hp_loss":0.0,"gold_gain":0.0,"event_name":"Upgrade Shrine","player_choice":"Upgraded","floor":24.0,"gold_loss":0.0,"damage_taken":0.0,"cards_upgraded":["Acrobatics"]}],"is_beta":false,"boss_relics":[{"not_picked":["Dota2Spire:Bloodstone","Black Star"],"picked":"Astrolabe"}],"items_purged_floors":[5,15],"is_endless":false,"potions_floor_spawned":[1,4,20,22],"killed_by":"Book of Stabbing","ascension_level":20}}