{"host":"7jbuhzz8yy5cuou7","time":1614128612,"event":{"mods":["AchievementEnabler","Act Like it!","BaseMod","Better Third Choice","Bossed Relics","Colored Map","Colored Powertips","Dark Map","DeckTracker","Minty Spire (QoL Compilation)","Permanent Neow","Quick Restart","Ruina","StSLib","The Cursed","The Hierophant","Weighted Paths"],"gold_per_floor":[109,34,44,44,44,79,79,93,118,118,158,158,179,62,62,164,164,189,189,202,137,156,71,71,71,71],"floor_reached":25,"language":"ENG","playtime":1050,"items_purged":["Strike_B","Strike_B"],"score":421,"play_id":"b11650e3-1ccc-4f6c-a140-9d06e2bc5ff2","local_time":"20210223180332","is_ascension_mode":true,"campfire_choices":[{"data":"Zap","floor":7,"key":"SMITH"},{"data":"Dualcast","floor":10,"key":"SMITH"},{"data":"Cold Snap","floor":15,"key":"SMITH"},{"floor":24,"key":"REST"}],"circlet_count":0,"master_deck":["AscendersBane","Strike_B","Strike_B","Defend_B","Defend_B","Defend_B","Defend_B","Zap+1","Dualcast+1","Coolheaded","Cold Snap+1","Meteor Strike","Fusion"],"relics":["Cracked Core","NeowsBlessing","Golden Idol","CeramicFish","Art of War","StrikeDummy","Astrolabe","Symbiotic Virus"],"acts_visited":["Exordium","TheCity"],"potions_floor_usage":[11,16,18],"damage_taken":[{"damage":0,"enemies":"Small Slimes","floor":1,"turns":1},{"damage":0,"enemies":"Jaw Worm","floor":3,"turns":1},{"damage":0,"enemies":"Gremlin Nob","floor":6,"turns":1},{"damage":9,"enemies":"2 Louse","floor":8,"turns":2},{"damage":22,"enemies":"3 Sentries","floor":11,"turns":9},{"damage":2,"enemies":"Blue Slaver","floor":13,"turns":3},{"damage":25,"enemies":"The Guardian","floor":16,"turns":16},{"damage":4,"enemies":"3 Byrds","floor":18,"turns":5},{"damage":16,"enemies":"2 Thieves","floor":20,"turns":4},{"damage":39,"enemies":"3 Cultists","floor":22,"turns":8},{"damage":32,"enemies":"Centurion and Healer","floor":25,"turns":5}],"seed_played":"-9035204915935702741","potions_obtained":[{"floor":8,"key":"DuplicationPotion"},{"floor":11,"key":"Swift Potion"},{"floor":16,"key":"DuplicationPotion"},{"floor":20,"key":"FairyPotion"}],"is_trial":false,"path_per_floor":["M","$","M","?","$","E","R","M","T","R","E","?","M","$","R","B",null,"M","?","M","$","M","?","R","M"],"character_chosen":"DEFECT","items_purchased":["Cold Snap","Fusion"],"campfire_rested":1,"item_purchase_floors":[14,21],"current_hp_per_floor":[64,64,64,64,64,64,64,55,55,55,33,33,31,31,31,6,50,46,46,30,30,13,13,32,0,0],"gold":71,"neow_bonus":"THREE_ENEMY_KILL","is_daily":false,"chose_seed":false,"campfire_upgraded":3,"win_rate":0.0,"timestamp":1614128612,"path_taken":["M","$","M","?","$","E","R","M","T","R","E","?","M","$","R","BOSS","M","?","M","$","M","?","R","M"],"items_purchased_type":["Card","Card"],"build_version":"2020-12-22","purchased_purges":2,"victory":false,"max_hp_per_floor":[71,71,71,64,64,64,64,64,64,64,64,64,64,64,64,64,64,64,64,64,64,64,64,64,64,64],"card_choices":[{"not_picked":["Sweeping Beam","Fusion"],"picked":"Coolheaded","floor":1},{"not_picked":["Redo","Turbo","Consume"],"picked":"SKIP","floor":3},{"not_picked":["Turbo","Ball Lightning","Hologram"],"picked":"SKIP","floor":6},{"not_picked":["Lockon","Beam Cell","Recycle"],"picked":"SKIP","floor":8},{"not_picked":["All For One","Compile Driver","Streamline"],"picked":"SKIP","floor":11},{"not_picked":["Doom and Gloom","Chaos","Beam Cell"],"picked":"SKIP","floor":13},{"not_picked":["Echo Form","Multi-Cast"],"picked":"Meteor Strike","floor":16},{"not_picked":["Auto Shields","Coolheaded","Tempest"],"picked":"SKIP","floor":18},{"not_picked":["Cold Snap","Sunder+1","Heatsinks"],"picked":"SKIP","floor":20},{"not_picked":["Beam Cell","Conserve Battery","Barrage"],"picked":"SKIP","floor":22}],"player_experience":438988,"relics_obtained":[{"floor":6,"key":"CeramicFish"},{"floor":9,"key":"Art of War"},{"floor":11,"key":"StrikeDummy"}],"event_choices":[{"damage_healed":0,"gold_gain":0,"player_choice":"Lose Max HP","damage_taken":0,"relics_obtained":["Golden Idol"],"max_hp_gain":0,"max_hp_loss":7,"event_name":"Golden Idol","floor":4,"gold_loss":0},{"damage_healed":0,"gold_gain":0,"player_choice":"Ignored","damage_taken":158,"max_hp_gain":0,"max_hp_loss":0,"event_name":"betterThird:BetterSerpent","floor":12,"gold_loss":0},{"damage_healed":0,"gold_gain":0,"player_choice":"Ignored","damage_taken":0,"max_hp_gain":0,"max_hp_loss":0,"event_name":"Vampires","floor":19,"gold_loss":0},{"damage_healed":0,"gold_gain":0,"player_choice":"Obtained Relic","damage_taken":0,"relics_obtained":["Symbiotic Virus"],"max_hp_gain":0,"max_hp_loss":0,"event_name":"Addict","floor":23,"gold_loss":85}],"is_beta":false,"boss_relics":[{"not_picked":["Pandora\u0027s Box","Runic Dome"],"picked":"Astrolabe"}],"items_purged_floors":[2,14],"is_endless":false,"potions_floor_spawned":[8,11,16,20],"killed_by":"Centurion and Healer","ascension_level":16}}