{"host":"scy0o1xotfn36lpl","time":1614185445,"event":{"mods":["AchievementEnabler","Aspiration","BaseMod","Better Altar","Better Note","Better Sensory Stone","Better Skull","Better Third Choice","Colored Map","Curses Come First","Downfall","GifTheSpireLib","Googly Eyes","Highlight Path","Minty Spire (QoL Compilation)","Permanent Neow","Spicy Shops","StSLib","everything is the same but u backflip on backflip"],"gold_per_floor":[119,231,243,254,529,563,563,588,636,107,107,107,107,129,129,232,232,245,265,285,285,141,141,168,184,184,203,203],"floor_reached":27,"language":"ENG","playtime":1786,"items_purged":["Regret"],"score":279,"play_id":"87d0bb84-5474-4d0b-a746-bf213729fa8b","local_time":"20210224085045","is_ascension_mode":true,"campfire_choices":[{"floor":7,"key":"REST"},{"data":"Apotheosis","floor":15,"key":"SMITH"},{"floor":23,"key":"REST"}],"circlet_count":0,"master_deck":["Strike_G","Strike_G","Strike_G","Strike_G","Strike_G","Defend_G","Defend_G","Defend_G","Defend_G","Defend_G","Survivor","Neutralize","Poisoned Stab","Masterful Stab","Blade Dance","Bouncing Flask","Noxious Fumes","Apotheosis+1","Corpse Explosion+1","Slice","Poisoned Stab","Deflect+1","Slice"],"relics":["Ring of the Snake","Snake Skull","Lantern","CaptainsWheel","Bronze Scales","aspiration:HiddenCompartment","Juzu Bracelet","Mango","Odd Mushroom","aspiration:IroncladSkillbook","Shovel","Darkstone Periapt","Sundial"],"acts_visited":["Exordium","TheCity"],"potions_floor_usage":[8,8],"damage_taken":[{"damage":9,"enemies":"Jaw Worm","floor":1,"turns":5},{"damage":5,"enemies":"Cultist","floor":3,"turns":5},{"damage":1,"enemies":"2 Louse","floor":4,"turns":3},{"damage":27,"enemies":"3 Sentries","floor":6,"turns":12},{"damage":0,"enemies":"Gremlin Nob","floor":8,"turns":3},{"damage":13,"enemies":"The Mushroom Lair","floor":14,"turns":3},{"damage":32,"enemies":"Slime Boss","floor":16,"turns":9},{"damage":37,"enemies":"2 Thieves","floor":18,"turns":3},{"damage":5,"enemies":"Spheric Guardian","floor":19,"turns":4},{"damage":15,"enemies":"Centurion and Healer","floor":20,"turns":4},{"damage":15,"enemies":"Book of Stabbing","floor":24,"turns":4},{"damage":57,"enemies":"3 Cultists","floor":25,"turns":6},{"damage":20,"enemies":"Shelled Parasite and Fungi","floor":27,"turns":3}],"seed_played":"3729528649787371370","potions_obtained":[{"floor":1,"key":"FearPotion"},{"floor":6,"key":"EssenceOfSteel"},{"floor":8,"key":"CultistPotion"},{"floor":19,"key":"FearPotion"},{"floor":20,"key":"FairyPotion"}],"is_trial":false,"path_per_floor":["M","?","M","M","?","E","R","E","T","$","$","?","?","?","R","B",null,"M","M","M","?","$","R","E","M","T","M"],"character_chosen":"THE_SILENT","items_purchased":["Juzu Bracelet","Noxious Fumes","Apotheosis","Shovel"],"campfire_rested":2,"item_purchase_floors":[10,10,10,22],"current_hp_per_floor":[61,38,33,32,32,5,26,26,26,26,26,40,84,71,71,39,84,51,50,39,39,39,64,53,29,29,13,13],"gold":203,"neow_bonus":"RANDOM_COMMON_RELIC","is_daily":false,"chose_seed":false,"campfire_upgraded":1,"win_rate":0.0,"timestamp":1614185445,"path_taken":["M","?","M","?","?","E","R","E","T","?","$","?","?","?","R","BOSS","M","M","M","?","$","R","E","M","T","M"],"items_purchased_type":["Relic","Card","Card","Relic"],"build_version":"2020-12-22","purchased_purges":1,"victory":false,"max_hp_per_floor":[70,70,70,70,70,70,70,70,70,70,70,84,84,84,84,84,84,84,84,84,84,84,84,84,84,84,84,84],"card_choices":[{"not_picked":["Quick Slash","Reflex"],"picked":"Escape Plan","floor":1},{"not_picked":["Acrobatics","Blade Dance"],"picked":"Poisoned Stab","floor":3},{"not_picked":["All Out Attack","Dagger Spray"],"picked":"Masterful Stab","floor":4},{"not_picked":["Choke","Doppelganger"],"picked":"Blade Dance","floor":6},{"not_picked":["Finisher","Bane"],"picked":"Bouncing Flask","floor":8},{"not_picked":["Die Die Die","Venomology"],"picked":"Corpse Explosion","floor":16},{"not_picked":["Sucker Punch","Backflip","Anger"],"picked":"Slice","floor":18},{"not_picked":["Dagger Spray","Iron Wave","Backflip"],"picked":"Poisoned Stab","floor":19},{"not_picked":["Evolve","Wild Strike","Havoc"],"picked":"Deflect+1","floor":20},{"not_picked":["Armaments","Reflex","Shrug It Off"],"picked":"Slice","floor":24},{"not_picked":["Quick Slash","Flex","Dagger Throw+1","Crippling Poison"],"picked":"SKIP","floor":25},{"not_picked":["Disarm","Prepared+1","Blood for Blood","Barricade"],"picked":"SKIP","floor":27}],"player_experience":94666,"relics_obtained":[{"floor":6,"key":"CaptainsWheel"},{"floor":8,"key":"Bronze Scales"},{"floor":9,"key":"aspiration:HiddenCompartment"},{"floor":14,"key":"Odd Mushroom"},{"floor":24,"key":"Darkstone Periapt"},{"floor":26,"key":"Sundial"}],"event_choices":[{"damage_healed":0,"gold_gain":112,"player_choice":"RE GO ","damage_taken":26,"relics_obtained":["Lantern"],"max_hp_gain":0,"max_hp_loss":0,"event_name":"betterSkull:BetterSkull","floor":2,"gold_loss":0,"cards_upgraded":[]},{"damage_healed":0,"gold_gain":275,"player_choice":"Desecrate","damage_taken":0,"max_hp_gain":0,"max_hp_loss":0,"event_name":"Golden Shrine","floor":5,"gold_loss":0,"cards_obtained":["Regret"]},{"damage_healed":0,"gold_gain":0,"player_choice":"Gave Potion","damage_taken":0,"relics_obtained":["Mango"],"max_hp_gain":0,"max_hp_loss":0,"event_name":"WeMeetAgain","floor":12,"gold_loss":0},{"cards_removed":["Escape Plan"],"damage_healed":44,"gold_gain":0,"player_choice":"Offered Uncommon","damage_taken":0,"max_hp_gain":0,"max_hp_loss":0,"event_name":"Bonfire Elementals","floor":13,"gold_loss":0},{"damage_healed":0,"gold_gain":0,"player_choice":"Fought Mushrooms","damage_taken":0,"max_hp_gain":0,"max_hp_loss":0,"event_name":"Mushrooms","floor":14,"gold_loss":0},{"damage_healed":0,"gold_gain":0,"player_choice":"Forge","damage_taken":0,"max_hp_gain":0,"max_hp_loss":0,"event_name":"Accursed Blacksmith","floor":21,"gold_loss":0,"cards_upgraded":["Corpse Explosion"]}],"is_beta":false,"boss_relics":[{"not_picked":["Runic Dome","SacredBark"],"picked":"aspiration:IroncladSkillbook"}],"items_purged_floors":[10],"is_endless":false,"potions_floor_spawned":[1,6,8,19,20],"killed_by":"Shelled Parasite and Fungi","ascension_level":1}}