{"host":"moyu2usvupazbbzc","time":1614186380,"event":{"mods":["2.2 Compatiblity","A Magickal Journey","Act Like it!","Bartender","BaseMod","BetterRewards","Colored Map","Colored Powertips","DeckTracker","Downfall","Elementarium","GifTheSpireLib","Ironclad Rager","Jedi Mod","Minty Spire (QoL Compilation)","Potionbrewer","Replay The Spire","Shop Mod","StSLib","Td1madao Mod","The Animator","The Cursed","The Exalted","The Florist","The Forsaken","The Hayseed","The Hierophant","The Judge","The Juggle","The Mystic","The Problem Sleuth","The Saiyan","The Servant 0.9.4","The Showman","The Trickster","The Wild Card","TheFirefly"],"gold_per_floor":[99,26,176,263,280,294,321,339,339,353,353,366,379,411,426,524,524,524,535,139,153,173,173,173,173,207,207,226,238,53,63,81,184,184,84,45,63,14,29,29,56,66,82,92,110,10,29,40,58,58],"floor_reached":51,"language":"ENG","playtime":4088,"items_purged":[],"score":706,"play_id":"d1e81ed4-2fb6-46b1-951f-729e55d01a1f","local_time":"20210225010620","is_ascension_mode":false,"campfire_choices":[{"data":"Guardian:CurlUp","floor":1,"key":"SMITH"},{"data":"Guardian:FloatingOrbs","floor":9,"key":"SMITH"},{"data":"Guardian:ShieldCharger","floor":18,"key":"SMITH"},{"data":"expansioncontent:QuickStudy","floor":23,"key":"SMITH"},{"data":"Guardian:WalkerClaw","floor":25,"key":"SMITH"},{"floor":35,"key":"RECALL"},{"floor":46,"key":"REST"}],"circlet_count":0,"master_deck":["Guardian:Strike_Guardian","Guardian:Strike_Guardian","Guardian:Strike_Guardian","Guardian:Defend_Guardian","Guardian:Defend_Guardian","Guardian:CurlUp+1","Guardian:TwinSlam+1","Guardian:PrismaticBeam+1","downfall:Icky","Guardian:FloatingOrbs+1","Guardian:WalkerClaw+1","Guardian:PiercingHide","Guardian:Harden","Guardian:ShieldCharger+1","Guardian:CrystalBeam","Guardian:Preprogram","Guardian:TemporalStrike","Guardian:Suspension","expansioncontent:QuickStudy+1","Guardian:PrimingBeam","Guardian:ArmoredProtocol+1","Guardian:RollAttack+1","Guardian:BronzeOrb","Guardian:TimeSifter","Guardian:ChargeCore+1","Guardian:Planning+1","Guardian:DonusPower","Guardian:BaubleBeam","Guardian:EvasiveProtocol+1","Guardian:Suspension+1","Guardian:FastForward","Parasite","Guardian:CrystalBeam","Guardian:ShieldSpikes"],"relics":["Guardian:ModeShifter","Simple Rune","theForsaken:Lifeblossom","theForsaken:Gavel","Honey Jar","Whetstone","Bottled Lightning","StoneCalendar","Fusion Hammer","downfall:HeartBlessingGreen","Happy Flower","Toolbox","downfall:HeartBlessingRed"],"acts_visited":["Exordium","TheCity","TheBeyond"],"potions_floor_usage":[12,14,15,16,26,26,31,33,39,43,50,50,50,50],"damage_taken":[{"damage":0,"enemies":"downfall:FleeingMerchant","floor":2,"turns":4},{"damage":1,"enemies":"Jaw Worm","floor":5,"turns":4},{"damage":0,"enemies":"2 Louse","floor":6,"turns":3},{"damage":2,"enemies":"Cultist","floor":8,"turns":5},{"damage":0,"enemies":"3 Louse","floor":10,"turns":3},{"damage":4,"enemies":"Gremlin Gang","floor":12,"turns":5},{"damage":1,"enemies":"downfall:LooterAlt","floor":13,"turns":5},{"damage":13,"enemies":"3 Sentries","floor":14,"turns":7},{"damage":0,"enemies":"Lots of Slimes","floor":15,"turns":3},{"damage":29,"enemies":"WA_ARCHETYPE_RETAIN","floor":16,"turns":10},{"damage":13,"enemies":"downfall:LooterAlt2","floor":19,"turns":5},{"damage":0,"enemies":"downfall:FleeingMerchant","floor":20,"turns":4},{"damage":5,"enemies":"3 Byrds","floor":21,"turns":3},{"damage":20,"enemies":"Snecko","floor":22,"turns":5},{"damage":14,"enemies":"Book of Stabbing","floor":26,"turns":4},{"damage":3,"enemies":"Snake Plant","floor":28,"turns":3},{"damage":20,"enemies":"Centurion and Healer","floor":29,"turns":4},{"damage":7,"enemies":"downfall:FleeingMerchant","floor":30,"turns":4},{"damage":18,"enemies":"Shelled Parasite and Fungi","floor":31,"turns":6},{"damage":16,"enemies":"Snake Plant","floor":32,"turns":4},{"damage":4,"enemies":"DF_ARCHETYPE_CLAW","floor":33,"turns":7},{"damage":10,"enemies":"downfall:FleeingMerchant","floor":36,"turns":3},{"damage":0,"enemies":"3 Shapes","floor":37,"turns":4},{"damage":8,"enemies":"3 Darklings","floor":39,"turns":4},{"damage":18,"enemies":"Sphere and 2 Shapes","floor":42,"turns":3},{"damage":0,"enemies":"Jaw Worm Horde","floor":43,"turns":4},{"damage":0,"enemies":"4 Shapes","floor":44,"turns":5},{"damage":30,"enemies":"Transient","floor":45,"turns":5},{"damage":0,"enemies":"Sphere and 2 Shapes","floor":47,"turns":3},{"damage":3,"enemies":"Writhing Mass","floor":48,"turns":4},{"damage":8,"enemies":"3 Darklings","floor":49,"turns":3},{"damage":31,"enemies":"SI_POISON_ARCHETYPE","floor":50,"turns":9}],"seed_played":"7350801711446453782","potions_obtained":[{"floor":5,"key":"potionbrewer:ToxicPotion"},{"floor":10,"key":"Swift Potion"},{"floor":14,"key":"AttackPotion"},{"floor":15,"key":"Weak Potion"},{"floor":21,"key":"jedi:StrikingPotion"},{"floor":22,"key":"potionbrewer:DiscountPotion"},{"floor":29,"key":"sneckomod:MuddlingPotion"},{"floor":31,"key":"hexamod:SoulburnPotion"},{"floor":37,"key":"Milkshake"},{"floor":39,"key":"ColorlessPotion"},{"floor":48,"key":"potionbrewer:BarricadePotion"},{"floor":49,"key":"potionbrewer:AcidPotion"}],"is_trial":false,"path_per_floor":["R","$","?","?","M","M","T","M","R","M","?","M","M","E","M","B",null,"R","M","$","M","M","R","T","R","E","?","M","M","$","M","M","B",null,"R","$","M","$","M","?","T","M","M","M","M","R","M","M","M","B",null],"character_chosen":"GUARDIAN","items_purchased":["Guardian:PrismaticBeam+1","expansioncontent:QuickStudy","Whetstone","Guardian:Gem_Crimson","Fruit Juice","Guardian:Gem_Purple","Guardian:Planning+1","Happy Flower","Toolbox","PowerPotion","Adrenaline Potion"],"campfire_rested":1,"item_purchase_floors":[2,20,20,20,30,30,36,36,36,36,38],"current_hp_per_floor":[88,88,88,53,52,52,52,56,56,61,61,63,68,61,66,43,88,88,78,84,84,69,69,69,69,61,61,63,49,48,41,31,33,93,93,83,89,89,86,86,86,73,79,85,61,88,93,91,85,60],"gold":58,"neow_bonus":"TEN_PERCENT_HP_BONUS","is_daily":false,"chose_seed":false,"campfire_upgraded":5,"win_rate":0.0,"timestamp":1614186380,"path_taken":["R","$","?","?","?","M","T","M","R","M","?","M","M","E","M","BOSS","R","M","$","?","M","R","T","R","E","?","M","M","$","M","M","BOSS","R","$","M","$","?","?","T","M","M","?","M","R","M","?","M","BOSS"],"items_purchased_type":["Card","Card","Relic","Card","Potion","Card","Card","Relic","Relic","Potion","Potion"],"build_version":"2020-12-22","purchased_purges":0,"victory":true,"max_hp_per_floor":[88,88,88,88,88,88,88,88,88,88,88,88,88,88,88,88,88,88,88,88,88,88,88,88,88,88,88,88,88,88,93,93,93,93,93,93,93,93,93,93,93,93,93,93,93,93,93,93,93,93],"card_choices":[{"not_picked":["Guardian:VentSteam","Guardian:Planning"],"picked":"Guardian:Gem_Purple","floor":2},{"not_picked":["Guardian:ShieldCharger","Guardian:PrimingBeam"],"picked":"Guardian:FloatingOrbs","floor":4},{"not_picked":["Guardian:TemporalShield","Guardian:VentSteam"],"picked":"Guardian:WalkerClaw","floor":4},{"not_picked":["Guardian:Incinerate","Guardian:RefractedBeam"],"picked":"Guardian:PiercingHide","floor":5},{"not_picked":["Guardian:PiercingHide","Guardian:ShieldCharger"],"picked":"Guardian:Gem_Red","floor":6},{"not_picked":["Guardian:VentSteam","Guardian:RefractedBeam"],"picked":"Guardian:Gem_White","floor":8},{"not_picked":["Guardian:WalkerClaw","Guardian:GuardianWhirl"],"picked":"Guardian:Harden","floor":10},{"not_picked":["Guardian:PolyBeam","Guardian:Planning"],"picked":"Guardian:ShieldCharger","floor":12},{"not_picked":["Guardian:PrimingBeam","Guardian:Gem_Green"],"picked":"Guardian:Gem_Cyan","floor":13},{"not_picked":["Guardian:HyperBeam_Guardian","Guardian:ShieldCharger"],"picked":"Guardian:CrystalBeam","floor":14},{"not_picked":["Guardian:Gem_Lightblue","Guardian:Suspension"],"picked":"Guardian:Preprogram","floor":15},{"not_picked":["Guardian:ConstructionForm","Guardian:HyperBeam_Guardian"],"picked":"Guardian:Gem_Synthetic","floor":16},{"not_picked":["Guardian:Gem_Yellow","Guardian:TemporalShield+1","Guardian:Gem_Cyan"],"picked":"Guardian:TemporalStrike","floor":19},{"not_picked":["Guardian:WalkerClaw","Guardian:PrismaticBarrier","Guardian:Emergency"],"picked":"Guardian:Suspension","floor":20},{"not_picked":["Guardian:Recover+1","Guardian:Gem_Green","Guardian:TemporalStrike"],"picked":"Guardian:Gem_Red","floor":21},{"not_picked":["Guardian:Gem_Green","Guardian:RefractedBeam","Guardian:Planning"],"picked":"Guardian:PrimingBeam","floor":22},{"not_picked":["Guardian:BronzeOrb","Guardian:VentSteam","Guardian:FloatingOrbs"],"picked":"Guardian:ArmoredProtocol+1","floor":26},{"not_picked":["Guardian:FastForward","Guardian:Incinerate","Guardian:Gem_White"],"picked":"Guardian:RollAttack+1","floor":28},{"not_picked":["Guardian:BodySlam","Guardian:Incinerate","Guardian:PrimingBeam"],"picked":"Guardian:Gem_Red","floor":29},{"not_picked":["Guardian:Recover","Guardian:StasisField","Guardian:Gem_Lightblue"],"picked":"Guardian:Gem_Green","floor":30},{"not_picked":["Guardian:WalkerClaw+1","Guardian:FastForward","Guardian:PrimingBeam"],"picked":"Guardian:Gem_Cyan","floor":31},{"not_picked":["Guardian:FloatingOrbs","Guardian:Gem_Fragmented","Guardian:MultiBeam"],"picked":"Guardian:BronzeOrb","floor":32},{"not_picked":["Guardian:SphericShield","Guardian:HyperBeam_Guardian","Guardian:FastForward"],"picked":"Guardian:TimeSifter","floor":33},{"not_picked":["Guardian:PrimingBeam","Guardian:Gem_Green","Guardian:TemporalStrike"],"picked":"Guardian:ChargeCore+1","floor":36},{"not_picked":["Guardian:Recover+1","Guardian:CrystalBeam","Guardian:RollAttack"],"picked":"Guardian:DonusPower","floor":37},{"not_picked":["Guardian:MultiBeam+1","Guardian:VentSteam","Guardian:SpikerProtocol"],"picked":"Guardian:Gem_Purple","floor":39},{"not_picked":["Guardian:FloatingOrbs+1","Guardian:SpikerProtocol+1","Guardian:Gem_Red"],"picked":"Guardian:BaubleBeam","floor":42},{"not_picked":["Guardian:Gem_Cyan","Guardian:Incinerate+1","Guardian:Planning+1"],"picked":"Guardian:EvasiveProtocol+1","floor":43},{"not_picked":["Guardian:Emergency","Guardian:Preprogram","Guardian:Suspension+1"],"picked":"Guardian:Gem_Lightblue","floor":44},{"not_picked":["Guardian:ChargeCore","Guardian:PrimingBeam+1","Guardian:PolyBeam"],"picked":"Guardian:Suspension+1","floor":45},{"not_picked":["Guardian:Gem_Yellow","Guardian:EvasiveProtocol","Guardian:Gem_Lightblue"],"picked":"Guardian:FastForward","floor":47},{"not_picked":["Guardian:Planning+1","Guardian:Recover","Guardian:Gem_Lightblue"],"picked":"Guardian:CrystalBeam","floor":48},{"not_picked":["Guardian:WalkerClaw+1","Guardian:TimeCapacitor+1","Guardian:PrismaticBeam+1"],"picked":"Guardian:ShieldSpikes","floor":49}],"player_experience":964123,"relics_obtained":[{"floor":4,"key":"Simple Rune"},{"floor":7,"key":"theForsaken:Lifeblossom"},{"floor":14,"key":"theForsaken:Gavel"},{"floor":24,"key":"Bottled Lightning"},{"floor":26,"key":"StoneCalendar"}],"event_choices":[{"cards_removed":["Guardian:Strike_Guardian"],"damage_healed":0,"gold_gain":0,"player_choice":"Card Removal","damage_taken":0,"max_hp_gain":0,"max_hp_loss":0,"event_name":"Wheel of Change","floor":11,"gold_loss":0},{"cards_removed":["Guardian:Defend_Guardian"],"damage_healed":0,"gold_gain":0,"player_choice":"Card Removal","damage_taken":0,"max_hp_gain":0,"max_hp_loss":0,"event_name":"Wheel of Change","floor":40,"gold_loss":0}],"is_beta":false,"boss_relics":[{"not_picked":["Calling Bell","Runic Pyramid"],"picked":"Honey Jar"},{"not_picked":["Kintsugi","Runic Dome"],"picked":"Fusion Hammer"}],"items_purged_floors":[],"is_endless":false,"potions_floor_spawned":[5,10,14,15,21,22,29,31,37,39,48,49],"ascension_level":0}}