{"host":"7oiwk103j2prpym5","time":1614134152,"event":{"mods":["BaseMod","BetterRewards","Colored Map","Colored Powertips","GifTheSpireLib","Infinite Spire","Minty Spire (QoL Compilation)","Permanent Neow","Relic Filter Mod","Reliquary","Remove Card Discount Mod","Replay The Spire","StSLib","Stuff the Spire","Weighted Paths"],"gold_per_floor":[109,121,121,133,153,182,182,212,212,232,245,14,14,29,29,128,128,141,141,152,35,35,35,35,60,109,119,119,119],"floor_reached":28,"language":"ENG","playtime":1801,"items_purged":["Strike_R","Defend_R","Strike_R","Defend_R"],"score":400,"play_id":"3d83e9be-35c2-4bcc-ade0-292e8942562d","local_time":"20210223203552","is_ascension_mode":false,"campfire_choices":[{"floor":15,"key":"REST"},{"data":"Demon Form","floor":24,"key":"SMITH"}],"circlet_count":0,"master_deck":["Strike_R","Strike_R","Defend_R","Defend_R+1","Bash","Wild Strike","Impervious","Pommel Strike","Inflame+1","Headbutt","Cleave","Flame Barrier","Shrug It Off","Demon Form+1","ReplayTheSpireMod:Strike From Hell","Bandage Up","Armaments","Limit Break+1","Looming Evil","ReplayTheSpireMod:Faulty Equipment","infinitespire:DeathsTouch","Looming Evil","StuffTheSpire:Incineration+1","Sword Boomerang"],"relics":["Burning Blood","Darkstone Periapt","reliquary:TuningFork","reliquary:Sod","Oddly Smooth Stone","Anchor","Red Skull","Honey Jar","Ring of Misfortune","Ring of Searing","Juzu Bracelet","Happy Flower"],"acts_visited":["Exordium","TheCity"],"potions_floor_usage":[8,25,28,28],"damage_taken":[{"damage":3,"enemies":"Jaw Worm","floor":1,"turns":4},{"damage":4,"enemies":"Small Slimes","floor":2,"turns":3},{"damage":0,"enemies":"Cultist","floor":4,"turns":3},{"damage":7,"enemies":"Blue Slaver","floor":5,"turns":4},{"damage":23,"enemies":"Gremlin Nob","floor":6,"turns":4},{"damage":23,"enemies":"Lagavulin","floor":8,"turns":5},{"damage":7,"enemies":"2 Fungi Beasts","floor":10,"turns":3},{"damage":1,"enemies":"Looter","floor":11,"turns":2},{"damage":6,"enemies":"Blue Slaver","floor":14,"turns":3},{"damage":30,"enemies":"Fading Forest","floor":16,"turns":11},{"damage":15,"enemies":"2 Thieves","floor":18,"turns":5},{"damage":11,"enemies":"3 Byrds","floor":20,"turns":3},{"damage":5,"enemies":"Book of Stabbing","floor":25,"turns":4},{"damage":13,"enemies":"Cultist and Chosen","floor":27,"turns":3},{"damage":93,"enemies":"Nightmare","floor":28,"turns":6}],"seed_played":"-5264728986409259678","potions_obtained":[{"floor":1,"key":"Venom Potion"},{"floor":2,"key":"Fire Potion"},{"floor":6,"key":"Toxic Potion"},{"floor":14,"key":"Strength Potion"},{"floor":16,"key":"Adrenaline Potion"},{"floor":25,"key":"Swift Potion"},{"floor":27,"key":"SpeedPotion"}],"is_trial":false,"path_per_floor":["M","M","?","M","M","E","?","E","T","M","M","$","?","M","R","B",null,"M","?","M","$","?","?","R","E","T","M","NM"],"character_chosen":"IRONCLAD","items_purchased":["Darkstone Periapt","Flame Barrier","Anchor","Limit Break+1"],"campfire_rested":1,"item_purchase_floors":[0,12,12,21],"current_hp_per_floor":[69,71,71,77,76,59,59,42,42,41,46,46,34,34,58,54,80,71,71,70,70,82,88,88,93,93,86,0,0],"gold":119,"neow_bonus":"","is_daily":false,"chose_seed":false,"campfire_upgraded":1,"win_rate":0.0,"timestamp":1614134152,"path_taken":["M","M","?","M","M","E","?","E","T","M","M","$","?","M","R","BOSS","M","?","M","?","?","?","R","E","T","M","NM"],"items_purchased_type":["Relic","Card","Relic","Card"],"build_version":"2020-12-22","purchased_purges":4,"victory":false,"max_hp_per_floor":[80,80,80,80,80,80,80,80,80,80,80,80,80,80,80,80,80,80,80,80,80,92,98,98,98,98,98,98,98],"card_choices":[{"not_picked":["True Grit","Replay:Undeath\u0027s Touch","Rupture"],"picked":"SKIP","floor":1},{"not_picked":["StuffTheSpire:Slingshot","Entrench"],"picked":"Pommel Strike","floor":2},{"not_picked":["Wild Strike","Sever Soul","Second Wind"],"picked":"SKIP","floor":4},{"not_picked":["Thunderclap","Hemogenesis"],"picked":"Inflame","floor":5},{"not_picked":["ReplayTheSpireMod:Strike From Hell","Havoc"],"picked":"Headbutt","floor":6},{"not_picked":["Massacre","Clash"],"picked":"Cleave","floor":8},{"not_picked":["StuffTheSpire:Slingshot","True Grit","Headbutt"],"picked":"SKIP","floor":10},{"not_picked":["ReplayTheSpireMod:LeadingStrike","Body Slam","Offering"],"picked":"SKIP","floor":11},{"not_picked":["Replay:Undeath\u0027s Touch","Pommel Strike"],"picked":"Shrug It Off","floor":14},{"not_picked":["Exhume","Impervious"],"picked":"Demon Form","floor":16},{"not_picked":["Run Through","Wild Strike","Headbutt"],"picked":"ReplayTheSpireMod:Strike From Hell","floor":18},{"not_picked":["StuffTheSpire:Incineration","Rage","Headbutt"],"picked":"Armaments","floor":20},{"not_picked":["infinitespire:Oblivion","infinitespire:TheBestDefense"],"picked":"infinitespire:DeathsTouch","floor":22},{"not_picked":["Berserk","Sword Boomerang","Shrug It Off"],"picked":"StuffTheSpire:Incineration+1","floor":25},{"not_picked":["ReplayTheSpireMod:Corrosion Curse","Power Through","Havoc+1"],"picked":"Sword Boomerang","floor":27}],"player_experience":908430,"relics_obtained":[{"floor":6,"key":"reliquary:TuningFork"},{"floor":8,"key":"reliquary:Sod"},{"floor":9,"key":"Oddly Smooth Stone"},{"floor":23,"key":"Ring of Misfortune"},{"floor":23,"key":"Ring of Searing"},{"floor":25,"key":"Juzu Bracelet"},{"floor":26,"key":"Happy Flower"}],"event_choices":[{"damage_healed":0,"gold_gain":0,"player_choice":"Grow","damage_taken":0,"max_hp_gain":0,"max_hp_loss":0,"event_name":"Living Wall","floor":7,"gold_loss":0,"cards_upgraded":["Inflame"]},{"damage_healed":0,"gold_gain":0,"player_choice":"Success","damage_taken":12,"relics_obtained":["Red Skull"],"max_hp_gain":0,"max_hp_loss":0,"event_name":"Scrap Ooze","floor":13,"gold_loss":0},{"damage_healed":0,"gold_gain":0,"player_choice":"1 cards matched","damage_taken":0,"max_hp_gain":0,"max_hp_loss":0,"event_name":"Match and Keep!","floor":19,"gold_loss":0,"cards_obtained":["Bandage Up"]}],"is_beta":false,"boss_relics":[{"not_picked":["Abe\u0027s Treasure","StuffTheSpire:ModemDavis"],"picked":"Honey Jar"}],"items_purged_floors":[0,0,12,12],"is_endless":false,"potions_floor_spawned":[1,2,6,14,16,25,27],"killed_by":"Nightmare","ascension_level":0}}