{"host":"p0hktren06injwdf","time":1614183803,"event":{"mods":["AchievementEnabler","BaseMod","Colored Map","DeckTracker","Minty Spire (QoL Compilation)","Permanent Neow","StSLib","SuperFastMode"],"gold_per_floor":[15,15,34,47,63,63,97,97,120,132,144,206,218,305,317,329,329],"floor_reached":16,"language":"KOR","playtime":202,"items_purged":[],"score":216,"play_id":"5b4f387b-9c88-4910-a5f5-0b823d486294","local_time":"20210225012323","is_ascension_mode":true,"campfire_choices":[{"data":"The Bomb","floor":6.0,"key":"SMITH"},{"floor":8.0,"key":"REST"},{"data":"Eruption","floor":10.0,"key":"SMITH"},{"floor":15,"key":"REST"}],"circlet_count":0,"master_deck":["AscendersBane","Strike_P","Strike_P","Strike_P","Strike_P","Defend_P","Defend_P","Defend_P","Defend_P","Eruption+1","Vigilance","The Bomb+1","Protect","InnerPeace","EmptyFist"],"relics":["PureWater","Golden Idol","Omamori","MawBank","CeramicFish"],"acts_visited":["Exordium"],"potions_floor_usage":[12,12],"damage_taken":[{"damage":5.0,"enemies":"2 Louse","floor":1.0,"turns":4.0},{"damage":0.0,"enemies":"Small Slimes","floor":3.0,"turns":3.0},{"damage":4.0,"enemies":"Jaw Worm","floor":4.0,"turns":5.0},{"damage":21.0,"enemies":"3 Louse","floor":5.0,"turns":5.0},{"damage":18.0,"enemies":"Lagavulin","floor":7.0,"turns":6.0},{"damage":10,"enemies":"Gremlin Nob","floor":12,"turns":3},{"damage":28,"enemies":"The Guardian","floor":16,"turns":6}],"seed_played":"776654863626936065","potions_obtained":[{"floor":5.0,"key":"Ambrosia"},{"floor":7.0,"key":"LiquidMemories"}],"is_trial":false,"path_per_floor":["M","?","M","M","M","R","E","R","T","R","?","E","$","?","R","B"],"character_chosen":"WATCHER","items_purchased":[],"campfire_rested":2,"item_purchase_floors":[],"current_hp_per_floor":[56,56,56,52,31,31,13,31,31,31,31,21,21,10,28,0,0],"gold":329,"neow_bonus":"RANDOM_COLORLESS_2","is_daily":false,"chose_seed":false,"campfire_upgraded":2,"win_rate":0.0,"timestamp":1614183803,"path_taken":["M","?","M","M","M","R","E","R","T","R","?","E","$","?","R","BOSS"],"items_purchased_type":[],"build_version":"2020-12-22","purchased_purges":0,"victory":false,"max_hp_per_floor":[68,62,62,62,62,62,62,62,62,62,62,62,62,62,62,62,62],"card_choices":[{"not_picked":["Mayhem","Sadistic Nature"],"picked":"The Bomb","floor":0.0},{"not_picked":["SashWhip","Weave"],"picked":"Protect","floor":1.0},{"not_picked":["ThirdEye","FlyingSleeves","Crescendo"],"picked":"SKIP","floor":3.0},{"not_picked":["CutThroughFate","JustLucky","SashWhip"],"picked":"SKIP","floor":4.0},{"not_picked":["JustLucky","Vengeance","Wireheading"],"picked":"SKIP","floor":5.0},{"not_picked":["MentalFortress","FollowUp"],"picked":"InnerPeace","floor":7.0},{"not_picked":["CrushJoints","Adaptation"],"picked":"EmptyFist","floor":12}],"player_experience":1110210,"relics_obtained":[{"floor":7.0,"key":"Omamori"},{"floor":9.0,"key":"MawBank"},{"floor":12,"key":"CeramicFish"}],"event_choices":[{"damage_healed":0.0,"max_hp_gain":0.0,"max_hp_loss":6.0,"gold_gain":0.0,"event_name":"Golden Idol","player_choice":"Lose Max HP","floor":2.0,"gold_loss":0.0,"damage_taken":0.0,"relics_obtained":["Golden Idol"]},{"damage_healed":0.0,"max_hp_gain":0.0,"max_hp_loss":0.0,"gold_gain":0.0,"event_name":"Scrap Ooze","player_choice":"Fled","floor":11.0,"gold_loss":0.0,"damage_taken":0.0},{"damage_healed":0,"gold_gain":75,"player_choice":"Gather Gold","damage_taken":11,"max_hp_gain":0,"max_hp_loss":0,"event_name":"World of Goop","floor":14,"gold_loss":0}],"is_beta":false,"boss_relics":[],"items_purged_floors":[],"is_endless":false,"potions_floor_spawned":[5,7],"killed_by":"The Guardian","ascension_level":20}}