{"host":"5n1fl7z5i1vf7jan","time":1614166702,"event":{"mods":["BaseMod","Minty Spire (QoL Compilation)","Quick Restart","Relic Stats"],"gold_per_floor":[116,116,41,57,1,1,17,17,17,36,70,82,82,82],"floor_reached":13,"language":"ENG","playtime":340,"items_purged":[],"score":170,"play_id":"d0573e17-c612-4318-809b-61e524ad6c1b","local_time":"20210224033822","is_ascension_mode":true,"campfire_choices":[{"data":"Zap","floor":6,"key":"SMITH"},{"data":"Rebound","floor":8,"key":"SMITH"}],"circlet_count":0,"master_deck":["AscendersBane","Strike_B","Strike_B","Strike_B","Defend_B","Defend_B","Defend_B","Zap+1","Dualcast","Rebound+1","Cold Snap","Steam","Capacitor","Conserve Battery","BootSequence"],"relics":["Nuclear Battery","Pear","Nunchaku"],"acts_visited":["Exordium"],"potions_floor_usage":[11,13],"damage_taken":[{"damage":9.0,"enemies":"Jaw Worm","floor":1.0,"turns":5.0},{"damage":0,"enemies":"2 Louse","floor":4,"turns":3},{"damage":2,"enemies":"Small Slimes","floor":7,"turns":4},{"damage":6,"enemies":"Blue Slaver","floor":10,"turns":4},{"damage":11,"enemies":"Lagavulin","floor":11,"turns":7},{"damage":9,"enemies":"Looter","floor":12,"turns":3},{"damage":37,"enemies":"Gremlin Nob","floor":13,"turns":4}],"seed_played":"-8386088095634358385","potions_obtained":[{"floor":7,"key":"AttackPotion"}],"is_trial":false,"path_per_floor":["M","?","?","M","$","R","M","R","T","M","E","M","E"],"character_chosen":"DEFECT","items_purchased":["Dexterity Potion"],"campfire_rested":0,"item_purchase_floors":[5],"current_hp_per_floor":[55,48,48,48,48,48,46,46,56,50,39,30,0,0],"gold":82,"neow_bonus":"BOSS_RELIC","is_daily":false,"chose_seed":false,"campfire_upgraded":2,"win_rate":0.0,"timestamp":1614166702,"path_taken":["M","?","?","M","?","R","M","R","T","M","E","M","E"],"items_purchased_type":["Potion"],"build_version":"2020-12-22","purchased_purges":0,"victory":false,"max_hp_per_floor":[71,71,71,71,71,71,71,71,81,81,81,81,81,81],"relic_stats":{"Nunchaku":[1],"counters":[7,30],"obtain_stats":[{"Nunchaku":11,"Pear":9,"Cracked Core":0,"Nuclear Battery":0},{"Nunchaku":5,"Pear":3,"Cracked Core":0,"Nuclear Battery":0},{"Nunchaku":23,"Pear":12,"Cracked Core":0,"Nuclear Battery":0}]},"card_choices":[{"not_picked":["Turbo","Steam"],"picked":"Rebound","floor":1.0},{"not_picked":["Blizzard","Coolheaded"],"picked":"Cold Snap","floor":4},{"not_picked":["Double Energy","Recycle"],"picked":"Steam","floor":7},{"not_picked":["Fusion","Gash"],"picked":"Capacitor","floor":10},{"not_picked":["Heatsinks","Fusion"],"picked":"Conserve Battery","floor":11},{"not_picked":["Barrage","Auto Shields"],"picked":"BootSequence","floor":12}],"player_experience":400076,"relics_obtained":[{"floor":9,"key":"Pear"},{"floor":11,"key":"Nunchaku"}],"event_choices":[{"cards_removed":["Strike_B"],"damage_healed":0.0,"max_hp_gain":0.0,"max_hp_loss":0.0,"gold_gain":0.0,"event_name":"Golden Wing","player_choice":"Card Removal","floor":2.0,"gold_loss":0.0,"damage_taken":7.0},{"cards_removed":["Defend_B"],"damage_healed":0.0,"max_hp_gain":0.0,"max_hp_loss":0.0,"gold_gain":0.0,"event_name":"The Cleric","player_choice":"Card Removal","floor":3.0,"gold_loss":75.0,"damage_taken":0.0}],"is_beta":false,"boss_relics":[],"items_purged_floors":[],"is_endless":false,"potions_floor_spawned":[7,10],"killed_by":"Gremlin Nob","ascension_level":20}}