{"host":"i0asdmq0kdsv7cgz","time":1614179778,"event":{"mods":["BaseMod","Colored Map","Downfall","Gold Saver","Hubris","Minty Spire (QoL Compilation)","Replay The Spire","StSLib"],"gold_per_floor":[2360,2372,2372,2386,2404,2415,2415,2415,2460,2460,2488,2488,2504,2516,2516,1724,1295,1320,1337,1435,1435,1435,1435,1449,1549,1568,1582,1482,1482,1517,1604,1619,1619,1634,1666,1666,1679,1722,1734,1762,1776,1786,1886,1886,1886,1781,1781,1781,1795,1810,1823,1823,1858,1911,1960,1512,1412,1412,1423,1456,1356,1372,1372,1387,1387,1387,1422,1111,1111,1111,1111],"floor_reached":72,"language":"ENG","playtime":4886,"items_purged":["bronze:Strike","bronze:Strike","bronze:Defend","bronze:Defend","bronze:Strike"],"score":1964,"play_id":"a828b6e6-7e1b-4e07-84d1-69c57942e605","local_time":"20210224161618","is_ascension_mode":true,"campfire_choices":[{"data":"Midas Touch","floor":1,"key":"SMITH"},{"floor":10,"key":"REST"},{"data":"bronze:Constructor","floor":12,"key":"SMITH"},{"floor":15,"key":"REST"},{"floor":22,"key":"RECALL"},{"data":"bronze:SpaghettiCode","floor":28,"key":"SMITH"},{"data":"bronze:RecursiveStrike","floor":45,"key":"SMITH"},{"data":"bronze:Assembly","floor":57,"key":"SMITH"},{"data":"Pot Of Greed","floor":61,"key":"SMITH"},{"data":"bronze:SpaghettiCode","floor":69,"key":"SMITH"}],"circlet_count":0,"master_deck":["bronze:Replicate","bronze:Goto","Midas Touch+1","bronze:DelayedSlice","bronze:Iterate","bronze:Branch","bronze:Constructor+1","bronze:Refactor","bronze:Optimize","bronze:ChosenStrike","Pot Of Greed+1","bronze:SpaghettiCode+1","bronze:SpaghettiCode+1","bronze:BronzeOrb","bronze:BronzeOrb","bronze:FineTuning","bronze:FineTuning","bronze:Assembly","Pot Of Greed","bronze:ChildClass","bronze:Return","bronze:ChosenStrike","bronze:FineTuning","bronze:InfiniteLoop","bronze:ChosenStrike","bronze:RecursiveStrike+1","bronze:Assembly+1","bronze:CloningBeam","bronze:Shell","bronze:Shield","hubris:Insight","Pot Of Greed"],"relics":["bronze:BronzeCore","downfall:ShatteredFragment","ReplayTheSpireMod:Ninjato","Happy Flower","Omamori","hubris:CrystalStatue","Grinning Jar","Strange Spoon","Membership Card","Replay:Mystery Machine","Odd Mushroom","hubris:TerracottaHorce","Nloth\u0027s Gift","White Beast Statue","downfall:HeartBlessingRed","hubris:MysteriousPyramids","Eternal Feather","Enchiridion","Replay:Bottled Steam","Juzu Bracelet","Coffee Dripper","Lee\u0027s Waffle","FossilizedHelix","Lizard Tail","Letter Opener","Replay:Rubber Ducky","hubris:HerbalPaste","Pocketwatch","Replay:PocketPolymizer","downfall:HeartBlessingBlue","Bag of Marbles","downfall:HeartBlessingGreen","bronze:BottledCode","Pen Nib","HandDrill","Bronze Scales","Oddly Smooth Stone"],"acts_visited":["Exordium","TheCity","TheBeyond","TheEnding"],"potions_floor_usage":[11,70,70,70],"damage_taken":[{"damage":27,"enemies":"Small Slimes","floor":2,"turns":4},{"damage":6,"enemies":"Jaw Worm","floor":4,"turns":2},{"damage":0,"enemies":"Cultist","floor":5,"turns":1},{"damage":20,"enemies":"Large Slime","floor":6,"turns":6},{"damage":12,"enemies":"Lagavulin","floor":11,"turns":2},{"damage":5,"enemies":"Gremlin Gang","floor":13,"turns":3},{"damage":0,"enemies":"3 Louse","floor":14,"turns":2},{"damage":0,"enemies":"downfall:FleeingMerchant","floor":16,"turns":4},{"damage":0,"enemies":"downfall:FleeingMerchant","floor":17,"turns":4},{"damage":0,"enemies":"The Mushroom Lair","floor":18,"turns":2},{"damage":0,"enemies":"Blue Slaver","floor":19,"turns":1},{"damage":1,"enemies":"WA_ARCHETYPE_RETAIN","floor":20,"turns":3},{"damage":0,"enemies":"Chosen","floor":24,"turns":2},{"damage":0,"enemies":"downfall:LadyInBlue","floor":25,"turns":3},{"damage":0,"enemies":"downfall:LooterAlt2","floor":26,"turns":2},{"damage":0,"enemies":"3 Cultists","floor":27,"turns":3},{"damage":0,"enemies":"Gremlin Leader","floor":30,"turns":3},{"damage":0,"enemies":"Snake Plant","floor":32,"turns":2},{"damage":0,"enemies":"Sentry and Sphere","floor":34,"turns":2},{"damage":0,"enemies":"Slavers","floor":35,"turns":2},{"damage":0,"enemies":"Snecko","floor":37,"turns":2},{"damage":0,"enemies":"3 Cultists","floor":38,"turns":3},{"damage":1,"enemies":"Centurion and Healer","floor":39,"turns":2},{"damage":0,"enemies":"Gremlin Leader","floor":40,"turns":2},{"damage":0,"enemies":"Sentry and Sphere","floor":41,"turns":2},{"damage":0,"enemies":"Cultist and Chosen","floor":42,"turns":3},{"damage":11,"enemies":"IC_MUSHROOM_ARCHETYPE","floor":43,"turns":3},{"damage":0,"enemies":"downfall:FleeingMerchant","floor":46,"turns":1},{"damage":0,"enemies":"Orb Walker","floor":49,"turns":1},{"damage":0,"enemies":"3 Darklings","floor":50,"turns":2},{"damage":0,"enemies":"Spire Growth","floor":51,"turns":2},{"damage":0,"enemies":"R_Hoarder","floor":53,"turns":3},{"damage":0,"enemies":"Jaw Worm Horde","floor":59,"turns":1},{"damage":0,"enemies":"Giant Head","floor":60,"turns":4},{"damage":0,"enemies":"3 Darklings","floor":62,"turns":2},{"damage":0,"enemies":"4 Shapes","floor":64,"turns":1},{"damage":7,"enemies":"SI_POISON_ARCHETYPE","floor":65,"turns":3},{"damage":0,"enemies":"downfall:CharBossMerchant","floor":67,"turns":4},{"damage":13,"enemies":"downfall:NeowBoss","floor":70,"turns":7},{"damage":51,"enemies":"downfall:NeowBossFinal","floor":71,"turns":5}],"seed_played":"-5013453381797147555","potions_obtained":[{"floor":4,"key":"Death Potion"},{"floor":5,"key":"bronze:FreeFunctionsPotion"},{"floor":14,"key":"ColorlessPotion"},{"floor":18,"key":"Ancient Potion"},{"floor":34,"key":"PowerPotion"},{"floor":46,"key":"Slimebound:ThreeZeroPotion"}],"is_trial":false,"path_per_floor":["R","M","?","M","M","M","?","T","T","R","E","R","M","M","R","$","$","?","M","B",null,"R","?","M","?","M","M","R","T","E","?","M","?","M","E","?","M","M","M","E","M","M","B",null,"R","$","PTL","PTL","M","M","M","?","E","T","T","$","R","?","M","E","R","M","?","M","B",null,"E","$","R","B","B",null],"character_chosen":"THE_AUTOMATON","items_purchased":["hubris:CrystalStatue","Grinning Jar","Strange Spoon","bronze:SpaghettiCode","Membership Card","Replay:Mystery Machine","Vajra","bronze:SpaghettiCode","Lee\u0027s Waffle","FossilizedHelix","Lizard Tail","hubris:HerbalPaste","Pocketwatch","Replay:PocketPolymizer","HandDrill","Bronze Scales","Oddly Smooth Stone"],"campfire_rested":2,"item_purchase_floors":[16,16,16,16,17,17,17,17,46,46,46,56,56,56,68,68,68],"current_hp_per_floor":[63,36,57,51,51,31,10,10,10,28,16,16,11,11,29,29,29,29,29,28,54,54,54,54,54,54,54,54,54,54,54,54,38,38,38,38,38,38,37,37,37,37,26,54,63,70,70,70,70,70,70,70,70,70,70,70,80,80,80,80,80,80,70,70,63,68,70,70,70,58,13],"gold":1111,"neow_bonus":"RANDOM_COLORLESS_2","is_daily":false,"chose_seed":false,"campfire_upgraded":7,"win_rate":0.0,"timestamp":1614179778,"path_taken":["R","M","?","M","M","M","?","T","T","R","E","R","M","M","R","?","$","?","M","BOSS","R","?","?","?","M","?","R","T","E","?","M","?","M","E","?","M","M","M","E","M","M","BOSS","R","$","PTL","PTL","M","M","M","?","E","T","T","$","R","?","M","E","R","M","?","M","BOSS","E","$","R","BOSS","BOSS"],"items_purchased_type":["Relic","Relic","Relic","Card","Relic","Relic","Relic","Card","Relic","Relic","Relic","Relic","Relic","Relic","Relic","Relic","Relic"],"build_version":"2020-12-22","purchased_purges":5,"victory":true,"max_hp_per_floor":[63,63,63,63,63,63,63,63,63,63,63,63,63,63,63,63,63,63,63,63,63,63,63,63,63,63,63,63,63,63,63,63,63,63,63,63,63,63,63,63,63,63,63,63,63,70,70,70,70,70,70,70,70,70,70,70,80,80,80,80,80,80,70,70,70,70,70,70,70,70,70],"card_choices":[{"not_picked":["ReplayUltimateDefense","Magnetism"],"picked":"Midas Touch","floor":0},{"not_picked":["bronze:Separator","bronze:Boost"],"picked":"bronze:DelayedSlice","floor":2},{"not_picked":["bronze:CutThrough","bronze:BugBarrage"],"picked":"bronze:Iterate","floor":4},{"not_picked":["bronze:Safeguard","bronze:Overload"],"picked":"bronze:Branch","floor":5},{"not_picked":["bronze:WildBeam","bronze:DigitalCarnage"],"picked":"bronze:Constructor","floor":6},{"not_picked":["bronze:Optimize","bronze:Fortify"],"picked":"bronze:Refactor","floor":11},{"not_picked":["bronze:ForceShield","bronze:DarkDash"],"picked":"bronze:Optimize","floor":13},{"not_picked":["bronze:Safeguard","bronze:NullPointer"],"picked":"bronze:ChosenStrike","floor":14},{"not_picked":["bronze:Refactor","bronze:Constructor","bronze:DarkDash"],"picked":"SKIP","floor":16},{"not_picked":["bronze:WildBeam","bronze:WhirlingStrike","bronze:Fortify"],"picked":"SKIP","floor":17},{"not_picked":["bronze:Overheat","bronze:BitShift"],"picked":"bronze:BronzeOrb","floor":18},{"not_picked":["bronze:Philosophize","bronze:CleanCode"],"picked":"bronze:BronzeOrb","floor":19},{"not_picked":["bronze:Deprecate","bronze:Constructor","bronze:OilSpill+1"],"picked":"SKIP","floor":24},{"not_picked":["bronze:Return+1","bronze:Constructor+1"],"picked":"bronze:FineTuning","floor":25},{"not_picked":["bronze:Shield","bronze:BitShift","bronze:ThunderWave"],"picked":"SKIP","floor":26},{"not_picked":["bronze:DelayedGuard","bronze:Shield+1","bronze:CloningBeam"],"picked":"SKIP","floor":27},{"not_picked":["bronze:Break","bronze:InfiniteBeams"],"picked":"bronze:FineTuning","floor":30},{"not_picked":["bronze:Backtrace","bronze:OilSpill"],"picked":"bronze:Assembly","floor":31},{"not_picked":["bronze:BuggyMess+1","bronze:Shield"],"picked":"bronze:ChildClass","floor":32},{"not_picked":["bronze:DelayedGuard","bronze:WhirlingStrike","bronze:DigitalCarnage+1"],"picked":"SKIP","floor":34},{"not_picked":["bronze:Iterate+1","bronze:Invalidate","bronze:CloningBeam"],"picked":"SKIP","floor":35},{"not_picked":["bronze:Constructor","bronze:Virus"],"picked":"bronze:Return","floor":37},{"not_picked":["bronze:DelayedSlice+1","bronze:CutThrough"],"picked":"bronze:ChosenStrike","floor":38},{"not_picked":["bronze:CloningBeam+1","bronze:ChildClass"],"picked":"bronze:FineTuning","floor":39},{"not_picked":["bronze:WildBeam+1","bronze:Branch"],"picked":"bronze:InfiniteLoop","floor":40},{"not_picked":["bronze:Branch","bronze:Separator","bronze:ShipIt"],"picked":"SKIP","floor":41},{"not_picked":["bronze:BronzeArmor+1","bronze:Shell"],"picked":"bronze:ChosenStrike","floor":42},{"not_picked":["bronze:AlphaBuild","bronze:Break"],"picked":"bronze:RecursiveStrike","floor":43},{"not_picked":["bronze:ChildClass","bronze:FineTuning+1"],"picked":"bronze:Assembly","floor":46},{"not_picked":["bronze:Return","bronze:CloningBeam+1","bronze:WhirlingStrike"],"picked":"SKIP","floor":49},{"not_picked":["bronze:DelayedGuard","bronze:BuggyMess+1","bronze:HyperBeam"],"picked":"SKIP","floor":50},{"not_picked":["bronze:Frontload+1","bronze:Fortify","bronze:NullPointer"],"picked":"SKIP","floor":51},{"not_picked":["bronze:Separator","bronze:Virus","bronze:Break"],"picked":"SKIP","floor":53},{"not_picked":["bronze:WildBeam","bronze:Separator","bronze:BuggyMess"],"picked":"SKIP","floor":59},{"not_picked":["bronze:RecursiveStrike","bronze:ChosenStrike","bronze:Shield+1"],"picked":"SKIP","floor":60},{"not_picked":["bronze:Safeguard","bronze:GetLatest","bronze:CloningBeam+1"],"picked":"SKIP","floor":62},{"not_picked":["bronze:Overheat","bronze:FollowUp","bronze:Separator"],"picked":"SKIP","floor":64},{"not_picked":["bronze:BuggyMess+1","bronze:Philosophize+1","bronze:ShipIt"],"picked":"SKIP","floor":67}],"player_experience":599003,"relics_obtained":[{"floor":8,"key":"ReplayTheSpireMod:Ninjato"},{"floor":9,"key":"Happy Flower"},{"floor":11,"key":"Omamori"},{"floor":18,"key":"Odd Mushroom"},{"floor":25,"key":"White Beast Statue"},{"floor":29,"key":"hubris:MysteriousPyramids"},{"floor":30,"key":"Eternal Feather"},{"floor":33,"key":"Enchiridion"},{"floor":35,"key":"Replay:Bottled Steam"},{"floor":40,"key":"Juzu Bracelet"},{"floor":53,"key":"Letter Opener"},{"floor":55,"key":"Replay:Rubber Ducky"},{"floor":60,"key":"Bag of Marbles"},{"floor":67,"key":"Pen Nib"}],"event_choices":[{"damage_healed":21,"gold_gain":0,"player_choice":"Banana","damage_taken":0,"max_hp_gain":0,"max_hp_loss":0,"event_name":"Big Fish","floor":3,"gold_loss":0},{"damage_healed":0,"gold_gain":0,"player_choice":"Fought Mushrooms","damage_taken":0,"max_hp_gain":0,"max_hp_loss":0,"event_name":"Mushrooms","floor":18,"gold_loss":0}],"is_beta":false,"boss_relics":[{"not_picked":["hubris:VirtuousBlindfold","sneckomod:SneckoTalon"],"picked":"hubris:TerracottaHorce"},{"not_picked":["Empty Cage","Astrolabe"],"picked":"Coffee Dripper"}],"items_purged_floors":[16,17,46,56,68],"is_endless":false,"potions_floor_spawned":[4,5,14,18,20,26,27,30,32,34,35,37,38,39,40,41,42,43,46,49,50,51,53,59,60,62,64,67],"ascension_level":6}}