{"host":"fawhrnsdtsa3msx1","time":1614134713,"event":{"mods":["AchievementEnabler","BaseMod","Colored Map","DeckTracker","Keyboard Shortcuts","Minty Spire (QoL Compilation)","Permanent Neow","Quick Restart","SuperFastMode"],"gold_per_floor":[111,122,47,63,63,92,92,92,165,195,213,232,157,181,181,285,285,297,222,242,242,255,284,194,219,299,299,574,574,588,588,588],"floor_reached":31,"language":"KOR","playtime":1057,"items_purged":["Defend_R","Strike_R"],"score":350,"play_id":"7db32784-2135-454a-8392-c24b0ca64f37","local_time":"20210224114513","is_ascension_mode":true,"campfire_choices":[{"data":"Bash","floor":7,"key":"SMITH"},{"floor":15,"key":"REST"},{"data":"Regret","floor":29,"key":"PURGE"}],"circlet_count":0,"master_deck":["Strike_R","Strike_R","Defend_R","Defend_R","Defend_R","Bash+1","Bludgeon","Pommel Strike","Ghostly Armor","Twin Strike","Armaments","Evolve","Fire Breathing","Shrug It Off","Shrug It Off","Twin Strike","Twin Strike+1","Entrench","Shrug It Off+1","Decay","Feed"],"relics":["Burning Blood","TungstenRod","HornCleat","Charon\u0027s Ashes","Odd Mushroom","Mark of Pain","Smiling Mask","Peace Pipe","Darkstone Periapt"],"acts_visited":["Exordium","TheCity"],"potions_floor_usage":[6,10,16],"damage_taken":[{"damage":0,"enemies":"2 Louse","floor":1,"turns":4},{"damage":8,"enemies":"Jaw Worm","floor":2,"turns":4},{"damage":0,"enemies":"Cultist","floor":4,"turns":2},{"damage":15,"enemies":"3 Sentries","floor":6,"turns":6},{"damage":26,"enemies":"Lagavulin","floor":10,"turns":6},{"damage":11,"enemies":"Exordium Wildlife","floor":11,"turns":4},{"damage":2,"enemies":"Blue Slaver","floor":12,"turns":2},{"damage":18,"enemies":"The Mushroom Lair","floor":14,"turns":4},{"damage":27,"enemies":"Slime Boss","floor":16,"turns":7},{"damage":5,"enemies":"3 Byrds","floor":18,"turns":6},{"damage":14,"enemies":"2 Thieves","floor":20,"turns":5},{"damage":13,"enemies":"3 Cultists","floor":22,"turns":5},{"damage":54,"enemies":"Book of Stabbing","floor":23,"turns":7},{"damage":26,"enemies":"Gremlin Leader","floor":25,"turns":7},{"damage":32,"enemies":"Shelled Parasite and Fungi","floor":30,"turns":6},{"damage":22,"enemies":"Snake Plant","floor":31,"turns":1}],"seed_played":"2417966092659706821","potions_obtained":[{"floor":1,"key":"Explosive Potion"},{"floor":2,"key":"EssenceOfSteel"},{"floor":10,"key":"FairyPotion"},{"floor":12,"key":"Fruit Juice"},{"floor":23,"key":"FearPotion"},{"floor":30,"key":"BlessingOfTheForge"}],"is_trial":false,"path_per_floor":["M","M","$","M","?","E","R","T","T","E","M","M","$","?","R","B",null,"M","?","M","$","M","E","$","E","T","?","?","R","M","M"],"character_chosen":"IRONCLAD","items_purchased":["Ghostly Armor","Entrench"],"campfire_rested":1,"item_purchase_floors":[3,24],"current_hp_per_floor":[62,60,60,66,59,50,50,50,50,30,25,29,29,17,41,25,85,85,85,77,77,70,22,22,31,31,37,43,43,17,0,0],"gold":588,"neow_bonus":"THREE_RARE_CARDS","is_daily":false,"chose_seed":false,"campfire_upgraded":1,"win_rate":0.0,"timestamp":1614134713,"path_taken":["M","M","$","M","?","E","R","?","T","E","M","M","$","?","R","BOSS","M","?","M","$","M","E","$","E","T","?","?","R","?","M"],"items_purchased_type":["Card","Card"],"build_version":"2020-12-22","purchased_purges":2,"victory":false,"max_hp_per_floor":[80,80,80,80,80,80,80,80,80,80,80,80,80,80,80,85,85,85,85,85,85,85,85,85,85,85,91,97,97,97,97,97],"card_choices":[{"not_picked":["Demon Form","Fiend Fire"],"picked":"Bludgeon","floor":0},{"not_picked":["Hemokinesis","Burning Pact"],"picked":"Pommel Strike","floor":1},{"not_picked":["Disarm","Iron Wave","Power Through"],"picked":"SKIP","floor":2},{"not_picked":["Uppercut","Rage"],"picked":"Twin Strike","floor":4},{"not_picked":["Dropkick","Second Wind","Blood for Blood"],"picked":"SKIP","floor":6},{"not_picked":["Flex","Heavy Blade"],"picked":"Armaments","floor":10},{"not_picked":["Power Through","Battle Trance"],"picked":"Evolve","floor":11},{"not_picked":["Corruption","Thunderclap"],"picked":"Fire Breathing","floor":12},{"not_picked":["Flex","Iron Wave"],"picked":"Shrug It Off","floor":14},{"not_picked":["Perfected Strike","Intimidate"],"picked":"Shrug It Off","floor":18},{"not_picked":["Cleave","Fire Breathing"],"picked":"Twin Strike","floor":20},{"not_picked":["Perfected Strike","Flex"],"picked":"Twin Strike+1","floor":22},{"not_picked":["Clothesline","Inflame","Twin Strike"],"picked":"SKIP","floor":23},{"not_picked":["Clothesline","Inflame","Twin Strike"],"picked":"SKIP","floor":23},{"not_picked":["Armaments","Pommel Strike"],"picked":"Shrug It Off+1","floor":25},{"not_picked":["Battle Trance","Feel No Pain"],"picked":"Feed","floor":30}],"player_experience":140619,"relics_obtained":[{"floor":6,"key":"TungstenRod"},{"floor":9,"key":"HornCleat"},{"floor":10,"key":"Charon\u0027s Ashes"},{"floor":14,"key":"Odd Mushroom"},{"floor":23,"key":"Smiling Mask"},{"floor":25,"key":"Peace Pipe"},{"floor":26,"key":"Darkstone Periapt"}],"event_choices":[{"cards_removed":["Strike_R"],"damage_healed":0,"gold_gain":0,"player_choice":"Card Removal","damage_taken":7,"max_hp_gain":0,"max_hp_loss":0,"event_name":"Golden Wing","floor":5,"gold_loss":0},{"damage_healed":0,"gold_gain":0,"player_choice":"Fought Mushrooms","damage_taken":0,"max_hp_gain":0,"max_hp_loss":0,"event_name":"Mushrooms","floor":14,"gold_loss":0},{"cards_removed":["Strike_R"],"damage_healed":0,"gold_gain":0,"player_choice":"Gave Gold","damage_taken":0,"max_hp_gain":0,"max_hp_loss":0,"event_name":"Beggar","floor":19,"gold_loss":75},{"damage_healed":0,"gold_gain":0,"player_choice":"Smashed Altar","damage_taken":0,"max_hp_gain":0,"max_hp_loss":0,"event_name":"Forgotten Altar","floor":27,"gold_loss":0,"cards_obtained":["Decay"]},{"damage_healed":0,"gold_gain":275,"player_choice":"Desecrate","damage_taken":0,"max_hp_gain":0,"max_hp_loss":0,"event_name":"Golden Shrine","floor":28,"gold_loss":0,"cards_obtained":["Regret"]}],"is_beta":false,"boss_relics":[{"not_picked":["Black Star","Empty Cage"],"picked":"Mark of Pain"}],"items_purged_floors":[13,24],"is_endless":false,"potions_floor_spawned":[1,2,10,12,23,30],"killed_by":"Snake Plant","ascension_level":3}}