{"host":"sgdhw3pdkzxa44vc","time":1614134524,"event":{"mods":["BaseMod","Bestiary","Colored Map","Highlight Path","Minty Spire (QoL Compilation)","Relic Stats"],"gold_per_floor":[118,118,6,6,23,23,23,54,54,79,79,109,109,121,121,218,218,238,238,255,266,282,307,307,341,367,367,379,379,392,317,317,415,415,433,433,445,465,485,511,511,524,577,594,29,29,29,29,29],"floor_reached":48,"language":"ENG","playtime":2235,"items_purged":["Strike_B","Strike_B"],"score":677,"play_id":"4f829ecf-e658-4ebc-9b76-f284ff9dd319","local_time":"20210224044204","is_ascension_mode":true,"campfire_choices":[{"data":"Sunder","floor":6,"key":"SMITH"},{"data":"Genetic Algorithm","floor":11,"key":"SMITH"},{"floor":15,"key":"RECALL"},{"floor":24,"key":"REST"},{"floor":27,"key":"REST"},{"floor":29,"key":"REST"},{"floor":32,"key":"REST"},{"floor":41,"key":"REST"},{"floor":46,"key":"REST"}],"circlet_count":0,"master_deck":["Defend_B","Defend_B","Defend_B","Defend_B","Zap+1","Dualcast+1","Go for the Eyes+1","Sunder+1","Genetic Algorithm+1","Sweeping Beam","Ball Lightning","Conserve Battery","Echo Form","Cold Snap","White Noise+1","Consume+1","Ball Lightning","Steam+1","White Noise+1","Core Surge","Loop","Conserve Battery+1","Ball Lightning","Cold Snap","Conserve Battery+1","Leap","Electrodynamics","Conserve Battery+1","Electrodynamics","Tempest"],"relics":["Cracked Core","NeowsBlessing","MealTicket","DataDisk","Singing Bowl","Centennial Puzzle","Nunchaku","Inserter","Prayer Wheel","Vajra","Oddly Smooth Stone","Fusion Hammer","Pen Nib","Happy Flower","Unceasing Top"],"acts_visited":["Exordium","TheCity","TheBeyond"],"potions_floor_usage":[10,18,22,22,23,28,39,44,48],"damage_taken":[{"damage":0,"enemies":"2 Louse","floor":1,"turns":1},{"damage":0,"enemies":"Cultist","floor":5,"turns":1},{"damage":0,"enemies":"Lagavulin","floor":8,"turns":1},{"damage":10,"enemies":"3 Sentries","floor":10,"turns":5},{"damage":13,"enemies":"Gremlin Nob","floor":12,"turns":3},{"damage":1,"enemies":"Jaw Worm","floor":14,"turns":2},{"damage":13,"enemies":"The Guardian","floor":16,"turns":11},{"damage":9,"enemies":"3 Byrds","floor":18,"turns":4},{"damage":0,"enemies":"Chosen","floor":20,"turns":4},{"damage":8,"enemies":"Centurion and Healer","floor":21,"turns":8},{"damage":23,"enemies":"Cultist and Chosen","floor":22,"turns":5},{"damage":14,"enemies":"Gremlin Leader","floor":23,"turns":7},{"damage":31,"enemies":"Slavers","floor":25,"turns":6},{"damage":8,"enemies":"Shelled Parasite and Fungi","floor":28,"turns":4},{"damage":18,"enemies":"Snake Plant","floor":30,"turns":5},{"damage":20,"enemies":"Automaton","floor":33,"turns":8},{"damage":5,"enemies":"Orb Walker","floor":35,"turns":3},{"damage":3,"enemies":"3 Shapes","floor":37,"turns":4},{"damage":8,"enemies":"3 Darklings","floor":38,"turns":5},{"damage":0,"enemies":"Transient","floor":39,"turns":5},{"damage":20,"enemies":"Giant Head","floor":40,"turns":9},{"damage":9,"enemies":"Spire Growth","floor":42,"turns":6},{"damage":33,"enemies":"Jaw Worm Horde","floor":44,"turns":4},{"damage":102,"enemies":"Reptomancer","floor":48,"turns":5}],"seed_played":"-3421329114717080665","potions_obtained":[{"floor":5,"key":"Swift Potion"},{"floor":8,"key":"Strength Potion"},{"floor":14,"key":"BlessingOfTheForge"},{"floor":16,"key":"BlessingOfTheForge"},{"floor":21,"key":"ColorlessPotion"},{"floor":22,"key":"SpeedPotion"},{"floor":30,"key":"Strength Potion"},{"floor":33,"key":"Fire Potion"},{"floor":35,"key":"Strength Potion"},{"floor":42,"key":"Fire Potion"}],"is_trial":false,"path_per_floor":["M","?","$","?","M","R","?","E","T","E","R","E","?","M","R","B",null,"M","?","M","M","M","E","R","E","T","R","M","R","M","?","R","B",null,"M","?","M","M","M","E","R","M","T","M","$","R","?","E"],"character_chosen":"DEFECT","items_purchased":["Sunder","Happy Flower","Unceasing Top"],"campfire_rested":6,"item_purchase_floors":[3,45,45],"current_hp_per_floor":[75,75,75,75,75,75,75,75,75,65,65,54,54,53,53,40,77,68,54,54,46,25,13,38,9,9,35,27,53,37,37,64,44,90,87,87,84,78,80,62,91,84,84,51,66,96,96,0,0],"gold":29,"neow_bonus":"THREE_ENEMY_KILL","is_daily":false,"chose_seed":false,"campfire_upgraded":2,"win_rate":0.0,"timestamp":1614134524,"path_taken":["M","?","$","?","?","R","?","E","T","E","R","E","?","M","R","BOSS","M","?","M","M","M","E","R","E","T","R","M","R","M","?","R","BOSS","M","?","M","M","M","E","R","M","T","M","?","R","?","E"],"items_purchased_type":["Card","Relic","Relic"],"build_version":"2020-12-22","purchased_purges":2,"victory":false,"max_hp_per_floor":[75,75,75,75,75,75,75,75,75,75,75,77,77,77,77,77,77,77,82,82,82,84,86,86,88,88,88,88,88,90,90,90,90,90,92,92,92,94,96,98,98,100,100,100,100,100,100,100,100],"relic_stats":{"Centennial Puzzle":[54],"Nunchaku":[17],"Inserter":[46],"Singing Bowl":20,"Happy Flower":[1],"counters":[24,114],"MealTicket":15,"Prayer Wheel":8,"Pen Nib":[2],"obtain_stats":[{"Inserter":17,"NeowsBlessing":0,"Singing Bowl":9,"Happy Flower":45,"Vajra":25,"Oddly Smooth Stone":26,"Pen Nib":40,"DataDisk":8,"Centennial Puzzle":10,"Nunchaku":12,"MealTicket":7,"Prayer Wheel":23,"Fusion Hammer":34,"Cracked Core":0,"Unceasing Top":45},{"Inserter":7,"NeowsBlessing":0,"Singing Bowl":3,"Happy Flower":23,"Vajra":13,"Oddly Smooth Stone":13,"Pen Nib":21,"DataDisk":3,"Centennial Puzzle":4,"Nunchaku":5,"MealTicket":2,"Prayer Wheel":12,"Fusion Hammer":16,"Cracked Core":0,"Unceasing Top":23},{"Inserter":24,"NeowsBlessing":0,"Singing Bowl":3,"Happy Flower":109,"Vajra":57,"Oddly Smooth Stone":57,"Pen Nib":100,"DataDisk":3,"Centennial Puzzle":8,"Nunchaku":11,"MealTicket":2,"Prayer Wheel":51,"Fusion Hammer":74,"Cracked Core":0,"Unceasing Top":109}],"Unceasing Top":[2]},"card_choices":[{"not_picked":["Rip and Tear","Turbo"],"picked":"Go for the Eyes","floor":1},{"not_picked":["Redo","Hologram"],"picked":"Genetic Algorithm","floor":5},{"not_picked":["Go for the Eyes","Gash"],"picked":"Sweeping Beam","floor":8},{"not_picked":["Loop","Darkness"],"picked":"Ball Lightning","floor":10},{"not_picked":["White Noise","Sweeping Beam","Beam Cell"],"picked":"Singing Bowl","floor":12},{"not_picked":["Go for the Eyes","Reboot"],"picked":"Conserve Battery","floor":14},{"not_picked":["Multi-Cast","Machine Learning"],"picked":"Echo Form","floor":16},{"not_picked":["Stack","Turbo"],"picked":"Cold Snap","floor":18},{"not_picked":["Genetic Algorithm+1","Sunder"],"picked":"White Noise+1","floor":20},{"not_picked":["Reinforced Body","Streamline+1"],"picked":"Consume+1","floor":21},{"not_picked":["Reinforced Body","Gash","Beam Cell"],"picked":"Singing Bowl","floor":22},{"not_picked":["Steam","Turbo+1","Hologram"],"picked":"Singing Bowl","floor":23},{"not_picked":["Gash","White Noise","Reinforced Body"],"picked":"Singing Bowl","floor":25},{"not_picked":["Sweeping Beam","Gash+1"],"picked":"Ball Lightning","floor":28},{"not_picked":["Sweeping Beam","Compile Driver+1"],"picked":"Steam+1","floor":28},{"not_picked":["Tempest","Scrape"],"picked":"White Noise+1","floor":30},{"not_picked":["Hologram","Storm","Blizzard"],"picked":"Singing Bowl","floor":30},{"not_picked":["Fission","Echo Form"],"picked":"Core Surge","floor":33},{"not_picked":["Gash+1","Sweeping Beam+1","Stack"],"picked":"Singing Bowl","floor":35},{"not_picked":["Sweeping Beam+1","Redo"],"picked":"Loop","floor":35},{"not_picked":["Compile Driver","Self Repair+1"],"picked":"Conserve Battery+1","floor":37},{"not_picked":["Self Repair","Blizzard"],"picked":"Ball Lightning","floor":37},{"not_picked":["Conserve Battery","Compile Driver","Storm+1"],"picked":"Singing Bowl","floor":38},{"not_picked":["Fusion","Core Surge"],"picked":"Cold Snap","floor":38},{"not_picked":["Go for the Eyes","Stack"],"picked":"Conserve Battery+1","floor":39},{"not_picked":["Double Energy","Rebound+1","Scrape+1"],"picked":"Singing Bowl","floor":39},{"not_picked":["FTL","Core Surge","Beam Cell+1"],"picked":"Singing Bowl","floor":40},{"not_picked":["Hologram","Go for the Eyes","Skim+1"],"picked":"Singing Bowl","floor":42},{"not_picked":["Aggregate+1","Compile Driver"],"picked":"Leap","floor":42},{"not_picked":["Storm+1","Tempest+1"],"picked":"Electrodynamics","floor":44},{"not_picked":["Capacitor","Go for the Eyes+1"],"picked":"Conserve Battery+1","floor":44}],"player_experience":570907,"relics_obtained":[{"floor":8,"key":"DataDisk"},{"floor":9,"key":"Singing Bowl"},{"floor":10,"key":"Centennial Puzzle"},{"floor":12,"key":"Nunchaku"},{"floor":23,"key":"Prayer Wheel"},{"floor":25,"key":"Vajra"},{"floor":26,"key":"Oddly Smooth Stone"},{"floor":40,"key":"Pen Nib"}],"event_choices":[{"damage_healed":0,"gold_gain":0,"player_choice":"Grow","damage_taken":0,"max_hp_gain":0,"max_hp_loss":0,"event_name":"Living Wall","floor":2,"gold_loss":0,"cards_upgraded":["Zap"]},{"damage_healed":0,"gold_gain":0,"player_choice":"Upgraded","damage_taken":0,"max_hp_gain":0,"max_hp_loss":0,"event_name":"Upgrade Shrine","floor":4,"gold_loss":0,"cards_upgraded":["Go for the Eyes"]},{"damage_healed":0,"gold_gain":0,"player_choice":"Searched \u00272\u0027 times","damage_taken":0,"relics_obtained":["MealTicket"],"max_hp_gain":0,"max_hp_loss":0,"event_name":"Dead Adventurer","floor":7,"gold_loss":0},{"damage_healed":0,"gold_gain":0,"player_choice":"Forge","damage_taken":0,"max_hp_gain":0,"max_hp_loss":0,"event_name":"Accursed Blacksmith","floor":13,"gold_loss":0,"cards_upgraded":["Dualcast"]},{"damage_healed":0,"gold_gain":0,"player_choice":"Shed Blood","damage_taken":19,"max_hp_gain":5,"max_hp_loss":0,"event_name":"Forgotten Altar","floor":19,"gold_loss":0},{"cards_removed":["Strike_B"],"damage_healed":0,"gold_gain":0,"player_choice":"Gave Gold","damage_taken":0,"max_hp_gain":0,"max_hp_loss":0,"event_name":"Beggar","floor":31,"gold_loss":75},{"cards_removed":["Strike_B"],"damage_healed":0,"gold_gain":0,"player_choice":"Purged","damage_taken":0,"max_hp_gain":0,"max_hp_loss":0,"event_name":"Purifier","floor":36,"gold_loss":0},{"damage_healed":0,"gold_gain":0,"player_choice":"2 cards matched","damage_taken":0,"max_hp_gain":0,"max_hp_loss":0,"event_name":"Match and Keep!","floor":47,"gold_loss":0,"cards_obtained":["Electrodynamics","Tempest"]}],"is_beta":false,"boss_relics":[{"not_picked":["Empty Cage","Pandora\u0027s Box"],"picked":"Inserter"},{"not_picked":["Sozu","Philosopher\u0027s Stone"],"picked":"Fusion Hammer"}],"items_purged_floors":[3,45],"is_endless":false,"potions_floor_spawned":[5,8,14,16,21,22,30,33,35,42],"killed_by":"Reptomancer","ascension_level":3}}