{"host":"3uci9gpt6cwo3y1o","time":1614146685,"event":{"mods":["BaseMod","Bossed Relics","Minty Spire (QoL Compilation)","MostiFishMod","Reliquary","StSLib","TestMod"],"gold_per_floor":[117,144,144,144,159,185,110,110,157,189,200,200,214,246,246,325,325,342,542,557,577,367,367,392,692,692,709,743,693,703,736,736,810,810,810,810],"floor_reached":35,"language":"ZHS","playtime":941,"items_purged":["Defend_P","Defend_P"],"score":1289,"play_id":"77cdc01a-f3e0-4986-a9d0-ba5a3ebd5e95","local_time":"20210224140445","is_ascension_mode":true,"campfire_choices":[{"data":"Eruption","floor":8,"key":"SMITH"},{"data":"InnerPeace","floor":12,"key":"SMITH"},{"data":"Devotion","floor":15,"key":"SMITH"},{"data":"DeusExMachina","floor":23,"key":"SMITH"},{"data":"MostiFishMod:Nomercy","floor":32,"key":"SMITH"}],"circlet_count":0,"master_deck":["AscendersBane","Strike_P","Strike_P","Strike_P","Defend_P","Eruption+1","Vigilance","Sanctity","PathToVictory","InnerPeace+1","Devotion+1","DeusExMachina+1","Indignation","MostiFishMod:Nomercy+1","CutThroughFate","Wallop","Prostrate","MostiFishMod:FlowState","Brilliance"],"relics":["PureWater","DaveBox","testmod-TestBox","testmod-ObsoleteBoomerang","FeatherPendant","SynthV:TestCard","Smiling Mask","Nunchaku","testmod-ArcanaOfDestiny","PreservedInsect","testmod-Fanaticism","Medical Kit","Pantograph","Old Coin","The Courier","reliquary:Solitaire"],"acts_visited":["TheCity","TheBeyond"],"potions_floor_usage":[24],"damage_taken":[{"damage":0.0,"enemies":"Cultist","floor":1.0,"turns":2.0},{"damage":0,"enemies":"2 Louse","floor":5,"turns":1},{"damage":0,"enemies":"Lagavulin","floor":6,"turns":1},{"damage":0,"enemies":"Gremlin Nob","floor":10,"turns":1},{"damage":0,"enemies":"Small Slimes","floor":11,"turns":1},{"damage":0,"enemies":"2 Fungi Beasts","floor":13,"turns":1},{"damage":0,"enemies":"3 Sentries","floor":14,"turns":2},{"damage":0,"enemies":"Hexaghost","floor":16,"turns":2},{"damage":1,"enemies":"2 Thieves","floor":18,"turns":2},{"damage":0,"enemies":"Shell Parasite","floor":20,"turns":1},{"damage":0,"enemies":"Cultist and Chosen","floor":21,"turns":1},{"damage":0,"enemies":"Slavers","floor":24,"turns":1},{"damage":0,"enemies":"3 Cultists","floor":27,"turns":2},{"damage":0,"enemies":"Book of Stabbing","floor":28,"turns":1},{"damage":0,"enemies":"Centurion and Healer","floor":30,"turns":2},{"damage":0,"enemies":"Gremlin Leader","floor":31,"turns":1},{"damage":0,"enemies":"Automaton","floor":33,"turns":1},{"damage":0,"enemies":"3 Darklings","floor":35,"turns":1}],"seed_played":"6083427420167025294","potions_obtained":[{"floor":1.0,"key":"SteroidPotion"},{"floor":6,"key":"SmokeBomb"},{"floor":10,"key":"testmod-TestPotion"},{"floor":27,"key":"StancePotion"}],"is_trial":false,"path_per_floor":["M","T","?","?","M","E","?","R","T","E","M","R","M","E","R","B",null,"M","?","M","M","$","R","E","?","T","M","E","$","M","E","R","B",null,"M"],"character_chosen":"WATCHER","items_purchased":["Medical Kit"],"campfire_rested":0,"item_purchase_floors":[22],"current_hp_per_floor":[67,67,67,67,67,67,67,67,67,67,67,67,67,67,67,67,72,71,71,71,71,71,71,71,71,71,71,71,71,71,71,71,74,74,74,74],"gold":810,"neow_bonus":"TEN_PERCENT_HP_BONUS","is_daily":false,"chose_seed":false,"campfire_upgraded":5,"win_rate":0.0,"timestamp":1614146685,"path_taken":["M","?","?","?","M","E","?","R","T","E","M","R","M","E","R","BOSS","M","?","M","?","$","R","E","?","T","M","E","?","M","E","R","BOSS","M"],"items_purchased_type":["Relic"],"build_version":"2020-12-22","purchased_purges":2,"victory":false,"max_hp_per_floor":[74,74,74,74,74,74,74,74,74,74,74,74,74,74,74,74,74,74,74,74,74,74,74,74,74,74,74,74,74,74,74,74,74,74,74,74],"card_choices":[{"not_picked":["Sanctity","ForeignInfluence","Vengeance"],"picked":"SKIP","floor":1.0},{"not_picked":["ForeignInfluence","Vengeance"],"picked":"Sanctity","floor":1.0},{"not_picked":["WindmillStrike","WreathOfFlame","CutThroughFate","FlurryOfBlows"],"picked":"PathToVictory","floor":5},{"not_picked":["EmptyFist","Evaluate","Meditate","Consecrate","MostiFishMod:LegendTransform"],"picked":"SKIP","floor":6},{"not_picked":["Evaluate","SashWhip","ThirdEye","MentalFortress"],"picked":"InnerPeace","floor":10},{"not_picked":["PathToVictory","Crescendo","JustLucky","MostiFishMod:PathToVictory","EmptyFist"],"picked":"SKIP","floor":11},{"not_picked":["EmptyBody","Vengeance","Crescendo","Halt","Conclude"],"picked":"SKIP","floor":13},{"not_picked":["MostiFishMod:LegendTransform","EmptyFist","Evaluate","PathToVictory"],"picked":"Devotion","floor":14},{"not_picked":["Judgement","DevaForm","MasterReality","SpiritShield"],"picked":"DeusExMachina","floor":16},{"not_picked":["PathToVictory","CrushJoints","Evaluate","Perseverance"],"picked":"Indignation","floor":18},{"not_picked":["Nirvana","FollowUp","FearNoEvil","WaveOfTheHand"],"picked":"MostiFishMod:Nomercy","floor":20},{"not_picked":["Wireheading","Pray","FollowUp","EmptyBody"],"picked":"CutThroughFate","floor":21},{"not_picked":["MostiFishMod:Nomercy","BattleHymn","WreathOfFlame","Scrawl"],"picked":"Wallop","floor":24},{"not_picked":["ForeignInfluence","Nirvana","ClearTheMind","Protect+1"],"picked":"Prostrate","floor":27},{"not_picked":["Indignation","CutThroughFate+1","Crescendo","Alpha","FollowUp"],"picked":"SKIP","floor":28},{"not_picked":["FollowUp","CrushJoints","ForeignInfluence","Nirvana"],"picked":"MostiFishMod:FlowState","floor":30},{"not_picked":["Protect","EmptyBody+1","MostiFishMod:StarWish","FlyingSleeves","MostiFishMod:FlowState"],"picked":"SKIP","floor":31},{"not_picked":["MostiFishMod:Moonprays","MostiFishMod:DisColor","MostiFishMod:KamiSmash","Establishment"],"picked":"Brilliance","floor":33}],"player_experience":921902,"relics_obtained":[{"floor":1.0,"key":"SynthV:TestCard"},{"floor":2.0,"key":"Smiling Mask"},{"floor":6,"key":"Pocketwatch"},{"floor":9,"key":"Nunchaku"},{"floor":10,"key":"testmod-ArcanaOfDestiny"},{"floor":14,"key":"PreservedInsect"},{"floor":24,"key":"Pantograph"},{"floor":28,"key":"The Courier"}],"event_choices":[{"damage_healed":0.0,"max_hp_gain":0.0,"max_hp_loss":0.0,"gold_gain":0.0,"event_name":"Scrap Ooze","player_choice":"Fled","floor":3.0,"gold_loss":0.0,"damage_taken":0.0},{"cards_removed":["Defend_P"],"damage_healed":0,"gold_gain":0,"player_choice":"Forget","damage_taken":0,"max_hp_gain":0,"max_hp_loss":0,"event_name":"Living Wall","floor":4,"gold_loss":0},{"cards_removed":["Strike_P"],"damage_healed":0,"gold_gain":0,"player_choice":"Card Removal","damage_taken":0,"max_hp_gain":0,"max_hp_loss":0,"event_name":"The Cleric","floor":7,"gold_loss":75},{"damage_healed":0,"gold_gain":200,"player_choice":"Gold","damage_taken":0,"max_hp_gain":0,"max_hp_loss":0,"event_name":"Wheel of Change","floor":19,"gold_loss":0},{"damage_healed":0,"gold_gain":0,"player_choice":"Swap Relic","damage_taken":0,"relics_obtained":["Old Coin"],"max_hp_gain":0,"max_hp_loss":0,"event_name":"给自己的盒子","floor":25,"relics_lost":["Pocketwatch"],"gold_loss":0}],"is_beta":false,"boss_relics":[{"not_picked":["testmod-StringDisintegrator","Coffee Dripper"],"picked":"testmod-Fanaticism"},{"not_picked":["SlaversCollar","Calling Bell"],"picked":"reliquary:Solitaire"}],"items_purged_floors":[22,29],"is_endless":false,"potions_floor_spawned":[1,6,10,11,18,21,27,33],"killed_by":"3 Darklings","ascension_level":17}}