{"host":"kw3n9x3mpxk65n60","time":1614127473,"event":{"mods":["BaseMod","Colored Map","Colored Powertips","Downfall","GifTheSpireLib","Hubris","Minty Spire (QoL Compilation)","Replay The Spire","StSLib","The Jungle"],"gold_per_floor":[99,117,117,131,131,150,150,164,198,30,46,63,63,81,99,201,201,101,121,31,31,31,131,131,150,150,150,168,200,100,119,131,131,131,131],"floor_reached":33,"language":"ENG","playtime":3032,"items_purged":["hexamod:Defend"],"score":296,"play_id":"74156de6-d8a7-4725-9126-39aaca686fed","local_time":"20210223164433","is_ascension_mode":false,"campfire_choices":[{"data":"hexamod:Float","floor":1,"key":"SMITH"},{"data":"hexamod:TimeOfNeed","floor":13,"key":"SMITH"},{"data":"hexamod:SearingWound","floor":18,"key":"SMITH"},{"data":"hexamod:EtherealExpedition","floor":26,"key":"SMITH"},{"floor":30,"key":"RECALL"}],"circlet_count":0,"master_deck":["hexamod:Strike","hexamod:Strike","hexamod:Strike","hexamod:Strike","hexamod:Defend","hexamod:Defend","hexamod:Sear","hexamod:Float+1","hexamod:ExtraCrispy","hexamod:HeatMetal","hexamod:ChargedBarrage","hexamod:ShieldOfDarkness","hexamod:TimeOfNeed+1","hexamod:SpectersWail","hexamod:EtherealExpedition+1","hexamod:ThermalTransfer","hexamod:GhostLash","hexamod:SwordOfDarkness","hexamod:Firestarter","hexamod:InspiringFlames","hexamod:SearingWound+1","hexamod:GhostOfSpirePresent","hexamod:RadiantFlame","hexamod:SoulSteal+1","hexamod:ThermalTransfer","hexamod:GhostflameBarrier","hexamod:SkipABeat","hexamod:Incineration"],"relics":["hexamod:UnbrokenSoul","hubris:FruitBowl","Strawberry","downfall:HeartBlessingBlue","hubris:BottledHeart","Gremlin Food","ReplayTheSpireMod:Ring of Exchange","Letter Opener","downfall:HeartBlessingGreen"],"acts_visited":["Exordium","TheCity"],"potions_floor_usage":[10,10,25,29,33,33,33],"damage_taken":[{"damage":1,"enemies":"2 Louse","floor":2,"turns":3},{"damage":0,"enemies":"Cultist","floor":4,"turns":3},{"damage":2,"enemies":"Jaw Worm","floor":6,"turns":3},{"damage":4,"enemies":"2 Fungi Beasts","floor":8,"turns":4},{"damage":13,"enemies":"Replay:BlueRogue","floor":9,"turns":6},{"damage":0,"enemies":"downfall:FleeingMerchant","floor":10,"turns":4},{"damage":0,"enemies":"downfall:LooterAlt","floor":11,"turns":3},{"damage":7,"enemies":"Exordium Wildlife","floor":12,"turns":4},{"damage":2,"enemies":"Blue Slaver","floor":14,"turns":3},{"damage":0,"enemies":"2 Fungi Beasts","floor":15,"turns":3},{"damage":13,"enemies":"WA_ARCHETYPE_RETAIN","floor":16,"turns":7},{"damage":25,"enemies":"downfall:LooterAlt2","floor":19,"turns":3},{"damage":10,"enemies":"downfall:FleeingMerchant","floor":20,"turns":4},{"damage":0,"enemies":"Chosen","floor":25,"turns":3},{"damage":0,"enemies":"Snake Plant","floor":28,"turns":3},{"damage":0,"enemies":"Gremlin Leader","floor":29,"turns":7},{"damage":0,"enemies":"Centurion and Healer","floor":31,"turns":6},{"damage":0,"enemies":"Cultist and Chosen","floor":32,"turns":4},{"damage":20,"enemies":"DF_ARCHETYPE_CLAW","floor":33,"turns":5}],"seed_played":"1933936155329527605","potions_obtained":[{"floor":4,"key":"AttackPotion"},{"floor":6,"key":"champ:CounterPotion"},{"floor":9,"key":"Toxic Potion"},{"floor":12,"key":"sneckomod:MuddlingPotion"},{"floor":16,"key":"FearPotion"},{"floor":25,"key":"Elixir"},{"floor":28,"key":"Block Potion"},{"floor":29,"key":"Fire Potion"}],"is_trial":false,"path_per_floor":["R","M","?","M","$","M","T","M","E","$","M","M","R","M","M","B",null,"R","M","$","?","?","?","T","M","R","?","M","E","R","M","M","B"],"character_chosen":"THE_SPIRIT","items_purchased":["hubris:FruitBowl","hexamod:EtherealExpedition","hexamod:ThermalTransfer","hexamod:GhostLash"],"campfire_rested":0,"item_purchase_floors":[5,10,10,10],"current_hp_per_floor":[77,76,76,76,57,55,55,51,48,48,48,41,41,39,39,26,87,102,77,67,67,1,1,1,1,1,1,1,1,1,1,1,0,0,0],"gold":131,"neow_bonus":"TEN_PERCENT_HP_BONUS","is_daily":false,"chose_seed":false,"campfire_upgraded":4,"win_rate":0.0,"timestamp":1614127473,"path_taken":["R","M","?","M","?","M","T","M","E","$","M","M","R","M","M","BOSS","R","M","$","?","?","?","T","M","R","?","M","E","R","M","M","BOSS"],"items_purchased_type":["Relic","Card","Card","Card"],"build_version":"2020-12-22","purchased_purges":1,"victory":false,"max_hp_per_floor":[77,77,77,77,77,77,77,77,87,87,87,87,87,87,87,87,87,102,102,102,102,1,1,1,1,1,1,1,1,1,1,1,1,1,1],"card_choices":[{"not_picked":["hexamod:NightmareStrike","hexamod:ShieldOfDarkness"],"picked":"hexamod:ExtraCrispy","floor":2},{"not_picked":["hexamod:SkipABeat","hexamod:FourthSeal"],"picked":"hexamod:HeatMetal","floor":4},{"not_picked":["hexamod:GhostShield","hexamod:NightmareStrike"],"picked":"hexamod:ChargedBarrage","floor":6},{"not_picked":["hexamod:NightmareGuise","hexamod:HauntingEcho"],"picked":"hexamod:ShieldOfDarkness","floor":8},{"not_picked":["hexamod:ShieldOfDarkness","hexamod:NightmareStrike"],"picked":"hexamod:TimeOfNeed","floor":9},{"not_picked":["hexamod:FastForward","hexamod:Haunt"],"picked":"hexamod:SpectersWail","floor":10},{"not_picked":["hexamod:RecurringNightmare","hexamod:FastForward"],"picked":"hexamod:SwordOfDarkness","floor":11},{"not_picked":["hexamod:Hexaguard","hexamod:NightmareGuise"],"picked":"hexamod:Firestarter","floor":12},{"not_picked":["hexamod:SwordOfDarkness","hexamod:FastForward"],"picked":"hexamod:InspiringFlames","floor":14},{"not_picked":["hexamod:HeatMetal","hexamod:ShieldOfDarkness"],"picked":"hexamod:SearingWound","floor":15},{"not_picked":["hexamod:SearingWound","hexamod:TurnItUp"],"picked":"hexamod:GhostOfSpirePresent","floor":16},{"not_picked":["hexamod:ChargedBarrage+1","hexamod:BacktrackSmack"],"picked":"hexamod:RadiantFlame","floor":19},{"not_picked":["hexamod:FirstSeal","hexamod:Hexaguard+1"],"picked":"hexamod:SoulSteal+1","floor":20},{"not_picked":["hexamod:NightmareGuise","hexamod:SkipABeat"],"picked":"hexamod:ThermalTransfer","floor":25},{"not_picked":["hexamod:NightmareStrike+1","hexamod:Firestarter"],"picked":"hexamod:GhostflameBarrier","floor":28},{"not_picked":["hexamod:InspiringFlames","hexamod:Firestarter"],"picked":"hexamod:SkipABeat","floor":29},{"not_picked":["hexamod:WildfireWeapon","hexamod:SwordOfDarkness"],"picked":"hexamod:Incineration","floor":31},{"not_picked":["hexamod:GhostOfSpireFuture+1","hexamod:Haunt","hexamod:GhostLash"],"picked":"SKIP","floor":32}],"player_experience":336469,"relics_obtained":[{"floor":9,"key":"Strawberry"},{"floor":24,"key":"Gremlin Food"},{"floor":27,"key":"ReplayTheSpireMod:Ring of Exchange"},{"floor":29,"key":"Letter Opener"}],"event_choices":[],"is_beta":false,"boss_relics":[{"not_picked":["hubris:CrackedHourglass","hubris:GrandSneckoEye"],"picked":"hexamod:UnbrokenSoul"}],"items_purged_floors":[20],"is_endless":false,"potions_floor_spawned":[4,6,9,12,16,25,28,29],"killed_by":"DF_ARCHETYPE_CLAW","ascension_level":0}}