{"host":"puf131q5awx2h4uh","time":1614177842,"event":{"mods":["BaseMod","Minty Spire (QoL Compilation)","Quick Restart","Shop Mod","StSLib"],"gold_per_floor":[115,115,115,134,59,59,115,115,415,425,460,460,460,415,415,415,415],"floor_reached":16,"language":"ZHS","playtime":302,"items_purged":["Strike_G"],"score":173,"play_id":"7006aa59-2c1d-4ae7-9fbf-1e3bbc01c416","local_time":"20210224224402","is_ascension_mode":true,"campfire_choices":[{"data":"Blade Dance","floor":6,"key":"SMITH"},{"data":"Deadly Poison","floor":15,"key":"SMITH"}],"circlet_count":0,"master_deck":["AscendersBane","Strike_G","Strike_G","Strike_G","Defend_G","Defend_G","Defend_G","Defend_G","Defend_G","Survivor","Neutralize","Blade Dance+1","Footwork","Deadly Poison+1"],"relics":["Ring of the Snake","NeowsBlessing","Snake Skull","Old Coin","Turnip","Golden Idol","CultistMask"],"acts_visited":["Exordium"],"potions_floor_usage":[11,11],"damage_taken":[{"damage":0,"enemies":"Small Slimes","floor":1,"turns":1},{"damage":0,"enemies":"Cultist","floor":4,"turns":1},{"damage":0,"enemies":"3 Sentries","floor":7,"turns":1},{"damage":0,"enemies":"2 Louse","floor":10,"turns":3},{"damage":49,"enemies":"Gremlin Nob","floor":11,"turns":6},{"damage":3,"enemies":"Looter","floor":14,"turns":5},{"damage":1,"enemies":"Hexaghost","floor":16,"turns":9}],"seed_played":"4747833092910133011","potions_obtained":[{"floor":4,"key":"AttackPotion"},{"floor":7,"key":"Poison Potion"}],"is_trial":false,"path_per_floor":["M","?","?","M","$","R","?","?","T","M","E","?","?","M","R","B"],"character_chosen":"THE_SILENT","items_purchased":[],"campfire_rested":0,"item_purchase_floors":[],"current_hp_per_floor":[59,59,59,59,59,59,59,59,59,59,10,10,10,7,7,6,6],"gold":415,"neow_bonus":"THREE_ENEMY_KILL","is_daily":false,"chose_seed":false,"campfire_upgraded":2,"win_rate":0.0,"timestamp":1614177842,"path_taken":["M","?","?","?","?","R","?","?","T","M","E","?","?","M","R","BOSS"],"items_purchased_type":[],"build_version":"2020-12-22","purchased_purges":1,"victory":false,"max_hp_per_floor":[66,66,66,66,66,66,66,66,66,66,66,60,60,60,60,60,60],"card_choices":[{"not_picked":["Acrobatics","Dagger Spray"],"picked":"Blade Dance","floor":1},{"not_picked":["Reflex","Dagger Spray","Endless Agony"],"picked":"SKIP","floor":4},{"not_picked":["Bane","Eviscerate"],"picked":"Footwork","floor":7},{"not_picked":["Deflect","Outmaneuver","Flechettes"],"picked":"SKIP","floor":10},{"not_picked":["Doppelganger","Dagger Spray","Tools of the Trade"],"picked":"SKIP","floor":11},{"not_picked":["Sucker Punch","Flying Knee"],"picked":"Deadly Poison","floor":14}],"player_experience":333499,"relics_obtained":[{"floor":7,"key":"Snake Skull"},{"floor":9,"key":"Old Coin"},{"floor":11,"key":"Turnip"}],"event_choices":[{"damage_healed":0,"gold_gain":0,"player_choice":"Leave","damage_taken":0,"max_hp_gain":0,"max_hp_loss":0,"event_name":"The Cleric","floor":2,"gold_loss":0},{"damage_healed":0,"gold_gain":0,"player_choice":"Ignored","damage_taken":0,"max_hp_gain":0,"max_hp_loss":0,"event_name":"WeMeetAgain","floor":3,"gold_loss":0},{"damage_healed":0,"gold_gain":30,"player_choice":"Searched \u00272\u0027 times","damage_taken":0,"max_hp_gain":0,"max_hp_loss":0,"event_name":"Dead Adventurer","floor":7,"gold_loss":0},{"cards_removed":["Strike_G"],"damage_healed":0,"gold_gain":0,"player_choice":"Forget","damage_taken":0,"max_hp_gain":0,"max_hp_loss":0,"event_name":"Living Wall","floor":8,"gold_loss":0},{"damage_healed":0,"gold_gain":0,"player_choice":"Lose Max HP","damage_taken":0,"relics_obtained":["Golden Idol"],"max_hp_gain":0,"max_hp_loss":6,"event_name":"Golden Idol","floor":12,"gold_loss":0},{"damage_healed":0,"gold_gain":0,"player_choice":"Trade","damage_taken":0,"relics_obtained":["CultistMask"],"max_hp_gain":0,"max_hp_loss":0,"event_name":"FaceTrader","floor":13,"gold_loss":0}],"is_beta":false,"boss_relics":[],"items_purged_floors":[5],"is_endless":false,"potions_floor_spawned":[4,7],"killed_by":"Hexaghost","ascension_level":16}}