{"host":"lhekd7nyy582zlhr","time":1614166254,"event":{"mods":["AchievementEnabler","BaseMod","Colored Map","Colored Powertips","Googly Eyes","Minty Spire (QoL Compilation)","Quick Restart"],"gold_per_floor":[110,125,140,140,140,172,186,68,68,68,68],"floor_reached":10,"language":"ENG","playtime":1598,"items_purged":[],"score":93,"play_id":"732bc995-9a0c-428d-be22-11197dc34686","local_time":"20210224113054","is_ascension_mode":false,"campfire_choices":[],"circlet_count":0,"master_deck":["Strike_B","Defend_B","Defend_B+1","Defend_B","Defend_B","Zap","Dualcast","Glacier","Capacitor+1","Genetic Algorithm","Cold Snap","Skim","Lockon","Double Energy"],"relics":["Cracked Core","Sundial","HornCleat"],"acts_visited":["Exordium"],"potions_floor_usage":[10,10],"damage_taken":[{"damage":2.0,"enemies":"2 Louse","floor":1.0,"turns":2.0},{"damage":1.0,"enemies":"Jaw Worm","floor":2.0,"turns":4.0},{"damage":0.0,"enemies":"Cultist","floor":3.0,"turns":4.0},{"damage":0.0,"enemies":"Lagavulin","floor":6.0,"turns":13.0},{"damage":2.0,"enemies":"3 Louse","floor":7.0,"turns":3.0},{"damage":52,"enemies":"Gremlin Nob","floor":10,"turns":6}],"seed_played":"4153072613501483903","potions_obtained":[{"floor":3.0,"key":"AttackPotion"},{"floor":7.0,"key":"DistilledChaos"}],"is_trial":false,"path_per_floor":["M","M","M","?","?","E","M","$","T","E"],"character_chosen":"DEFECT","items_purchased":["Lockon","Double Energy"],"campfire_rested":0,"item_purchase_floors":[8,8],"current_hp_per_floor":[52,51,51,36,36,36,34,34,34,0,0],"gold":68,"neow_bonus":"REMOVE_TWO","is_daily":false,"chose_seed":false,"campfire_upgraded":0,"win_rate":0.0,"timestamp":1614166254,"path_taken":["M","M","M","?","?","E","?","$","T","E"],"items_purchased_type":["Card","Card"],"build_version":"2020-12-22","purchased_purges":0,"victory":false,"max_hp_per_floor":[75,75,75,75,75,75,75,75,75,75,75],"card_choices":[{"not_picked":["Redo","Leap"],"picked":"Glacier","floor":1.0},{"not_picked":["Hologram","Sunder"],"picked":"Capacitor","floor":2.0},{"not_picked":["Reinforced Body","Leap"],"picked":"Genetic Algorithm","floor":3.0},{"not_picked":["Recycle","Doom and Gloom"],"picked":"Cold Snap","floor":6.0},{"not_picked":["Coolheaded","Cold Snap"],"picked":"Skim","floor":7.0}],"player_experience":153011,"relics_obtained":[{"floor":6.0,"key":"Sundial"},{"floor":9.0,"key":"HornCleat"}],"event_choices":[{"damage_healed":0.0,"max_hp_gain":0.0,"max_hp_loss":0.0,"gold_gain":0.0,"event_name":"Shining Light","player_choice":"Entered Light","floor":4.0,"gold_loss":0.0,"damage_taken":15.0,"cards_upgraded":["Defend_B","Capacitor"]},{"cards_removed":["Strike_B"],"damage_healed":0.0,"max_hp_gain":0.0,"max_hp_loss":0.0,"gold_gain":0.0,"event_name":"Purifier","player_choice":"Purged","floor":5.0,"gold_loss":0.0,"damage_taken":0.0}],"is_beta":false,"boss_relics":[],"items_purged_floors":[],"is_endless":false,"potions_floor_spawned":[3,7],"killed_by":"Gremlin Nob","ascension_level":0}}