{"host":"v4nyfngrgywi7zc6","time":1614186931,"event":{"mods":["2.2 Compatiblity","Act Like it!","BaseMod","Custom Start","Friendly Minions","Minty Spire (QoL Compilation)","Reliquary","Ruina","Shade Mod","Shop Mod","StSLib","The Cursed","The Judge","The Jungle","The Marked","The Mystic","The Necromancer","The Saiyan"],"gold_per_floor":[113,130,150,167,181,181,196,196,265,294,305,305,324,349,349,448,498,518,529,529,542,542,542],"floor_reached":22,"language":"ENG","playtime":1235,"items_purged":[],"score":202,"play_id":"09276185-f793-4095-b942-5354ba102737","local_time":"20210224111531","is_ascension_mode":false,"campfire_choices":[{"data":"theMarked:WardOff","floor":6,"key":"SMITH"},{"floor":12,"key":"REST"},{"data":"theMarked:WardOff","floor":15,"key":"SMITH"}],"circlet_count":0,"master_deck":["theMarked:Strike","theMarked:Strike","theMarked:Strike","theMarked:Strike","theMarked:Strike","theMarked:Defend","theMarked:Defend","theMarked:Defend+1","theMarked:Defend","theMarked:SoldierOfQuellstein+1","theMarked:Memento+1","theMarked:WardOff+1","theMarked:WardOff+1","theMarked:DispelDoubt","theMarked:Determination","theMarked:ChannelForce","theMarked:BindingBlade","theMarked:Determination"],"relics":["SlaversCollar","reliquary:Boomerang","reliquary:OuijaBoard","Tiny House","Frozen Eye"],"acts_visited":["Exordium","Exordium"],"potions_floor_usage":[16,18],"damage_taken":[{"damage":1,"enemies":"2 Louse","floor":1,"turns":3},{"damage":2,"enemies":"Small Slimes","floor":2,"turns":4},{"damage":1,"enemies":"Cultist","floor":3,"turns":3},{"damage":12,"enemies":"Exordium Thugs","floor":4,"turns":6},{"damage":0,"enemies":"Blue Slaver","floor":5,"turns":5},{"damage":7,"enemies":"3 Louse","floor":7,"turns":6},{"damage":3,"enemies":"Lagavulin","floor":10,"turns":7},{"damage":0,"enemies":"Red Slaver","floor":11,"turns":4},{"damage":10,"enemies":"Large Slime","floor":13,"turns":5},{"damage":2,"enemies":"Gremlin Nob","floor":14,"turns":4},{"damage":13,"enemies":"Hexaghost","floor":16,"turns":8},{"damage":33,"enemies":"ruina:3_Bats","floor":18,"turns":8},{"damage":3,"enemies":"ruina:Nosferatu","floor":19,"turns":4},{"damage":2,"enemies":"ruina:KingOfGreed","floor":21,"turns":6},{"damage":0,"enemies":"ruina:3_Scarecrows","floor":22,"turns":1}],"seed_played":"-1922473934004972718","potions_obtained":[{"floor":2,"key":"theMarked:ChargePotion"},{"floor":4,"key":"LiquidBronze"},{"floor":7,"key":"BlessingOfTheForge"},{"floor":17,"key":"DistilledChaos"},{"floor":18,"key":"theMarked:ChargePotion"}],"is_trial":false,"path_per_floor":["M","M","M","M","M","R","M","?","T","E","M","R","M","E","R","B",null,"M","M","?","M","M"],"character_chosen":"THE_DEFAULT","items_purchased":[],"campfire_rested":1,"item_purchase_floors":[],"current_hp_per_floor":[71,69,68,56,56,56,49,35,35,32,32,53,43,41,41,28,77,44,41,49,47,47,47],"gold":542,"neow_bonus":"BOSS_RELIC","is_daily":false,"chose_seed":false,"campfire_upgraded":2,"win_rate":0.0,"timestamp":1614186931,"path_taken":["M","M","M","M","M","R","M","?","T","E","M","R","M","E","R","BOSS","M","M","?","?","M"],"items_purchased_type":[],"build_version":"2020-12-22","purchased_purges":0,"victory":false,"max_hp_per_floor":[72,72,72,72,72,72,72,72,72,72,72,72,72,72,72,72,77,77,77,85,85,85,85],"card_choices":[{"not_picked":["theMarked:Overthink","theMarked:RepellingDischarge"],"picked":"theMarked:Memento","floor":1},{"not_picked":["theMarked:ElectricStrings","theMarked:Pokerface","theMarked:WastefulAttack"],"picked":"SKIP","floor":2},{"not_picked":["theMarked:Heritage","theMarked:Polarize"],"picked":"theMarked:WardOff","floor":3},{"not_picked":["theMarked:BanishingStrike","theMarked:Defy"],"picked":"theMarked:WardOff","floor":4},{"not_picked":["theMarked:MysticalArsenal","theMarked:RepellingDischarge","theMarked:ChainLightning"],"picked":"SKIP","floor":5},{"not_picked":["theMarked:RepellingDischarge","theMarked:EmpowerWeapon"],"picked":"theMarked:DispelDoubt","floor":7},{"not_picked":["theMarked:Overcharge","theMarked:EnhanceMovement"],"picked":"theMarked:Determination","floor":10},{"not_picked":["theMarked:EmpowerWeapon","theMarked:ElectricStrings","theMarked:ChainLightning"],"picked":"SKIP","floor":11},{"not_picked":["theMarked:ShockingTouch","theMarked:HeightenedSenses","theMarked:TwofoldDefense"],"picked":"SKIP","floor":13},{"not_picked":["theMarked:Snap","theMarked:SwordAndMagic"],"picked":"theMarked:ChannelForce","floor":14},{"not_picked":["theMarked:Defy","theMarked:ThrowWeapon"],"picked":"theMarked:BindingBlade","floor":16},{"not_picked":["theMarked:HeightenedSenses","theMarked:PowerFlow","theMarked:TwofoldDefense"],"picked":"SKIP","floor":18},{"not_picked":["theMarked:EnhanceMovement+1","theMarked:MysticalArsenal"],"picked":"theMarked:Determination","floor":19},{"not_picked":["theMarked:ChainLightning","theMarked:Aftermath","theMarked:Reabsorb+1"],"picked":"SKIP","floor":21}],"player_experience":304335,"relics_obtained":[{"floor":10,"key":"reliquary:Boomerang"},{"floor":14,"key":"reliquary:OuijaBoard"}],"event_choices":[{"damage_healed":0,"gold_gain":0,"player_choice":"Entered Light","damage_taken":14,"max_hp_gain":0,"max_hp_loss":0,"event_name":"Shining Light","floor":8,"gold_loss":0,"cards_upgraded":["theMarked:Defend","theMarked:SoldierOfQuellstein"]}],"is_beta":false,"boss_relics":[{"not_picked":["SacredBark","Sozu"],"picked":"Tiny House"}],"items_purged_floors":[],"is_endless":false,"potions_floor_spawned":[2,4,7,10,18,19],"killed_by":"ruina:3_Scarecrows","ascension_level":0}}