{"host":"5dhwd44u3dydylwe","time":1614129518,"event":{"mods":["AchievementEnabler","BaseMod","BetterRewards","Dota2Spire","Duelist Mod","GifTheSpireLib","Hubris","Minty Spire (QoL Compilation)","Shop Mod","StSLib","Wandering Minibosses"],"gold_per_floor":[136,152,172,172,191,216,216,248,248,272,284,284,294,294,294,325,325,403,403,415,469,469,484,317,242,258,284,296,296,307,307,307,307,339,39,39,72,72,89,89,89,164,164,176,192,192,192,35,63,73,73,121,152,152,207,220,237,319,319,319,319,319,319,147,187,187],"floor_reached":67,"language":"ENG","playtime":4736,"items_purged":["theDuelist:Sparks","theDuelist:Sparks","theDuelist:CastleWalls","theDuelist:CastleWalls","theDuelist:BabyDragon"],"score":4504,"play_id":"b7987255-b0e7-448b-b734-1739707ae8d1","local_time":"20210224091838","is_ascension_mode":true,"campfire_choices":[{"data":"theDuelist:Yami","floor":7,"key":"SMITH"},{"data":"theDuelist:OjamaPajama","floor":9,"key":"SMITH"},{"data":"theDuelist:ElectromagneticShield","floor":12,"key":"SMITH"},{"data":"theDuelist:RainbowKuriboh","floor":14,"key":"SMITH"},{"data":"theDuelist:Fissure","floor":17,"key":"SMITH"},{"data":"Meteor Strike","floor":29,"key":"SMITH"},{"floor":33,"key":"RECALL"},{"floor":40,"key":"REST"},{"data":"theDuelist:DunamesDarkWitch","floor":41,"key":"SMITH"},{"data":"theDuelist:RainbowDragon","floor":51,"key":"SMITH"},{"data":"theDuelist:OjamaRed+1","floor":59,"key":"SMITH"},{"data":"theDuelist:OjamaRed+2","floor":63,"key":"SMITH"}],"circlet_count":0,"master_deck":["theDuelist:DunamesDarkWitch+1","theDuelist:Yami+1","theDuelist:OjamaRed+3","theDuelist:DarkMagician+1","theDuelist:NeoMagic+1","AscendersBane","theDuelist:RainbowKuriboh+1","theDuelist:RainbowDragon+1","Meteor Strike+1","theDuelist:MysticalElf+1","theDuelist:ElectromagneticShield+1","theDuelist:OjamaPajama+1","theDuelist:ElectromagneticShield+1","theDuelist:Fissure+1","theDuelist:OjamaPajama+1","theDuelist:DropOff+1"],"relics":["theDuelist:MillenniumPuzzle","theDuelist:CardPoolRelic","theDuelist:CardPoolBasicRelic","theDuelist:BoosterPackPoolRelic","theDuelist:CardPoolAddRelic","theDuelist:CardPoolMinusRelic","theDuelist:CardPoolSaveRelic","theDuelist:CardPoolOptionsRelic","theDuelist:MillenniumPrayerbook","hubris:CrystalStatue","theDuelist:KaibaToken","Dota2Spire:Butterfly","Ice Cream","theDuelist:MonsterEggRelic","Anchor","Lantern","hubris:SoftwareUpdate","theDuelist:DuelistPrismaticShard","theDuelist:ElectricToken","theDuelist:MillenniumArmor","theDuelist:ArmorPlateB","Happy Flower","theDuelist:PrayerPageB","hubris:BottledRain","Black Star","TungstenRod","Turnip","theDuelist:ZoneToken","Art of War","wanderingMiniBosses:ThiefScarf","Dota2Spire:ShivaGuard","Strawberry","Bag of Preparation","Dota2Spire:PhaseBoots","hubris:PeanutButter","Whetstone","Dota2Spire:UrnOfShadows","hubris:Backtick","hubris:DisguiseKit","hubris:SlimyHat","Dota2Spire:Vanguard","Dota2Spire:MonkeyKingBar","Dota2Spire:PowerTreads","theDuelist:BoosterPackSpellEgg","theDuelist:SummonAnchor","hubris:TenFootPole","Snake Skull","theDuelist:YugiMirror","DollysMirror","hubris:BallOfYels","Champion Belt"],"acts_visited":["Exordium","TheCity","TheBeyond","TheEnding"],"potions_floor_usage":[66,66],"damage_taken":[{"damage":0,"enemies":"Jaw Worm","floor":1,"turns":4},{"damage":0,"enemies":"Small Slimes","floor":2,"turns":5},{"damage":0,"enemies":"2 Louse","floor":3,"turns":3},{"damage":0,"enemies":"Exordium Thugs","floor":5,"turns":5},{"damage":0,"enemies":"Gremlin Nob","floor":6,"turns":3},{"damage":0,"enemies":"Lagavulin","floor":8,"turns":3},{"damage":0,"enemies":"Exordium Wildlife","floor":11,"turns":2},{"damage":0,"enemies":"2 Fungi Beasts","floor":13,"turns":3},{"damage":0,"enemies":"3 Sentries","floor":16,"turns":4},{"damage":0,"enemies":"Slime Boss","floor":18,"turns":3},{"damage":0,"enemies":"Shell Parasite","floor":20,"turns":6},{"damage":0,"enemies":"Shell Parasite","floor":21,"turns":3},{"damage":0,"enemies":"Spheric Guardian","floor":23,"turns":5},{"damage":1,"enemies":"Snake Plant","floor":26,"turns":6},{"damage":0,"enemies":"theDuelist:KaibaA2","floor":27,"turns":2},{"damage":0,"enemies":"Snecko","floor":28,"turns":2},{"damage":0,"enemies":"Centurion and Healer","floor":30,"turns":2},{"damage":0,"enemies":"Book of Stabbing","floor":34,"turns":2},{"damage":1,"enemies":"theDuelist:KaibaA2","floor":37,"turns":1},{"damage":0,"enemies":"Shelled Parasite and Fungi","floor":39,"turns":2},{"damage":0,"enemies":"Collector","floor":42,"turns":2},{"damage":0,"enemies":"Orb Walker","floor":44,"turns":2},{"damage":0,"enemies":"3 Shapes","floor":45,"turns":2},{"damage":0,"enemies":"Giant Head","floor":49,"turns":1},{"damage":0,"enemies":"Nemesis","floor":53,"turns":1},{"damage":0,"enemies":"Reptomancer","floor":55,"turns":1},{"damage":0,"enemies":"Maw","floor":56,"turns":2},{"damage":0,"enemies":"Writhing Mass","floor":57,"turns":2},{"damage":0,"enemies":"Nemesis","floor":58,"turns":1},{"damage":0,"enemies":"Awakened One","floor":60,"turns":3},{"damage":0,"enemies":"Donu and Deca","floor":61,"turns":3},{"damage":0,"enemies":"Shield and Spear","floor":65,"turns":3},{"damage":0,"enemies":"The Heart","floor":66,"turns":5}],"seed_played":"-4643102697581059580","potions_obtained":[{"floor":28,"key":"SkillPotion"},{"floor":57,"key":"CultistPotion"}],"is_trial":false,"path_per_floor":["M","M","M","?","M","E","R","E","R","T","M","R","M","R","$","E","R","B",null,"M","?","?","M","$","?","M","E","M","R","M","T","T","R","E","$","?","E","$","M","R","R","B",null,"M","M","?","?","$","E","?","R","T","E","?","E","M","M","E","R","B","B",null,"R","$","E","B",null],"character_chosen":"THE_DUELIST","items_purchased":["theDuelist:Yami","theDuelist:MillenniumPrayerbook","hubris:CrystalStatue","theDuelist:KaibaToken","Dota2Spire:Butterfly","Ice Cream","theDuelist:DunamesDarkWitch","theDuelist:MonsterEggRelic","Anchor","Lantern","hubris:SoftwareUpdate","theDuelist:DuelistPrismaticShard","theDuelist:ElectricToken","theDuelist:MillenniumArmor","theDuelist:RainbowKuriboh","Fire Potion","Fire Potion","Art of War","hubris:SlimyHat","DollysMirror"],"campfire_rested":1,"item_purchase_floors":[0,0,0,0,0,0,0,0,0,0,0,0,0,0,0,0,0,24,48,64],"current_hp_per_floor":[21,21,21,21,21,21,21,21,21,21,21,21,21,21,21,39,39,39,62,62,62,55,55,55,55,54,61,61,61,73,73,73,73,73,73,73,72,72,72,77,77,77,77,77,77,77,77,77,77,77,77,77,77,77,77,77,77,77,77,77,77,77,77,77,77,77],"gold":187,"neow_bonus":"","is_daily":false,"chose_seed":false,"campfire_upgraded":10,"win_rate":0.0,"timestamp":1614129518,"path_taken":["M","M","M","?","M","E","R","E","R","T","M","R","M","R","$","E","R","BOSS","M","?","?","M","$","?","M","E","M","R","?","T","T","R","E","$","?","E","?","?","R","R","BOSS","M","M","?","?","$","E","?","R","T","E","?","E","M","M","E","R","BOSS","BOSS","R","$","E","BOSS"],"items_purchased_type":["Card","Relic","Relic","Relic","Relic","Relic","Card","Relic","Relic","Relic","Relic","Relic","Card","Relic","Card","Potion","Potion","Relic","Relic","Relic"],"build_version":"2020-12-22","purchased_purges":5,"victory":true,"max_hp_per_floor":[70,70,70,70,70,70,70,70,70,70,70,70,70,70,70,70,70,70,70,70,70,70,70,70,70,70,77,77,77,77,77,77,77,77,77,77,77,77,77,77,77,77,77,77,77,77,77,77,77,77,77,77,77,77,77,77,77,77,77,77,77,77,77,77,77,77],"card_choices":[{"not_picked":["theDuelist:NeoMagic","theDuelist:DarkMagician","theDuelist:MysticalElf","theDuelist:Mudballman","theDuelist:SummonedSkull"],"picked":"SKIP","floor":1},{"not_picked":["theDuelist:Pumpking","theDuelist:Zombyra","theDuelist:OjamaYellow","theDuelist:FlyingSaucer","theDuelist:NeoMagic"],"picked":"SKIP","floor":2},{"not_picked":["Blizzard","theDuelist:Ojamagic","theDuelist:Mudballman","theDuelist:SpiralSpearStrike","Hello World"],"picked":"SKIP","floor":3},{"not_picked":["theDuelist:RainbowOverdragon","theDuelist:RainbowLife","theDuelist:PreventRat","theDuelist:EarthEffigy"],"picked":"theDuelist:ElectromagneticShield","floor":5},{"not_picked":["theDuelist:DarkHorizon","theDuelist:CrystalRaigeki","theDuelist:StatueAnguishPattern","theDuelist:IcyCrevasse"],"picked":"theDuelist:OjamaPajama","floor":6},{"not_picked":["theDuelist:GiantOrc","theDuelist:KingYami","Go for the Eyes","Strike_B","theDuelist:RainbowDragon"],"picked":"SKIP","floor":8},{"not_picked":["theDuelist:SummonedSkull","Ball Lightning","theDuelist:OjamaKnight","Steam","Blizzard"],"picked":"SKIP","floor":11},{"not_picked":["Streamline","Zap","theDuelist:DarkMagician","Go for the Eyes","theDuelist:OjamaGreen"],"picked":"SKIP","floor":13},{"not_picked":["theDuelist:ClearKuriboh","theDuelist:DarklordSuperbia","theDuelist:EvilswarmHeliotrope","theDuelist:PowerGiant"],"picked":"theDuelist:Fissure","floor":16},{"not_picked":["theDuelist:OjamaKing","theDuelist:QueenDragunDjinn","Core Surge","Creative AI"],"picked":"Meteor Strike","floor":18},{"not_picked":["theDuelist:SangaWater","theDuelist:CrystalRaigeki","theDuelist:SpiralSpearStrike"],"picked":"SKIP","floor":20},{"not_picked":["theDuelist:KingYami","theDuelist:WhiteMagicalHat","theDuelist:FiendMegacyber","theDuelist:RainbowDragon","theDuelist:OjamaDeltaHurricane"],"picked":"SKIP","floor":23},{"not_picked":["theDuelist:LightningDarts","theDuelist:ScrapFactory","theDuelist:GolemSentry","theDuelist:MagicalStone","theDuelist:PotDichotomy+1"],"picked":"SKIP","floor":26},{"not_picked":["theDuelist:FabledAshenveil","theDuelist:CosmoBrain","theDuelist:EvilswarmNightmare+1","theDuelist:MindAir","theDuelist:Relinquished"],"picked":"SKIP","floor":27},{"not_picked":["theDuelist:DestroyerGolem","theDuelist:BattleFootballer","theDuelist:SphereKuriboh","theDuelist:Terraforming","theDuelist:PowerGiant"],"picked":"SKIP","floor":28},{"not_picked":["theDuelist:NeoMagic","theDuelist:Pumpking","theDuelist:Zombyra","theDuelist:SummonedSkull","theDuelist:RainbowDragon"],"picked":"SKIP","floor":30},{"not_picked":["theDuelist:OjamaBlack","theDuelist:Illusionist","theDuelist:Relinquished","theDuelist:Eva","theDuelist:Ojamagic+1"],"picked":"SKIP","floor":34},{"not_picked":["theDuelist:KingYami","theDuelist:RainbowNeos","theDuelist:DarkMagicianGirl","theDuelist:WhiteMagicalHat","theDuelist:MysticalElf"],"picked":"SKIP","floor":37},{"not_picked":["theDuelist:AttackTheMoon","theDuelist:EarthquakeGiant","theDuelist:HammerShot","theDuelist:MillenniumGolem","theDuelist:ForbiddenLance"],"picked":"SKIP","floor":39},{"not_picked":["theDuelist:BigFire+1","theDuelist:Hinotama","theDuelist:OjamaTrio+1","theDuelist:Ojamagic+1","theDuelist:OjamaDeltaHurricane"],"picked":"SKIP","floor":44},{"not_picked":["theDuelist:LightningDarts","theDuelist:PowerWall","theDuelist:RedHeadedOni","theDuelist:ScrapFactory","theDuelist:GiantTrapHole"],"picked":"SKIP","floor":45},{"not_picked":["theDuelist:LightningDarts","theDuelist:PowerWall","theDuelist:RedHeadedOni","theDuelist:ScrapFactory","theDuelist:GiantTrapHole"],"picked":"SKIP","floor":45},{"not_picked":["theDuelist:SangaWater+1","theDuelist:DarkMasterZorc+1","theDuelist:Tierra+1"],"picked":"SKIP","floor":49},{"not_picked":["theDuelist:GarbageLord","theDuelist:SangaWater","theDuelist:Tierra+1"],"picked":"SKIP","floor":53},{"not_picked":["theDuelist:SangaWater","theDuelist:FabledAshenveil","theDuelist:QueenDragunDjinn","theDuelist:OjamaEmperor+1"],"picked":"theDuelist:OjamaRed+1","floor":55},{"not_picked":["theDuelist:NeoMagic","theDuelist:MysticalElf","theDuelist:RainbowDragon","theDuelist:Eva+1","theDuelist:RainbowFlower"],"picked":"SKIP","floor":56},{"not_picked":["theDuelist:DarkTinker","theDuelist:NeoMagic","theDuelist:OjamaYellow","theDuelist:FiendMegacyber","theDuelist:CosmoBrain"],"picked":"SKIP","floor":57},{"not_picked":["theDuelist:DarkTinker","theDuelist:FiendMegacyber","theDuelist:RainbowFlower","theDuelist:NeoMagic","theDuelist:Pumprincess"],"picked":"SKIP","floor":58},{"not_picked":["theDuelist:MillenniumGolem+1","theDuelist:GilfordLegend+1","theDuelist:ElectromagneticShield+1","theDuelist:MirrorForce+1"],"picked":"theDuelist:DropOff+1","floor":65}],"player_experience":306716,"relics_obtained":[{"floor":6,"key":"theDuelist:ArmorPlateB"},{"floor":8,"key":"Happy Flower"},{"floor":10,"key":"theDuelist:PrayerPageB"},{"floor":16,"key":"hubris:BottledRain"},{"floor":21,"key":"TungstenRod"},{"floor":21,"key":"Turnip"},{"floor":26,"key":"wanderingMiniBosses:ThiefScarf"},{"floor":27,"key":"Dota2Spire:ShivaGuard"},{"floor":27,"key":"Strawberry"},{"floor":32,"key":"Bag of Preparation"},{"floor":34,"key":"Dota2Spire:PhaseBoots"},{"floor":34,"key":"hubris:PeanutButter"},{"floor":37,"key":"Whetstone"},{"floor":37,"key":"Dota2Spire:UrnOfShadows"},{"floor":49,"key":"Dota2Spire:Vanguard"},{"floor":49,"key":"Dota2Spire:MonkeyKingBar"},{"floor":52,"key":"Dota2Spire:PowerTreads"},{"floor":53,"key":"theDuelist:BoosterPackSpellEgg"},{"floor":53,"key":"theDuelist:SummonAnchor"},{"floor":55,"key":"hubris:TenFootPole"},{"floor":55,"key":"Snake Skull"},{"floor":58,"key":"theDuelist:YugiMirror"},{"floor":65,"key":"hubris:BallOfYels"},{"floor":65,"key":"Champion Belt"}],"event_choices":[{"damage_healed":0,"gold_gain":0,"player_choice":"Ignored","damage_taken":0,"max_hp_gain":0,"max_hp_loss":0,"event_name":"Shining Light","floor":4,"gold_loss":0},{"damage_healed":0,"gold_gain":0,"player_choice":"Fight","duelist":true,"damage_taken":0,"max_hp_gain":0,"max_hp_loss":0,"event_name":"Battle City","floor":21,"gold_loss":0},{"damage_healed":0,"gold_gain":0,"player_choice":"Dig - random Duelist relic","duelist":true,"damage_taken":0,"max_hp_gain":0,"max_hp_loss":0,"event_name":"Aknamkanon\u0027s Tomb","floor":22,"gold_loss":0},{"cards_removed":["theDuelist:LesserDragon"],"damage_healed":0,"gold_gain":0,"player_choice":"Gave Gold","damage_taken":0,"max_hp_gain":0,"max_hp_loss":0,"event_name":"Beggar","floor":25,"gold_loss":75},{"cards_removed":["theDuelist:YamataDragon"],"damage_healed":0,"gold_gain":0,"player_choice":"Card Removal","damage_taken":0,"max_hp_gain":0,"max_hp_loss":0,"event_name":"Wheel of Change","floor":36,"gold_loss":0},{"damage_healed":0,"gold_gain":0,"player_choice":"Leave","duelist":true,"damage_taken":0,"max_hp_gain":0,"max_hp_loss":0,"event_name":"Millennium Items","floor":47,"gold_loss":0},{"damage_healed":0,"gold_gain":0,"player_choice":"Forge","damage_taken":0,"max_hp_gain":0,"max_hp_loss":0,"event_name":"Accursed Blacksmith","floor":54,"gold_loss":0,"cards_upgraded":["theDuelist:MysticalElf"]}],"is_beta":false,"boss_relics":[{"not_picked":["theDuelist:ElectricKey","theDuelist:MillenniumKey"],"picked":"Black Star"},{"not_picked":["Calling Bell","Tiny House"],"picked":"hubris:Backtick"}],"items_purged_floors":[0,0,0,0,0],"is_endless":false,"potions_floor_spawned":[1,3,11,13,16,23,26,28,34,37,42,56,57],"ascension_level":20}}