{"host":"6ggzka4dag2kvku2","time":1614185600,"event":{"mods":["AchievementEnabler","BaseMod","DeckTracker","Minty Spire (QoL Compilation)","Permanent Neow","Quick Restart","SuperFastMode"],"gold_per_floor":[113,125,50,66,80,80,111,183,209,237,237,252,252,102,102,204,204,220,237,248,266,187,215,215,215,215],"floor_reached":25,"language":"KOR","playtime":702,"items_purged":["Strike_B","Strike_B"],"score":280,"play_id":"9a8e041f-8f41-4331-978d-3d0db8f0fb24","local_time":"20210225015320","is_ascension_mode":true,"campfire_choices":[{"data":"Hyperbeam","floor":6.0,"key":"SMITH"},{"data":"Sunder","floor":11.0,"key":"SMITH"},{"data":"Buffer","floor":13.0,"key":"SMITH"},{"data":"Turbo","floor":15.0,"key":"SMITH"}],"circlet_count":0,"master_deck":["Strike_B+1","Strike_B+1","Defend_B","Defend_B","Defend_B+1","Defend_B+1","Zap","Dualcast","Hyperbeam+1","Sweeping Beam","Barrage","Streamline","Self Repair","Hologram","Sunder+1","Buffer+1","Turbo+1","Hyperbeam","Sunder","Conserve Battery","Fusion"],"relics":["Cracked Core","Whetstone","Bronze Scales","War Paint","Coffee Dripper","Art of War"],"acts_visited":["Exordium","TheCity"],"potions_floor_usage":[25],"damage_taken":[{"damage":0.0,"enemies":"Cultist","floor":1.0,"turns":3.0},{"damage":2.0,"enemies":"Jaw Worm","floor":2.0,"turns":3.0},{"damage":0.0,"enemies":"Small Slimes","floor":4.0,"turns":2.0},{"damage":7.0,"enemies":"Exordium Wildlife","floor":5.0,"turns":2.0},{"damage":5.0,"enemies":"3 Sentries","floor":7.0,"turns":2.0},{"damage":27.0,"enemies":"Lagavulin","floor":10.0,"turns":4.0},{"damage":0.0,"enemies":"2 Fungi Beasts","floor":12.0,"turns":1.0},{"damage":18.0,"enemies":"Hexaghost","floor":16.0,"turns":7.0},{"damage":0.0,"enemies":"Spheric Guardian","floor":18.0,"turns":3.0},{"damage":9.0,"enemies":"2 Thieves","floor":19.0,"turns":3.0},{"damage":12.0,"enemies":"Cultist and Chosen","floor":20.0,"turns":3.0},{"damage":0.0,"enemies":"Sentry and Sphere","floor":21.0,"turns":3.0},{"damage":35.0,"enemies":"Book of Stabbing","floor":23.0,"turns":6.0},{"damage":25,"enemies":"Gremlin Leader","floor":25,"turns":4}],"seed_played":"7296965292530450857","potions_obtained":[{"floor":4.0,"key":"Fire Potion"},{"floor":10.0,"key":"FearPotion"},{"floor":12.0,"key":"Ancient Potion"},{"floor":18.0,"key":"PotionOfCapacity"},{"floor":21.0,"key":"SkillPotion"}],"is_trial":false,"path_per_floor":["M","M","$","M","M","R","E","?","T","E","R","M","R","$","R","B",null,"M","M","M","M","$","E","?","E"],"character_chosen":"DEFECT","items_purchased":["Turbo","Fusion"],"campfire_rested":0,"item_purchase_floors":[14,22],"current_hp_per_floor":[68,66,66,66,59,59,54,54,54,27,27,27,27,27,27,16,68,68,59,54,61,61,33,21,0,0],"gold":215,"neow_bonus":"THREE_RARE_CARDS","is_daily":false,"chose_seed":false,"campfire_upgraded":4,"win_rate":0.0,"timestamp":1614185600,"path_taken":["M","M","$","M","?","R","E","?","T","E","R","M","R","$","R","BOSS","M","M","M","M","$","E","?","E"],"items_purchased_type":["Card","Card"],"build_version":"2020-12-22","purchased_purges":2,"victory":false,"max_hp_per_floor":[68,68,68,68,68,68,68,68,68,68,68,68,68,68,68,68,68,68,68,68,68,68,68,73,73,73],"card_choices":[{"not_picked":["Buffer","Core Surge"],"picked":"Hyperbeam","floor":0.0},{"not_picked":["Coolheaded","Scrape"],"picked":"Sweeping Beam","floor":1.0},{"not_picked":["Streamline","Coolheaded"],"picked":"Barrage","floor":2.0},{"not_picked":["Ball Lightning","Sweeping Beam"],"picked":"Streamline","floor":4.0},{"not_picked":["Glacier","Cold Snap"],"picked":"Self Repair","floor":5.0},{"not_picked":["Hello World","Leap"],"picked":"Hologram","floor":7.0},{"not_picked":["Compile Driver","Beam Cell"],"picked":"Sunder","floor":10.0},{"not_picked":["Sunder","Rebound"],"picked":"Buffer","floor":12.0},{"not_picked":["Amplify","Buffer"],"picked":"Hyperbeam","floor":16.0},{"not_picked":["Barrage","Turbo+1","Streamline"],"picked":"SKIP","floor":18.0},{"not_picked":["Barrage","Compile Driver"],"picked":"Sunder","floor":19.0},{"not_picked":["Turbo","Beam Cell"],"picked":"Conserve Battery","floor":20.0},{"not_picked":["Darkness","Leap","Barrage"],"picked":"SKIP","floor":21.0},{"not_picked":["Coolheaded","Rebound+1","Blizzard"],"picked":"SKIP","floor":23.0}],"player_experience":146480,"relics_obtained":[{"floor":7.0,"key":"Whetstone"},{"floor":9.0,"key":"Bronze Scales"},{"floor":10.0,"key":"War Paint"},{"floor":23.0,"key":"Art of War"}],"event_choices":[{"damage_healed":0.0,"max_hp_gain":0.0,"max_hp_loss":0.0,"gold_gain":72.0,"event_name":"Golden Wing","player_choice":"Gained Gold","floor":8.0,"gold_loss":0.0,"damage_taken":0.0},{"damage_healed":0.0,"max_hp_gain":5.0,"max_hp_loss":0.0,"gold_gain":0.0,"event_name":"Forgotten Altar","player_choice":"Shed Blood","floor":24.0,"gold_loss":0.0,"damage_taken":17.0}],"is_beta":false,"boss_relics":[{"not_picked":["Busted Crown","Runic Pyramid"],"picked":"Coffee Dripper"}],"items_purged_floors":[3,14],"is_endless":false,"potions_floor_spawned":[4,10,12,18,21],"killed_by":"Gremlin Leader","ascension_level":4}}