{"host":"bpr07pynnqpe5ded","time":1614204187,"event":{"mods":["2.2 Compatiblity","BaseMod","BetterRewards","Minty Spire (QoL Compilation)","Replay The Spire","Shop Mod","StSLib","??????REMEMod"],"gold_per_floor":[118,138,150,150,100,126,126,155,207,219,250,278,321,343,355,464,476,507,533,545,576,604,647,675,717,779,811,823,608,608,623,623,623,623],"floor_reached":33,"language":"ENG","playtime":1630,"items_purged":["Strike_P"],"score":411,"play_id":"e453a47b-dd63-4317-9ce2-6cb5fe238da3","local_time":"20210224220307","is_ascension_mode":false,"campfire_choices":[{"data":"BattleHymn","floor":7,"key":"SMITH"},{"floor":10,"key":"RECALL"},{"floor":15,"key":"DIG"},{"floor":30,"key":"REST"},{"data":"Establishment","floor":32,"key":"SMITH"}],"circlet_count":0,"master_deck":["Strike_P","Strike_P","Defend_P","Defend_P","Defend_P","Defend_P","Eruption+1","Vigilance","BattleHymn+1","Brilliance","FollowUp","Prostrate","Establishment+1","AbeCurse","SandsOfTime+1"],"relics":["PureWater","REME_ComplimentaryCards","Quantum Egg","Turnip","Pet Ghost","The Courier","Abe\u0027s Treasure","Question Card","Nunchaku","MerchantsRug","Regal Pillow"],"acts_visited":["Exordium","TheCity"],"potions_floor_usage":[6,8,19,23,27,31,33],"damage_taken":[{"damage":2,"enemies":"Jaw Worm","floor":1,"turns":4},{"damage":0,"enemies":"2 Louse","floor":2,"turns":2},{"damage":0,"enemies":"Cultist","floor":3,"turns":2},{"damage":14,"enemies":"Lagavulin","floor":6,"turns":5},{"damage":0,"enemies":"Gremlin Nob","floor":8,"turns":2},{"damage":0,"enemies":"Looter","floor":11,"turns":4},{"damage":0,"enemies":"Large Slime","floor":12,"turns":2},{"damage":4,"enemies":"3 Sentries","floor":13,"turns":4},{"damage":0,"enemies":"3 Louse","floor":14,"turns":2},{"damage":0,"enemies":"Slime Boss","floor":16,"turns":3},{"damage":13,"enemies":"2 Thieves","floor":18,"turns":4},{"damage":0,"enemies":"3 Byrds","floor":19,"turns":3},{"damage":0,"enemies":"3 Cultists","floor":21,"turns":3},{"damage":5,"enemies":"Cultist and Chosen","floor":22,"turns":4},{"damage":4,"enemies":"REME_1_Revenger","floor":23,"turns":4},{"damage":7,"enemies":"Snecko","floor":24,"turns":5},{"damage":0,"enemies":"Gremlin Leader","floor":25,"turns":5},{"damage":25,"enemies":"Centurion and Healer","floor":27,"turns":4},{"damage":0,"enemies":"Snake Plant","floor":31,"turns":2},{"damage":43,"enemies":"Champ","floor":33,"turns":8}],"seed_played":"7837253974476854315","potions_obtained":[{"floor":1,"key":"Block Potion"},{"floor":3,"key":"SneckoOil"},{"floor":6,"key":"FearPotion"},{"floor":12,"key":"Energy Potion"},{"floor":18,"key":"SkillPotion"},{"floor":19,"key":"Languid Potion"},{"floor":23,"key":"Fire Potion"},{"floor":27,"key":"Reflective Coating"},{"floor":31,"key":"SkillPotion"}],"is_trial":false,"path_per_floor":["M","M","M","?","?","E","R","E","T","R","M","M","E","M","R","B",null,"M","M","$","M","M","E","M","E","T","M","?","$","R","M","R","B"],"character_chosen":"WATCHER","items_purchased":["MerchantsRug","Regal Pillow"],"campfire_rested":1,"item_purchase_floors":[29,29],"current_hp_per_floor":[70,70,70,58,58,44,44,44,44,44,44,44,40,40,40,40,72,59,59,59,59,54,50,43,43,43,18,18,18,54,54,54,11,11],"gold":623,"neow_bonus":"UPGRADE_CARD","is_daily":false,"chose_seed":false,"campfire_upgraded":2,"win_rate":0.0,"timestamp":1614204187,"path_taken":["M","M","M","?","?","E","R","E","T","R","M","M","E","M","R","BOSS","M","M","$","M","M","E","M","E","T","M","?","$","R","M","R","BOSS"],"items_purchased_type":["Relic","Relic"],"build_version":"2020-12-22","purchased_purges":1,"victory":false,"max_hp_per_floor":[72,72,72,72,72,72,72,72,72,72,72,72,72,72,72,72,72,72,72,72,72,72,72,72,72,72,72,72,72,72,72,72,72,72],"card_choices":[{"not_picked":["Replay:BluntJabs","FlyingSleeves","REME_Repentance"],"picked":"SKIP","floor":1},{"not_picked":["FollowUp","Crescendo"],"picked":"Brilliance","floor":2},{"not_picked":["Replay:BluntJabs","MentalFortress","CarveReality"],"picked":"SKIP","floor":3},{"not_picked":["EmptyMind","EmptyBody","Brilliance"],"picked":"SKIP","floor":6},{"not_picked":["Nirvana","SignatureMove","Adaptation"],"picked":"SKIP","floor":8},{"not_picked":["Prostrate","EmptyBody"],"picked":"FollowUp","floor":11},{"not_picked":["EmptyFist","PathToVictory","FlyingSleeves"],"picked":"SKIP","floor":12},{"not_picked":["WindmillStrike","FollowUp"],"picked":"Prostrate","floor":13},{"not_picked":["EmptyBody","Weave","Replay:ManipulateFuture"],"picked":"SKIP","floor":14},{"not_picked":["Alpha","Replay:AllIn"],"picked":"Establishment","floor":16},{"not_picked":["SashWhip","Evaluate","Halt+1"],"picked":"SKIP","floor":18},{"not_picked":["Collect+1","ThirdEye","CrushJoints"],"picked":"SKIP","floor":19},{"not_picked":["Sanctity","Replay:ManipulateFuture","Crescendo+1"],"picked":"SKIP","floor":21},{"not_picked":["Replay:DivineShield+1","Replay:Cycle+1","CutThroughFate"],"picked":"SKIP","floor":22},{"not_picked":["Study","Tantrum","Brilliance"],"picked":"SKIP","floor":23},{"not_picked":["Protect","Replay:AtTheReady","Replay:ManipulateFuture+1","CrushJoints"],"picked":"SKIP","floor":24},{"not_picked":["FlurryOfBlows+1","Replay:Hum+1","Conclude","CrushJoints"],"picked":"SKIP","floor":25},{"not_picked":["Replay:Hum+1","REME_Repentance","Replay:ManipulateFuture","CrushJoints"],"picked":"SKIP","floor":27},{"not_picked":["Vengeance","Evaluate","ReachHeaven"],"picked":"SandsOfTime+1","floor":31}],"player_experience":966239,"relics_obtained":[{"floor":6,"key":"REME_PuzzleBoxRelic"},{"floor":8,"key":"Turnip"},{"floor":9,"key":"MawBank"},{"floor":13,"key":"Pet Ghost"},{"floor":15,"key":"The Courier"},{"floor":23,"key":"Question Card"},{"floor":25,"key":"Nunchaku"}],"event_choices":[{"damage_healed":0,"gold_gain":0,"player_choice":"Success","damage_taken":12,"relics_obtained":["Quantum Egg"],"max_hp_gain":0,"max_hp_loss":0,"event_name":"Scrap Ooze","floor":4,"gold_loss":0},{"cards_removed":["Strike_P"],"damage_healed":0,"gold_gain":0,"player_choice":"Card Removal","damage_taken":0,"max_hp_gain":0,"max_hp_loss":0,"event_name":"The Cleric","floor":5,"gold_loss":50},{"damage_healed":0,"gold_gain":0,"player_choice":"Ignored","damage_taken":0,"max_hp_gain":0,"max_hp_loss":0,"event_name":"The Mausoleum","floor":28,"gold_loss":0}],"is_beta":false,"boss_relics":[{"not_picked":["Runic Pyramid","Replay:Bronze Core"],"picked":"Abe\u0027s Treasure"}],"items_purged_floors":[29],"is_endless":false,"potions_floor_spawned":[1,3,6,12,18,19,23,27,31],"killed_by":"Champ","ascension_level":0}}