{"host":"uceopoba4zvqsgiy","time":1614210950,"event":{"mods":["2.2 Compatiblity","Act Like it!","BaseMod","Better Skull","Better Third Choice","Elementarium","Evolution","GifTheSpireLib","Hermit","Humility","Infinite Spire","Jorbs\u0027s Wanderer Trilogy","Marked Mod","Minty Spire (QoL Compilation)","Potionbrewer","Reliquary","Replay The Spire","Robot Space Explorer","Shade Mod","Spicy Shops","StS++","StSLib","Stuff the Spire","The Blue Laboratory","The Caster","The Cursed","The Dragon Tamer","The Dragonkin","The Hierophant","The Judge","The Jungle","TheSurvivalist","Wandering Minibosses"],"gold_per_floor":[110,110,32,44,44,72,83,108,108,108,138,138,168,12,12,12,12],"floor_reached":16,"language":"ENG","playtime":1547,"items_purged":[],"score":201,"play_id":"1e4c8f63-79c5-48fa-8684-dd41650fdd91","local_time":"20210225102550","is_ascension_mode":true,"campfire_choices":[{"data":"WordoMod:BloodThinning","floor":10,"key":"SMITH"},{"floor":12,"key":"REST"},{"floor":15,"key":"REST"}],"circlet_count":0,"master_deck":["WordoMod:Retaliate","WordoMod:Retaliate","WordoMod:Retaliate","WordoMod:Retaliate","WordoMod:DefendCard","WordoMod:DefendCard","WordoMod:DefendCard","WordoMod:DefendCard","WordoMod:Accursed","WordoMod:IllWill","Regret","WordoMod:BloodThinning+1","Clumsy","WordoMod:BloodThinning","Voices","WordoMod:ShackleGuard","WordoMod:ScatterAshes","WordoMod:CurseBuckler","WordoMod:SacRite","WordoMod:Cremate","WordoMod:UltimateSacrifice"],"relics":["WordoMod:Obsidian","WordoMod:Effigy","EVO:Axolotl","NeowsBlessing","StuffTheSpire:RedRose","reliquary:CitrusReamer","Gambling Chip","Odd Mushroom","reliquary:OuijaBoard","Lantern","Replay:Ringing Soul","potionbrewer:BoosterPack"],"acts_visited":["Exordium"],"potions_floor_usage":[11,11,13],"damage_taken":[{"damage":0,"enemies":"Small Slimes","floor":1,"turns":1},{"damage":0,"enemies":"Jaw Worm","floor":4,"turns":1},{"damage":0,"enemies":"Gremlin Nob","floor":6,"turns":1},{"damage":1,"enemies":"Cultist","floor":7,"turns":3},{"damage":16,"enemies":"The Mushroom Lair","floor":8,"turns":3},{"damage":30,"enemies":"Lagavulin","floor":11,"turns":4},{"damage":30,"enemies":"3 Sentries","floor":13,"turns":4},{"damage":53,"enemies":"Slime Boss","floor":16,"turns":7}],"seed_played":"9209355461023332359","potions_obtained":[{"floor":4,"key":"blueLaboratory:PolymorphPotion"},{"floor":7,"key":"SkillPotion"},{"floor":8,"key":"Elixir"},{"floor":13,"key":"blueLaboratory:Moonshine"}],"is_trial":false,"path_per_floor":["M","?","$","M","?","E","M","?","T","R","E","R","E","$","R","B"],"character_chosen":"JUDGE_CLASS","items_purchased":["reliquary:CitrusReamer","potionbrewer:BoosterPack"],"campfire_rested":2,"item_purchase_floors":[3,14],"current_hp_per_floor":[75,75,75,75,75,75,74,58,58,58,28,50,20,23,46,0,0],"gold":12,"neow_bonus":"THREE_ENEMY_KILL","is_daily":false,"chose_seed":false,"campfire_upgraded":1,"win_rate":0.0,"timestamp":1614210950,"path_taken":["M","?","$","M","?","E","M","?","T","R","E","R","E","?","R","BOSS"],"items_purchased_type":["Relic","Relic"],"build_version":"2020-12-22","purchased_purges":0,"victory":false,"max_hp_per_floor":[75,75,75,75,75,75,75,75,75,75,75,75,75,78,78,78,78],"card_choices":[{"not_picked":["WordoMod:BurdenOfSin","WordoMod:Sickness","WordoMod:Retaliate"],"picked":"SKIP","floor":1},{"not_picked":["WordoMod:BoundlessGreed","WordoMod:MementoMori"],"picked":"WordoMod:BloodThinning","floor":4},{"not_picked":["Regret","infinitespire:Pacifist"],"picked":"Clumsy","floor":6},{"not_picked":["WordoMod:Resurrection","WordoMod:SoulSpear"],"picked":"WordoMod:BloodThinning","floor":6},{"not_picked":["WordoMod:BreakChains","WordoMod:CurseBuckler","WordoMod:Malice"],"picked":"SKIP","floor":7},{"not_picked":["Languid","Normality"],"picked":"Voices","floor":11},{"not_picked":["WordoMod:Rise","WordoMod:Repent","WordoMod:UltimateSacrifice"],"picked":"SKIP","floor":11},{"not_picked":["WordoMod:Vulgarity","WordoMod:BoundlessGreed","WordoMod:TheCure"],"picked":"SKIP","floor":13}],"player_experience":1881472,"relics_obtained":[{"floor":6,"key":"Gambling Chip"},{"floor":8,"key":"Odd Mushroom"},{"floor":9,"key":"reliquary:OuijaBoard"},{"floor":11,"key":"Lantern"},{"floor":13,"key":"Replay:Ringing Soul"}],"event_choices":[{"damage_healed":0,"gold_gain":0,"player_choice":"Ignored","damage_taken":0,"max_hp_gain":0,"max_hp_loss":0,"event_name":"Golden Wing","floor":5,"gold_loss":0},{"damage_healed":0,"gold_gain":0,"player_choice":"Fought Mushrooms","damage_taken":0,"max_hp_gain":0,"max_hp_loss":0,"event_name":"Mushrooms","floor":8,"gold_loss":0}],"is_beta":false,"boss_relics":[],"items_purged_floors":[],"is_endless":false,"potions_floor_spawned":[4,7,8,13],"killed_by":"Slime Boss","ascension_level":5,"is_humility":true}}