{"host":"v9yiptmoyyuggqjj","time":1614147034,"event":{"mods":["AchievementEnabler","BaseMod","BetterRewards","Card Forge","Colored Map","Colored Powertips","DeckTracker","Highlight Path","Infinite Spire","Minty Spire (QoL Compilation)","Quick Restart","Shop Mod","StSLib","Swap Starting Deck Mod"],"gold_per_floor":[113,113,125,125,47,47,75,75,128,179,179,179,206,206,206,305,305,316,316,241,241,241,241,266,266,266,82,97,111,111,126,126,229,229,245,50,64,14,14,14,14,30,30,30,40,40,67,81,81,81],"floor_reached":51,"language":"ENG","playtime":2732,"items_purged":["Writhe","Defend_P+1","Strike_P+1"],"score":808,"play_id":"5935f44c-b6b3-4866-b905-38c3e496778b","local_time":"20210223231034","is_ascension_mode":true,"campfire_choices":[{"data":"Eruption","floor":6.0,"key":"SMITH"},{"data":"Prostrate","floor":8.0,"key":"SMITH"},{"data":"infinitespire:SevenWalls","floor":12.0,"key":"SMITH"},{"data":"Judgement","floor":15.0,"key":"SMITH"},{"data":"Devotion","floor":23,"key":"SMITH"},{"data":"EmptyBody","floor":25,"key":"SMITH"},{"data":"Consecrate","floor":30,"key":"SMITH"},{"floor":32,"key":"REST"},{"data":"Vigilance","floor":40,"key":"SMITH"},{"data":"EmptyBody","floor":44,"key":"SMITH"},{"floor":49,"key":"REST"}],"circlet_count":0,"master_deck":["Strike_P+1","Strike_P+1","Eruption+1","Vigilance+1","Prostrate+1","Judgement+1","EmptyBody+1","infinitespire:SevenWalls+1","EmptyBody+1","Devotion+1","Consecrate+1","Worship","Worship","EmptyBody+1","DevaForm+1","Alpha+1","Wallop+1","DeceiveReality+1","infinitespire:Oblivion"],"relics":["PureWater","Hammer of Thor","Seething Fire","Anvil of the Gods","NeowsBlessing","Darkstone Periapt","Blue Candle","Smiling Mask","infinitespire:Lucky Rock","Bronze Scales","Akabeko","Busted Crown","StrikeDummy","Mummified Hand","Boot","Astrolabe","Vajra","Regal Pillow","Meat on the Bone"],"acts_visited":["Exordium","TheCity","TheBeyond"],"potions_floor_usage":[33,33,42,50,50],"damage_taken":[{"damage":0.0,"enemies":"Jaw Worm","floor":1.0,"turns":1.0},{"damage":0.0,"enemies":"2 Louse","floor":3.0,"turns":1.0},{"damage":0.0,"enemies":"Gremlin Nob","floor":7.0,"turns":1.0},{"damage":7.0,"enemies":"3 Sentries","floor":13.0,"turns":10.0},{"damage":0,"enemies":"The Guardian","floor":16,"turns":8},{"damage":10,"enemies":"2 Thieves","floor":18,"turns":3},{"damage":25,"enemies":"Slavers","floor":24,"turns":4},{"damage":4,"enemies":"Chosen","floor":28,"turns":2},{"damage":0,"enemies":"Snecko","floor":29,"turns":3},{"damage":9,"enemies":"Snake Plant","floor":31,"turns":3},{"damage":4,"enemies":"Champ","floor":33,"turns":8},{"damage":5,"enemies":"Orb Walker","floor":35,"turns":4},{"damage":14,"enemies":"3 Darklings","floor":37,"turns":4},{"damage":15,"enemies":"4 Shapes","floor":42,"turns":4},{"damage":0,"enemies":"Transient","floor":45,"turns":5},{"damage":25,"enemies":"Giant Head","floor":47,"turns":7},{"damage":10,"enemies":"Jaw Worm Horde","floor":48,"turns":4},{"damage":39,"enemies":"Donu and Deca","floor":50,"turns":6}],"seed_played":"8886801349261757017","potions_obtained":[{"floor":3.0,"key":"DuplicationPotion"},{"floor":18,"key":"Explosive Potion"},{"floor":22,"key":"EssenceOfSteel"},{"floor":22,"key":"infinitespire:BlackPotion"},{"floor":35,"key":"PowerPotion"},{"floor":37,"key":"SteroidPotion"},{"floor":42,"key":"Fruit Juice"},{"floor":47,"key":"Strength Potion"}],"is_trial":false,"path_per_floor":["M","?","M","?","$","R","E","R","T","T","?","R","E","?","R","B",null,"M","?","?","?","?","R","E","R","T","$","M","M","R","M","R","B",null,"M","$","M","$","?","R","AVR","M","T","R","M","?","E","M","R","B",null],"character_chosen":"WATCHER","items_purchased":["Judgement","Consecrate","Worship","Vajra"],"campfire_rested":2,"item_purchase_floors":[5,27,27,36],"current_hp_per_floor":[72,69,69,74,74,74,74,74,74,74,55,55,48,48,48,48,77,67,73,73,73,73,73,48,48,48,48,44,44,44,35,59,55,83,78,78,64,64,64,64,64,54,54,54,54,54,29,31,72,45],"gold":81,"neow_bonus":"THREE_ENEMY_KILL","is_daily":false,"chose_seed":false,"campfire_upgraded":9,"win_rate":0.0,"timestamp":1614147034,"path_taken":["M","?","M","?","?","R","E","R","T","?","?","R","E","?","R","BOSS","M","?","?","?","?","R","E","R","T","$","M","M","R","M","R","BOSS","M","$","M","$","?","R","AVR","M","T","R","?","?","E","M","R","BOSS"],"items_purchased_type":["Card","Card","Card","Relic"],"build_version":"2020-12-22","purchased_purges":3,"victory":true,"max_hp_per_floor":[72,72,72,77,77,77,77,77,77,77,77,77,77,77,77,77,77,77,83,83,83,83,83,83,83,83,83,83,83,83,83,83,83,83,83,83,83,83,83,83,83,88,88,88,88,88,88,88,88,88],"card_choices":[{"not_picked":["FlyingSleeves","Vengeance"],"picked":"WaveOfTheHand","floor":1.0},{"not_picked":["SandsOfTime","CutThroughFate"],"picked":"Prostrate","floor":3.0},{"not_picked":["Adaptation","SashWhip"],"picked":"EmptyBody","floor":7.0},{"not_picked":["infinitespire:Gouge","infinitespire:SealOfDarkness+"],"picked":"infinitespire:SevenWalls","floor":11.0},{"not_picked":["Brilliance","EmptyFist"],"picked":"EmptyBody","floor":13.0},{"not_picked":["Judgement","Ragnarok"],"picked":"Devotion","floor":16},{"not_picked":["SashWhip"],"picked":"SKIP","floor":18},{"not_picked":["Evaluate"],"picked":"SKIP","floor":24},{"not_picked":[],"picked":"Worship","floor":28},{"not_picked":["TalkToTheHand"],"picked":"SKIP","floor":29},{"not_picked":[],"picked":"EmptyBody+1","floor":31},{"not_picked":[],"picked":"DevaForm","floor":33},{"not_picked":["EmptyBody"],"picked":"SKIP","floor":35},{"not_picked":["Prostrate"],"picked":"SKIP","floor":37},{"not_picked":["SignatureMove"],"picked":"SKIP","floor":42},{"not_picked":["FollowUp+1"],"picked":"SKIP","floor":45},{"not_picked":["LikeWater"],"picked":"SKIP","floor":47},{"not_picked":["ThirdEye+1"],"picked":"SKIP","floor":48}],"player_experience":621567,"relics_obtained":[{"floor":7.0,"key":"Blue Candle"},{"floor":9.0,"key":"Smiling Mask"},{"floor":10.0,"key":"infinitespire:Lucky Rock"},{"floor":13.0,"key":"Bronze Scales"},{"floor":24,"key":"Mummified Hand"},{"floor":26,"key":"Boot"},{"floor":43,"key":"Regal Pillow"},{"floor":47,"key":"Meat on the Bone"}],"event_choices":[{"damage_healed":0.0,"max_hp_gain":0.0,"max_hp_loss":0.0,"gold_gain":0.0,"event_name":"Scrap Ooze","player_choice":"Success","floor":2.0,"gold_loss":0.0,"damage_taken":3.0,"relics_obtained":["Darkstone Periapt"]},{"damage_healed":0.0,"max_hp_gain":5.0,"max_hp_loss":0.0,"gold_gain":0.0,"event_name":"Big Fish","player_choice":"Donut","floor":4.0,"gold_loss":0.0,"damage_taken":0.0},{"damage_healed":0.0,"max_hp_gain":0.0,"max_hp_loss":0.0,"gold_gain":0.0,"event_name":"WeMeetAgain","player_choice":"Gave Potion","floor":14.0,"gold_loss":0.0,"damage_taken":0.0,"relics_obtained":["Akabeko"]},{"damage_healed":0,"gold_gain":0,"player_choice":"Opened","damage_taken":0,"relics_obtained":["StrikeDummy"],"max_hp_gain":0,"max_hp_loss":0,"event_name":"The Mausoleum","floor":19,"gold_loss":0,"cards_obtained":["Writhe"]},{"cards_removed":["WaveOfTheHand"],"damage_healed":0,"gold_gain":0,"player_choice":"Gave Gold","damage_taken":0,"max_hp_gain":0,"max_hp_loss":0,"event_name":"Beggar","floor":20,"gold_loss":75},{"damage_healed":0,"gold_gain":0,"player_choice":"Simplicity","damage_taken":0,"max_hp_gain":0,"max_hp_loss":0,"event_name":"Back to Basics","floor":21,"gold_loss":0,"cards_upgraded":["Strike_P","Strike_P","Strike_P","Strike_P","Defend_P","Defend_P","Defend_P","Defend_P"]},{"damage_healed":0,"gold_gain":0,"player_choice":"Got Potions","damage_taken":0,"max_hp_gain":0,"max_hp_loss":0,"event_name":"Lab","floor":22,"gold_loss":0},{"damage_healed":0,"gold_gain":0,"player_choice":"Forge","damage_taken":0,"max_hp_gain":0,"max_hp_loss":0,"event_name":"Accursed Blacksmith","floor":39,"gold_loss":0,"cards_upgraded":["DevaForm"]},{"cards_removed":["Strike_P"],"damage_healed":0,"gold_gain":0,"player_choice":"Removed Attack","damage_taken":0,"max_hp_gain":0,"max_hp_loss":0,"event_name":"Falling","floor":46,"gold_loss":0}],"is_beta":false,"boss_relics":[{"not_picked":["SacredBark","infinitespire:Cupcake"],"picked":"Busted Crown"},{"not_picked":["Runic Dome","Velvet Choker"],"picked":"Astrolabe"}],"items_purged_floors":[27,36,38],"is_endless":false,"potions_floor_spawned":[3,18,31,35,37,42,47],"ascension_level":1}}