{"host":"zmtwm7g9txw073d3","time":1614141822,"event":{"mods":["BaseMod","Downfall","Hermit","Minty Spire (QoL Compilation)","StSLib","The Cursed","The Servant 0.9.4"],"gold_per_floor":[99,119,139,124,143,203,256,281,292,306,331,345,345,63,82,180,180,180,198,213,229,229,262,262,262,262,277,227,227,244,276,293,395,395,395,406,425,172,172,188,215,229,229,246,246,260,260,260,279,279],"floor_reached":51,"language":"ZHS","playtime":4426,"items_purged":["sneckomod:Strike","sneckomod:Defend"],"score":832,"play_id":"d9ed4f5e-af55-44b5-9a40-c98e8ca04eab","local_time":"20210224124342","is_ascension_mode":false,"campfire_choices":[{"data":"sneckomod:TailWhip","floor":1.0,"key":"SMITH"},{"data":"expansioncontent:QuickStudy","floor":18.0,"key":"SMITH"},{"data":"sneckomod:UnknownBoss","floor":25.0,"key":"SMITH"},{"floor":35.0,"key":"RECALL"},{"floor":43,"key":"REST"},{"floor":47,"key":"REST"}],"circlet_count":0,"master_deck":["sneckomod:Strike+1","sneckomod:Strike","sneckomod:Defend+1","sneckomod:Defend","sneckomod:TailWhip+1","sneckomod:SnekBite","sneckomod:Unknown","sneckomod:Unknown","sneckomod:SnakeSap","sneckomod:WideSting+1","sneckomod:UnknownWeak","sneckomod:RainOfDice","sneckomod:Restock","expansioncontent:QuickStudy+1","sneckomod:UnknownBoss+1","sneckomod:ImprovisedGuard","sneckomod:ImprovisedAttack","CurseOfTheBell","Finesse","Decay","sneckomod:SlitherStrike+1","expansioncontent:AwakenDeath","sneckomod:UnlimitedRolls"],"relics":["bronze:MakeshiftBattery","PreservedInsect","Whetstone","Strawberry","Tiny Chest","downfall:ShatteredFragment","SlaversCollar","MutagenicStrength","Orichalcum","Torii","Molten Egg 2","Eternal Feather","Calling Bell","Smiling Mask","Pear","Unceasing Top","Du-Vu Doll","HandDrill","Mummified Hand"],"acts_visited":["Exordium","TheCity","TheBeyond"],"potions_floor_usage":[50,50],"damage_taken":[{"damage":0.0,"enemies":"Small Slimes","floor":2.0,"turns":3.0},{"damage":1.0,"enemies":"2 Louse","floor":3.0,"turns":2.0},{"damage":0.0,"enemies":"downfall:FleeingMerchant","floor":4.0,"turns":4.0},{"damage":1.0,"enemies":"Jaw Worm","floor":5.0,"turns":2.0},{"damage":31.0,"enemies":"3 Sentries","floor":6.0,"turns":9.0},{"damage":14.0,"enemies":"3 Sentries","floor":8.0,"turns":3.0},{"damage":3.0,"enemies":"Exordium Wildlife","floor":9.0,"turns":3.0},{"damage":6.0,"enemies":"3 Louse","floor":10.0,"turns":2.0},{"damage":0.0,"enemies":"Gremlin Nob","floor":11.0,"turns":2.0},{"damage":6.0,"enemies":"Lots of Slimes","floor":12.0,"turns":3.0},{"damage":5.0,"enemies":"downfall:FleeingMerchant","floor":14.0,"turns":4.0},{"damage":0.0,"enemies":"Blue Slaver","floor":15.0,"turns":2.0},{"damage":1.0,"enemies":"WA_ARCHETYPE_RETAIN","floor":16.0,"turns":4.0},{"damage":8.0,"enemies":"3 Byrds","floor":19.0,"turns":4.0},{"damage":0.0,"enemies":"Chosen","floor":20.0,"turns":3.0},{"damage":10.0,"enemies":"Snake Plant","floor":21.0,"turns":3.0},{"damage":3.0,"enemies":"Book of Stabbing","floor":23.0,"turns":3.0},{"damage":0.0,"enemies":"Shelled Parasite and Fungi","floor":26.0,"turns":1.0},{"damage":1.0,"enemies":"Cultist and Chosen","floor":27.0,"turns":4.0},{"damage":1.0,"enemies":"Chosen and Byrds","floor":30.0,"turns":4.0},{"damage":15.0,"enemies":"Slavers","floor":31.0,"turns":3.0},{"damage":1.0,"enemies":"Snake Plant","floor":32.0,"turns":4.0},{"damage":30.0,"enemies":"SI_MIRROR_ARCHETYPE","floor":33.0,"turns":8.0},{"damage":22.0,"enemies":"3 Darklings","floor":36.0,"turns":8.0},{"damage":0.0,"enemies":"Orb Walker","floor":37.0,"turns":3.0},{"damage":2,"enemies":"downfall:FleeingMerchant","floor":38,"turns":4},{"damage":0,"enemies":"Transient","floor":40,"turns":5},{"damage":59,"enemies":"Sphere and 2 Shapes","floor":42,"turns":6},{"damage":25,"enemies":"Jaw Worm Horde","floor":44,"turns":3},{"damage":16,"enemies":"Maw","floor":46,"turns":6},{"damage":37,"enemies":"Spire Growth","floor":49,"turns":4},{"damage":61,"enemies":"DF_ARCHETYPE_ORBS","floor":50,"turns":5}],"seed_played":"-6951253080810027415","potions_obtained":[{"floor":2.0,"key":"bronze:BurnAndBuffPotion"},{"floor":6.0,"key":"Explosive Potion"},{"floor":8.0,"key":"Swift Potion"},{"floor":9.0,"key":"Fire Potion"},{"floor":16.0,"key":"SmokeBomb"},{"floor":19.0,"key":"bronze:BurnAndBuffPotion"},{"floor":27.0,"key":"Fruit Juice"},{"floor":32.0,"key":"Guardian:BlockOnCardUsePotion"},{"floor":37.0,"key":"Swift Potion"},{"floor":40,"key":"BlessingOfTheForge"},{"floor":46,"key":"Fire Potion"}],"is_trial":false,"path_per_floor":["R","M","M","$","M","?","T","E","M","M","E","M","?","$","M","B",null,"R","M","M","M","?","E","T","R","M","M","?","T","M","E","M","B",null,"R","M","M","$","?","M","T","M","R","M","?","M","R","T","M","B",null],"character_chosen":"THE_SNECKO","items_purchased":["expansioncontent:QuickStudy","Du-Vu Doll","Finesse","HandDrill"],"campfire_rested":2,"item_purchase_floors":[14,38,38,38],"current_hp_per_floor":[90,90,89,89,88,57,57,50,47,41,41,35,14,9,9,8,97,97,89,89,79,79,76,76,76,76,80,102,102,101,86,85,55,112,112,90,90,88,88,88,88,29,74,49,49,33,78,78,41,20],"gold":279,"neow_bonus":"BOSS_RELIC","is_daily":false,"chose_seed":false,"campfire_upgraded":3,"win_rate":0.0,"timestamp":1614141822,"path_taken":["R","M","M","$","M","?","T","E","M","M","E","M","?","$","M","BOSS","R","M","M","M","?","E","T","R","M","M","?","?","M","E","M","BOSS","R","M","M","$","?","?","T","M","R","M","?","M","R","?","M","BOSS"],"items_purchased_type":["Card","Relic","Card","Relic"],"build_version":"2020-12-22","purchased_purges":2,"victory":true,"max_hp_per_floor":[90,90,90,90,90,90,90,97,97,97,97,97,97,97,97,97,97,97,97,97,97,97,97,97,97,97,102,102,102,102,102,102,102,112,112,112,112,112,112,112,112,112,112,112,112,112,112,112,112,112],"card_choices":[{"not_picked":["sneckomod:UnknownDraw","sneckomod:Unknown2Cost"],"picked":"sneckomod:SnakeSap","floor":2.0},{"not_picked":["sneckomod:UnknownCommonSkill","sneckomod:UnknownStrike"],"picked":"sneckomod:WideSting","floor":3.0},{"not_picked":["sneckomod:Unknown1Cost","sneckomod:SoulDraw"],"picked":"sneckomod:UnknownWeak","floor":4.0},{"not_picked":["sneckomod:SoulRoll","sneckomod:DiceBoulder","sneckomod:Unknown2Cost"],"picked":"SKIP","floor":5.0},{"not_picked":["sneckomod:TrashToTreasure","sneckomod:UnknownDraw"],"picked":"sneckomod:RainOfDice","floor":8.0},{"not_picked":["sneckomod:QuickBite","sneckomod:SoulDraw","sneckomod:UnknownX"],"picked":"SKIP","floor":9.0},{"not_picked":["sneckomod:DiceBlock","sneckomod:Unknown1Cost"],"picked":"sneckomod:Restock","floor":10.0},{"not_picked":["sneckomod:SoulDraw","sneckomod:DiceBlock","sneckomod:SoulRoll"],"picked":"SKIP","floor":11.0},{"not_picked":["sneckomod:QuickBite","sneckomod:SoulDraw","sneckomod:TrashToTreasure"],"picked":"SKIP","floor":12.0},{"not_picked":["sneckomod:UnknownExhaust","sneckomod:TrashToTreasure","sneckomod:DiceBlock"],"picked":"SKIP","floor":14.0},{"not_picked":["sneckomod:DangerNoodle","sneckomod:SnekBeam","sneckomod:UnknownCommonSkill"],"picked":"SKIP","floor":15.0},{"not_picked":["sneckomod:Mudshield","sneckomod:Unknown3Cost"],"picked":"sneckomod:UnknownBoss","floor":16.0},{"not_picked":["sneckomod:IronFang+1","sneckomod:SnakeSap","sneckomod:UnknownClassDEFAULT_GRAY_COLOR"],"picked":"SKIP","floor":19.0},{"not_picked":["sneckomod:UnknownBlock","sneckomod:DiceBlock","sneckomod:UnknownWeak"],"picked":"SKIP","floor":20.0},{"not_picked":["sneckomod:UnknownClassDEFAULT_GRAY_COLOR","sneckomod:QuickMove"],"picked":"sneckomod:ImprovisedGuard","floor":21.0},{"not_picked":["sneckomod:DiceBlock","sneckomod:QuickBite+1"],"picked":"sneckomod:ImprovisedAttack","floor":23.0},{"not_picked":["sneckomod:UnknownClassHEXA_GHOST_PURPLE","sneckomod:RainOfDice","sneckomod:DiceCrush"],"picked":"SKIP","floor":27.0},{"not_picked":["sneckomod:PureSnecko","sneckomod:UnknownClassTHE_CURSED_PURPLE","sneckomod:DiceBlock"],"picked":"SKIP","floor":30.0},{"not_picked":["sneckomod:SnekBeam+1","sneckomod:UnknownWeak+1","sneckomod:MasterEye"],"picked":"SKIP","floor":31.0},{"not_picked":["sneckomod:UnknownClassDEFAULT_GRAY_COLOR","sneckomod:WideSting+1","sneckomod:DiceBlock"],"picked":"SKIP","floor":32.0},{"not_picked":["sneckomod:QuickBite+1","sneckomod:UnknownWeak+1","sneckomod:WideSting+1"],"picked":"SKIP","floor":36.0},{"not_picked":["sneckomod:CheapStock+1","sneckomod:UnknownUncommonSkill","sneckomod:Unknown2Cost"],"picked":"SKIP","floor":37.0},{"not_picked":["sneckomod:RainOfDice+1","sneckomod:DiceBoulder+1","sneckomod:DiceBlock+1"],"picked":"SKIP","floor":38},{"not_picked":["sneckomod:UnknownVulnerable+1","sneckomod:Unknown0Cost+1","sneckomod:DiceBlock+1"],"picked":"SKIP","floor":40},{"not_picked":["sneckomod:UnknownClassDEFAULT_GRAY_COLOR+1","sneckomod:UnknownClassTHE_CURSED_PURPLE+1"],"picked":"sneckomod:SlitherStrike+1","floor":42},{"not_picked":["sneckomod:RainOfDice+1","sneckomod:CheapStock","sneckomod:SlitherStrike+1"],"picked":"SKIP","floor":44},{"not_picked":["expansioncontent:InvincibleStrength","expansioncontent:PrepareCrush"],"picked":"expansioncontent:AwakenDeath","floor":45},{"not_picked":["sneckomod:DiceBoulder+1","sneckomod:DiceBlock","sneckomod:UnknownStrike+1"],"picked":"SKIP","floor":46},{"not_picked":["sneckomod:SlitherStrike+1","sneckomod:QuickMove+1"],"picked":"sneckomod:UnlimitedRolls","floor":49}],"player_experience":119796,"relics_obtained":[{"floor":6.0,"key":"PreservedInsect"},{"floor":7.0,"key":"Whetstone"},{"floor":8.0,"key":"Strawberry"},{"floor":11.0,"key":"Tiny Chest"},{"floor":23.0,"key":"Orichalcum"},{"floor":24.0,"key":"Torii"},{"floor":29.0,"key":"Molten Egg 2"},{"floor":31.0,"key":"Eternal Feather"},{"floor":34.0,"key":"Smiling Mask"},{"floor":34.0,"key":"Pear"},{"floor":34.0,"key":"Unceasing Top"},{"floor":48,"key":"Mummified Hand"}],"event_choices":[{"damage_healed":0.0,"max_hp_gain":0.0,"max_hp_loss":0.0,"gold_gain":0.0,"event_name":"Drug Dealer","player_choice":"Inject Mutagens","floor":22.0,"gold_loss":0.0,"damage_taken":0.0,"relics_obtained":["MutagenicStrength"]},{"damage_healed":0,"gold_gain":0,"player_choice":"Cursed","damage_taken":0,"max_hp_gain":0,"max_hp_loss":0,"event_name":"Wheel of Change","floor":39,"gold_loss":0,"cards_obtained":["Decay"]}],"is_beta":false,"boss_relics":[{"not_picked":["Sozu","Fusion Hammer"],"picked":"SlaversCollar"},{"not_picked":["sneckomod:SneckoBoss","Philosopher\u0027s Stone"],"picked":"Calling Bell"}],"items_purged_floors":[14,38],"is_endless":false,"potions_floor_spawned":[2,6,8,9,11,12,16,19,26,27,32,37,40,46],"ascension_level":0}}