{"host":"3zmssa4s99zhxek5","time":1614155711,"event":{"mods":["AchievementEnabler","BaseMod","Minty Spire (QoL Compilation)","Permanent Neow","Relic Stats"],"gold_per_floor":[119,130,130,130,140,140,140,140],"floor_reached":7,"language":"KOR","playtime":321,"items_purged":[],"score":82,"play_id":"11f72607-c42b-433b-bf74-7603c64418d8","local_time":"20210224173511","is_ascension_mode":true,"campfire_choices":[{"data":"Reprogram","floor":6,"key":"SMITH"}],"circlet_count":0,"master_deck":["AscendersBane","Strike_B","Strike_B","Strike_B","Strike_B","Defend_B","Defend_B","Defend_B","Defend_B","Zap","Dualcast","Sweeping Beam","Reprogram+1","Self Repair"],"relics":["Runic Dome","StoneCalendar"],"acts_visited":["Exordium"],"potions_floor_usage":[],"damage_taken":[{"damage":2,"enemies":"Cultist","floor":1,"turns":4},{"damage":0,"enemies":"Small Slimes","floor":2,"turns":3},{"damage":11,"enemies":"Jaw Worm","floor":5,"turns":4},{"damage":69,"enemies":"Gremlin Nob","floor":7,"turns":4}],"seed_played":"2182182279405430668","potions_obtained":[],"is_trial":false,"path_per_floor":["M","M","?","?","M","R","E"],"character_chosen":"DEFECT","items_purchased":[],"campfire_rested":0,"item_purchase_floors":[],"current_hp_per_floor":[62,62,27,71,60,60,0,0],"gold":140,"neow_bonus":"BOSS_RELIC","is_daily":false,"chose_seed":false,"campfire_upgraded":1,"win_rate":0.0,"timestamp":1614155711,"path_taken":["M","M","?","?","M","R","E"],"items_purchased_type":[],"build_version":"2020-12-22","purchased_purges":0,"victory":false,"max_hp_per_floor":[71,71,71,71,71,71,71,71],"relic_stats":{"counters":[4,15],"StoneCalendar":[0],"obtain_stats":[{"Runic Dome":0,"StoneCalendar":3,"Cracked Core":0},{"Runic Dome":0,"StoneCalendar":2,"Cracked Core":0},{"Runic Dome":0,"StoneCalendar":7,"Cracked Core":0}]},"card_choices":[{"not_picked":["Turbo","Go for the Eyes"],"picked":"Sweeping Beam","floor":1},{"not_picked":["Steam Power","Compile Driver"],"picked":"Reprogram","floor":2},{"not_picked":["Steam Power","Hologram"],"picked":"Self Repair","floor":5}],"player_experience":1680880,"relics_obtained":[],"event_choices":[{"damage_healed":0,"gold_gain":0,"player_choice":"Success","damage_taken":35,"relics_obtained":["StoneCalendar"],"max_hp_gain":0,"max_hp_loss":0,"event_name":"Scrap Ooze","floor":3,"gold_loss":0},{"damage_healed":44,"gold_gain":0,"player_choice":"Full Heal","damage_taken":0,"max_hp_gain":0,"max_hp_loss":0,"event_name":"Wheel of Change","floor":4,"gold_loss":0}],"is_beta":false,"boss_relics":[],"items_purged_floors":[],"is_endless":false,"potions_floor_spawned":[],"killed_by":"Gremlin Nob","ascension_level":20}}