{"host":"i0avyit1s6jb1siw","time":1614185601,"event":{"mods":["BaseMod","DeckTracker","Dota2Spire","Minty Spire (QoL Compilation)","Quick Restart","StSLib","SuperFastMode"],"gold_per_floor":[117,5,5,5,29,69,81,193,205,217,257,318,360,406,10,10,110,110,110,217,217,240,194,227,177,192,240,270,314,339,366,413,413,443,496,324,353,353,451,451,451,549,549,577,601,601,601,601,642,671,706,706,729,729,744,776,819,860,860,860,860,860,860,109,162,162],"floor_reached":67,"language":"ENG","playtime":1572,"items_purged":["Parasite"],"score":4664,"play_id":"b2337577-b8c1-410f-bb44-6b4a5e10589b","local_time":"20210224175321","is_ascension_mode":true,"campfire_choices":[{"data":"Perfected Strike","floor":7,"key":"SMITH"},{"data":"Enlightenment","floor":16,"key":"SMITH"},{"data":"Corruption","floor":19,"key":"SMITH"},{"data":"Armaments","floor":38,"key":"SMITH"},{"data":"True Grit","floor":41,"key":"SMITH"},{"floor":54,"key":"RECALL"},{"data":"Feel No Pain","floor":59,"key":"SMITH"},{"data":"Perfected Strike","floor":63,"key":"SMITH"}],"circlet_count":0,"master_deck":["AscendersBane","Strike_R","Strike_R","Strike_R","Strike_R","Strike_R","Defend_R","Defend_R","Defend_R","Defend_R+1","Bash","Wild Strike","Perfected Strike+1","Wild Strike","Armaments+1","Perfected Strike+1","Immolate","Pommel Strike","Shrug It Off+1","Enlightenment+1","Corruption+1","Impervious","Bloodletting","Perfected Strike+1","Feel No Pain+1","Ghostly Armor","Exhume","Shockwave","Pommel Strike","Evolve+1","True Grit+1","Barricade+1","Demon Form+1","Pommel Strike","Reaper","Battle Trance","Intimidate+1","Twin Strike","Impervious","Limit Break","Body Slam","Exhume"],"relics":["Black Blood","NeowsBlessing","Golden Idol","MawBank","Oddly Smooth Stone","CeramicFish","Blue Candle","Odd Mushroom","War Paint","Lee\u0027s Waffle","Sozu","Snecko Eye","Dota2Spire:AghanimScepter","Frozen Egg 2","Dota2Spire:PowerTreads","Dota2Spire:EyeOfSkadi","Paper Frog","Strawberry","Dota2Spire:RefresherOrb","StrikeDummy","Dota2Spire:MantaStyle","Dota2Spire:BlackKingBar","Dota2Spire:UrnOfShadows","Pocketwatch","Ice Cream","DollysMirror","Sundial"],"acts_visited":["Exordium","TheCity","TheBeyond","TheEnding"],"potions_floor_usage":[12,17,20],"damage_taken":[{"damage":0,"enemies":"Jaw Worm","floor":1,"turns":1},{"damage":0,"enemies":"Small Slimes","floor":5,"turns":1},{"damage":0,"enemies":"Lagavulin","floor":6,"turns":1},{"damage":0,"enemies":"Cultist","floor":11,"turns":2},{"damage":8,"enemies":"3 Sentries","floor":12,"turns":5},{"damage":3,"enemies":"2 Fungi Beasts","floor":13,"turns":2},{"damage":19,"enemies":"The Mushroom Lair","floor":14,"turns":4},{"damage":0,"enemies":"Slime Boss","floor":17,"turns":3},{"damage":24,"enemies":"Slime Boss","floor":20,"turns":8},{"damage":5,"enemies":"2 Thieves","floor":22,"turns":3},{"damage":3,"enemies":"Spheric Guardian","floor":24,"turns":3},{"damage":0,"enemies":"Cultist and Chosen","floor":26,"turns":4},{"damage":21,"enemies":"Book of Stabbing","floor":27,"turns":4},{"damage":9,"enemies":"3 Cultists","floor":28,"turns":4},{"damage":34,"enemies":"Slavers","floor":29,"turns":4},{"damage":12,"enemies":"Book of Stabbing","floor":32,"turns":4},{"damage":0,"enemies":"Centurion and Healer","floor":34,"turns":5},{"damage":2,"enemies":"Slavers","floor":35,"turns":3},{"damage":0,"enemies":"Chosen and Byrds","floor":37,"turns":3},{"damage":5,"enemies":"Collector","floor":39,"turns":6},{"damage":3,"enemies":"Collector","floor":42,"turns":6},{"damage":5,"enemies":"3 Shapes","floor":44,"turns":3},{"damage":1,"enemies":"3 Darklings","floor":45,"turns":3},{"damage":18,"enemies":"Nemesis","floor":49,"turns":3},{"damage":42,"enemies":"Writhing Mass","floor":50,"turns":5},{"damage":18,"enemies":"Reptomancer","floor":51,"turns":3},{"damage":0,"enemies":"Sphere and 2 Shapes","floor":55,"turns":1},{"damage":6,"enemies":"Transient","floor":56,"turns":6},{"damage":1,"enemies":"Writhing Mass","floor":57,"turns":5},{"damage":0,"enemies":"Giant Head","floor":58,"turns":4},{"damage":13,"enemies":"Donu and Deca","floor":60,"turns":6},{"damage":14,"enemies":"Time Eater","floor":61,"turns":6},{"damage":75,"enemies":"Shield and Spear","floor":65,"turns":5},{"damage":34,"enemies":"The Heart","floor":66,"turns":7}],"seed_played":"4350321792616149863","potions_obtained":[{"floor":1,"key":"AttackPotion"},{"floor":12,"key":"GamblersBrew"},{"floor":13,"key":"AttackPotion"},{"floor":14,"key":"AttackPotion"}],"is_trial":false,"path_per_floor":["M","$","?","$","M","E","R","?","T","T","M","E","M","?","$","R","B",null,"R","B",null,"M","$","M","?","M","E","M","E","T","T","E","?","M","E","$","M","R","B",null,"R","B",null,"M","M","?","?","?","E","M","E","T","T","R","M","M","M","E","R","B","B",null,"R","$","E","B",null],"character_chosen":"IRONCLAD","items_purchased":["Wild Strike","Perfected Strike","Enlightenment","War Paint","Lee\u0027s Waffle","Perfected Strike","Strawberry","Ice Cream","DollysMirror","Limit Break","Body Slam"],"campfire_rested":0,"item_purchase_floors":[2,2,15,15,15,23,36,64,64,64,64],"current_hp_per_floor":[74,74,68,68,68,68,68,68,68,68,68,66,68,55,75,75,75,75,75,57,71,72,72,75,75,75,60,57,29,29,29,28,28,34,38,45,51,51,52,52,52,55,79,86,87,83,83,83,77,47,41,41,41,41,63,83,83,83,83,83,81,83,83,80,38,64],"gold":162,"neow_bonus":"THREE_ENEMY_KILL","is_daily":false,"chose_seed":false,"campfire_upgraded":7,"win_rate":0.0,"timestamp":1614185601,"path_taken":["M","$","?","$","M","E","R","?","T","T","M","E","?","?","?","R","BOSS","R","BOSS","M","$","M","?","M","E","?","E","T","?","E","?","M","E","$","M","R","BOSS","R","BOSS","M","?","?","?","?","E","M","E","T","T","R","?","M","M","E","R","BOSS","BOSS","R","$","E","BOSS"],"items_purchased_type":["Card","Card","Card","Relic","Relic","Card","Relic","Relic","Relic","Card","Card"],"build_version":"2020-12-22","purchased_purges":1,"victory":true,"max_hp_per_floor":[75,75,68,68,68,68,68,68,68,68,68,68,68,68,75,75,75,75,75,75,75,75,75,75,75,75,75,75,75,75,75,80,80,80,80,87,87,87,87,87,87,87,87,87,87,83,83,83,83,83,83,83,83,83,83,83,83,83,83,83,83,83,83,80,80,80],"card_choices":[{"not_picked":["Power Through","Shrug It Off"],"picked":"Reckless Charge","floor":1},{"not_picked":["Power Through","Iron Wave"],"picked":"Wild Strike","floor":5},{"not_picked":["Sever Soul","Body Slam"],"picked":"Armaments","floor":6},{"not_picked":["Heavy Blade","Headbutt"],"picked":"Perfected Strike","floor":11},{"not_picked":["Infernal Blade","Armaments"],"picked":"Immolate","floor":12},{"not_picked":["Havoc","Armaments"],"picked":"Pommel Strike","floor":13},{"not_picked":["Anger","Body Slam"],"picked":"Shrug It Off","floor":14},{"not_picked":["Feed","Berserk"],"picked":"Corruption","floor":17},{"not_picked":["Corruption","Juggernaut"],"picked":"Impervious","floor":20},{"not_picked":["Armaments","Havoc"],"picked":"Bloodletting","floor":22},{"not_picked":["Searing Blow","Evolve"],"picked":"Feel No Pain","floor":24},{"not_picked":["Reckless Charge","Havoc+1","Clothesline+1"],"picked":"SKIP","floor":26},{"not_picked":["Pummel","Havoc"],"picked":"Ghostly Armor","floor":27},{"not_picked":["Shrug It Off","Iron Wave"],"picked":"Exhume","floor":28},{"not_picked":["Reckless Charge","Dropkick","Inflame+1"],"picked":"SKIP","floor":29},{"not_picked":["Heavy Blade","Clash"],"picked":"Shockwave","floor":32},{"not_picked":["Havoc","Blood for Blood+1"],"picked":"Pommel Strike","floor":34},{"not_picked":["Headbutt","Warcry"],"picked":"Evolve+1","floor":35},{"not_picked":["Iron Wave","Clothesline"],"picked":"True Grit","floor":37},{"not_picked":["Berserk+1","Offering"],"picked":"Barricade+1","floor":39},{"not_picked":["Double Tap","Bludgeon"],"picked":"Demon Form+1","floor":42},{"not_picked":["Twin Strike","Wild Strike"],"picked":"Pommel Strike","floor":44},{"not_picked":["Seeing Red","Whirlwind+1"],"picked":"Reaper","floor":45},{"not_picked":["Anger","Rampage+1","Headbutt"],"picked":"SKIP","floor":49},{"not_picked":["Sword Boomerang","Dual Wield+1"],"picked":"Battle Trance","floor":50},{"not_picked":["Havoc+1","Flex","Anger"],"picked":"SKIP","floor":51},{"not_picked":["Flex","Carnage","Dual Wield"],"picked":"SKIP","floor":55},{"not_picked":["Shockwave+1","Twin Strike"],"picked":"Intimidate+1","floor":56},{"not_picked":["Reckless Charge+1","True Grit"],"picked":"Twin Strike","floor":57},{"not_picked":["Searing Blow","Sever Soul+1","Reckless Charge+1"],"picked":"SKIP","floor":58},{"not_picked":["Pummel","Blood for Blood"],"picked":"Exhume","floor":65}],"player_experience":2504101,"relics_obtained":[{"floor":6,"key":"MawBank"},{"floor":9,"key":"Oddly Smooth Stone"},{"floor":10,"key":"CeramicFish"},{"floor":12,"key":"Blue Candle"},{"floor":14,"key":"Odd Mushroom"},{"floor":27,"key":"Dota2Spire:AghanimScepter"},{"floor":29,"key":"Frozen Egg 2"},{"floor":30,"key":"Dota2Spire:PowerTreads"},{"floor":32,"key":"Dota2Spire:EyeOfSkadi"},{"floor":35,"key":"Paper Frog"},{"floor":49,"key":"StrikeDummy"},{"floor":51,"key":"Dota2Spire:MantaStyle"},{"floor":52,"key":"Dota2Spire:BlackKingBar"},{"floor":53,"key":"Dota2Spire:UrnOfShadows"},{"floor":58,"key":"Pocketwatch"},{"floor":65,"key":"Sundial"}],"event_choices":[{"damage_healed":0,"gold_gain":0,"player_choice":"Lose Max HP","damage_taken":0,"relics_obtained":["Golden Idol"],"max_hp_gain":0,"max_hp_loss":7,"event_name":"Golden Idol","floor":3,"gold_loss":0},{"damage_healed":0,"gold_gain":100,"player_choice":"Gold","damage_taken":0,"max_hp_gain":0,"max_hp_loss":0,"event_name":"Wheel of Change","floor":8,"gold_loss":0},{"damage_healed":0,"gold_gain":0,"player_choice":"Fought Mushrooms","damage_taken":0,"max_hp_gain":0,"max_hp_loss":0,"event_name":"Mushrooms","floor":14,"gold_loss":0},{"damage_healed":0,"gold_gain":0,"player_choice":"Upgrade","damage_taken":0,"max_hp_gain":0,"max_hp_loss":0,"event_name":"Designer","floor":25,"gold_loss":50,"cards_upgraded":["Perfected Strike"]},{"cards_removed":["Reckless Charge"],"damage_healed":0,"gold_gain":0,"player_choice":"Purged","damage_taken":0,"max_hp_gain":0,"max_hp_loss":0,"event_name":"Purifier","floor":33,"gold_loss":0},{"damage_healed":0,"gold_gain":0,"player_choice":"Max HP","damage_taken":0,"max_hp_gain":0,"max_hp_loss":4,"event_name":"Winding Halls","floor":46,"gold_loss":0},{"damage_healed":0,"gold_gain":0,"player_choice":"Ignored","damage_taken":0,"max_hp_gain":0,"max_hp_loss":0,"event_name":"Tomb of Lord Red Mask","floor":47,"gold_loss":0},{"damage_healed":0,"gold_gain":0,"player_choice":"Got Potions","damage_taken":0,"max_hp_gain":0,"max_hp_loss":0,"event_name":"Lab","floor":48,"gold_loss":0}],"is_beta":false,"boss_relics":[{"not_picked":["Busted Crown","Runic Cube"],"picked":"Sozu"},{"not_picked":["Mark of Pain","Empty Cage"],"picked":"Snecko Eye"},{"not_picked":["Fusion Hammer","Cursed Key"],"picked":"Dota2Spire:RefresherOrb"},{"not_picked":["Pandora\u0027s Box","Velvet Choker"],"picked":"Black Blood"}],"items_purged_floors":[64],"is_endless":false,"potions_floor_spawned":[1,12,13,14,20,22,28,32,34,37,45,49,51],"ascension_level":20}}