{"host":"i29s15dsg0c43zmx","time":1614177786,"event":{"mods":["AchievementEnabler","BaseMod","Colored Map","Minty Spire (QoL Compilation)","StSLib"],"gold_per_floor":[119,119,135,12,32,57,74,105,187,221,221,236,236,246,246,344,344,364,38,50,149,149,181,181,192,192,225,245,257,287,304,304,403,453,464,481,481,481],"floor_reached":37,"language":"ENG","playtime":2356,"items_purged":["Strike_B","Compile Driver"],"score":501,"play_id":"72bf6801-ff41-4460-bd0f-f889e631a945","local_time":"20210224154306","is_ascension_mode":true,"campfire_choices":[{"data":"White Noise","floor":11,"key":"SMITH"},{"data":"Buffer","floor":13,"key":"SMITH"},{"floor":15,"key":"REST"},{"data":"Echo Form","floor":24,"key":"SMITH"},{"data":"Buffer","floor":32,"key":"SMITH"}],"circlet_count":0,"master_deck":["Zap","Dualcast","Genetic Algorithm+1","Zap","Buffer+1","Leap","Leap","White Noise+1","Capacitor","Cold Snap","Turbo","Buffer+1","Barrage","Barrage","Echo Form+1","Meteor Strike","Cold Snap","Tempest","Defragment","Self Repair+1","Self Repair+1","Leap","Leap","Electrodynamics"],"relics":["Cracked Core","NeowsBlessing","MealTicket","Gambling Chip","HornCleat","Blood Vial","Pandora\u0027s Box","PreservedInsect","Oddly Smooth Stone","Matryoshka","Question Card","Thread and Needle","Tiny House"],"acts_visited":["Exordium","TheCity","TheBeyond"],"potions_floor_usage":[8,16,23,23,30],"damage_taken":[{"damage":0,"enemies":"Cultist","floor":1,"turns":1},{"damage":0,"enemies":"Jaw Worm","floor":3,"turns":1},{"damage":0,"enemies":"Small Slimes","floor":5,"turns":1},{"damage":30,"enemies":"3 Sentries","floor":6,"turns":9},{"damage":3,"enemies":"3 Louse","floor":7,"turns":5},{"damage":13,"enemies":"Lagavulin","floor":8,"turns":7},{"damage":4,"enemies":"3 Sentries","floor":10,"turns":8},{"damage":1,"enemies":"2 Fungi Beasts","floor":12,"turns":3},{"damage":0,"enemies":"Large Slime","floor":14,"turns":6},{"damage":18,"enemies":"Hexaghost","floor":16,"turns":9},{"damage":16,"enemies":"Chosen","floor":18,"turns":5},{"damage":6,"enemies":"Shell Parasite","floor":20,"turns":8},{"damage":36,"enemies":"Gremlin Leader","floor":23,"turns":5},{"damage":8,"enemies":"Centurion and Healer","floor":25,"turns":8},{"damage":27,"enemies":"Book of Stabbing","floor":27,"turns":7},{"damage":0,"enemies":"Sentry and Sphere","floor":28,"turns":7},{"damage":28,"enemies":"Snake Plant","floor":29,"turns":5},{"damage":27,"enemies":"Gremlin Leader","floor":30,"turns":8},{"damage":0,"enemies":"3 Cultists","floor":31,"turns":4},{"damage":7,"enemies":"Champ","floor":33,"turns":11},{"damage":23,"enemies":"Orb Walker","floor":35,"turns":5},{"damage":0,"enemies":"3 Shapes","floor":36,"turns":6},{"damage":83,"enemies":"2 Orb Walkers","floor":37,"turns":7}],"seed_played":"7707637317863567166","potions_obtained":[{"floor":1,"key":"FocusPotion"},{"floor":7,"key":"DistilledChaos"},{"floor":8,"key":"SteroidPotion"},{"floor":14,"key":"EssenceOfSteel"},{"floor":16,"key":"DistilledChaos"},{"floor":27,"key":"Strength Potion"},{"floor":29,"key":"LiquidMemories"},{"floor":31,"key":"Block Potion"}],"is_trial":false,"path_per_floor":["M","?","M","$","M","E","M","E","T","E","R","M","R","M","R","B",null,"M","$","M","?","?","E","R","M","T","E","M","M","E","M","R","B",null,"M","M","?"],"character_chosen":"DEFECT","items_purchased":["Leap","Defragment","PreservedInsect"],"campfire_rested":1,"item_purchase_floors":[4,19,19],"current_hp_per_floor":[75,75,75,75,75,45,42,29,29,25,25,26,26,28,50,34,75,59,74,69,69,69,55,55,69,69,74,75,47,42,44,44,49,80,80,80,0,0],"gold":481,"neow_bonus":"THREE_ENEMY_KILL","is_daily":false,"chose_seed":false,"campfire_upgraded":4,"win_rate":0.0,"timestamp":1614177786,"path_taken":["M","?","?","$","M","E","M","E","T","E","R","M","R","M","R","BOSS","M","$","M","?","?","E","R","M","T","E","M","?","E","M","R","BOSS","M","M","?"],"items_purchased_type":["Card","Card","Relic"],"build_version":"2020-12-22","purchased_purges":2,"victory":false,"max_hp_per_floor":[75,75,75,75,75,75,75,75,75,75,75,75,75,75,75,75,75,75,75,75,75,75,75,75,75,75,75,75,75,75,75,75,75,80,80,80,80,80],"card_choices":[{"not_picked":["Redo","Gash"],"picked":"Genetic Algorithm","floor":1},{"not_picked":["Steam","Lockon","Beam Cell"],"picked":"SKIP","floor":3},{"not_picked":["Gash","Compile Driver"],"picked":"Leap","floor":5},{"not_picked":["Coolheaded","Go for the Eyes"],"picked":"White Noise","floor":6},{"not_picked":["Steam Power","Rebound","Barrage"],"picked":"SKIP","floor":7},{"not_picked":["Buffer","Go for the Eyes"],"picked":"Capacitor","floor":8},{"not_picked":["Streamline","Hologram","Lockon"],"picked":"SKIP","floor":10},{"not_picked":["FTL","Loop"],"picked":"Cold Snap","floor":12},{"not_picked":["Gash","Reboot"],"picked":"Turbo","floor":14},{"not_picked":["Biased Cognition","Hyperbeam"],"picked":"Buffer","floor":16},{"not_picked":["Blizzard","Cold Snap","Hello World"],"picked":"SKIP","floor":18},{"not_picked":["Static Discharge","Ball Lightning"],"picked":"Self Repair+1","floor":20},{"not_picked":["Recycle","Ball Lightning","Tempest+1"],"picked":"SKIP","floor":23},{"not_picked":["Turbo","Steam"],"picked":"Leap","floor":25},{"not_picked":["Hologram+1","Double Energy","Heatsinks+1"],"picked":"SKIP","floor":27},{"not_picked":["Auto Shields","Conserve Battery+1","Coolheaded"],"picked":"Leap","floor":28},{"not_picked":["Go for the Eyes","FTL","Double Energy"],"picked":"Electrodynamics","floor":29},{"not_picked":["Cold Snap+1","Coolheaded+1","Fusion","Turbo"],"picked":"SKIP","floor":30},{"not_picked":["Ball Lightning+1","Sunder+1","Rebound+1","Static Discharge+1"],"picked":"SKIP","floor":31},{"not_picked":["Beam Cell+1","Darkness","Consume","Tempest"],"picked":"SKIP","floor":35},{"not_picked":["Streamline+1","Consume","Conserve Battery+1","Sunder"],"picked":"SKIP","floor":36}],"player_experience":127653,"relics_obtained":[{"floor":6,"key":"MealTicket"},{"floor":8,"key":"Gambling Chip"},{"floor":9,"key":"HornCleat"},{"floor":10,"key":"Blood Vial"},{"floor":23,"key":"Oddly Smooth Stone"},{"floor":26,"key":"Matryoshka"},{"floor":27,"key":"Question Card"},{"floor":30,"key":"Thread and Needle"}],"event_choices":[{"damage_healed":0,"gold_gain":0,"player_choice":"2 cards matched","damage_taken":0,"max_hp_gain":0,"max_hp_loss":0,"event_name":"Match and Keep!","floor":2,"gold_loss":0,"cards_obtained":["Zap","Buffer"]},{"damage_healed":0,"gold_gain":99,"player_choice":"Stole From Cult","damage_taken":0,"max_hp_gain":0,"max_hp_loss":0,"event_name":"Nest","floor":21,"gold_loss":0},{"damage_healed":0,"gold_gain":0,"player_choice":"Copied","damage_taken":0,"max_hp_gain":0,"max_hp_loss":0,"event_name":"Duplicator","floor":22,"gold_loss":0,"cards_obtained":["Self Repair"]},{"damage_healed":0,"gold_gain":0,"player_choice":"Fight","damage_taken":0,"max_hp_gain":0,"max_hp_loss":0,"event_name":"Mysterious Sphere","floor":37,"gold_loss":0}],"is_beta":false,"boss_relics":[{"not_picked":["Snecko Eye","FrozenCore"],"picked":"Pandora\u0027s Box"},{"not_picked":["Runic Pyramid","Runic Dome"],"picked":"Tiny House"}],"items_purged_floors":[4,19],"is_endless":false,"potions_floor_spawned":[1,7,8,14,16,20,27,29,31,33,35,36],"killed_by":"2 Orb Walkers","ascension_level":1}}