{"host":"iudiqz5bwex5meyb","time":1614195074,"event":{"mods":["AchievementEnabler","BaseMod","Block Reminder","Colored Map","Minty Spire (QoL Compilation)","StSLib","ojb\u0027s Better Paths Mod","ojb\u0027s Info Mod"],"gold_per_floor":[109,184,204,224,237,269,284,284,284,284,311,311,10,27,27,130,130,143,143,143],"floor_reached":19,"language":"ENG","playtime":1319,"items_purged":[],"score":197,"play_id":"81d54fde-2c5b-4a98-8bf5-97a0e885f1ca","local_time":"20210224133114","is_ascension_mode":true,"campfire_choices":[{"data":"CrushJoints","floor":10,"key":"SMITH"},{"data":"Meditate","floor":12,"key":"SMITH"},{"data":"Vault","floor":15,"key":"SMITH"}],"circlet_count":0,"master_deck":["Strike_P","Strike_P","Strike_P","Strike_P","Defend_P","Defend_P","Defend_P","Defend_P","Eruption+1","Vigilance","Halt","Meditate+1","FearNoEvil","CrushJoints+1","Consecrate","Vault+1","TalkToTheHand","WaveOfTheHand","Establishment","ThirdEye"],"relics":["HolyWater","Mercury Hourglass","Pen Nib","Lee\u0027s Waffle","PreservedInsect"],"acts_visited":["Exordium","TheCity"],"potions_floor_usage":[11,16,18],"damage_taken":[{"damage":1,"enemies":"Small Slimes","floor":1,"turns":3},{"damage":0,"enemies":"2 Louse","floor":3,"turns":2},{"damage":0,"enemies":"Cultist","floor":4,"turns":2},{"damage":0,"enemies":"Exordium Wildlife","floor":5,"turns":2},{"damage":14,"enemies":"Gremlin Nob","floor":6,"turns":3},{"damage":3,"enemies":"Looter","floor":7,"turns":3},{"damage":15,"enemies":"3 Sentries","floor":11,"turns":7},{"damage":0,"enemies":"2 Fungi Beasts","floor":14,"turns":2},{"damage":15,"enemies":"The Guardian","floor":16,"turns":10},{"damage":6,"enemies":"Spheric Guardian","floor":18,"turns":4},{"damage":0,"enemies":"2 Thieves","floor":19,"turns":2}],"seed_played":"-4287404412124586782","potions_obtained":[{"floor":4,"key":"Fire Potion"},{"floor":6,"key":"DistilledChaos"},{"floor":7,"key":"BottledMiracle"},{"floor":11,"key":"Ambrosia"},{"floor":18,"key":"BlessingOfTheForge"}],"is_trial":false,"path_per_floor":["M","?","M","M","M","E","M","?","T","R","E","R","$","M","R","B",null,"M","M"],"character_chosen":"WATCHER","items_purchased":["Lee\u0027s Waffle","PreservedInsect"],"campfire_rested":0,"item_purchase_floors":[13,13],"current_hp_per_floor":[71,60,60,60,60,46,43,43,43,43,28,28,79,79,79,64,79,73,73,73],"gold":143,"neow_bonus":"UPGRADE_CARD","is_daily":false,"chose_seed":false,"campfire_upgraded":3,"win_rate":0.0,"timestamp":1614195074,"path_taken":["M","?","M","M","M","E","M","?","T","R","E","R","$","M","R","BOSS","M","M"],"items_purchased_type":["Relic","Relic"],"build_version":"2020-12-22","purchased_purges":0,"victory":false,"max_hp_per_floor":[72,72,72,72,72,72,72,72,72,72,72,72,79,79,79,79,79,79,79,79],"card_choices":[{"not_picked":["WheelKick","Prostrate"],"picked":"Halt","floor":1},{"not_picked":["Protect","Conclude"],"picked":"Meditate","floor":3},{"not_picked":["Crescendo","Vengeance"],"picked":"FearNoEvil","floor":4},{"not_picked":["SashWhip","Fasting2"],"picked":"CrushJoints","floor":5},{"not_picked":["EmptyMind","Perseverance"],"picked":"Consecrate","floor":6},{"not_picked":["Indignation","Consecrate"],"picked":"Vault","floor":7},{"not_picked":["EmptyFist","BattleHymn"],"picked":"TalkToTheHand","floor":11},{"not_picked":["Meditate","EmptyFist"],"picked":"WaveOfTheHand","floor":14},{"not_picked":["DeusExMachina","MasterReality"],"picked":"Establishment","floor":16},{"not_picked":["SashWhip","MentalFortress"],"picked":"ThirdEye","floor":18}],"player_experience":374968,"relics_obtained":[{"floor":6,"key":"Mercury Hourglass"},{"floor":11,"key":"Pen Nib"}],"event_choices":[{"damage_healed":0,"gold_gain":75,"player_choice":"Gather Gold","damage_taken":11,"max_hp_gain":0,"max_hp_loss":0,"event_name":"World of Goop","floor":2,"gold_loss":0},{"damage_healed":0,"gold_gain":0,"player_choice":"0 cards matched","damage_taken":0,"max_hp_gain":0,"max_hp_loss":0,"event_name":"Match and Keep!","floor":8,"gold_loss":0,"cards_obtained":[]}],"is_beta":false,"boss_relics":[{"not_picked":["Busted Crown","Tiny House"],"picked":"HolyWater"}],"items_purged_floors":[],"is_endless":false,"potions_floor_spawned":[4,6,7,11,14,18],"killed_by":"2 Thieves","ascension_level":2}}