{"host":"fnk117zi8wf5078t","time":1614181952,"event":{"mods":["AchievementEnabler","BaseMod","Colored Map","Minty Spire (QoL Compilation)","Rare Cards Sparkle","SuperFastMode","everything is the same but u backflip on backflip"],"gold_per_floor":[113,113,40,60,23,23,52,52,52,52,62,80,155,167,167,267,267,281,95,95,112,123,123,155,254,308,128,128,145,145,156,156,252,252,266,266,266,278,278,278,278,278,333,184,109,109,128,2,2,2],"floor_reached":51,"language":"KOR","playtime":1371,"items_purged":[],"score":1068,"play_id":"aeba1760-b771-4fb0-b697-20ac79e6346f","local_time":"20210225005232","is_ascension_mode":true,"campfire_choices":[{"data":"Defragment","floor":6,"key":"SMITH"},{"data":"Double Energy","floor":8,"key":"SMITH"},{"data":"Storm","floor":10,"key":"SMITH"},{"floor":15,"key":"REST"},{"data":"Thunder Strike","floor":23,"key":"SMITH"},{"floor":28,"key":"REST"},{"floor":30,"key":"REST"},{"floor":32,"key":"REST"},{"floor":40,"key":"REST"},{"floor":42,"key":"REST"},{"floor":49,"key":"REST"}],"circlet_count":0,"master_deck":["AscendersBane","Strike_B+1","Strike_B+1","Defend_B","Defend_B","Zap","Dualcast","Coolheaded","Storm+1","Glacier","Defragment+1","Double Energy+1","Fusion","Storm","Thunder Strike+1","Turbo+1","Defragment","Static Discharge","BootSequence+1","Buffer","Mayhem","Static Discharge","Fission","Recycle+1","Tempest+1","Amplify+1","Heatsinks","Master of Strategy","Chrysalis","Thunder Strike+1","Madness","Madness","Apotheosis"],"relics":["Cracked Core","NeowsBlessing","Incense Burner","Darkstone Periapt","Lee\u0027s Waffle","Pantograph","Nunchaku","Astrolabe","Whetstone","Membership Card","Ancient Tea Set"],"acts_visited":["Exordium","TheCity","TheBeyond"],"potions_floor_usage":[16,22,24,24,33,47,50],"damage_taken":[{"damage":0,"enemies":"Small Slimes","floor":1,"turns":1},{"damage":0,"enemies":"Cultist","floor":4,"turns":1},{"damage":0,"enemies":"Gremlin Nob","floor":7,"turns":1},{"damage":8,"enemies":"Jaw Worm","floor":11,"turns":3},{"damage":15,"enemies":"3 Louse","floor":12,"turns":4},{"damage":6,"enemies":"Looter","floor":14,"turns":2},{"damage":38,"enemies":"The Guardian","floor":16,"turns":15},{"damage":8,"enemies":"Chosen","floor":18,"turns":5},{"damage":13,"enemies":"Shell Parasite","floor":21,"turns":4},{"damage":6,"enemies":"3 Cultists","floor":22,"turns":5},{"damage":32,"enemies":"Gremlin Leader","floor":24,"turns":3},{"damage":25,"enemies":"Shelled Parasite and Fungi","floor":29,"turns":5},{"damage":0,"enemies":"Snecko","floor":31,"turns":4},{"damage":50,"enemies":"Champ","floor":33,"turns":9},{"damage":10,"enemies":"3 Shapes","floor":35,"turns":4},{"damage":29,"enemies":"3 Darklings","floor":38,"turns":3},{"damage":37,"enemies":"4 Shapes","floor":47,"turns":3},{"damage":83,"enemies":"Time Eater","floor":50,"turns":5}],"seed_played":"-395042900255053131","potions_obtained":[{"floor":1,"key":"EssenceOfDarkness"},{"floor":4,"key":"SpeedPotion"},{"floor":7,"key":"AttackPotion"},{"floor":16,"key":"SpeedPotion"},{"floor":21,"key":"LiquidMemories"},{"floor":22,"key":"SkillPotion"},{"floor":29,"key":"FearPotion"},{"floor":33,"key":"Dexterity Potion"},{"floor":35,"key":"Swift Potion"},{"floor":38,"key":"Energy Potion"}],"is_trial":false,"path_per_floor":["M","?","$","M","$","R","E","R","T","R","M","M","?","M","R","B",null,"M","$","?","M","M","R","E","?","T","$","R","M","R","M","R","B",null,"M","?","?","M","?","R","?","R","T","$","$","?","M","$","R","B",null],"character_chosen":"DEFECT","items_purchased":["Storm","Defragment","Defragment","Lee\u0027s Waffle","Mayhem","Membership Card","Ancient Tea Set","Apotheosis","Regen Potion"],"campfire_rested":7,"item_purchase_floors":[3,5,19,19,27,44,45,48,48],"current_hp_per_floor":[68,68,68,68,68,68,68,68,68,68,60,45,34,28,50,12,59,51,82,82,69,63,63,31,31,31,31,55,30,54,54,78,32,70,60,55,55,26,26,50,40,64,64,64,64,64,27,27,51,7],"gold":2,"neow_bonus":"THREE_ENEMY_KILL","is_daily":false,"chose_seed":false,"campfire_upgraded":4,"win_rate":0.0,"timestamp":1614181952,"path_taken":["M","?","$","?","$","R","E","R","T","R","M","M","?","M","R","BOSS","M","$","?","M","M","R","E","?","T","$","R","M","R","M","R","BOSS","M","?","?","?","?","R","?","R","T","?","$","?","?","$","R","BOSS"],"items_purchased_type":["Card","Card","Card","Relic","Card","Relic","Relic","Card","Potion"],"build_version":"2020-12-22","purchased_purges":0,"victory":true,"max_hp_per_floor":[75,75,75,75,75,75,75,75,75,75,75,75,75,75,75,75,75,75,82,82,82,82,82,82,82,82,82,82,82,82,82,82,82,82,82,82,82,82,82,82,82,82,82,82,82,82,82,82,82,82],"card_choices":[{"not_picked":["Conserve Battery","Steam"],"picked":"Coolheaded","floor":1},{"not_picked":["Gash","Auto Shields"],"picked":"Glacier","floor":4},{"not_picked":["Stack","Capacitor"],"picked":"Double Energy","floor":7},{"not_picked":["Cold Snap","Barrage"],"picked":"Fusion","floor":11},{"not_picked":["Sweeping Beam","Steam"],"picked":"Storm","floor":12},{"not_picked":["Hello World","Barrage","Rebound"],"picked":"SKIP","floor":14},{"not_picked":["All For One","Biased Cognition"],"picked":"Thunder Strike","floor":16},{"not_picked":["Coolheaded+1","Go for the Eyes"],"picked":"Turbo+1","floor":18},{"not_picked":["Leap","Hello World","Gash"],"picked":"SKIP","floor":21},{"not_picked":["Streamline","Recycle"],"picked":"BootSequence+1","floor":22},{"not_picked":["Turbo","Cold Snap"],"picked":"Buffer","floor":24},{"not_picked":["Double Energy","Stack"],"picked":"Static Discharge","floor":29},{"not_picked":["Doom and Gloom","Reprogram","Leap"],"picked":"SKIP","floor":31},{"not_picked":["Core Surge","All For One"],"picked":"Fission","floor":33},{"not_picked":["Steam+1","Doom and Gloom"],"picked":"Heatsinks","floor":35},{"not_picked":["Dark Shackles","Swift Strike"],"picked":"Master of Strategy","floor":36},{"not_picked":["Purity","Metamorphosis"],"picked":"Chrysalis","floor":36},{"not_picked":["Chill","Genetic Algorithm+1","Barrage"],"picked":"SKIP","floor":38},{"not_picked":["Melter","Stack","Sweeping Beam+1"],"picked":"SKIP","floor":47}],"player_experience":436642,"relics_obtained":[{"floor":7,"key":"Incense Burner"},{"floor":9,"key":"Darkstone Periapt"},{"floor":24,"key":"Pantograph"},{"floor":26,"key":"Nunchaku"},{"floor":43,"key":"Whetstone"}],"event_choices":[{"cards_removed":["Strike_B"],"damage_healed":0,"gold_gain":0,"player_choice":"Offered Basic","damage_taken":0,"max_hp_gain":0,"max_hp_loss":0,"event_name":"Bonfire Elementals","floor":2,"gold_loss":0},{"damage_healed":0,"gold_gain":75,"player_choice":"Gather Gold","damage_taken":11,"max_hp_gain":0,"max_hp_loss":0,"event_name":"World of Goop","floor":13,"gold_loss":0},{"damage_healed":0,"gold_gain":0,"player_choice":"Read","damage_taken":0,"max_hp_gain":0,"max_hp_loss":0,"event_name":"The Library","floor":20,"gold_loss":0,"cards_obtained":["Static Discharge"]},{"damage_healed":0,"gold_gain":99,"player_choice":"Stole From Cult","damage_taken":0,"max_hp_gain":0,"max_hp_loss":0,"event_name":"Nest","floor":25,"gold_loss":0},{"damage_healed":0,"gold_gain":0,"player_choice":"Memory 2","damage_taken":5,"max_hp_gain":0,"max_hp_loss":0,"event_name":"SensoryStone","floor":36,"gold_loss":0},{"damage_healed":0,"gold_gain":0,"player_choice":"Copied","damage_taken":0,"max_hp_gain":0,"max_hp_loss":0,"event_name":"Duplicator","floor":37,"gold_loss":0,"cards_obtained":["Thunder Strike"]},{"damage_healed":0,"gold_gain":0,"player_choice":"Ignored","damage_taken":0,"max_hp_gain":0,"max_hp_loss":0,"event_name":"Mysterious Sphere","floor":39,"gold_loss":0},{"damage_healed":0,"gold_gain":0,"player_choice":"Embrace Madness","damage_taken":10,"max_hp_gain":0,"max_hp_loss":0,"event_name":"Winding Halls","floor":41,"gold_loss":0,"cards_obtained":["Madness","Madness"]},{"damage_healed":0,"gold_gain":0,"player_choice":"Ignored","damage_taken":0,"max_hp_gain":0,"max_hp_loss":0,"event_name":"Tomb of Lord Red Mask","floor":46,"gold_loss":0}],"is_beta":false,"boss_relics":[{"not_picked":["Ectoplasm","Busted Crown","Velvet Choker"]},{"not_picked":["Tiny House","Fusion Hammer"],"picked":"Astrolabe"}],"items_purged_floors":[],"is_endless":false,"potions_floor_spawned":[1,4,7,16,21,22,29,33,35,38],"ascension_level":12}}