{"host":"rg5h5m8tc2adq598","time":1614208910,"event":{"mods":["Act Like it!","BaseMod","Downfall","Gensokyo","GifTheSpireLib","Hallownest","Hermit","Hubris","Infinite Spire","Jorbs\u0027s Wanderer Trilogy","Lobotomy","Minty Spire (QoL Compilation)","READ ME - Guardian Mod","Replay The Spire","Shop Mod","StSLib","The Bug Knight","The Disciple","The Hierophant","The Jungle"],"gold_per_floor":[115,129,44,61,136,166,185,202,227,227,227,227,243,83,83,83,83],"floor_reached":16,"language":"ENG","playtime":1719,"items_purged":[],"score":102,"play_id":"46571596-6a5c-47bf-b316-25fd3445957a","local_time":"20210225012150","is_ascension_mode":false,"campfire_choices":[{"data":"HollowMod:AbyssShriek","floor":12,"key":"SMITH"},{"data":"HollowMod:VengefulSpirit","floor":15,"key":"SMITH"}],"circlet_count":0,"master_deck":["HollowMod:NailStrikeStart","HollowMod:NailStrikeStart","HollowMod:NailStrikeStart","HollowMod:NailStrikeStart","HollowMod:QuickDashStart","HollowMod:QuickDashStart","HollowMod:QuickDashStart","HollowMod:QuickDashStart","HollowMod:FocusHealStart","HollowMod:PogoStrike","PanicButton","HollowMod:AbyssShriek+1","HollowMod:BlackTendrils","HollowMod:InfectionAssault+1","HollowMod:HeavyBlow","HollowMod:DescendingDark","HollowMod:DesolateDive","HollowMod:HowlingWraiths","HollowMod:VengefulSpirit+1","HollowMod:PerfectDash","Necronomicurse"],"relics":["HollowMod:VesselMask","Blue Doll","Centennial Puzzle","hubris:ToyBattleship","Bottled Lightning","hubris:TinFlute","Necronomicon"],"acts_visited":["Gensokyo:Gensokyo"],"potions_floor_usage":[6,16,16,16],"damage_taken":[{"damage":0,"enemies":"Gensokyo:Gryphon","floor":1,"turns":3},{"damage":0,"enemies":"Gensokyo:3_Fairies","floor":2,"turns":3},{"damage":0,"enemies":"Gensokyo:Python","floor":4,"turns":3},{"damage":42,"enemies":"Gensokyo:Aya","floor":6,"turns":7},{"damage":0,"enemies":"Gensokyo:LivingMonolith","floor":7,"turns":2},{"damage":0,"enemies":"Gensokyo:2_Rabbits","floor":8,"turns":2},{"damage":0,"enemies":"Gensokyo:5_Fairies","floor":13,"turns":2},{"damage":13,"enemies":"Gensokyo:Reimu","floor":16,"turns":7}],"seed_played":"-744094518680796745","potions_obtained":[{"floor":2,"key":"Strength Potion"},{"floor":5,"key":"Weak Potion"},{"floor":5,"key":"bronze:BurnAndBuffPotion"},{"floor":6,"key":"Strength Potion"},{"floor":8,"key":"LifebloodPotion"},{"floor":13,"key":"bronze:BurnAndBuffPotion"}],"is_trial":false,"path_per_floor":["M","M","COS","M","?","E","M","M","T","T","?","R","M","?","R","B"],"character_chosen":"THE_BUGKNIGHT","items_purchased":[],"campfire_rested":0,"item_purchase_floors":[],"current_hp_per_floor":[75,75,75,75,57,17,19,19,19,19,4,4,4,4,4,0,0],"gold":83,"neow_bonus":"RANDOM_COLORLESS","is_daily":false,"chose_seed":false,"campfire_upgraded":2,"win_rate":0.0,"timestamp":1614208910,"path_taken":["M","M","COS","M","?","E","M","M","T","?","?","R","?","?","R","BOSS"],"items_purchased_type":[],"build_version":"2020-12-22","purchased_purges":0,"victory":false,"max_hp_per_floor":[75,75,75,75,75,75,75,75,75,75,75,75,75,75,75,75,75],"card_choices":[{"not_picked":["Discovery","Survey Options"],"picked":"PanicButton","floor":0},{"not_picked":["HollowMod:LifebloodCocoon","HollowMod:VengefulSpirit"],"picked":"HollowMod:AbyssShriek","floor":1},{"not_picked":["HollowMod:InfectedCysts","HollowMod:FastStrike"],"picked":"HollowMod:BlackTendrils","floor":2},{"not_picked":["HollowMod:ShapeofUnn+1","HollowMod:NewJinnsSoul+1"],"picked":"HollowMod:InfectionAssault+1","floor":4},{"not_picked":["HollowMod:MothsMistake","HollowMod:SiblingsSouls"],"picked":"HollowMod:HeavyBlow","floor":4},{"not_picked":["HollowMod:VengefulSpirit","HollowMod:MonarchWings"],"picked":"HollowMod:DescendingDark","floor":5},{"not_picked":["HollowMod:DreamGate","HollowMod:VoidDash"],"picked":"HollowMod:DesolateDive","floor":6},{"not_picked":["HollowMod:HeavyBlow","HollowMod:FallenFury"],"picked":"HollowMod:HowlingWraiths","floor":7},{"not_picked":["HollowMod:InfectedCysts","HollowMod:SiblingsShadow"],"picked":"HollowMod:VengefulSpirit","floor":8},{"not_picked":["HollowMod:CycloneSlash","HollowMod:CornifersMapStart"],"picked":"HollowMod:PerfectDash","floor":13}],"player_experience":23833,"relics_obtained":[{"floor":5,"key":"Blue Doll"},{"floor":6,"key":"Centennial Puzzle"},{"floor":9,"key":"hubris:ToyBattleship"},{"floor":10,"key":"Bottled Lightning"}],"event_choices":[],"is_beta":false,"boss_relics":[],"items_purged_floors":[],"is_endless":false,"potions_floor_spawned":[2,6,8,13],"killed_by":"Gensokyo:Reimu","ascension_level":0}}