{"host":"4gkev1dtxxhiue3x","time":1614198472,"event":{"mods":["AchievementEnabler","BaseMod","Better Altar","Better Match","Better Note","Better Sensory Stone","Better Skull","Better Third Choice","Colored Powertips","Friendly Minions","Hermit","Minty Spire (QoL Compilation)","Relic Stats","Robot Space Explorer","Shop Mod","StSLib","The Disciple","The Hierophant"],"gold_per_floor":[116,132,20,31,44,44,64,64,135,152,152,167,186,221,221,326,326,336,346,346,175,187,215,215,248,248,122,141,166,166,185,185,283,333,347,347,222,239,249,277,302,302,302,347,347,366,380,230,230,230,230,230,6,35,35],"floor_reached":56,"language":"ENG","playtime":4768,"items_purged":["RobotSpaceExplorer:Strike","RobotSpaceExplorer:Strike","RobotSpaceExplorer:Defend","RobotSpaceExplorer:Defend"],"score":1390,"play_id":"3ccb5ce6-3686-4e4e-87ad-37335395f1c3","local_time":"20210224212752","is_ascension_mode":true,"campfire_choices":[{"floor":6.0,"key":"REST"},{"data":"RobotSpaceExplorer:Calculate","floor":11.0,"key":"SMITH"},{"data":"1","floor":15.0,"key":"LIFT"},{"floor":24.0,"key":"REST"},{"floor":32.0,"key":"REST"},{"data":"2","floor":42,"key":"LIFT"},{"data":"3","floor":45,"key":"LIFT"},{"floor":49,"key":"RECALL"},{"floor":52,"key":"DIG"}],"circlet_count":0,"master_deck":["RobotSpaceExplorer:Strike+1","RobotSpaceExplorer:Defend","RobotSpaceExplorer:Scan","RobotSpaceExplorer:MiniLasers+1","RobotSpaceExplorer:Calculate+1","RobotSpaceExplorer:MiniDrones","RobotSpaceExplorer:IronShell+1","RobotSpaceExplorer:PowerCollector","RobotSpaceExplorer:ScrapMissile","RobotSpaceExplorer:PowerGlove","RobotSpaceExplorer:Fix+1","RobotSpaceExplorer:LuckyStrike+1","RobotSpaceExplorer:PowerCollector","RobotSpaceExplorer:MiniBoosters","RobotSpaceExplorer:ScrapToss+1","RobotSpaceExplorer:ChargingLaser+1","RobotSpaceExplorer:SurgingShield+1","RobotSpaceExplorer:Explosion+1","RobotSpaceExplorer:PowerCollector+1","RobotSpaceExplorer:ScrapToss","RobotSpaceExplorer:DualCore","RobotSpaceExplorer:Multitool"],"relics":["RobotSpaceExplorer:RoboCore","Turnip","HornCleat","Girya","SlaversCollar","Oddly Smooth Stone","RobotSpaceExplorer:ToughPlating","Question Card","Centennial Puzzle","RobotSpaceExplorer:BottledGravity","Lizard Tail","Potion Belt","Tiny House","Dead Branch","Whetstone","Shovel","StoneCalendar","InkBottle","War Paint","Torii"],"acts_visited":["Exordium","TheCity","TheBeyond","TheEnding"],"potions_floor_usage":[40,44,44,46,47,55,55],"damage_taken":[{"damage":0.0,"enemies":"Cultist","floor":1.0,"turns":3.0},{"damage":1.0,"enemies":"Jaw Worm","floor":2.0,"turns":4.0},{"damage":0.0,"enemies":"2 Louse","floor":4.0,"turns":4.0},{"damage":24.0,"enemies":"Lots of Slimes","floor":5.0,"turns":9.0},{"damage":5.0,"enemies":"2 Fungi Beasts","floor":7.0,"turns":4.0},{"damage":2.0,"enemies":"Exordium Wildlife","floor":10.0,"turns":5.0},{"damage":0.0,"enemies":"3 Louse","floor":12.0,"turns":2.0},{"damage":6.0,"enemies":"Lots of Slimes","floor":13.0,"turns":4.0},{"damage":20.0,"enemies":"Gremlin Nob","floor":14.0,"turns":5.0},{"damage":1.0,"enemies":"The Guardian","floor":16.0,"turns":12.0},{"damage":21.0,"enemies":"Spheric Guardian","floor":18.0,"turns":7.0},{"damage":0.0,"enemies":"3 Byrds","floor":19.0,"turns":4.0},{"damage":5.0,"enemies":"3 Cultists","floor":22.0,"turns":7.0},{"damage":33.0,"enemies":"Gremlin Leader","floor":23.0,"turns":6.0},{"damage":35.0,"enemies":"Slavers","floor":25.0,"turns":8.0},{"damage":1.0,"enemies":"Centurion and Healer","floor":28.0,"turns":4.0},{"damage":0.0,"enemies":"Book of Stabbing","floor":29.0,"turns":4.0},{"damage":11.0,"enemies":"Snake Plant","floor":31.0,"turns":3.0},{"damage":0.0,"enemies":"Automaton","floor":33.0,"turns":7.0},{"damage":4,"enemies":"Orb Walker","floor":35,"turns":3},{"damage":1,"enemies":"3 Darklings","floor":38,"turns":3},{"damage":13,"enemies":"4 Shapes","floor":39,"turns":4},{"damage":22,"enemies":"Reptomancer","floor":40,"turns":4},{"damage":2,"enemies":"2 Orb Walkers","floor":44,"turns":2},{"damage":3,"enemies":"Writhing Mass","floor":46,"turns":2},{"damage":2,"enemies":"Jaw Worm Horde","floor":47,"turns":2},{"damage":29,"enemies":"Time Eater","floor":50,"turns":7},{"damage":28,"enemies":"Shield and Spear","floor":54,"turns":3},{"damage":47,"enemies":"The Heart","floor":55,"turns":6}],"seed_played":"-1299752544939717050","potions_obtained":[{"floor":1.0,"key":"BlessingOfTheForge"},{"floor":2.0,"key":"Dexterity Potion"},{"floor":7.0,"key":"SneckoOil"},{"floor":13.0,"key":"SpeedPotion"},{"floor":16.0,"key":"BlessingOfTheForge"},{"floor":23.0,"key":"SkillPotion"},{"floor":25.0,"key":"ColorlessPotion"},{"floor":28.0,"key":"Energy Potion"},{"floor":29.0,"key":"AttackPotion"},{"floor":31.0,"key":"Weak Potion"},{"floor":34,"key":"LiquidMemories"},{"floor":39,"key":"FearPotion"},{"floor":40,"key":"SpeedPotion"},{"floor":44,"key":"Block Potion"},{"floor":54,"key":"EssenceOfSteel"}],"is_trial":false,"path_per_floor":["M","M","$","M","M","R","M","?","T","M","R","M","M","E","R","B",null,"M","M","?","$","M","E","R","E","T","$","M","E","?","M","R","B",null,"M","?","$","M","M","E","T","R","T","?","R","M","M","$","R","B",null,"R","$","E","B",null],"character_chosen":"RobotSpaceExplorer","items_purchased":["RobotSpaceExplorer:IronShell","RobotSpaceExplorer:PowerCollector","DuplicationPotion","Fire Potion","RobotSpaceExplorer:DualCore","War Paint"],"campfire_rested":3,"item_purchase_floors":[3,21,27,27,53,53],"current_hp_per_floor":[54,53,53,53,29,51,46,46,46,44,44,44,42,26,26,29,75,54,54,54,54,53,24,46,15,15,15,18,22,22,11,33,37,80,76,76,76,75,62,44,44,44,44,42,42,39,37,37,37,12,80,80,80,52,5],"gold":35,"neow_bonus":"ONE_RARE_RELIC","is_daily":false,"chose_seed":false,"campfire_upgraded":1,"win_rate":0.0,"timestamp":1614198472,"path_taken":["M","M","$","M","M","R","M","?","T","M","R","M","?","E","R","BOSS","M","M","?","$","M","E","R","E","T","$","?","E","?","M","R","BOSS","M","?","$","M","?","E","?","R","T","?","R","M","M","$","R","BOSS","R","$","E","BOSS"],"items_purchased_type":["Card","Card","Potion","Potion","Card","Relic"],"build_version":"2020-12-22","purchased_purges":4,"victory":true,"max_hp_per_floor":[75,75,75,75,75,75,75,75,75,75,75,75,75,75,75,75,75,75,75,75,75,75,75,75,75,75,75,75,75,75,75,75,75,80,80,80,80,80,80,80,80,80,80,80,80,80,80,80,80,80,80,80,80,80,80],"relic_stats":{"Torii":4,"counters":[29,138],"Dead Branch":[21],"StoneCalendar":[52],"Whetstone":["RobotSpaceExplorer:Strike","RobotSpaceExplorer:Explosion"],"War Paint":["RobotSpaceExplorer:IronShell","RobotSpaceExplorer:Fix"],"Question Card":14,"Centennial Puzzle":[36],"Lizard Tail":0,"Shovel":1,"Turnip":[7],"obtain_stats":[{"Potion Belt":33,"Girya":14,"Tiny House":34,"Torii":54,"Dead Branch":39,"Oddly Smooth Stone":18,"RobotSpaceExplorer:RoboCore":0,"StoneCalendar":44,"Whetstone":40,"War Paint":53,"Question Card":23,"SlaversCollar":17,"Centennial Puzzle":25,"Lizard Tail":29,"HornCleat":9,"Shovel":43,"RobotSpaceExplorer:BottledGravity":26,"RobotSpaceExplorer:ToughPlating":20,"Turnip":0,"InkBottle":52},{"Potion Belt":19,"Girya":9,"Tiny House":19,"Torii":28,"Dead Branch":22,"Oddly Smooth Stone":11,"RobotSpaceExplorer:RoboCore":0,"StoneCalendar":24,"Whetstone":23,"War Paint":27,"Question Card":14,"SlaversCollar":10,"Centennial Puzzle":15,"Lizard Tail":17,"HornCleat":5,"Shovel":23,"RobotSpaceExplorer:BottledGravity":15,"RobotSpaceExplorer:ToughPlating":12,"Turnip":0,"InkBottle":27},{"Potion Belt":102,"Girya":40,"Tiny House":102,"Torii":132,"Dead Branch":112,"Oddly Smooth Stone":59,"RobotSpaceExplorer:RoboCore":0,"StoneCalendar":118,"Whetstone":116,"War Paint":129,"Question Card":76,"SlaversCollar":52,"Centennial Puzzle":84,"Lizard Tail":92,"HornCleat":24,"Shovel":116,"RobotSpaceExplorer:BottledGravity":84,"RobotSpaceExplorer:ToughPlating":63,"Turnip":0,"InkBottle":129}],"InkBottle":[6]},"card_choices":[{"not_picked":["RobotSpaceExplorer:BigMissile","RobotSpaceExplorer:SlimeMissile"],"picked":"RobotSpaceExplorer:Calculate","floor":1.0},{"not_picked":["RobotSpaceExplorer:Electroshield","RobotSpaceExplorer:Calculate"],"picked":"RobotSpaceExplorer:MiniDrones","floor":2.0},{"not_picked":["RobotSpaceExplorer:ShockKick","RobotSpaceExplorer:TurboDodge"],"picked":"RobotSpaceExplorer:PowerCollector","floor":4.0},{"not_picked":["RobotSpaceExplorer:ShockKick","RobotSpaceExplorer:Fix"],"picked":"RobotSpaceExplorer:ScrapMissile","floor":5.0},{"not_picked":["RobotSpaceExplorer:ScrapMissile","RobotSpaceExplorer:StunGrenade"],"picked":"RobotSpaceExplorer:PowerGlove","floor":7.0},{"not_picked":["RobotSpaceExplorer:MakeshiftVolley","RobotSpaceExplorer:ShovelStrike"],"picked":"RobotSpaceExplorer:Fix","floor":10.0},{"not_picked":["RobotSpaceExplorer:SlimeMissile","RobotSpaceExplorer:ShovelStrike","RobotSpaceExplorer:GlueShot"],"picked":"SKIP","floor":12.0},{"not_picked":["RobotSpaceExplorer:ShockKick","RobotSpaceExplorer:StarLightning","RobotSpaceExplorer:ToxicBomb"],"picked":"SKIP","floor":13.0},{"not_picked":["RobotSpaceExplorer:StunGrenade","RobotSpaceExplorer:Ammunition"],"picked":"RobotSpaceExplorer:Wormhole","floor":14.0},{"not_picked":["RobotSpaceExplorer:Arsenal","RobotSpaceExplorer:Blaster"],"picked":"RobotSpaceExplorer:Exploration","floor":16.0},{"not_picked":["RobotSpaceExplorer:MiniDrones+1","RobotSpaceExplorer:Pulsar"],"picked":"RobotSpaceExplorer:LuckyStrike+1","floor":18.0},{"not_picked":["RobotSpaceExplorer:ShockKick","RobotSpaceExplorer:Probe","RobotSpaceExplorer:StunGrenade+1"],"picked":"SKIP","floor":19.0},{"not_picked":["RobotSpaceExplorer:FranticSearch+1","RobotSpaceExplorer:MakeshiftVolley"],"picked":"RobotSpaceExplorer:MiniBoosters","floor":22.0},{"not_picked":["RobotSpaceExplorer:Electroshield","RobotSpaceExplorer:SwiftStep"],"picked":"RobotSpaceExplorer:Wormhole","floor":23.0},{"not_picked":["RobotSpaceExplorer:TurboDodge","RobotSpaceExplorer:FranticSearch","RobotSpaceExplorer:Pulsar"],"picked":"RobotSpaceExplorer:Exploration","floor":25.0},{"not_picked":["RobotSpaceExplorer:FrostMissile+1","RobotSpaceExplorer:SurgingShield","RobotSpaceExplorer:FreezingShield"],"picked":"RobotSpaceExplorer:ScrapToss+1","floor":28.0},{"not_picked":["RobotSpaceExplorer:SwiftStep","RobotSpaceExplorer:Blitz","RobotSpaceExplorer:FranticSearch","RobotSpaceExplorer:GlueShot+1"],"picked":"SKIP","floor":29.0},{"not_picked":["RobotSpaceExplorer:PowerGlove","RobotSpaceExplorer:Jetpack","RobotSpaceExplorer:Electroshield","RobotSpaceExplorer:SurgingStrike+1"],"picked":"SKIP","floor":31.0},{"not_picked":["RobotSpaceExplorer:Arsenal","RobotSpaceExplorer:Blaster","RobotSpaceExplorer:Autoloader"],"picked":"RobotSpaceExplorer:Exploration","floor":33.0},{"not_picked":["RobotSpaceExplorer:ExhaustFan","RobotSpaceExplorer:Discharger+1","RobotSpaceExplorer:Counterblock"],"picked":"RobotSpaceExplorer:SurgingShield+1","floor":34},{"not_picked":["RobotSpaceExplorer:Pulsar","RobotSpaceExplorer:Smokescreen+1","RobotSpaceExplorer:Electropulse+1","RobotSpaceExplorer:GearShield"],"picked":"SKIP","floor":35},{"not_picked":["RobotSpaceExplorer:SwiftStep","RobotSpaceExplorer:ShockKick+1","RobotSpaceExplorer:ToxicBomb","RobotSpaceExplorer:ShovelStrike"],"picked":"SKIP","floor":38},{"not_picked":["RobotSpaceExplorer:ShockKick+1","RobotSpaceExplorer:TurboDodge+1","RobotSpaceExplorer:Fix+1"],"picked":"RobotSpaceExplorer:Explosion","floor":39},{"not_picked":["RobotSpaceExplorer:ShockMissile","RobotSpaceExplorer:PowerGlove+1","RobotSpaceExplorer:ToxicBomb+1"],"picked":"RobotSpaceExplorer:PowerCollector+1","floor":40},{"not_picked":["RobotSpaceExplorer:ScrapMissile+1","RobotSpaceExplorer:ShovelStrike","RobotSpaceExplorer:StunGrenade"],"picked":"RobotSpaceExplorer:ScrapToss","floor":44},{"not_picked":["RobotSpaceExplorer:Probe+1","RobotSpaceExplorer:FranticSearch+1","RobotSpaceExplorer:ScrapShield","RobotSpaceExplorer:BigMissile"],"picked":"SKIP","floor":46},{"not_picked":["RobotSpaceExplorer:GlueShot+1","RobotSpaceExplorer:Blitz","RobotSpaceExplorer:ShockKick+1","RobotSpaceExplorer:SurgingShield"],"picked":"SKIP","floor":47},{"not_picked":["RobotSpaceExplorer:Smokescreen","RobotSpaceExplorer:FrostMissile+1","RobotSpaceExplorer:SelfCleaning"],"picked":"RobotSpaceExplorer:Multitool","floor":54}],"player_experience":278950,"relics_obtained":[{"floor":9.0,"key":"HornCleat"},{"floor":14.0,"key":"Girya"},{"floor":18.0,"key":"Oddly Smooth Stone"},{"floor":23.0,"key":"Question Card"},{"floor":25.0,"key":"Centennial Puzzle"},{"floor":26.0,"key":"RobotSpaceExplorer:BottledGravity"},{"floor":29.0,"key":"Lizard Tail"},{"floor":33.0,"key":"Potion Belt"},{"floor":39,"key":"Dead Branch"},{"floor":40,"key":"Whetstone"},{"floor":43,"key":"Shovel"},{"floor":44,"key":"StoneCalendar"},{"floor":52,"key":"InkBottle"},{"floor":54,"key":"Torii"}],"event_choices":[{"damage_healed":0.0,"max_hp_gain":0.0,"max_hp_loss":0.0,"gold_gain":0.0,"event_name":"The Woman in Blue","player_choice":"Bought 0 Potions","floor":8.0,"gold_loss":0.0,"damage_taken":0.0},{"damage_healed":0.0,"max_hp_gain":0.0,"max_hp_loss":0.0,"gold_gain":0.0,"event_name":"WeMeetAgain","player_choice":"Gave Potion","floor":20.0,"gold_loss":0.0,"damage_taken":0.0,"relics_obtained":["RobotSpaceExplorer:ToughPlating"]},{"damage_healed":0.0,"max_hp_gain":0.0,"max_hp_loss":0.0,"gold_gain":0.0,"event_name":"The Library","player_choice":"Read","floor":30.0,"gold_loss":0.0,"damage_taken":0.0,"cards_obtained":["RobotSpaceExplorer:ChargingLaser"]},{"damage_healed":0,"gold_gain":0,"player_choice":"Upgraded","damage_taken":0,"max_hp_gain":0,"max_hp_loss":0,"event_name":"Upgrade Shrine","floor":36,"gold_loss":0,"cards_upgraded":["RobotSpaceExplorer:MiniLasers"]},{"damage_healed":0,"gold_gain":0,"player_choice":"Fight","damage_taken":0,"max_hp_gain":0,"max_hp_loss":0,"event_name":"Mysterious Sphere","floor":44,"gold_loss":0}],"is_beta":false,"boss_relics":[{"not_picked":["Velvet Choker","Runic Dome"],"picked":"SlaversCollar"},{"not_picked":["Coffee Dripper","Fusion Hammer"],"picked":"Tiny House"}],"items_purged_floors":[3,21,37,48],"is_endless":false,"potions_floor_spawned":[1,2,7,13,16,23,25,28,29,31,39,40,44,54],"ascension_level":3}}