{"host":"vk2xyavtylxbvrfq","time":1614196052,"event":{"mods":["Bard","BaseMod","Bestiary","Better Altar","Better Match","Better Note","Better Sensory Stone","Better Skull","Better Vampires","Block Reminder","Bossed Relics","Colored Map","Curses Come First","Displayed Cursed Tome","Downfall","Extra Virgin Snecko Oil","Fox Events","Hermit","Ironclad Rager","Marked Mod","Minty Spire (QoL Compilation)","Quick Restart","Rare Cards Sparkle","Relic Sorter","Reliquary","Robot Space Explorer","StSLib","The Hayseed","The Runesmith","Unceasing Turn Reminder"],"gold_per_floor":[118,118,118,193,45,83,83,83,83,131,164,176,188,200,212,224,224],"floor_reached":16,"language":"ENG","playtime":325,"items_purged":[],"score":216,"play_id":"46d11f5f-2ff0-4f8d-b033-ec910b705de5","local_time":"20210224144732","is_ascension_mode":true,"campfire_choices":[{"data":"hermit:Gestalt","floor":7,"key":"SMITH"},{"data":"Bandage Up","floor":12,"key":"SMITH"},{"floor":15,"key":"REST"}],"circlet_count":0,"master_deck":["hermit:Strike_Hermit","hermit:Strike_Hermit","hermit:Strike_Hermit","hermit:Strike_Hermit","hermit:Defend_Hermit+1","hermit:Defend_Hermit","hermit:Defend_Hermit","hermit:Defend_Hermit","hermit:Snapshot","hermit:Covet","hermit:Dive+1","Bandage Up+1","Injury","hermit:Gestalt+1","hermit:Shortfuse","hermit:Enervate"],"relics":["hermit:Momento","NeowsBlessing","Golden Idol","Vajra","Bird Faced Urn","MawBank","reliquary:HotPoker"],"acts_visited":["Exordium"],"potions_floor_usage":[],"damage_taken":[{"damage":0,"enemies":"Jaw Worm","floor":1,"turns":1},{"damage":0,"enemies":"Gremlin Nob","floor":6,"turns":1},{"damage":0,"enemies":"3 Sentries","floor":10,"turns":2},{"damage":3,"enemies":"Small Slimes","floor":11,"turns":2},{"damage":76,"enemies":"Hexaghost","floor":16,"turns":9}],"seed_played":"-8030150554725678586","potions_obtained":[{"floor":11,"key":"FearPotion"}],"is_trial":false,"path_per_floor":["M","?","?","?","$","E","R","?","T","E","M","R","$","T","R","B"],"character_chosen":"HERMIT","items_purchased":["Vajra"],"campfire_rested":1,"item_purchase_floors":[5],"current_hp_per_floor":[68,68,68,68,68,68,68,53,53,53,50,50,50,50,72,0,0],"gold":224,"neow_bonus":"THREE_ENEMY_KILL","is_daily":false,"chose_seed":false,"campfire_upgraded":2,"win_rate":0.0,"timestamp":1614196052,"path_taken":["M","?","?","?","$","E","R","?","T","E","?","R","?","?","R","BOSS"],"items_purchased_type":["Relic"],"build_version":"2020-12-22","purchased_purges":0,"victory":false,"max_hp_per_floor":[75,75,75,75,75,75,75,75,75,75,75,75,75,75,75,75,75],"card_choices":[{"not_picked":["hermit:SprayPray","hermit:Quickdraw"],"picked":"hermit:Dive","floor":1},{"not_picked":["Jack Of All Trades","Trip"],"picked":"Bandage Up","floor":2},{"not_picked":["hermit:LowProfile","hermit:LuckOfTheDraw"],"picked":"hermit:Gestalt","floor":6},{"not_picked":["hermit:HighNoon","hermit:SprayPray"],"picked":"hermit:Shortfuse","floor":10},{"not_picked":["hermit:DeadMansHand","hermit:Misfire"],"picked":"hermit:Enervate","floor":11}],"player_experience":1471630,"relics_obtained":[{"floor":6,"key":"Bird Faced Urn"},{"floor":9,"key":"MawBank"},{"floor":10,"key":"reliquary:HotPoker"}],"event_choices":[{"damage_healed":0,"gold_gain":1,"player_choice":"1","damage_taken":0,"max_hp_gain":0,"max_hp_loss":0,"event_name":"betterStone:BetterStone","floor":2,"gold_loss":0},{"damage_healed":0,"gold_gain":0,"player_choice":"Take Wound","damage_taken":0,"relics_obtained":["Golden Idol"],"max_hp_gain":0,"max_hp_loss":0,"event_name":"Golden Idol","floor":3,"gold_loss":0,"cards_obtained":["Injury"]},{"damage_healed":0,"gold_gain":75,"player_choice":"Gained Gold","damage_taken":0,"max_hp_gain":0,"max_hp_loss":0,"event_name":"Golden Wing","floor":4,"gold_loss":0},{"damage_healed":0,"gold_gain":0,"player_choice":"Entered Light","damage_taken":15,"max_hp_gain":0,"max_hp_loss":0,"event_name":"Shining Light","floor":8,"gold_loss":0,"cards_upgraded":["hermit:Dive","hermit:Defend_Hermit"]}],"is_beta":false,"boss_relics":[],"items_purged_floors":[],"is_endless":false,"potions_floor_spawned":[11],"killed_by":"Hexaghost","ascension_level":8}}