{"host":"xwl7b08i4vco8s3a","time":1614132081,"event":{"mods":["BaseMod","Colored Powertips","Downfall","Hermit","Minty Spire (QoL Compilation)","Replay The Spire","StSLib","Wandering Minibosses"],"gold_per_floor":[199,212,512,512,422,433,433,449,445,330,343,143,170,154,168,263,263,163,178,163,157,169,193,262,290,290,290,229,229,244,251,191,181,181,181],"floor_reached":33,"language":"ENG","playtime":2219,"items_purged":["downfall:Icky","Guardian:Strike_Guardian"],"score":436,"play_id":"f067d86f-d265-4914-b1ce-dd7b39906c51","local_time":"20210224030121","is_ascension_mode":false,"campfire_choices":[{"floor":1,"key":"RECALL"},{"data":"Guardian:WalkerClaw","floor":12,"key":"SMITH"},{"data":"Guardian:ConstructionForm","floor":18,"key":"SMITH"},{"data":"Guardian:EvasiveProtocol","floor":29,"key":"SMITH"}],"circlet_count":0,"master_deck":["Guardian:Strike_Guardian","Guardian:Strike_Guardian","Guardian:Strike_Guardian","Guardian:Defend_Guardian","Guardian:Defend_Guardian","Guardian:Defend_Guardian","Guardian:Defend_Guardian","Guardian:CurlUp","Guardian:TwinSlam","Guardian:EvasiveProtocol+1","Guardian:PrimingBeam","Guardian:WalkerClaw+1","Guardian:ConstructionForm+1","Guardian:ConstructionForm","Guardian:BronzeOrb","Guardian:SphericShield","Guardian:PiercingHide","Guardian:BodySlam+1","Guardian:WalkerClaw","Guardian:Gem_Red","Guardian:Gem_Green"],"relics":["Guardian:ModeShifter","downfall:HeartBlessingRed","downfall:HeartBlessingBlue","Replay:Accelerometer","Replay:Grab Bag","ReplayTheSpireMod:Onyx Gauntlets","bronze:MakeshiftBattery","SacredBark","downfall:HeartBlessingGreen","Kunai","Quantum Egg","Guardian:DefensiveModeMoreBlock","Molten Egg 2"],"acts_visited":["Exordium","TheCity"],"potions_floor_usage":[11,16,23,25,33],"damage_taken":[{"damage":0,"enemies":"Small Slimes","floor":2,"turns":4},{"damage":0,"enemies":"downfall:FleeingMerchant","floor":5,"turns":4},{"damage":1,"enemies":"Cultist","floor":6,"turns":5},{"damage":0,"enemies":"2 Louse","floor":8,"turns":3},{"damage":13,"enemies":"Red Slaver","floor":9,"turns":6},{"damage":5,"enemies":"downfall:FleeingMerchant","floor":10,"turns":4},{"damage":0,"enemies":"Large Slime","floor":11,"turns":5},{"damage":0,"enemies":"Gremlin Nob","floor":13,"turns":5},{"damage":11,"enemies":"Exordium Wildlife","floor":14,"turns":8},{"damage":0,"enemies":"downfall:LooterAlt","floor":15,"turns":4},{"damage":0,"enemies":"SI_SHIV_ARCHETYPE","floor":16,"turns":9},{"damage":0,"enemies":"downfall:LooterAlt2","floor":19,"turns":5},{"damage":0,"enemies":"downfall:FleeingMerchant","floor":20,"turns":4},{"damage":4,"enemies":"Chosen","floor":21,"turns":8},{"damage":0,"enemies":"Snecko","floor":22,"turns":4},{"damage":0,"enemies":"Book of Stabbing","floor":23,"turns":7},{"damage":0,"enemies":"Slavers","floor":25,"turns":6},{"damage":0,"enemies":"Chosen and Byrds","floor":28,"turns":8},{"damage":0,"enemies":"Snake Plant","floor":30,"turns":4},{"damage":5,"enemies":"Replay:Snechameleon","floor":31,"turns":8},{"damage":27,"enemies":"3 Cultists","floor":32,"turns":8},{"damage":55,"enemies":"IC_MUSHROOM_ARCHETYPE","floor":33,"turns":8}],"seed_played":"-4310103707189873982","potions_obtained":[{"floor":6,"key":"BlessingOfTheForge"},{"floor":8,"key":"Energy Potion"},{"floor":15,"key":"Swift Potion"},{"floor":19,"key":"Languid Potion"},{"floor":25,"key":"Guardian:AcceleratePotion"},{"floor":30,"key":"DuplicationPotion"},{"floor":32,"key":"Guardian:AcceleratePotion"}],"is_trial":false,"path_per_floor":["R","M","?","?","$","M","T","M","M","$","M","R","E","M","M","B",null,"R","M","$","M","M","E","T","E","?","?","M","R","M","E","M","B"],"character_chosen":"GUARDIAN","items_purchased":[],"campfire_rested":0,"item_purchase_floors":[],"current_hp_per_floor":[80,80,80,80,80,79,79,79,66,61,61,71,71,60,60,60,90,90,90,90,86,86,86,86,86,86,86,86,86,86,81,54,0,0,0],"gold":181,"neow_bonus":"HUNDRED_GOLD","is_daily":false,"chose_seed":false,"campfire_upgraded":3,"win_rate":0.0,"timestamp":1614132081,"path_taken":["R","M","?","?","$","M","T","M","M","$","M","R","E","M","M","BOSS","R","M","$","M","M","E","T","E","?","?","M","R","M","E","M","BOSS"],"items_purchased_type":[],"build_version":"2020-12-22","purchased_purges":2,"victory":false,"max_hp_per_floor":[80,80,80,80,80,80,80,80,80,80,80,90,90,90,90,90,90,90,90,90,90,90,90,90,90,90,90,90,90,90,90,90,90,90,90],"card_choices":[{"not_picked":["Guardian:Gem_Red","Guardian:Recover"],"picked":"Guardian:EvasiveProtocol","floor":2},{"not_picked":["Guardian:Clone","Guardian:Repulse"],"picked":"Guardian:PrimingBeam","floor":5},{"not_picked":["Guardian:TemporalShield","Guardian:ChargeCore","Guardian:VentSteam"],"picked":"SKIP","floor":6},{"not_picked":["Guardian:WalkerClaw","Guardian:CrystalBeam","Guardian:Gem_Lightblue"],"picked":"SKIP","floor":8},{"not_picked":["Guardian:CrystalBeam","Guardian:Gem_Lightblue"],"picked":"Guardian:WalkerClaw","floor":8},{"not_picked":["Guardian:TemporalStrike","Guardian:Gem_Cyan"],"picked":"Guardian:ConstructionForm","floor":9},{"not_picked":["Guardian:MultiBeam","Guardian:WalkerClaw","Guardian:PiercingHide"],"picked":"SKIP","floor":10},{"not_picked":["Guardian:TimeBomb","Guardian:ChargeCore","Guardian:WalkerClaw"],"picked":"SKIP","floor":11},{"not_picked":["Guardian:TimeBomb","Guardian:Reroute","Guardian:Gem_Green"],"picked":"SKIP","floor":13},{"not_picked":["Guardian:Gem_Purple","Guardian:Gem_Green"],"picked":"Guardian:ConstructionForm","floor":14},{"not_picked":["Guardian:Preprogram","Guardian:WalkerClaw"],"picked":"Guardian:BronzeOrb","floor":15},{"not_picked":["Guardian:CompilePackage","Guardian:GatlingBeam"],"picked":"Guardian:SphericShield","floor":16},{"not_picked":["Guardian:TemporalStrike+1","Guardian:VentSteam"],"picked":"Guardian:PiercingHide","floor":19},{"not_picked":["Guardian:TemporalShield","Guardian:Gem_Green"],"picked":"Guardian:Gem_Red","floor":20},{"not_picked":["Guardian:Reroute","Guardian:ChargeCore+1"],"picked":"Guardian:BodySlam+1","floor":21},{"not_picked":["Guardian:DecasProtection","Guardian:FuturePlans","Guardian:Suspension"],"picked":"SKIP","floor":22},{"not_picked":["Guardian:Gem_Orange","Guardian:TimeBomb"],"picked":"Guardian:Gem_Red","floor":23},{"not_picked":["Guardian:TemporalShield","Guardian:Gem_Lightblue"],"picked":"Guardian:Gem_White","floor":25},{"not_picked":["Guardian:CrystalBeam","Guardian:Gem_Lightblue"],"picked":"Guardian:WalkerClaw","floor":28},{"not_picked":["Guardian:Suspension+1","Guardian:SentryBeam"],"picked":"Guardian:Gem_Red","floor":30},{"not_picked":["Guardian:BaubleBeam+1","Guardian:Incinerate+1"],"picked":"Guardian:Gem_Green","floor":31},{"not_picked":["Guardian:PrismaticBeam+1","Guardian:ChargeCore+1","Guardian:ShieldCharger"],"picked":"SKIP","floor":32}],"player_experience":471098,"relics_obtained":[{"floor":13,"key":"Replay:Accelerometer"},{"floor":23,"key":"Kunai"},{"floor":24,"key":"Quantum Egg"},{"floor":25,"key":"Guardian:DefensiveModeMoreBlock"},{"floor":31,"key":"Molten Egg 2"}],"event_choices":[{"damage_healed":0,"gold_gain":0,"player_choice":"Ignored","damage_taken":0,"max_hp_gain":0,"max_hp_loss":0,"event_name":"NoteForYourself","floor":27,"gold_loss":0}],"is_beta":false,"boss_relics":[{"not_picked":["Philosopher\u0027s Stone","Pandora\u0027s Box"],"picked":"Replay:Grab Bag"},{"not_picked":["Busted Crown","Sozu"],"picked":"ReplayTheSpireMod:Onyx Gauntlets"},{"not_picked":["Painkiller Herb","ReplayTheSpireMod:DimensionalGlitch"],"picked":"bronze:MakeshiftBattery"},{"not_picked":["Ring of Chaos","Astrolabe"],"picked":"SacredBark"}],"items_purged_floors":[5,10],"is_endless":false,"potions_floor_spawned":[6,8,15,19,25,30,32],"killed_by":"IC_MUSHROOM_ARCHETYPE","ascension_level":0}}