{"host":"dzvdy2cvkhifjmvi","time":1614167811,"event":{"mods":["BaseMod","Downfall","Infinite Spire","Marisa????????","Minty Spire (QoL Compilation)","Replay The Spire","StSLib","The Cursed","The Disciple","The Servant 0.9.4"],"gold_per_floor":[99,110,183,379,397,409,435,420,320,320,220,238,238,273,289,289,289,289],"floor_reached":16,"language":"ENG","playtime":944,"items_purged":[],"score":125,"play_id":"eb1e705e-98e6-49b0-a997-e05446c5cb46","local_time":"20210224045651","is_ascension_mode":false,"campfire_choices":[{"data":"Guardian:TwinSlam","floor":1,"key":"SMITH"},{"floor":9,"key":"RECALL"},{"data":"Guardian:CurlUp","floor":11,"key":"SMITH"}],"circlet_count":0,"master_deck":["Guardian:Strike_Guardian","Guardian:Strike_Guardian","Guardian:Strike_Guardian","Guardian:Strike_Guardian","Guardian:Defend_Guardian","Guardian:Defend_Guardian","Guardian:Defend_Guardian","Guardian:Defend_Guardian","Guardian:CurlUp+1","Guardian:TwinSlam+1","Guardian:PiercingHide","Guardian:BronzeArmor","Guardian:SpikerProtocol","Guardian:Gem_White","Guardian:RollAttack"],"relics":["Guardian:ModeShifter","Toy Ornithopter","downfall:HeartBlessingBlue","downfall:HeartBlessingRed","Question Card","infinitespire:Beetle Shell"],"acts_visited":["Exordium"],"potions_floor_usage":[16,16],"damage_taken":[{"damage":0,"enemies":"Cultist","floor":2,"turns":5},{"damage":1,"enemies":"Jaw Worm","floor":5,"turns":5},{"damage":0,"enemies":"2 Louse","floor":6,"turns":3},{"damage":3,"enemies":"downfall:FleeingMerchant","floor":8,"turns":4},{"damage":3,"enemies":"Lots of Slimes","floor":12,"turns":5},{"damage":14,"enemies":"Lagavulin","floor":14,"turns":7},{"damage":2,"enemies":"Blue Slaver","floor":15,"turns":4},{"damage":60,"enemies":"DF_ARCHETYPE_STREAMLINE","floor":16,"turns":12}],"seed_played":"1186405382573719539","potions_obtained":[{"floor":2,"key":"Cursed Concoction"},{"floor":6,"key":"Swift Potion"},{"floor":12,"key":"Swift Potion"}],"is_trial":false,"path_per_floor":["R","M","T","?","M","M","T","$","R","?","R","M","?","E","M","B"],"character_chosen":"GUARDIAN","items_purchased":[],"campfire_rested":0,"item_purchase_floors":[],"current_hp_per_floor":[88,88,88,66,65,65,65,62,72,72,72,69,51,37,35,0,0,0],"gold":289,"neow_bonus":"TEN_PERCENT_HP_BONUS","is_daily":false,"chose_seed":false,"campfire_upgraded":2,"win_rate":0.0,"timestamp":1614167811,"path_taken":["R","M","?","?","M","M","T","?","R","?","R","?","?","E","M","BOSS"],"items_purchased_type":[],"build_version":"2020-12-22","purchased_purges":0,"victory":false,"max_hp_per_floor":[88,88,88,88,88,88,88,88,98,98,98,98,98,98,98,98,98,98],"card_choices":[{"not_picked":["Guardian:GuardianWhirl","Guardian:TimeBomb"],"picked":"Guardian:PiercingHide","floor":2},{"not_picked":["Guardian:FloatingOrbs","Guardian:TemporalStrike"],"picked":"Guardian:Gem_Red","floor":4},{"not_picked":["Guardian:CrystalBeam","Guardian:TimeBomb"],"picked":"Guardian:Gem_White","floor":5},{"not_picked":["Guardian:Recover","Guardian:Incinerate"],"picked":"Guardian:Gem_Crimson","floor":6},{"not_picked":["Guardian:PolyBeam","Guardian:Recover"],"picked":"Guardian:BronzeArmor","floor":8},{"not_picked":["Guardian:Gem_Cyan","Guardian:CrystalBeam"],"picked":"Guardian:SpikerProtocol","floor":12},{"not_picked":["Guardian:ChargeCore","Guardian:ShieldCharger","Guardian:Planning"],"picked":"Guardian:Gem_White","floor":14},{"not_picked":["Guardian:SentryBeam","Guardian:Gem_White","Guardian:StasisStrike"],"picked":"Guardian:RollAttack","floor":15}],"player_experience":1423466,"relics_obtained":[{"floor":7,"key":"Toy Ornithopter"},{"floor":14,"key":"infinitespire:Beetle Shell"}],"event_choices":[{"damage_healed":0,"gold_gain":0,"player_choice":"Ignored","damage_taken":0,"max_hp_gain":0,"max_hp_loss":0,"event_name":"NoteForYourself","floor":10,"gold_loss":0},{"damage_healed":0,"gold_gain":0,"player_choice":"Success","damage_taken":18,"relics_obtained":["Question Card"],"max_hp_gain":0,"max_hp_loss":0,"event_name":"Scrap Ooze","floor":13,"gold_loss":0}],"is_beta":false,"boss_relics":[],"items_purged_floors":[],"is_endless":false,"potions_floor_spawned":[2,6,12],"killed_by":"DF_ARCHETYPE_STREAMLINE","ascension_level":0}}