{"host":"2l5k2wp87eek7qja","time":1614184610,"event":{"mods":["BaseMod","Colored Map","Minty Spire (QoL Compilation)","Relic Stats"],"gold_per_floor":[112,112,42,71,71,110,132,132,132,132,141,66,108,127,127,204,204,204,204],"floor_reached":18,"language":"ENG","playtime":406,"items_purged":["Strike_G"],"score":386,"play_id":"1dbdd7d0-8c5b-4693-909c-fbfa7e5c7c3f","local_time":"20210224183650","is_ascension_mode":true,"campfire_choices":[{"data":"Neutralize","floor":8,"key":"SMITH"},{"data":"Accuracy","floor":10,"key":"SMITH"},{"data":"Deadly Poison","floor":15,"key":"SMITH"}],"circlet_count":0,"master_deck":["AscendersBane","Strike_G","Strike_G","Strike_G","Defend_G","Defend_G","Defend_G","Defend_G","Defend_G","Survivor","Neutralize+1","Accuracy+1","Masterful Stab","Deadly Poison+1","Backstab","Sucker Punch","Dagger Throw","Deadly Poison"],"relics":["Ring of the Snake","NeowsBlessing","CeramicFish","StoneCalendar","Paper Crane","Tiny Chest","Black Star"],"acts_visited":["Exordium","TheCity"],"potions_floor_usage":[13,16,18],"damage_taken":[{"damage":0,"enemies":"Cultist","floor":1,"turns":1},{"damage":0,"enemies":"Jaw Worm","floor":4,"turns":1},{"damage":0,"enemies":"3 Sentries","floor":6,"turns":1},{"damage":2,"enemies":"2 Louse","floor":7,"turns":3},{"damage":18,"enemies":"Gremlin Nob","floor":13,"turns":4},{"damage":1,"enemies":"Exordium Wildlife","floor":14,"turns":4},{"damage":2,"enemies":"The Guardian","floor":16,"turns":9},{"damage":19,"enemies":"3 Byrds","floor":18,"turns":4}],"seed_played":"-4171202432210759603","potions_obtained":[{"floor":7,"key":"AttackPotion"},{"floor":13,"key":"AttackPotion"},{"floor":16,"key":"SkillPotion"}],"is_trial":false,"path_per_floor":["M","?","$","M","?","E","M","R","T","R","?","$","E","M","R","B",null,"M"],"character_chosen":"THE_SILENT","items_purchased":["Accuracy"],"campfire_rested":0,"item_purchase_floors":[3],"current_hp_per_floor":[59,59,59,59,59,59,57,57,57,57,57,57,39,38,38,36,59,40,40],"gold":204,"neow_bonus":"THREE_ENEMY_KILL","is_daily":false,"chose_seed":false,"campfire_upgraded":3,"win_rate":0.0,"timestamp":1614184610,"path_taken":["M","?","$","?","?","E","M","R","T","R","?","$","E","M","R","BOSS","M"],"items_purchased_type":["Card"],"build_version":"2020-12-22","purchased_purges":1,"victory":false,"max_hp_per_floor":[66,66,66,66,66,66,66,66,66,66,66,66,66,66,66,66,66,66,66],"relic_stats":{"counters":[8,27],"CeramicFish":63,"StoneCalendar":[52],"Tiny Chest":0,"Black Star":0,"obtain_stats":[{"NeowsBlessing":0,"CeramicFish":2,"StoneCalendar":6,"Tiny Chest":13,"Black Star":17,"Paper Crane":9,"Ring of the Snake":0},{"NeowsBlessing":0,"CeramicFish":1,"StoneCalendar":3,"Tiny Chest":5,"Black Star":7,"Paper Crane":4,"Ring of the Snake":0},{"NeowsBlessing":0,"CeramicFish":1,"StoneCalendar":3,"Tiny Chest":10,"Black Star":23,"Paper Crane":6,"Ring of the Snake":0}],"Ring of the Snake":[16]},"card_choices":[{"not_picked":["Bane","Slice"],"picked":"Quick Slash","floor":1},{"not_picked":["Acrobatics","Tactician"],"picked":"Masterful Stab","floor":4},{"not_picked":["Bouncing Flask","Heel Hook"],"picked":"Deadly Poison","floor":6},{"not_picked":["Poisoned Stab","Bouncing Flask"],"picked":"Backstab","floor":7},{"not_picked":["Prepared","Terror"],"picked":"Dagger Throw","floor":13},{"not_picked":["Die Die Die","Riddle With Holes"],"picked":"Deadly Poison","floor":14}],"player_experience":885073,"relics_obtained":[{"floor":6,"key":"StoneCalendar"},{"floor":9,"key":"Paper Crane"},{"floor":13,"key":"Tiny Chest"}],"event_choices":[{"cards_removed":["Quick Slash"],"damage_healed":0,"gold_gain":0,"player_choice":"Gave Card","damage_taken":0,"relics_obtained":["CeramicFish"],"max_hp_gain":0,"max_hp_loss":0,"event_name":"WeMeetAgain","floor":2,"gold_loss":0},{"damage_healed":0,"gold_gain":0,"player_choice":"Leave","damage_taken":0,"max_hp_gain":0,"max_hp_loss":0,"event_name":"The Cleric","floor":5,"gold_loss":0},{"damage_healed":0,"gold_gain":0,"cards_transformed":["Strike_G"],"player_choice":"Change","damage_taken":0,"max_hp_gain":0,"max_hp_loss":0,"event_name":"Living Wall","floor":11,"gold_loss":0,"cards_obtained":["Sucker Punch"]}],"is_beta":false,"boss_relics":[{"not_picked":["Tiny House","HoveringKite"],"picked":"Black Star"}],"items_purged_floors":[12],"is_endless":false,"potions_floor_spawned":[7,13,16],"killed_by":"3 Byrds","ascension_level":20}}