{"host":"0utx1lcxgx5vu4k0","time":1614128581,"event":{"mods":["BaseMod","Colored Powertips","Minty Spire (QoL Compilation)","Permanent Neow","Relic Stats","StSLib"],"gold_per_floor":[117,137,137,212,225,225,259,259,340,352,352,379,398,430,430,530,530,548,567,582,251,267,300,300,315,338,338,363,375,395,421,421,520,520,535,546,546,546,556,591,591,617,629,641,253,253,279,279,279,279,279,279,48,80,80,80],"floor_reached":55,"language":"ENG","playtime":2544,"items_purged":["Strike_B","Consume"],"score":1216,"play_id":"3e0b8529-73c6-485d-a550-ac915c6f0740","local_time":"20210223200301","is_ascension_mode":true,"campfire_choices":[{"data":"Genetic Algorithm","floor":6.0,"key":"SMITH"},{"data":"Lockon","floor":8.0,"key":"SMITH"},{"data":"Defragment","floor":15,"key":"SMITH"},{"data":"Self Repair","floor":27,"key":"SMITH"},{"floor":32,"key":"RECALL"},{"data":"Consume","floor":41,"key":"SMITH"},{"data":"Meteor Strike","floor":44,"key":"SMITH"},{"data":"Thunder Strike","floor":46,"key":"SMITH"},{"data":"Thunder Strike","floor":49,"key":"SMITH"},{"data":"Undo","floor":52,"key":"SMITH"}],"circlet_count":0,"master_deck":["Zap","Dualcast","Lockon+1","Ball Lightning","Genetic Algorithm+1","Defragment+1","Seek","Echo Form","Leap+1","Doom and Gloom+1","Sweeping Beam+1","Conserve Battery+1","Echo Form","Conserve Battery+1","Compile Driver","Consume+1","Thunder Strike+1","Undo+1","Meteor Strike+1","Genetic Algorithm","Thunder Strike+1","Capacitor+1","Rainbow","Dark Shackles","Force Field"],"relics":["Nuclear Battery","DataDisk","Eternal Feather","Matryoshka","Strawberry","Lizard Tail","Snecko Eye","Cables","Symbiotic Virus","Boot","Gremlin Horn","Mercury Hourglass","Pandora\u0027s Box","Pantograph","MawBank","Blood Vial","Bottled Flame","PreservedInsect","Toolbox","Unceasing Top","Bag of Preparation","Anchor"],"acts_visited":["Exordium","TheCity","TheBeyond","TheEnding"],"potions_floor_usage":[14,22,25,28,33,54,55,55,55,55,55],"damage_taken":[{"damage":3.0,"enemies":"Jaw Worm","floor":1.0,"turns":4.0},{"damage":2.0,"enemies":"2 Louse","floor":2.0,"turns":3.0},{"damage":0.0,"enemies":"Small Slimes","floor":5.0,"turns":2.0},{"damage":34.0,"enemies":"Gremlin Nob","floor":7.0,"turns":4.0},{"damage":9.0,"enemies":"Exordium Wildlife","floor":10.0,"turns":4.0},{"damage":0.0,"enemies":"Lagavulin","floor":12.0,"turns":4.0},{"damage":0.0,"enemies":"2 Fungi Beasts","floor":13.0,"turns":3.0},{"damage":14,"enemies":"Gremlin Nob","floor":14,"turns":4},{"damage":58,"enemies":"Slime Boss","floor":16,"turns":7},{"damage":11,"enemies":"3 Byrds","floor":18,"turns":4},{"damage":8,"enemies":"Chosen","floor":19,"turns":6},{"damage":16,"enemies":"Sentry and Sphere","floor":20,"turns":4},{"damage":17,"enemies":"Snake Plant","floor":22,"turns":4},{"damage":23,"enemies":"Book of Stabbing","floor":23,"turns":4},{"damage":0,"enemies":"Snecko","floor":25,"turns":3},{"damage":41,"enemies":"Slavers","floor":28,"turns":4},{"damage":7,"enemies":"3 Cultists","floor":29,"turns":4},{"damage":0,"enemies":"Cultist and Chosen","floor":30,"turns":4},{"damage":0,"enemies":"Gremlin Leader","floor":31,"turns":4},{"damage":15,"enemies":"Collector","floor":33,"turns":5},{"damage":6,"enemies":"Orb Walker","floor":35,"turns":3},{"damage":0,"enemies":"3 Darklings","floor":36,"turns":3},{"damage":0,"enemies":"Writhing Mass","floor":39,"turns":3},{"damage":0,"enemies":"Reptomancer","floor":40,"turns":5},{"damage":0,"enemies":"Giant Head","floor":42,"turns":5},{"damage":0,"enemies":"Nemesis","floor":47,"turns":3},{"damage":43,"enemies":"Awakened One","floor":50,"turns":7},{"damage":7,"enemies":"Shield and Spear","floor":54,"turns":3},{"damage":83,"enemies":"The Heart","floor":55,"turns":6}],"seed_played":"4507055897864013485","potions_obtained":[{"floor":1.0,"key":"PowerPotion"},{"floor":7.0,"key":"AttackPotion"},{"floor":16,"key":"SteroidPotion"},{"floor":18,"key":"EssenceOfSteel"},{"floor":19,"key":"FocusPotion"},{"floor":23,"key":"Fruit Juice"},{"floor":25,"key":"EntropicBrew"},{"floor":29,"key":"Weak Potion"},{"floor":33,"key":"Swift Potion"},{"floor":39,"key":"PotionOfCapacity"}],"is_trial":false,"path_per_floor":["M","M","?","?","M","R","E","R","T","M","T","E","M","E","R","B",null,"M","M","M","$","M","E","?","M","T","R","E","M","M","E","R","B",null,"M","M","?","?","M","E","R","E","T","R","$","R","E","$","R","B",null,"R","$","E","B"],"character_chosen":"DEFECT","items_purchased":["Cables","PreservedInsect","Toolbox","Bag of Preparation","Dark Shackles"],"campfire_rested":0,"item_purchase_floors":[21,45,45,53,53],"current_hp_per_floor":[65,63,63,52,52,52,18,18,18,9,9,16,16,9,18,28,69,72,71,62,62,59,43,43,62,62,74,43,46,56,76,87,87,87,87,87,83,83,83,83,83,83,83,83,83,83,83,83,83,40,72,83,83,76,0,0],"gold":80,"neow_bonus":"BOSS_RELIC","is_daily":false,"chose_seed":false,"campfire_upgraded":9,"win_rate":0.0,"timestamp":1614128581,"path_taken":["M","M","?","?","M","R","E","R","T","M","?","E","M","E","R","BOSS","M","M","M","$","M","E","?","M","T","R","E","M","?","E","R","BOSS","M","M","?","?","M","E","R","E","T","R","$","R","E","?","R","BOSS","R","$","E","BOSS"],"items_purchased_type":["Relic","Relic","Relic","Relic","Card"],"build_version":"2020-12-22","purchased_purges":2,"victory":false,"max_hp_per_floor":[75,75,75,75,75,75,75,75,75,75,75,82,82,82,82,82,82,82,82,82,82,82,82,82,87,87,87,87,87,87,87,87,87,87,87,87,83,83,83,83,83,83,83,83,83,83,83,83,83,83,83,83,83,83,83,83],"relic_stats":{"Gremlin Horn":[18,19],"counters":[29,119],"Eternal Feather":43,"PreservedInsect":115,"Bag of Preparation":[4],"Boot":[5],"MawBank":36,"Cables":[73,7,1,20,45],"Mercury Hourglass":[184],"Blood Vial":2,"Lizard Tail":41,"Pantograph":5,"Snecko Eye":[154,163,148,169],"Pandora\u0027s Box":["Consume","Thunder Strike","Undo","Meteor Strike","Genetic Algorithm","Consume","Thunder Strike"],"obtain_stats":[{"Gremlin Horn":28,"Eternal Feather":9,"PreservedInsect":45,"Bag of Preparation":53,"Boot":26,"MawBank":42,"Nuclear Battery":0,"Cables":21,"Mercury Hourglass":31,"Blood Vial":43,"DataDisk":7,"Lizard Tail":14,"Bottled Flame":43,"Anchor":54,"Matryoshka":11,"Strawberry":12,"Pantograph":40,"Snecko Eye":17,"Toolbox":45,"Pandora\u0027s Box":34,"Cracked Core":0,"Symbiotic Virus":23,"Unceasing Top":47},{"Gremlin Horn":16,"Eternal Feather":4,"PreservedInsect":25,"Bag of Preparation":27,"Boot":15,"MawBank":25,"Nuclear Battery":0,"Cables":12,"Mercury Hourglass":19,"Blood Vial":25,"DataDisk":4,"Lizard Tail":8,"Bottled Flame":25,"Anchor":28,"Matryoshka":5,"Strawberry":6,"Pantograph":24,"Snecko Eye":9,"Toolbox":25,"Pandora\u0027s Box":20,"Cracked Core":0,"Symbiotic Virus":14,"Unceasing Top":26},{"Gremlin Horn":64,"Eternal Feather":13,"PreservedInsect":100,"Bag of Preparation":110,"Boot":60,"MawBank":100,"Nuclear Battery":0,"Cables":49,"Mercury Hourglass":76,"Blood Vial":100,"DataDisk":13,"Lizard Tail":28,"Bottled Flame":100,"Anchor":113,"Matryoshka":17,"Strawberry":21,"Pantograph":95,"Snecko Eye":35,"Toolbox":100,"Pandora\u0027s Box":81,"Cracked Core":0,"Symbiotic Virus":57,"Unceasing Top":103}],"Unceasing Top":[2]},"card_choices":[{"not_picked":["Sunder","Rebound"],"picked":"Lockon","floor":1.0},{"not_picked":["Compile Driver","Skim"],"picked":"Ball Lightning","floor":2.0},{"not_picked":["Heatsinks","Leap"],"picked":"Genetic Algorithm","floor":5.0},{"not_picked":["Blizzard","Streamline","Fusion"],"picked":"SKIP","floor":7.0},{"not_picked":["Streamline","Genetic Algorithm"],"picked":"Defragment","floor":10.0},{"not_picked":["Rebound","White Noise"],"picked":"Seek","floor":12.0},{"not_picked":["Steam","Blizzard"],"picked":"Self Repair","floor":13.0},{"not_picked":["Double Energy","Auto Shields","Multi-Cast"],"picked":"SKIP","floor":14},{"not_picked":["Multi-Cast","Seek"],"picked":"Echo Form","floor":16},{"not_picked":["Streamline","Steam+1"],"picked":"Leap+1","floor":18},{"not_picked":["Chill","Streamline"],"picked":"Doom and Gloom","floor":19},{"not_picked":["Streamline","Darkness+1","Barrage"],"picked":"SKIP","floor":20},{"not_picked":["Consume","Go for the Eyes"],"picked":"Sweeping Beam+1","floor":22},{"not_picked":["BootSequence","Cold Snap+1"],"picked":"Conserve Battery+1","floor":23},{"not_picked":["Leap","Conserve Battery"],"picked":"Echo Form","floor":25},{"not_picked":["Static Discharge+1","Ball Lightning","Rip and Tear+1"],"picked":"SKIP","floor":28},{"not_picked":["Barrage","Cold Snap+1"],"picked":"Conserve Battery+1","floor":29},{"not_picked":["Sweeping Beam+1","Turbo","Conserve Battery"],"picked":"SKIP","floor":30},{"not_picked":["Tempest","Stack"],"picked":"Compile Driver","floor":31},{"not_picked":["Ball Lightning","Stack+1","Scrape+1"],"picked":"SKIP","floor":35},{"not_picked":["Gash","Stack","Go for the Eyes+1"],"picked":"SKIP","floor":36},{"not_picked":["Storm","Reinforced Body","Blizzard"],"picked":"SKIP","floor":39},{"not_picked":["Conserve Battery+1","Doom and Gloom+1"],"picked":"Capacitor+1","floor":40},{"not_picked":["Turbo","Force Field","Melter+1"],"picked":"SKIP","floor":42},{"not_picked":["Rebound+1","Blizzard+1"],"picked":"Rainbow","floor":47},{"not_picked":["Reinforced Body","Recycle"],"picked":"Force Field","floor":54}],"player_experience":89083,"relics_obtained":[{"floor":7.0,"key":"DataDisk"},{"floor":9.0,"key":"Eternal Feather"},{"floor":11.0,"key":"Matryoshka"},{"floor":12.0,"key":"Strawberry"},{"floor":14,"key":"Lizard Tail"},{"floor":23,"key":"Symbiotic Virus"},{"floor":26,"key":"Boot"},{"floor":28,"key":"Gremlin Horn"},{"floor":31,"key":"Mercury Hourglass"},{"floor":40,"key":"Pantograph"},{"floor":42,"key":"MawBank"},{"floor":43,"key":"Blood Vial"},{"floor":43,"key":"Bottled Flame"},{"floor":47,"key":"Unceasing Top"},{"floor":54,"key":"Anchor"}],"event_choices":[{"damage_healed":0.0,"max_hp_gain":0.0,"max_hp_loss":0.0,"gold_gain":0.0,"event_name":"Liars Game","player_choice":"Ignored","floor":3.0,"gold_loss":0.0,"damage_taken":0.0},{"damage_healed":0.0,"max_hp_gain":0.0,"max_hp_loss":0.0,"gold_gain":75.0,"event_name":"World of Goop","player_choice":"Gather Gold","floor":4.0,"gold_loss":0.0,"damage_taken":11.0},{"damage_healed":0,"gold_gain":0,"player_choice":"Forge","damage_taken":0,"max_hp_gain":0,"max_hp_loss":0,"event_name":"Accursed Blacksmith","floor":24,"gold_loss":0,"cards_upgraded":["Doom and Gloom"]},{"damage_healed":0,"gold_gain":0,"player_choice":"Max HP","damage_taken":0,"max_hp_gain":0,"max_hp_loss":4,"event_name":"Winding Halls","floor":37,"gold_loss":0},{"cards_removed":["Self Repair"],"damage_healed":0,"gold_gain":0,"player_choice":"Removed Power","damage_taken":0,"max_hp_gain":0,"max_hp_loss":0,"event_name":"Falling","floor":38,"gold_loss":0}],"is_beta":false,"boss_relics":[{"not_picked":["Black Star","Runic Pyramid"],"picked":"Snecko Eye"},{"not_picked":["Calling Bell","SacredBark"],"picked":"Pandora\u0027s Box"}],"items_purged_floors":[21,45],"is_endless":false,"potions_floor_spawned":[1,7,16,18,19,23,25,29,33,36,39,42],"killed_by":"The Heart","ascension_level":6}}