{"host":"kda2p2afd6bvz6qo","time":1614132446,"event":{"mods":["BaseMod","Colored Map","Minty Spire (QoL Compilation)","Relic Stats"],"gold_per_floor":[117,117,130,140,140,165,165,198,198,213,213,240,240,54,54,155,155,175,175,175,188,203,228,228,25,25,37,54,86,86,101,101,206,206,221,235,285,635,688,688,688,688,715,740,740,767,512,542,542,542,542,542,36,67,67],"floor_reached":56,"language":"ENG","playtime":3045,"items_purged":["Strike_R","Strike_R"],"score":1801,"play_id":"353c7eec-da53-483a-a689-9e0aa399785d","local_time":"20210224020726","is_ascension_mode":true,"campfire_choices":[{"data":"Uppercut","floor":7.0,"key":"SMITH"},{"data":"Immolate","floor":11.0,"key":"SMITH"},{"data":"True Grit","floor":13,"key":"SMITH"},{"data":"Dual Wield","floor":15,"key":"SMITH"},{"data":"Reaper","floor":24,"key":"SMITH"},{"data":"Shockwave","floor":30,"key":"SMITH"},{"data":"Shrug It Off","floor":32,"key":"SMITH"},{"data":"Demon Form","floor":40,"key":"SMITH"},{"floor":42,"key":"RECALL"},{"data":"Battle Trance","floor":45,"key":"SMITH"},{"data":"Feel No Pain","floor":49,"key":"SMITH"},{"data":"Sword Boomerang","floor":52,"key":"SMITH"}],"circlet_count":0,"master_deck":["AscendersBane","Defend_R+1","Defend_R+1","Defend_R+1","Defend_R","Bash+1","Dual Wield+1","Heavy Blade","Cleave","Uppercut+1","True Grit+1","Immolate+1","Barricade","Body Slam","Reaper+1","Metallicize+1","Immolate","Hemokinesis+1","Shrug It Off+1","Shockwave+1","Armaments+1","Demon Form+1","Fire Breathing+1","Dual Wield+1","Second Wind+1","Battle Trance+1","Shrug It Off+1","Body Slam+1","Apotheosis","Feel No Pain+1","Feel No Pain+1","Sword Boomerang+1","Uppercut","Bludgeon","Feel No Pain","True Grit","Sentinel","Armaments+1"],"relics":["Snecko Eye","Self Forming Clay","Meat on the Bone","Bag of Marbles","Mummified Hand","PreservedInsect","Coffee Dripper","Torii","Happy Flower","Shuriken","Astrolabe","Potion Belt","Old Coin","Dead Branch","Red Skull","Boot","Eternal Feather","Orichalcum","Bronze Scales","War Paint"],"acts_visited":["Exordium","TheCity","TheBeyond","TheEnding"],"potions_floor_usage":[55,55,55],"damage_taken":[{"damage":0.0,"enemies":"2 Louse","floor":1.0,"turns":2.0},{"damage":0.0,"enemies":"Jaw Worm","floor":3.0,"turns":3.0},{"damage":0.0,"enemies":"Cultist","floor":4.0,"turns":2.0},{"damage":19.0,"enemies":"Lagavulin","floor":6.0,"turns":5.0},{"damage":19.0,"enemies":"3 Sentries","floor":8.0,"turns":7.0},{"damage":0.0,"enemies":"Red Slaver","floor":10.0,"turns":2.0},{"damage":5,"enemies":"Lagavulin","floor":12,"turns":5},{"damage":1,"enemies":"Slime Boss","floor":16,"turns":5},{"damage":1,"enemies":"Spheric Guardian","floor":18,"turns":3},{"damage":5,"enemies":"3 Byrds","floor":21,"turns":4},{"damage":17,"enemies":"Shelled Parasite and Fungi","floor":22,"turns":4},{"damage":4,"enemies":"Book of Stabbing","floor":23,"turns":3},{"damage":0,"enemies":"Cultist and Chosen","floor":27,"turns":4},{"damage":0,"enemies":"Snake Plant","floor":28,"turns":2},{"damage":6,"enemies":"Gremlin Leader","floor":29,"turns":1},{"damage":0,"enemies":"Snecko","floor":31,"turns":2},{"damage":12,"enemies":"Collector","floor":33,"turns":8},{"damage":1,"enemies":"3 Shapes","floor":35,"turns":2},{"damage":0,"enemies":"Orb Walker","floor":36,"turns":3},{"damage":18,"enemies":"Mind Bloom Boss Battle","floor":38,"turns":6},{"damage":6,"enemies":"2 Orb Walkers","floor":39,"turns":2},{"damage":9,"enemies":"Giant Head","floor":46,"turns":4},{"damage":6,"enemies":"Reptomancer","floor":48,"turns":4},{"damage":34,"enemies":"Donu and Deca","floor":50,"turns":6},{"damage":6,"enemies":"Shield and Spear","floor":54,"turns":5},{"damage":38,"enemies":"The Heart","floor":55,"turns":7}],"seed_played":"-3898087782714031213","potions_obtained":[{"floor":1.0,"key":"FearPotion"},{"floor":8.0,"key":"Dexterity Potion"},{"floor":12,"key":"PowerPotion"},{"floor":16,"key":"Energy Potion"},{"floor":33,"key":"DuplicationPotion"},{"floor":35,"key":"DuplicationPotion"},{"floor":39,"key":"DistilledChaos"}],"is_trial":false,"path_per_floor":["M","?","M","M","T","E","R","E","T","M","R","E","R","$","R","B",null,"M","?","?","M","M","E","R","$","T","M","M","E","R","M","R","B",null,"M","M","T","?","?","R","?","R","T","T","R","E","$","E","R","B",null,"R","$","E","B",null],"character_chosen":"IRONCLAD","items_purchased":["Barricade","Body Slam","Happy Flower","Shrug It Off","Feel No Pain","Sword Boomerang","Uppercut","Feel No Pain","Bronze Scales","PowerPotion","True Grit","Sentinel"],"campfire_rested":0,"item_purchase_floors":[14,14,25,25,47,47,47,53,53,53,53,53],"current_hp_per_floor":[72,56,56,56,56,37,37,30,30,42,42,49,49,49,49,48,72,71,71,71,68,63,59,59,59,59,71,71,65,65,74,74,68,77,76,80,80,80,74,74,64,64,64,64,64,55,55,55,76,56,74,80,80,80,45],"gold":67,"neow_bonus":"BOSS_RELIC","is_daily":false,"chose_seed":false,"campfire_upgraded":11,"win_rate":0.0,"timestamp":1614132446,"path_taken":["M","?","M","M","?","E","R","E","T","M","R","E","R","$","R","BOSS","M","?","?","M","M","E","R","$","T","?","M","E","R","M","R","BOSS","M","M","?","?","?","R","?","R","T","?","R","E","$","E","R","BOSS","R","$","E","BOSS"],"items_purchased_type":["Card","Card","Relic","Card","Card","Card","Card","Card","Relic","Potion","Card","Card"],"build_version":"2020-12-22","purchased_purges":2,"victory":true,"max_hp_per_floor":[80,80,80,80,80,80,80,80,80,80,80,80,80,80,80,80,80,80,80,80,80,80,80,80,80,80,80,80,80,80,80,80,80,80,80,80,80,80,80,80,80,80,80,80,80,80,80,80,80,80,80,80,80,80,80],"relic_stats":{"Torii":8,"Happy Flower":[18],"counters":[26,101],"Self Forming Clay":[123],"Astrolabe":["Fire Breathing","Dual Wield","Second Wind"],"Dead Branch":[47],"Eternal Feather":27,"PreservedInsect":362,"Orichalcum":[12],"War Paint":["Defend_R","Defend_R"],"Boot":[10],"Mummified Hand":[116],"Shuriken":[16],"Bronze Scales":[111],"Snecko Eye":[177,183,181,156],"obtain_stats":[{"Potion Belt":37,"Torii":23,"Happy Flower":25,"Self Forming Clay":5,"Astrolabe":34,"Dead Branch":39,"Eternal Feather":46,"PreservedInsect":12,"Orichalcum":48,"War Paint":54,"Boot":44,"Burning Blood":0,"Old Coin":38,"Mummified Hand":9,"Shuriken":29,"Bronze Scales":53,"Snecko Eye":0,"Bag of Marbles":8,"Coffee Dripper":17,"Red Skull":43,"Meat on the Bone":6},{"Potion Belt":19,"Torii":12,"Happy Flower":12,"Self Forming Clay":3,"Astrolabe":17,"Dead Branch":21,"Eternal Feather":22,"PreservedInsect":7,"Orichalcum":23,"War Paint":25,"Boot":21,"Burning Blood":0,"Old Coin":20,"Mummified Hand":5,"Shuriken":15,"Bronze Scales":24,"Snecko Eye":0,"Bag of Marbles":5,"Coffee Dripper":8,"Red Skull":21,"Meat on the Bone":4},{"Potion Belt":67,"Torii":45,"Happy Flower":45,"Self Forming Clay":7,"Astrolabe":62,"Dead Branch":75,"Eternal Feather":79,"PreservedInsect":26,"Orichalcum":83,"War Paint":94,"Boot":75,"Burning Blood":0,"Old Coin":73,"Mummified Hand":19,"Shuriken":52,"Bronze Scales":89,"Snecko Eye":0,"Bag of Marbles":19,"Coffee Dripper":31,"Red Skull":75,"Meat on the Bone":12}],"Meat on the Bone":36},"card_choices":[{"not_picked":["Rage","Perfected Strike"],"picked":"Dual Wield","floor":1.0},{"not_picked":["Burning Pact","Shrug It Off"],"picked":"Heavy Blade","floor":3.0},{"not_picked":["Heavy Blade","Pommel Strike"],"picked":"Cleave","floor":4.0},{"not_picked":["Ghostly Armor","True Grit"],"picked":"Uppercut","floor":6.0},{"not_picked":["Seeing Red","Armaments"],"picked":"True Grit","floor":8.0},{"not_picked":["Clash","True Grit"],"picked":"Immolate","floor":10.0},{"not_picked":["Wild Strike","Cleave","Combust"],"picked":"SKIP","floor":12},{"not_picked":["Exhume","Fiend Fire"],"picked":"Reaper","floor":16},{"not_picked":["Wild Strike","Flex+1","Perfected Strike"],"picked":"SKIP","floor":18},{"not_picked":["Sword Boomerang","Anger"],"picked":"Metallicize+1","floor":21},{"not_picked":["Shrug It Off","Heavy Blade"],"picked":"Immolate","floor":22},{"not_picked":["Flex","Havoc"],"picked":"Hemokinesis+1","floor":23},{"not_picked":["Combust","Blood for Blood","Whirlwind"],"picked":"SKIP","floor":27},{"not_picked":["Second Wind+1","Clothesline"],"picked":"Shockwave","floor":28},{"not_picked":["Spot Weakness","Hemokinesis","Anger"],"picked":"SKIP","floor":29},{"not_picked":["Wild Strike","Rupture"],"picked":"Armaments+1","floor":31},{"not_picked":["Limit Break","Impervious"],"picked":"Demon Form","floor":33},{"not_picked":["Pommel Strike","Iron Wave","Seeing Red+1"],"picked":"SKIP","floor":35},{"not_picked":["Anger","Cleave+1"],"picked":"Battle Trance","floor":36},{"not_picked":["Dual Wield+1","Anger+1"],"picked":"Shrug It Off+1","floor":38},{"not_picked":["Second Wind+1","Infernal Blade+1"],"picked":"Body Slam+1","floor":39},{"not_picked":["The Bomb","Discovery"],"picked":"Apotheosis","floor":41},{"not_picked":["Reaper","Thunderclap"],"picked":"Feel No Pain+1","floor":46},{"not_picked":["Armaments","Sever Soul+1"],"picked":"Bludgeon","floor":48},{"not_picked":["Pummel+1","True Grit"],"picked":"Armaments+1","floor":54}],"player_experience":309580,"relics_obtained":[{"floor":5.0,"key":"Self Forming Clay"},{"floor":6.0,"key":"Meat on the Bone"},{"floor":8.0,"key":"Bag of Marbles"},{"floor":9.0,"key":"Mummified Hand"},{"floor":12,"key":"PreservedInsect"},{"floor":23,"key":"Torii"},{"floor":29,"key":"Shuriken"},{"floor":37,"key":"Potion Belt"},{"floor":38,"key":"Old Coin"},{"floor":39,"key":"Dead Branch"},{"floor":43,"key":"Red Skull"},{"floor":44,"key":"Boot"},{"floor":46,"key":"Eternal Feather"},{"floor":48,"key":"Orichalcum"},{"floor":54,"key":"War Paint"}],"event_choices":[{"damage_healed":0.0,"max_hp_gain":0.0,"max_hp_loss":0.0,"gold_gain":0.0,"event_name":"Shining Light","player_choice":"Entered Light","floor":2.0,"gold_loss":0.0,"damage_taken":16.0,"cards_upgraded":["Defend_R","Bash"]},{"damage_healed":0,"gold_gain":0,"player_choice":"Ignored","damage_taken":0,"max_hp_gain":0,"max_hp_loss":0,"event_name":"Ghosts","floor":19,"gold_loss":0},{"damage_healed":0,"gold_gain":0,"player_choice":"Bought 0 Potions","damage_taken":0,"max_hp_gain":0,"max_hp_loss":0,"event_name":"The Woman in Blue","floor":20,"gold_loss":0},{"damage_healed":0,"gold_gain":0,"player_choice":"Fight","damage_taken":0,"max_hp_gain":0,"max_hp_loss":0,"event_name":"MindBloom","floor":38,"gold_loss":0},{"damage_healed":0,"gold_gain":0,"player_choice":"Fight","damage_taken":0,"max_hp_gain":0,"max_hp_loss":0,"event_name":"Mysterious Sphere","floor":39,"gold_loss":0},{"damage_healed":0,"gold_gain":0,"player_choice":"Memory 3","damage_taken":10,"max_hp_gain":0,"max_hp_loss":0,"event_name":"SensoryStone","floor":41,"gold_loss":0}],"is_beta":false,"boss_relics":[{"not_picked":["Cursed Key","Runic Cube"],"picked":"Coffee Dripper"},{"not_picked":["Fusion Hammer","Velvet Choker"],"picked":"Astrolabe"}],"items_purged_floors":[47,53],"is_endless":false,"potions_floor_spawned":[1,8,12,16,22,28,29,31,33,35,39],"ascension_level":10}}