{"host":"y080dcqw8fj32q7d","time":1614186912,"event":{"mods":["AchievementEnabler","BaseMod","Colored Map","Colored Powertips","DeckTracker","Minty Spire (QoL Compilation)","Relic Sorter"],"gold_per_floor":[113,63,63,77,94,124,141,168,168,168,93,111,111,121,121,217,217,237,253,153,170,14,14,40,52,79,29,29,29,47,75,75,75,75],"floor_reached":33,"language":"ENG","playtime":1531,"items_purged":["Strike_R","Strike_R","Strike_R"],"score":312,"play_id":"ac84fc1c-1499-430f-a83e-790affbc437c","local_time":"20210224201512","is_ascension_mode":true,"campfire_choices":[{"floor":10.0,"key":"RECALL"},{"floor":13.0,"key":"DIG"},{"floor":15.0,"key":"DIG"},{"floor":23.0,"key":"DIG"},{"floor":32,"key":"REST"}],"circlet_count":0,"master_deck":["Defend_R","Defend_R","Defend_R","Bash","Pommel Strike","Shrug It Off","Bludgeon+1","Flame Barrier","Cleave","Immolate","Armaments+1","Demon Form","RitualDagger"],"relics":["Burning Blood","NeowsBlessing","Strawberry","Shovel","Ginger","Thread and Needle","Whetstone","Gremlin Horn","Empty Cage","Lantern","Charon\u0027s Ashes","Smiling Mask","CeramicFish"],"acts_visited":["Exordium","TheCity"],"potions_floor_usage":[31,31,33],"damage_taken":[{"damage":0.0,"enemies":"Jaw Worm","floor":1.0,"turns":1.0},{"damage":0.0,"enemies":"2 Louse","floor":4.0,"turns":1.0},{"damage":0.0,"enemies":"Small Slimes","floor":5.0,"turns":1.0},{"damage":49.0,"enemies":"Lagavulin","floor":6.0,"turns":6.0},{"damage":6.0,"enemies":"Exordium Wildlife","floor":7.0,"turns":5.0},{"damage":24.0,"enemies":"Gremlin Nob","floor":8.0,"turns":4.0},{"damage":8.0,"enemies":"Gremlin Gang","floor":12.0,"turns":5.0},{"damage":1.0,"enemies":"3 Louse","floor":14.0,"turns":3.0},{"damage":21.0,"enemies":"Slime Boss","floor":16.0,"turns":8.0},{"damage":26.0,"enemies":"Spheric Guardian","floor":18.0,"turns":6.0},{"damage":17.0,"enemies":"Chosen","floor":19.0,"turns":5.0},{"damage":0.0,"enemies":"3 Cultists","floor":21.0,"turns":3.0},{"damage":31.0,"enemies":"Slavers","floor":24.0,"turns":4.0},{"damage":0.0,"enemies":"Centurion and Healer","floor":25.0,"turns":6.0},{"damage":17.0,"enemies":"Cultist and Chosen","floor":30.0,"turns":6.0},{"damage":11,"enemies":"Book of Stabbing","floor":31,"turns":3},{"damage":47,"enemies":"Collector","floor":33,"turns":7}],"seed_played":"9076374961439079699","potions_obtained":[{"floor":5.0,"key":"DuplicationPotion"},{"floor":8.0,"key":"LiquidBronze"},{"floor":12.0,"key":"SteroidPotion"},{"floor":14.0,"key":"LiquidBronze"},{"floor":16.0,"key":"ColorlessPotion"},{"floor":21.0,"key":"Weak Potion"},{"floor":30.0,"key":"FearPotion"},{"floor":31,"key":"EssenceOfSteel"}],"is_trial":false,"path_per_floor":["M","?","?","M","M","E","M","E","T","R","$","M","R","M","R","B",null,"M","M","$","M","$","R","E","M","T","$","?","?","M","E","R","B"],"character_chosen":"IRONCLAD","items_purchased":["Lantern"],"campfire_rested":1,"item_purchase_floors":[22],"current_hp_per_floor":[80,80,80,86,87,44,44,26,26,26,26,24,24,29,29,14,87,67,56,56,62,62,62,37,43,43,43,43,37,26,21,47,0,0],"gold":75,"neow_bonus":"THREE_ENEMY_KILL","is_daily":false,"chose_seed":false,"campfire_upgraded":0,"win_rate":0.0,"timestamp":1614186912,"path_taken":["M","?","?","M","M","E","M","E","T","R","?","M","R","M","R","BOSS","M","M","$","M","$","R","E","M","T","$","?","?","?","E","R","BOSS"],"items_purchased_type":["Relic"],"build_version":"2020-12-22","purchased_purges":3,"victory":false,"max_hp_per_floor":[80,80,87,87,87,87,87,87,87,87,87,87,87,87,87,87,87,87,87,87,87,87,87,87,87,87,87,87,87,87,87,87,87,87],"card_choices":[{"not_picked":["Clash","Carnage","Havoc"],"picked":"SKIP","floor":1.0},{"not_picked":["Dropkick","Entrench"],"picked":"Pommel Strike","floor":4.0},{"not_picked":["Wild Strike","Shockwave","Dark Embrace"],"picked":"SKIP","floor":5.0},{"not_picked":["Dark Embrace","Iron Wave"],"picked":"Shrug It Off","floor":6.0},{"not_picked":["Clash","Havoc"],"picked":"Bludgeon","floor":7.0},{"not_picked":["Uppercut","Thunderclap"],"picked":"Flame Barrier","floor":8.0},{"not_picked":["Dropkick","Battle Trance","Dark Embrace"],"picked":"SKIP","floor":12.0},{"not_picked":["Sword Boomerang","Havoc"],"picked":"Cleave","floor":14.0},{"not_picked":["Limit Break","Juggernaut"],"picked":"Immolate","floor":16.0},{"not_picked":["Cleave+1","Body Slam+1"],"picked":"Armaments+1","floor":18.0},{"not_picked":["Intimidate","Perfected Strike","Thunderclap+1"],"picked":"SKIP","floor":19.0},{"not_picked":["Heavy Blade+1","Clothesline","Flex"],"picked":"SKIP","floor":21.0},{"not_picked":["Flex","Intimidate+1"],"picked":"Demon Form","floor":24.0},{"not_picked":["Shockwave","Headbutt","Clash"],"picked":"SKIP","floor":25.0},{"not_picked":["Thunderclap","Dual Wield+1","Inflame"],"picked":"SKIP","floor":30.0},{"not_picked":["Fiend Fire","Rage","Twin Strike"],"picked":"SKIP","floor":31}],"player_experience":373630,"relics_obtained":[{"floor":6.0,"key":"Shovel"},{"floor":8.0,"key":"Ginger"},{"floor":9.0,"key":"Thread and Needle"},{"floor":13.0,"key":"Whetstone"},{"floor":15.0,"key":"Gremlin Horn"},{"floor":23.0,"key":"Charon\u0027s Ashes"},{"floor":24.0,"key":"Smiling Mask"},{"floor":31,"key":"CeramicFish"}],"event_choices":[{"cards_removed":["Defend_R"],"damage_healed":0.0,"max_hp_gain":0.0,"max_hp_loss":0.0,"gold_gain":0.0,"event_name":"The Cleric","player_choice":"Card Removal","floor":2.0,"gold_loss":50.0,"damage_taken":0.0},{"damage_healed":0.0,"max_hp_gain":0.0,"max_hp_loss":0.0,"gold_gain":0.0,"event_name":"Scrap Ooze","player_choice":"Success","floor":3.0,"gold_loss":0.0,"damage_taken":7.0,"relics_obtained":["Strawberry"]},{"damage_healed":0.0,"max_hp_gain":0.0,"max_hp_loss":0.0,"gold_gain":0.0,"event_name":"Ghosts","player_choice":"Ignored","floor":28.0,"gold_loss":0.0,"damage_taken":0.0},{"damage_healed":0.0,"max_hp_gain":0.0,"max_hp_loss":0.0,"gold_gain":0.0,"event_name":"Nest","player_choice":"Joined the Cult","floor":29.0,"gold_loss":0.0,"damage_taken":6.0,"cards_obtained":["RitualDagger"]}],"is_beta":false,"boss_relics":[{"not_picked":["Busted Crown","Astrolabe"],"picked":"Empty Cage"}],"items_purged_floors":[11,20,27],"is_endless":false,"potions_floor_spawned":[5,8,12,14,16,21,30,31],"killed_by":"Collector","ascension_level":1}}