{"host":"et0ypqa1uh5c1j5j","time":1614165066,"event":{"mods":["BaseMod","Colored Map","Colored Powertips","Minty Spire (QoL Compilation)","Relic Stats","StSLib"],"gold_per_floor":[110,123,133,34,45,72,85,112,112,112,125,144,144,162,162,239,239,252,288,288,288,330,330,358,85,111,135,135,167,167,201,201,274,274,309,328,328,328,343,343,376,393,393,393,393],"floor_reached":44,"language":"ENG","playtime":4263,"items_purged":["Strike_P","Strike_P+1"],"score":1195,"play_id":"7a4f2b34-1cbe-463a-bbc4-fdbba022e7c7","local_time":"20210224111106","is_ascension_mode":true,"campfire_choices":[{"data":"Blasphemy","floor":15,"key":"SMITH"},{"floor":23,"key":"REST"},{"floor":30,"key":"REST"},{"floor":32,"key":"REST"},{"data":"SpiritShield","floor":40,"key":"SMITH"}],"circlet_count":0,"master_deck":["AscendersBane","Strike_P+1","Defend_P+1","Defend_P+1","Eruption+1","Vigilance+1","LessonLearned","Crescendo+1","WheelKick","FlurryOfBlows+1","MentalFortress+1","EmptyBody+1","DeceiveReality","CutThroughFate+1","Adaptation+1","Omniscience+1","BowlingBash+1","ClearTheMind+1","SashWhip+1","Blasphemy+1","Wish","EmptyFist","SandsOfTime+1","Necronomicurse","TalkToTheHand+1","WindmillStrike","FearNoEvil","TalkToTheHand","DeceiveReality","SpiritShield+1","Wireheading","Wallop","Omniscience+1","Consecrate","FlurryOfBlows+1"],"relics":["PureWater","Prayer Wheel","Sundial","Dream Catcher","VioletLotus","Necronomicon","Blood Vial","Strange Spoon","Bronze Scales","Ancient Tea Set","Blue Candle","TungstenRod","Runic Pyramid","Smiling Mask"],"acts_visited":["Exordium","TheCity","TheBeyond"],"potions_floor_usage":[6,6,16,24,29,31,44,44],"damage_taken":[{"damage":0,"enemies":"Jaw Worm","floor":1,"turns":5},{"damage":7,"enemies":"Cultist","floor":2,"turns":6},{"damage":0,"enemies":"Small Slimes","floor":3,"turns":3},{"damage":8,"enemies":"Exordium Thugs","floor":5,"turns":4},{"damage":16,"enemies":"3 Sentries","floor":6,"turns":5},{"damage":0,"enemies":"2 Fungi Beasts","floor":7,"turns":5},{"damage":2,"enemies":"Lagavulin","floor":8,"turns":8},{"damage":1,"enemies":"Blue Slaver","floor":11,"turns":4},{"damage":17,"enemies":"Gremlin Gang","floor":12,"turns":3},{"damage":2,"enemies":"Looter","floor":14,"turns":5},{"damage":35,"enemies":"Hexaghost","floor":16,"turns":11},{"damage":0,"enemies":"Spheric Guardian","floor":18,"turns":5},{"damage":9,"enemies":"2 Thieves","floor":19,"turns":4},{"damage":0,"enemies":"3 Cultists","floor":22,"turns":3},{"damage":23,"enemies":"Gremlin Leader","floor":24,"turns":4},{"damage":12,"enemies":"Slavers","floor":29,"turns":5},{"damage":18,"enemies":"Gremlin Leader","floor":31,"turns":6},{"damage":0,"enemies":"Champ","floor":33,"turns":10},{"damage":22,"enemies":"3 Shapes","floor":35,"turns":7},{"damage":10,"enemies":"Orb Walker","floor":36,"turns":3},{"damage":1,"enemies":"Transient","floor":39,"turns":6},{"damage":15,"enemies":"Giant Head","floor":41,"turns":8},{"damage":11,"enemies":"4 Shapes","floor":42,"turns":7},{"damage":39,"enemies":"Reptomancer","floor":44,"turns":2}],"seed_played":"-4341997774227783788","potions_obtained":[{"floor":1,"key":"StancePotion"},{"floor":5,"key":"EssenceOfSteel"},{"floor":6,"key":"FairyPotion"},{"floor":8,"key":"FearPotion"},{"floor":12,"key":"Regen Potion"},{"floor":16,"key":"SteroidPotion"},{"floor":24,"key":"DistilledChaos"},{"floor":29,"key":"SneckoOil"},{"floor":33,"key":"LiquidBronze"},{"floor":36,"key":"Explosive Potion"},{"floor":41,"key":"EntropicBrew"}],"is_trial":false,"path_per_floor":["M","M","M","$","M","E","M","E","T","?","M","M","?","M","R","B",null,"M","M","?","?","M","R","E","$","T","T","?","E","R","E","R","B",null,"M","M","?","?","M","R","E","M","T","E"],"character_chosen":"WATCHER","items_purchased":["FlurryOfBlows","Strange Spoon"],"campfire_rested":3,"item_purchase_floors":[4,25],"current_hp_per_floor":[61,54,54,54,46,30,30,28,28,28,27,10,10,8,8,11,54,54,45,45,24,24,44,21,21,21,21,21,11,31,15,35,37,60,40,32,56,56,55,55,41,32,32,0,0],"gold":393,"neow_bonus":"ONE_RANDOM_RARE_CARD","is_daily":false,"chose_seed":false,"campfire_upgraded":2,"win_rate":0.0,"timestamp":1614165066,"path_taken":["M","M","M","$","M","E","M","E","T","?","M","?","?","M","R","BOSS","M","M","?","?","M","R","E","$","T","?","?","E","R","E","R","BOSS","M","?","?","?","?","R","E","M","T","E"],"items_purchased_type":["Card","Relic"],"build_version":"2020-12-22","purchased_purges":2,"victory":false,"max_hp_per_floor":[68,68,68,68,68,68,68,68,68,68,68,68,68,68,68,68,68,68,68,68,68,68,68,68,68,68,68,68,68,68,68,68,68,68,68,68,56,56,56,56,56,56,56,56,56],"relic_stats":{"counters":[24,129],"Blue Candle":[0],"Smiling Mask":0,"Blood Vial":15,"Strange Spoon":[41],"Dream Catcher":3,"Sundial":[8],"Bronze Scales":[139],"Prayer Wheel":11,"VioletLotus":[28],"Necronomicon":[21],"obtain_stats":[{"Blue Candle":29,"Ancient Tea Set":27,"Smiling Mask":41,"Blood Vial":24,"Strange Spoon":25,"Dream Catcher":9,"Sundial":8,"Bronze Scales":26,"Prayer Wheel":6,"VioletLotus":17,"Necronomicon":21,"PureWater":0,"TungstenRod":31,"Runic Pyramid":34},{"Blue Candle":16,"Ancient Tea Set":15,"Smiling Mask":22,"Blood Vial":15,"Strange Spoon":15,"Dream Catcher":7,"Sundial":7,"Bronze Scales":15,"Prayer Wheel":5,"VioletLotus":11,"Necronomicon":13,"PureWater":0,"TungstenRod":17,"Runic Pyramid":18},{"Blue Candle":80,"Ancient Tea Set":75,"Smiling Mask":120,"Blood Vial":75,"Strange Spoon":75,"Dream Catcher":36,"Sundial":36,"Bronze Scales":75,"Prayer Wheel":23,"VioletLotus":59,"Necronomicon":68,"PureWater":0,"TungstenRod":86,"Runic Pyramid":96}],"TungstenRod":16},"card_choices":[{"not_picked":["Adaptation","SandsOfTime","SashWhip"],"picked":"SKIP","floor":1},{"not_picked":["Prostrate","Vengeance"],"picked":"Crescendo","floor":2},{"not_picked":["Evaluate","DeceiveReality"],"picked":"WheelKick","floor":3},{"not_picked":["Perseverance","Evaluate"],"picked":"MentalFortress","floor":5},{"not_picked":["Weave","ConjureBlade"],"picked":"EmptyBody","floor":6},{"not_picked":["FollowUp","PathToVictory"],"picked":"DeceiveReality","floor":7},{"not_picked":["FlyingSleeves","Prostrate"],"picked":"CutThroughFate","floor":7},{"not_picked":["Worship","WreathOfFlame"],"picked":"Adaptation","floor":8},{"not_picked":["JustLucky","Crescendo"],"picked":"Omniscience","floor":11},{"not_picked":["FlyingSleeves","JustLucky"],"picked":"BowlingBash","floor":11},{"not_picked":["ForeignInfluence","DeceiveReality"],"picked":"ClearTheMind","floor":12},{"not_picked":["JustLucky","Collect","Prostrate"],"picked":"SKIP","floor":12},{"not_picked":["SandsOfTime","CrushJoints"],"picked":"Blasphemy","floor":14},{"not_picked":["MentalFortress","BowlingBash","ReachHeaven"],"picked":"SKIP","floor":14},{"not_picked":["Ragnarok","SpiritShield"],"picked":"Wish","floor":16},{"not_picked":["CrushJoints","Study"],"picked":"EmptyFist","floor":18},{"not_picked":["ClearTheMind","SashWhip","Adaptation"],"picked":"SKIP","floor":18},{"not_picked":["WreathOfFlame","SashWhip"],"picked":"SandsOfTime","floor":19},{"not_picked":["Swivel","EmptyBody","SashWhip"],"picked":"SKIP","floor":19},{"not_picked":["EmptyBody","Judgement"],"picked":"TalkToTheHand","floor":22},{"not_picked":["Adaptation","Consecrate","Worship"],"picked":"SKIP","floor":22},{"not_picked":["Protect+1","Prostrate"],"picked":"WindmillStrike","floor":24},{"not_picked":["Wireheading","ThirdEye"],"picked":"FearNoEvil","floor":29},{"not_picked":["InnerPeace","Halt"],"picked":"TalkToTheHand","floor":30},{"not_picked":["Evaluate","Conclude"],"picked":"DeceiveReality","floor":31},{"not_picked":["Judgement","ConjureBlade"],"picked":"SpiritShield","floor":33},{"not_picked":["FollowUp","JustLucky"],"picked":"Wireheading","floor":35},{"not_picked":["BowlingBash","CutThroughFate"],"picked":"Wallop","floor":35},{"not_picked":["Pray","SashWhip","ClearTheMind+1"],"picked":"SKIP","floor":36},{"not_picked":["Worship","PathToVictory","BowlingBash"],"picked":"SKIP","floor":36},{"not_picked":["PathToVictory+1","EmptyFist"],"picked":"Consecrate","floor":39},{"not_picked":["Sanctity","BowlingBash","ThirdEye"],"picked":"SKIP","floor":39},{"not_picked":["Wireheading","Indignation","Vengeance"],"picked":"SKIP","floor":41},{"not_picked":["FollowUp+1","JustLucky"],"picked":"FlurryOfBlows+1","floor":42},{"not_picked":["Perseverance","CutThroughFate","Study"],"picked":"SKIP","floor":42}],"player_experience":493273,"relics_obtained":[{"floor":6,"key":"Prayer Wheel"},{"floor":8,"key":"Sundial"},{"floor":9,"key":"Dream Catcher"},{"floor":21,"key":"Necronomicon"},{"floor":24,"key":"Blood Vial"},{"floor":26,"key":"Bronze Scales"},{"floor":27,"key":"Ancient Tea Set"},{"floor":29,"key":"Blue Candle"},{"floor":31,"key":"TungstenRod"},{"floor":41,"key":"Smiling Mask"}],"event_choices":[{"cards_removed":["Strike_P"],"damage_healed":0,"gold_gain":0,"player_choice":"Card Removal","damage_taken":0,"max_hp_gain":0,"max_hp_loss":0,"event_name":"Wheel of Change","floor":10,"gold_loss":0},{"damage_healed":0,"gold_gain":0,"cards_transformed":["Defend_P"],"player_choice":"Transformed","damage_taken":0,"max_hp_gain":0,"max_hp_loss":0,"event_name":"Transmorgrifier","floor":13,"gold_loss":0,"cards_obtained":["SashWhip"]},{"cards_removed":["Defend_P"],"damage_healed":0,"gold_gain":0,"player_choice":"Elegance","damage_taken":0,"max_hp_gain":0,"max_hp_loss":0,"event_name":"Back to Basics","floor":20,"gold_loss":0},{"damage_healed":0,"gold_gain":0,"player_choice":"Obtained Book","damage_taken":21,"max_hp_gain":0,"max_hp_loss":0,"event_name":"Cursed Tome","floor":21,"gold_loss":0},{"damage_healed":0,"gold_gain":0,"player_choice":"Forge","damage_taken":0,"max_hp_gain":0,"max_hp_loss":0,"event_name":"Accursed Blacksmith","floor":28,"gold_loss":0,"cards_upgraded":["TalkToTheHand"]},{"damage_healed":56,"gold_gain":0,"player_choice":"Heal","damage_taken":0,"max_hp_gain":0,"max_hp_loss":12,"event_name":"The Moai Head","floor":37,"gold_loss":0},{"damage_healed":0,"gold_gain":0,"player_choice":"Copied","damage_taken":0,"max_hp_gain":0,"max_hp_loss":0,"event_name":"Duplicator","floor":38,"gold_loss":0,"cards_obtained":["Omniscience"]}],"is_beta":false,"boss_relics":[{"not_picked":["Tiny House","Black Star"],"picked":"VioletLotus"},{"not_picked":["Coffee Dripper","Velvet Choker"],"picked":"Runic Pyramid"}],"items_purged_floors":[4,25],"is_endless":false,"potions_floor_spawned":[1,5,6,8,12,16,24,29,33,36,41],"killed_by":"Reptomancer","ascension_level":20}}