{"host":"qy6st0zp32tctd9l","time":1614178053,"event":{"mods":["BaseMod","Colored Map","Downfall","GifTheSpireLib","Hermit","Marisa£®ÏF”Í°°ƒß¿Ì…≥£©","Minty Spire (QoL Compilation)","Remilia£®¿Ÿ√◊¿Ú—«£©","Robot Space Explorer","StSLib","The Cursed","The Gatherer","The Marked","UnlockEverythingMod","[GremlinLeader]The Maniac"],"gold_per_floor":[13,32,48,223,233,258,258,258,258],"floor_reached":8,"language":"ZHS","playtime":330,"items_purged":[],"score":67,"play_id":"d325aac5-65e0-4125-9d34-8834b7b20504","local_time":"20210224224733","is_ascension_mode":true,"campfire_choices":[{"floor":7,"key":"REST"}],"circlet_count":0,"master_deck":["hermit:Strike_Hermit","hermit:Strike_Hermit","hermit:Strike_Hermit","hermit:Strike_Hermit","hermit:Defend_Hermit","hermit:Defend_Hermit","hermit:Defend_Hermit","hermit:Defend_Hermit","hermit:Snapshot","hermit:Covet","hermit:HighCaliber","hermit:GhostlyPresence","hermit:Cheat","Doubt","hermit:Misfire"],"relics":["hermit:Momento","Turnip","hermit:Horseshoe"],"acts_visited":["Exordium"],"potions_floor_usage":[6],"damage_taken":[{"damage":5,"enemies":"2 Louse","floor":1,"turns":3},{"damage":2,"enemies":"Small Slimes","floor":2,"turns":4},{"damage":0,"enemies":"Cultist","floor":3,"turns":3},{"damage":8,"enemies":"Exordium Wildlife","floor":5,"turns":4},{"damage":64,"enemies":"3 Sentries","floor":6,"turns":13},{"damage":31,"enemies":"Gremlin Nob","floor":8,"turns":4}],"seed_played":"5748843637653006050","potions_obtained":[{"floor":5,"key":"Regen Potion"}],"is_trial":false,"path_per_floor":["M","M","M","?","M","E","R","E"],"character_chosen":"HERMIT","items_purchased":[],"campfire_rested":1,"item_purchase_floors":[],"current_hp_per_floor":[70,68,68,68,60,11,33,2,2],"gold":258,"neow_bonus":"ONE_RARE_RELIC","is_daily":false,"chose_seed":false,"campfire_upgraded":0,"win_rate":0.0,"timestamp":1614178053,"path_taken":["M","M","M","?","M","E","R","E"],"items_purchased_type":[],"build_version":"2020-12-22","purchased_purges":0,"victory":false,"max_hp_per_floor":[75,75,75,75,75,75,75,75,75],"card_choices":[{"not_picked":["hermit:Snipe","hermit:Manifest"],"picked":"hermit:HighCaliber","floor":1},{"not_picked":["hermit:Ricochet","hermit:DeadMansHand"],"picked":"hermit:GhostlyPresence","floor":2},{"not_picked":["hermit:WideOpen","hermit:Headshot"],"picked":"hermit:Cheat","floor":3},{"not_picked":["hermit:EyeOfTheStorm","hermit:SprayPray","hermit:BodyArmor"],"picked":"SKIP","floor":5},{"not_picked":["hermit:ShadowCloak","hermit:Ricochet"],"picked":"hermit:Misfire","floor":6}],"player_experience":167177,"relics_obtained":[{"floor":6,"key":"hermit:Horseshoe"}],"event_choices":[{"damage_healed":0,"gold_gain":175,"player_choice":"AGREE","damage_taken":0,"max_hp_gain":0,"max_hp_loss":0,"event_name":"Liars Game","floor":4,"gold_loss":0,"cards_obtained":["Doubt"]}],"is_beta":false,"boss_relics":[],"items_purged_floors":[],"is_endless":false,"potions_floor_spawned":[5],"killed_by":"Gremlin Nob","ascension_level":3}}