{"host":"4b06nrmhsmzqjm1r","time":1614204177,"event":{"mods":["2.2 Compatiblity","AchievementEnabler","BaseMod","BetterRewards","Colored Map","Colored Powertips","Hermit","Highlight Path","Minty Spire (QoL Compilation)","StSLib","The Cursed"],"gold_per_floor":[109,128,128,141,70,121,121,159,183,217,167,228,268,303,303,401,401,432,531,531,181,193,218,251,251,251,261,261,261,261,261],"floor_reached":30,"language":"ENG","playtime":2864,"items_purged":["Strike_P"],"score":252,"play_id":"dae795a6-d944-4282-a87f-8fda756621a5","local_time":"20210224230257","is_ascension_mode":false,"campfire_choices":[{"floor":7.0,"key":"REST"},{"floor":15.0,"key":"REST"},{"floor":25,"key":"REST"},{"floor":28,"key":"REST"}],"circlet_count":0,"master_deck":["Defend_P","Defend_P","Defend_P","Defend_P","Eruption","Vigilance","HandOfGreed","PathToVictory","Wireheading","ClearTheMind","Secret Technique","JustLucky","Evaluate","FollowUp","Crescendo","JustLucky","Weave","SashWhip","CutThroughFate","Evaluate","Weave","Devotion","Prostrate","DevaForm","Weave","PathToVictory","CutThroughFate","Protect+1","Halt+1"],"relics":["PureWater","Dead Branch","Bag of Marbles","Nunchaku","Omamori","Black Star","Pantograph","Toxic Egg 2","Gremlin Horn"],"acts_visited":["TheCity"],"potions_floor_usage":[23,24,30],"damage_taken":[{"damage":6.0,"enemies":"Jaw Worm","floor":1.0,"turns":4.0},{"damage":0.0,"enemies":"2 Louse","floor":2.0,"turns":2.0},{"damage":3.0,"enemies":"Small Slimes","floor":4.0,"turns":3.0},{"damage":41.0,"enemies":"Gremlin Nob","floor":6.0,"turns":5.0},{"damage":0.0,"enemies":"2 Fungi Beasts","floor":8.0,"turns":2.0},{"damage":16.0,"enemies":"Exordium Thugs","floor":10.0,"turns":3.0},{"damage":0.0,"enemies":"Blue Slaver","floor":13.0,"turns":2.0},{"damage":6.0,"enemies":"3 Louse","floor":14.0,"turns":2.0},{"damage":28.0,"enemies":"The Guardian","floor":16.0,"turns":7.0},{"damage":29,"enemies":"2 Thieves","floor":18,"turns":3},{"damage":8,"enemies":"3 Byrds","floor":22,"turns":4},{"damage":30,"enemies":"Book of Stabbing","floor":23,"turns":3},{"damage":1,"enemies":"Centurion and Healer","floor":24,"turns":3},{"damage":11,"enemies":"Sentry and Sphere","floor":27,"turns":5},{"damage":37,"enemies":"Gremlin Leader","floor":30,"turns":4}],"seed_played":"8247827459872708920","potions_obtained":[{"floor":2.0,"key":"PowerPotion"},{"floor":13.0,"key":"Weak Potion"},{"floor":14.0,"key":"Strength Potion"},{"floor":23,"key":"DuplicationPotion"},{"floor":27,"key":"SkillPotion"}],"is_trial":false,"path_per_floor":["M","M","?","M","$","E","R","M","T","M","?","?","M","M","R","B",null,"M","?","?","$","M","E","M","R","T","M","R","?","E"],"character_chosen":"WATCHER","items_purchased":["LessonLearned","HandOfGreed","PathToVictory","Wireheading","Crescendo","JustLucky","PathToVictory","Pantograph"],"campfire_rested":4,"item_purchase_floors":[0,0,0,0,5,5,21,21],"current_hp_per_floor":[34,34,58,55,55,14,35,35,35,19,19,19,19,13,34,6,72,43,43,43,43,35,5,4,25,25,14,35,35,0,0],"gold":261,"neow_bonus":"","is_daily":false,"chose_seed":false,"campfire_upgraded":0,"win_rate":0.0,"timestamp":1614204177,"path_taken":["M","M","?","M","$","E","R","M","T","M","?","?","?","M","R","BOSS","M","?","?","$","M","E","M","R","T","?","R","?","E"],"items_purchased_type":["Card","Card","Card","Card","Card","Card","Card","Relic"],"build_version":"2020-12-22","purchased_purges":1,"victory":false,"max_hp_per_floor":[72,72,72,72,72,72,72,72,72,72,72,72,72,72,72,72,72,72,72,72,72,72,72,72,72,72,72,72,72,72,72],"card_choices":[{"not_picked":["BowlingBash","EmptyFist"],"picked":"JustLucky","floor":1.0},{"not_picked":["Protect","CarveReality"],"picked":"Evaluate","floor":2.0},{"not_picked":["Consecrate","ClearTheMind"],"picked":"FollowUp","floor":4.0},{"not_picked":["Sanctity","FlurryOfBlows"],"picked":"Weave","floor":6.0},{"not_picked":["Crescendo","BowlingBash"],"picked":"SashWhip","floor":8.0},{"not_picked":["SpiritShield","FlurryOfBlows"],"picked":"CutThroughFate","floor":10.0},{"not_picked":["WreathOfFlame","SashWhip"],"picked":"Evaluate","floor":13.0},{"not_picked":["Prostrate","FlyingSleeves"],"picked":"Weave","floor":14.0},{"not_picked":["Scrawl","Judgement"],"picked":"Devotion","floor":16.0},{"not_picked":["BattleHymn+1","FlyingSleeves"],"picked":"Prostrate","floor":18},{"not_picked":["SashWhip+1","JustLucky"],"picked":"CutThroughFate","floor":22},{"not_picked":["FlyingSleeves","CarveReality"],"picked":"Protect+1","floor":23},{"not_picked":["Study","Consecrate+1"],"picked":"Halt+1","floor":24},{"not_picked":["Adaptation","FollowUp+1","Scrawl+1"],"picked":"SKIP","floor":27}],"player_experience":230433,"relics_obtained":[{"floor":6.0,"key":"Nunchaku"},{"floor":9.0,"key":"Omamori"},{"floor":23,"key":"Toxic Egg 2"},{"floor":23,"key":"Gremlin Horn"}],"event_choices":[{"damage_healed":24.0,"max_hp_gain":0.0,"max_hp_loss":0.0,"gold_gain":0.0,"event_name":"Big Fish","player_choice":"Banana","floor":3.0,"gold_loss":0.0,"damage_taken":0.0},{"cards_removed":["Strike_P"],"damage_healed":0.0,"max_hp_gain":0.0,"max_hp_loss":0.0,"gold_gain":0.0,"event_name":"The Cleric","player_choice":"Card Removal","floor":11.0,"gold_loss":50.0,"damage_taken":0.0},{"damage_healed":0.0,"max_hp_gain":0.0,"max_hp_loss":0.0,"gold_gain":61.0,"event_name":"Golden Wing","player_choice":"Gained Gold","floor":12.0,"gold_loss":0.0,"damage_taken":0.0},{"damage_healed":0,"gold_gain":99,"player_choice":"Stole From Cult","damage_taken":0,"max_hp_gain":0,"max_hp_loss":0,"event_name":"Nest","floor":19,"gold_loss":0},{"damage_healed":0,"gold_gain":0,"cards_transformed":["Strike_P","Strike_P"],"player_choice":"Became Test Subject","damage_taken":0,"max_hp_gain":0,"max_hp_loss":0,"event_name":"Drug Dealer","floor":20,"gold_loss":0,"cards_obtained":["DevaForm","Weave"]},{"damage_healed":0,"gold_gain":0,"player_choice":"Ignored","damage_taken":0,"max_hp_gain":0,"max_hp_loss":0,"event_name":"Vampires","floor":29,"gold_loss":0}],"is_beta":false,"boss_relics":[{"not_picked":["Philosopher\u0027s Stone","Runic Dome"],"picked":"Black Star"}],"items_purged_floors":[21],"is_endless":false,"potions_floor_spawned":[2,13,14,23,27],"killed_by":"Gremlin Leader","ascension_level":0}}