{"host":"Vert","time":1614182616,"event":{"mods":["AlwaysNeverKeys","BaseMod","Better Note","Colored Powertips","Hermit","Marisa????????","Minty Spire (QoL Compilation)","Replay The Spire","StSLib","Td1madao Mod","The Gatherer","The Marked","The Servant 0.9.4","Transform Curses"],"gold_per_floor":[114,114,69,89,105,136,136,147,196,215,239,248,276,295,295,409,409,431,454,482,482,30,30,30,51,98,132,132,166,186,212,212,324,333,362,154,195,39,39,39,39,39,57,116,116,130,130,55,55,55,55],"floor_reached":50,"language":"ENG","playtime":3198,"items_purged":["Replay:Sluggish"],"score":714,"play_id":"dee2ff2a-cf8e-45b3-b466-e3313e9deda0","local_time":"20210224190336","is_ascension_mode":false,"campfire_choices":[{"data":"MysteriousBeam","floor":7,"key":"SMITH"},{"floor":15,"key":"REST"},{"data":"MilkyWay","floor":23,"key":"SMITH"},{"floor":28,"key":"REST"},{"data":"MilkyWay","floor":32,"key":"SMITH"},{"data":"MilkyWay","floor":40,"key":"SMITH"},{"floor":41,"key":"RECALL"},{"data":"MilkyWay","floor":45,"key":"SMITH"},{"data":"LuminesStrike","floor":47,"key":"SMITH"}],"circlet_count":0,"master_deck":["Strike_MRS","Strike_MRS","Strike_MRS","Defend_MRS","Defend_MRS","Defend_MRS","MasterSpark+1","UpSweep","MilkyWay+1","MeteoricShower+1","MilkyWay+1","Orbital+1","MysteriousBeam+1","ManaConvection","NonDirectionalLaser","EarthLightRay","CasketOfStar+1","RefractionSpark","MilkyWay+1","BinaryStars+1","UnstableBomb","MilkyWay+1","Pot Of Greed+1","Pot Of Greed+1","MachineGunSpark+1","MachineGunSpark+1","Pot Of Greed+1","MysteriousBeam+1","WitchLeyline","LuminesStrike+1","SporeBomb","UnstableBomb","MeteoricShower+1","BigCrunch+1","CurseOfTheBell","WitchOfGreed","MilkyWay+1","Pot Of Greed","FinalSpark+1"],"relics":["MiniHakkero","BreadOfAWashokuLover","CeramicFish","Honey Jar","Lantern","Grinning Jar","Golden Egg","Regal Pillow","Simple Rune","Blood Vial","Replay:Grab Bag","Sozu","Cursed Key","Calling Bell","War Paint","Garlic","WingedGreaves","Guide Book","Pet Ghost","MealTicket"],"acts_visited":["Exordium","TheCity","TheBeyond"],"potions_floor_usage":[6,13,16,16,27,27,27,42],"damage_taken":[{"damage":0,"enemies":"Small Slimes","floor":1,"turns":3},{"damage":0,"enemies":"Jaw Worm","floor":4,"turns":3},{"damage":1,"enemies":"Cultist","floor":5,"turns":3},{"damage":18,"enemies":"3 Sentries","floor":6,"turns":4},{"damage":18,"enemies":"Lots of Slimes","floor":8,"turns":3},{"damage":0,"enemies":"Exordium Wildlife","floor":10,"turns":3},{"damage":5,"enemies":"Looter","floor":11,"turns":2},{"damage":13,"enemies":"Exordium Thugs","floor":13,"turns":3},{"damage":7,"enemies":"Blue Slaver","floor":14,"turns":2},{"damage":2,"enemies":"Fading Forest","floor":16,"turns":11},{"damage":25,"enemies":"2 Thieves","floor":18,"turns":3},{"damage":0,"enemies":"Chosen","floor":20,"turns":3},{"damage":11,"enemies":"3 Cultists","floor":25,"turns":4},{"damage":37,"enemies":"Gremlin Leader","floor":27,"turns":5},{"damage":15,"enemies":"Book of Stabbing","floor":29,"turns":3},{"damage":0,"enemies":"Snecko","floor":30,"turns":2},{"damage":8,"enemies":"Chosen and Byrds","floor":31,"turns":3},{"damage":0,"enemies":"Automaton","floor":33,"turns":3},{"damage":12,"enemies":"Orb Walker","floor":35,"turns":2},{"damage":7,"enemies":"3 Darklings","floor":37,"turns":3},{"damage":0,"enemies":"Writhing Mass","floor":42,"turns":2},{"damage":0,"enemies":"R_Hoarder","floor":44,"turns":4},{"damage":0,"enemies":"Maw","floor":46,"turns":1},{"damage":84,"enemies":"Awakened One","floor":50,"turns":6}],"seed_played":"-5424662805515764918","potions_obtained":[{"floor":4,"key":"PowerPotion"},{"floor":8,"key":"Block Potion"},{"floor":11,"key":"Dexterity Potion"},{"floor":13,"key":"SpeedPotion"},{"floor":14,"key":"SkillPotion"},{"floor":20,"key":"SkillPotion"},{"floor":25,"key":"SkillPotion"},{"floor":31,"key":"SmokeBomb"}],"is_trial":false,"path_per_floor":["M","?","$","M","M","E","R","M","T","M","M","?","M","M","R","B",null,"M","T","M","?","$","R","?","M","T","E","R","E","M","M","R","B",null,"M","$","M","$","?","R","R","M","T","E","R","M","R","$","R","B"],"character_chosen":"MARISA","items_purchased":["MilkyWay","Grinning Jar","Golden Egg","MachineGunSpark","MysteriousBeam","Guide Book","Singularity","Pet Ghost"],"campfire_rested":2,"item_purchase_floors":[3,22,22,22,22,36,36,38],"current_hp_per_floor":[75,75,75,75,74,56,56,38,38,38,33,33,24,21,43,50,75,50,50,54,75,75,75,75,64,64,36,73,58,62,60,60,66,75,67,67,62,62,62,62,62,69,69,75,75,75,75,75,75,0,0],"gold":55,"neow_bonus":"RANDOM_EVENT","is_daily":false,"chose_seed":false,"campfire_upgraded":6,"win_rate":0.0,"timestamp":1614182616,"path_taken":["M","?","$","M","M","E","R","M","T","M","M","?","M","M","R","BOSS","M","?","?","?","?","R","?","M","T","E","R","E","M","M","R","BOSS","M","?","?","$","?","R","R","M","T","E","R","M","R","?","R","BOSS"],"items_purchased_type":["Card","Relic","Relic","Card","Card","Relic","Card","Relic"],"build_version":"2020-12-18","purchased_purges":1,"victory":false,"max_hp_per_floor":[75,75,75,75,75,75,75,75,75,75,75,75,75,75,75,75,75,75,75,75,75,75,75,75,75,75,75,75,75,75,75,75,75,75,75,75,75,75,75,75,75,75,75,75,75,75,75,75,75,75,75],"card_choices":[{"not_picked":["DarkMatter","DC"],"picked":"MilkyWay","floor":1},{"not_picked":["DragonMeteor","MilkyWay"],"picked":"Orbital","floor":4},{"not_picked":["ChargingUp","LuminesStrike"],"picked":"MysteriousBeam","floor":5},{"not_picked":["MeteoricShower","LuminesStrike","GrandCross"],"picked":"SKIP","floor":6},{"not_picked":["EnergyRecoil","SprinkleStarSeal"],"picked":"ManaConvection","floor":8},{"not_picked":["StarBarrage","GrandCross"],"picked":"NonDirectionalLaser","floor":10},{"not_picked":["StarDustReverie","BlazeAway"],"picked":"EarthLightRay","floor":11},{"not_picked":["NonDirectionalLaser","MysteriousBeam"],"picked":"RefractionSpark","floor":13},{"not_picked":["MysteriousBeam","GalacticHalo"],"picked":"MilkyWay","floor":14},{"not_picked":["StarDustReverie","ManaRampage"],"picked":"BinaryStars","floor":16},{"not_picked":["DarkMatter","MysteriousBeam","GravityBeat"],"picked":"UnstableBomb","floor":18},{"not_picked":["IllusionStar","GrandCross","MysteriousBeam"],"picked":"MilkyWay+1","floor":20},{"not_picked":["DarkMatter","OpenUniverse+1","EnergyFlow"],"picked":"WitchLeyline","floor":25},{"not_picked":["6A","SuperNova","DC"],"picked":"LuminesStrike","floor":27},{"not_picked":["ChargingUp","Occultation","GalacticHalo"],"picked":"SporeBomb","floor":29},{"not_picked":["StarlightTyphoon","ChargingUp+1","Acceleration"],"picked":"UnstableBomb","floor":30},{"not_picked":["WitchLeyline","RefractionSpark","WitchOfGreed+1"],"picked":"MeteoricShower+1","floor":31},{"not_picked":["AbsoluteMagnitude","MaximisePower","ManaRampage"],"picked":"BigCrunch","floor":33},{"not_picked":["GrandCross+1","NonDirectionalLaser","LuminesStrike"],"picked":"WitchOfGreed","floor":35},{"not_picked":["FairyDestructionRay","LuminesStrike","PowerUp"],"picked":"MilkyWay","floor":37},{"not_picked":["OneTimeOff+1","DarkMatter+1","LuminesStrike+1"],"picked":"FinalSpark","floor":44},{"not_picked":["Robbery","EnergyRecoil+1","WitchLeyline+1","Occultation+1"],"picked":"SKIP","floor":46},{"not_picked":["Robbery","EnergyRecoil+1","WitchLeyline+1","Occultation+1"],"picked":"SKIP","floor":46}],"player_experience":541151,"relics_obtained":[{"floor":6,"key":"BreadOfAWashokuLover"},{"floor":9,"key":"CeramicFish"},{"floor":19,"key":"Lantern"},{"floor":26,"key":"Regal Pillow"},{"floor":27,"key":"Simple Rune"},{"floor":29,"key":"Blood Vial"},{"floor":34,"key":"War Paint"},{"floor":34,"key":"Garlic"},{"floor":34,"key":"WingedGreaves"},{"floor":44,"key":"MealTicket"}],"event_choices":[{"damage_healed":0,"gold_gain":0,"player_choice":"Grow","damage_taken":0,"max_hp_gain":0,"max_hp_loss":0,"event_name":"Living Wall","floor":0,"gold_loss":0,"cards_upgraded":["MasterSpark"]},{"damage_healed":0,"gold_gain":0,"cards_transformed":["Strike_MRS"],"player_choice":"Transformed","damage_taken":0,"max_hp_gain":0,"max_hp_loss":0,"event_name":"Transmorgrifier","floor":12,"gold_loss":0,"cards_obtained":["CasketOfStar"]},{"damage_healed":21,"gold_gain":0,"player_choice":"Full Heal","damage_taken":0,"max_hp_gain":0,"max_hp_loss":0,"event_name":"Wheel of Change","floor":21,"gold_loss":0},{"damage_healed":0,"gold_gain":0,"player_choice":"Upgraded","damage_taken":0,"max_hp_gain":0,"max_hp_loss":0,"event_name":"Upgrade Shrine","floor":24,"gold_loss":0,"cards_upgraded":["Orbital"]},{"cards_removed":["Singularity"],"damage_healed":0,"gold_gain":0,"player_choice":"Removed Power","damage_taken":0,"max_hp_gain":0,"max_hp_loss":0,"event_name":"Falling","floor":39,"gold_loss":0}],"is_beta":true,"boss_relics":[{"not_picked":["Fusion Hammer","Coffee Dripper"],"picked":"Honey Jar"},{"not_picked":["Philosopher\u0027s Stone","Astrolabe"],"picked":"Replay:Grab Bag"},{"not_picked":["Replay:Bronze Core","Painkiller Herb"],"picked":"Sozu"},{"not_picked":["ReplayTheSpireMod:Onyx Gauntlets","Replay:Wanted Poster"],"picked":"Cursed Key"},{"not_picked":["Snecko Eye","Replay:Drink Me"],"picked":"Calling Bell"}],"items_purged_floors":[48],"is_endless":false,"potions_floor_spawned":[4,8,11,13,14,20,25,31,37,42,44],"killed_by":"Awakened One","ascension_level":0}}