{"host":"t6r1isv2bex5ovch","time":1614152144,"event":{"mods":["AchievementEnabler","Act Like it!","Aspiration","BaseMod","Better Altar","Better Match","Better Note","Better Sensory Stone","Better Skull","Better Third Choice","Better Vampires","Bossed Relics","Colored Powertips","Displayed Cursed Tome","Evolution","Fox Events","Hubris","Minty Spire (QoL Compilation)","RRrroohrrRGHHhhh!!","Reliquary","Ruina","StSLib"],"gold_per_floor":[114,132,57,69,69,98,108,8,8,8,8,108,140,151,151,151,151],"floor_reached":16,"language":"ENG","playtime":859,"items_purged":["Strike_B","Strike_B"],"score":132,"play_id":"a4c8b4dd-4301-4ca3-a9a2-b0cd31cfbffa","local_time":"20210224183544","is_ascension_mode":true,"campfire_choices":[{"floor":10,"key":"RECALL"},{"data":"Electrodynamics","floor":15,"key":"SMITH"}],"circlet_count":0,"master_deck":["rorgmod:LRU Cache","Strike_B","Defend_B","Defend_B","Defend_B","Defend_B","Zap","Dualcast","Ball Lightning","rorgmod:Fusion","Electrodynamics+1"],"relics":["Cracked Core","EVO:Axolotl","Blood Vial","reliquary:Boomerang","Oddly Smooth Stone"],"acts_visited":["Exordium"],"potions_floor_usage":[6,6],"damage_taken":[{"damage":7.0,"enemies":"Jaw Worm","floor":1.0,"turns":2.0},{"damage":0.0,"enemies":"Small Slimes","floor":2.0,"turns":2.0},{"damage":1.0,"enemies":"Cultist","floor":4.0,"turns":3.0},{"damage":18,"enemies":"3 Sentries","floor":6,"turns":6},{"damage":12,"enemies":"Looter","floor":7,"turns":3},{"damage":35,"enemies":"Lagavulin","floor":13,"turns":5},{"damage":10,"enemies":"Lots of Slimes","floor":14,"turns":2},{"damage":9,"enemies":"Hexaghost","floor":16,"turns":9}],"seed_played":"3364282050062812217","potions_obtained":[{"floor":2.0,"key":"Fire Potion"},{"floor":4.0,"key":"Block Potion"}],"is_trial":false,"path_per_floor":["M","M","$","M","?","E","M","$","T","R","T","?","E","M","R","B"],"character_chosen":"DEFECT","items_purchased":[],"campfire_rested":0,"item_purchase_floors":[],"current_hp_per_floor":[75,75,75,74,74,56,46,46,46,46,46,46,13,5,5,0,0],"gold":151,"neow_bonus":"TEN_PERCENT_HP_BONUS","is_daily":false,"chose_seed":false,"campfire_upgraded":1,"win_rate":0.0,"timestamp":1614152144,"path_taken":["M","M","$","M","?","E","M","$","T","R","?","?","E","M","R","BOSS"],"items_purchased_type":[],"build_version":"2020-12-22","purchased_purges":2,"victory":false,"max_hp_per_floor":[82,82,82,82,82,82,82,82,82,82,82,82,82,82,82,82,82],"card_choices":[{"not_picked":["rorgmod:Leap","Hologram","Skim"],"picked":"SKIP","floor":1.0},{"not_picked":["Cold Snap","Capacitor","Doom and Gloom"],"picked":"SKIP","floor":2.0},{"not_picked":["Streamline","rorgmod:Leap"],"picked":"Ball Lightning","floor":4.0},{"not_picked":["Sweeping Beam","rorgmod:Overcurrent"],"picked":"rorgmod:Fusion","floor":6},{"not_picked":["hubris:Ukulele","Reinforced Body","rorgmod:Fuse Blower"],"picked":"SKIP","floor":7},{"not_picked":["hubris:Ukulele","Reinforced Body","rorgmod:Fuse Blower"],"picked":"SKIP","floor":7},{"not_picked":["Cold Snap","Rebound"],"picked":"Electrodynamics","floor":13},{"not_picked":["rorgmod:Centralize","Force Field","Compile Driver"],"picked":"SKIP","floor":14}],"player_experience":404673,"relics_obtained":[{"floor":6,"key":"Blood Vial"},{"floor":11,"key":"reliquary:Boomerang"},{"floor":13,"key":"Oddly Smooth Stone"}],"event_choices":[{"damage_healed":0,"gold_gain":100,"player_choice":"Pray","damage_taken":0,"max_hp_gain":0,"max_hp_loss":0,"event_name":"Golden Shrine","floor":12,"gold_loss":0}],"is_beta":false,"boss_relics":[],"items_purged_floors":[3,8],"is_endless":false,"potions_floor_spawned":[2,4],"killed_by":"Hexaghost","ascension_level":4}}