{"host":"v6biu77h43umse0l","time":1614171202,"event":{"mods":["BaseMod","DeckTracker","Lobotomy","Minty Spire (QoL Compilation)","StSLib","SuperFastMode"],"gold_per_floor":[112,126,51,326,340,340,356,256,280,280,298,326,201,201,201,201,201],"floor_reached":16,"language":"KOR","playtime":609,"items_purged":["Strike_R","Regret","Strike_R"],"score":120,"play_id":"4b202dc7-23ea-47ed-b0b7-f7687e57db89","local_time":"20210224215322","is_ascension_mode":true,"campfire_choices":[{"data":"Sword Boomerang","floor":6,"key":"SMITH"},{"data":"Metallicize","floor":10,"key":"SMITH"},{"floor":15,"key":"REST"}],"circlet_count":0,"master_deck":["Strike_R","Strike_R+1","Strike_R","Defend_R","Defend_R","Defend_R","Defend_R","Bash","MeatLantern","Metallicize+1","FieryBird","Sword Boomerang+1","QueenOfHatred","Infernal Blade","MHz","Shrug It Off+1","BeautyBeast","Seeing Red","LittleHelper","Feel No Pain"],"relics":["Burning Blood","CogitoBucket","Juzu Bracelet","Oddly Smooth Stone"],"acts_visited":["Exordium"],"potions_floor_usage":[],"damage_taken":[{"damage":8,"enemies":"2 Louse","floor":1,"turns":2},{"damage":0,"enemies":"Cultist","floor":2,"turns":3},{"damage":9,"enemies":"Small Slimes","floor":5,"turns":4},{"damage":8,"enemies":"Exordium Wildlife","floor":7,"turns":2},{"damage":12,"enemies":"Gremlin Gang","floor":11,"turns":5},{"damage":50,"enemies":"Lagavulin","floor":12,"turns":8},{"damage":46,"enemies":"Hexaghost","floor":16,"turns":9}],"seed_played":"-1375186219707992159","potions_obtained":[{"floor":1,"key":"Dexterity Potion"},{"floor":2,"key":"Weak Potion"},{"floor":5,"key":"Dexterity Potion"}],"is_trial":false,"path_per_floor":["M","M","$","?","M","R","M","$","T","R","M","E","$","?","R","B"],"character_chosen":"IRONCLAD","items_purchased":[],"campfire_rested":1,"item_purchase_floors":[],"current_hp_per_floor":[78,80,80,80,77,77,75,75,75,75,69,25,25,9,33,0,0],"gold":201,"neow_bonus":"","is_daily":false,"chose_seed":false,"campfire_upgraded":2,"win_rate":0.0,"timestamp":1614171202,"path_taken":["M","M","$","?","?","R","M","$","T","R","M","E","?","?","R","BOSS"],"items_purchased_type":[],"build_version":"2020-12-22","purchased_purges":3,"victory":false,"max_hp_per_floor":[80,80,80,80,80,80,80,80,80,80,80,80,80,80,80,80,80],"card_choices":[{"not_picked":["NakedNest","CENSORED"],"picked":"MeatLantern","floor":1},{"not_picked":["Dark Embrace","Flex"],"picked":"Metallicize","floor":1},{"not_picked":["CrumblingArmor","VoidDream"],"picked":"FieryBird","floor":2},{"not_picked":["Clash","Havoc"],"picked":"Sword Boomerang","floor":2},{"not_picked":["GalaxyChild","Bloodbath"],"picked":"QueenOfHatred","floor":5},{"not_picked":["Perfected Strike","Wild Strike"],"picked":"Infernal Blade","floor":5},{"not_picked":["LaLuna","SingingMachine"],"picked":"MHz","floor":7},{"not_picked":["Battle Trance","Sword Boomerang"],"picked":"Shrug It Off","floor":7},{"not_picked":["Bloodbath","UniverseFragment"],"picked":"BeautyBeast","floor":11},{"not_picked":["Disarm","Rampage"],"picked":"Seeing Red","floor":11},{"not_picked":["CrumblingArmor","UniverseFragment"],"picked":"LittleHelper","floor":12},{"not_picked":["Thunderclap","Fire Breathing"],"picked":"Feel No Pain","floor":12}],"player_experience":383397,"relics_obtained":[{"floor":9,"key":"Juzu Bracelet"},{"floor":12,"key":"Oddly Smooth Stone"}],"event_choices":[{"damage_healed":0,"gold_gain":275,"player_choice":"Desecrate","damage_taken":0,"max_hp_gain":0,"max_hp_loss":0,"event_name":"Golden Shrine","floor":4,"gold_loss":0,"cards_obtained":["Regret"]},{"damage_healed":0,"gold_gain":0,"player_choice":"Entered Light","damage_taken":16,"max_hp_gain":0,"max_hp_loss":0,"event_name":"Shining Light","floor":14,"gold_loss":0,"cards_upgraded":["Strike_R","Shrug It Off"]}],"is_beta":false,"boss_relics":[],"items_purged_floors":[3,8,13],"is_endless":false,"potions_floor_spawned":[1,2,5],"killed_by":"Hexaghost","ascension_level":4}}