{"host":"faxec7zdkweurczj","time":1614173634,"event":{"mods":["Ascension Reborn","BaseMod","Colored Powertips","Conspire","Highlight Path","Minty Spire (QoL Compilation)","Replay The Spire","Shop Mod","StSLib","TestMod","[IsaacMod]ÒÔÈö¼âËþ","óô»ðÖ¸ÄÏ"],"gold_per_floor":[112,149,149,149,167,201,201,218,218,236,258,133,133,167,167,291,291,315,333,280,399,399,441,296,296,296,336,349,391,400,424,301,419,419,442,500,651,665,665,665,665,702,715,752,752,782,819,832,832,844,1013,1013,1013,1013,1042,1077,1077],"floor_reached":58,"language":"ZHS","playtime":1954,"items_purged":["Strike_R+1","Strike_R+1","Regret","Strike_R+1","Strike_R+1","SuicideKing","Defend_R+1"],"score":400,"play_id":"9cc25446-f6e7-43a6-ad04-fa546bd3fcce","local_time":"20210224213354","is_ascension_mode":true,"campfire_choices":[{"data":"Thunderclap","floor":7,"key":"SMITH"},{"floor":15,"key":"RECALL"},{"data":"Body Slam","floor":25,"key":"SMITH"}],"circlet_count":0,"master_deck":["Defend_R+1","Defend_R+1","Defend_R+1","Bash+1","Cleave+1","Body Slam+1","Thunderclap+1","Body Slam+1","Metallicize+1","Demon Form+1","Entrench+1","Limit Break+1","Heavy Blade+1","Metallicize+1","Metallicize+1","Inflame+1","Parasite"],"relics":["Burning Blood","testmod-TestBox","HushsDoor","testmod-Alchemist","SteamSale","NeowsBlessing","Bag of Marbles","testmod-OneHitWonder","DeathBook","Lee\u0027s Waffle","Replay:WaspNest","Replay:PocketPolymizer","Mark of Pain","ReplayTheSpireMod:CursedCoin","Bottled Lightning","Golden Egg","MutagenicStrength","Toy Ornithopter","testmod-Maize","Sling","testmod-CrystalShield","BelialBook","MerchantsRug","testmod-Register","ReplayTheSpireMod:Lightbulb","Membership Card","Orichalcum","Bronze Scales","conspire:GlowingRock","testmod-CasingShield","testmod-Antiphasic","testmod-EqualTreatment","ReplayTheSpireMod:Ninjato","testmod-Charity","Thread and Needle","Art of War","Quantum Egg","DoctorsRemote","Boot","Question Card","Magic Flower","King of Hearts","Replay:Accelerometer","Garlic","testmod-LifeArmor","conspire:BottledYoYo","testmod-AssaultLearning","Happy Flower","Pondfish Scales","HowToJump","ReplayFunnel","ClockworkSouvenir","Strawberry","Chameleon Ring","TheBattery","Oddly Smooth Stone","CaptainsWheel","BlankCard"],"acts_visited":["Exordium","TheCity","TheBeyond","TheEnding"],"potions_floor_usage":[6,6,16,16,23,29,29,29,29,29,29,33,33,57,57,57,57,57,57,57,57,57,57],"damage_taken":[{"damage":0,"enemies":"Cultist","floor":1,"turns":1},{"damage":0,"enemies":"2 Louse","floor":5,"turns":1},{"damage":0,"enemies":"3 Sentries","floor":6,"turns":1},{"damage":0,"enemies":"Small Slimes","floor":8,"turns":1},{"damage":0,"enemies":"Blue Slaver","floor":10,"turns":1},{"damage":0,"enemies":"Looter","floor":11,"turns":1},{"damage":0,"enemies":"Lagavulin","floor":14,"turns":3},{"damage":0,"enemies":"The Guardian","floor":16,"turns":6},{"damage":0,"enemies":"3 Byrds","floor":18,"turns":3},{"damage":0,"enemies":"conspire:FuzzyDice","floor":19,"turns":4},{"damage":0,"enemies":"Gremlin Leader","floor":23,"turns":3},{"damage":0,"enemies":"Slavers","floor":27,"turns":1},{"damage":0,"enemies":"Snake Plant","floor":28,"turns":2},{"damage":0,"enemies":"Replay:Snechameleon","floor":29,"turns":3},{"damage":0,"enemies":"Sentry and Sphere","floor":31,"turns":3},{"damage":0,"enemies":"Automaton","floor":33,"turns":4},{"damage":0,"enemies":"Orb Walker","floor":35,"turns":2},{"damage":0,"enemies":"2 Orb Walkers","floor":36,"turns":1},{"damage":0,"enemies":"3 Shapes","floor":38,"turns":1},{"damage":0,"enemies":"Nemesis","floor":42,"turns":3},{"damage":0,"enemies":"3 Darklings","floor":43,"turns":3},{"damage":0,"enemies":"R_Hoarder","floor":44,"turns":2},{"damage":0,"enemies":"Giant Head","floor":46,"turns":4},{"damage":0,"enemies":"conspire:MimicChest","floor":47,"turns":2},{"damage":0,"enemies":"Maw","floor":48,"turns":4},{"damage":0,"enemies":"Jaw Worm Horde","floor":50,"turns":1},{"damage":0,"enemies":"Time Eater","floor":52,"turns":4},{"damage":0,"enemies":"Shield and Spear","floor":56,"turns":3},{"damage":0,"enemies":"Delirium","floor":57,"turns":9}],"seed_played":"1049469737695318435","potions_obtained":[{"floor":1,"key":"EntropicBrew"},{"floor":5,"key":"Adrenaline Potion"},{"floor":6,"key":"Fire Potion"},{"floor":6,"key":"FearPotion"},{"floor":10,"key":"EssenceOfSteel"},{"floor":23,"key":"EntropicBrew"},{"floor":31,"key":"Swift Potion"},{"floor":44,"key":"Ancient Potion"},{"floor":44,"key":"Block Potion"},{"floor":46,"key":"Strength Potion"},{"floor":50,"key":"Dexterity Potion"}],"is_trial":false,"path_per_floor":["M","?","?","?","M","E","R","M","T","M","M","$","?","E","R","B",null,"M","M","$","?","?","E","$","R","T","E","M","E","$","M","R","B",null,"M","?","$","M","PTL","PTL","$","E","M","E","T","E","?","M","$","M","R","B",null,"R","$","E","B",null],"character_chosen":"IRONCLAD","items_purchased":["Lee\u0027s Waffle","EssenceOfSteel","testmod-SpacePotion","Damocles","ReplayTheSpireMod:CursedCoin","Bottled Lightning","Golden Egg","Sling","Metallicize","BelialBook","LiquidBronze","MerchantsRug","testmod-Register","Membership Card","Orichalcum","Bronze Scales","Strength Potion","EssenceOfSteel","testmod-EqualTreatment","testmod-Charity","Thread and Needle","EssenceOfSteel","testmod-AssaultLearning","Happy Flower","Inflame","HowToJump","ReplayFunnel","ClockworkSouvenir","Strawberry","Chameleon Ring","TheBattery","Oddly Smooth Stone","LiquidBronze","CaptainsWheel"],"campfire_rested":0,"item_purchase_floors":[12,12,17,17,20,20,20,24,24,30,30,30,30,32,32,32,32,34,37,41,41,41,49,49,49,51,51,51,54,54,54,55,55,55],"current_hp_per_floor":[85,64,64,49,57,65,65,73,73,81,85,92,92,92,92,97,79,79,79,79,79,79,79,79,79,79,79,79,79,79,79,79,84,81,81,81,81,81,81,81,81,82,83,84,84,85,86,87,87,88,90,95,95,102,103,104,109],"gold":1077,"neow_bonus":"THREE_ENEMY_KILL","is_daily":false,"chose_seed":false,"campfire_upgraded":2,"win_rate":0.0,"timestamp":1614173634,"path_taken":["M","?","?","?","M","E","R","M","T","M","M","$","?","E","R","BOSS","M","M","?","?","?","E","?","R","T","E","M","E","$","M","R","BOSS","M","?","$","M","PTL","PTL","$","E","?","E","T","E","?","M","?","M","R","BOSS","R","$","E","BOSS"],"items_purchased_type":["Relic","Potion","Potion","Relic","Relic","Relic","Relic","Relic","Card","Relic","Potion","Relic","Relic","Relic","Relic","Relic","Potion","Potion","Relic","Relic","Relic","Potion","Relic","Relic","Card","Relic","Relic","Relic","Relic","Relic","Relic","Relic","Potion","Relic"],"build_version":"2020-12-22","purchased_purges":7,"victory":true,"max_hp_per_floor":[85,85,85,85,85,85,85,85,85,85,85,92,92,92,92,97,79,79,79,79,79,79,79,79,79,79,79,79,79,79,79,79,84,81,81,81,81,81,81,81,81,82,83,84,84,85,86,87,87,88,90,95,95,102,103,104,109],"card_choices":[{"not_picked":[],"picked":"SuicideKing","floor":0},{"not_picked":["True Grit","Wild Strike"],"picked":"Cleave","floor":1},{"not_picked":["Rupture","Battle Trance","Clash"],"picked":"SKIP","floor":5},{"not_picked":["Sword Boomerang+1","Headbutt"],"picked":"Body Slam+1","floor":6},{"not_picked":["Corruption","Anger"],"picked":"Thunderclap","floor":6},{"not_picked":["ReplayTheSpireMod:Corrosion Curse","Dual Wield","Shrug It Off"],"picked":"SKIP","floor":8},{"not_picked":["Anger","Blood for Blood","Dropkick+1"],"picked":"SKIP","floor":10},{"not_picked":["Defy Death","Evolve","Iron Wave"],"picked":"SKIP","floor":11},{"not_picked":["Clash","Clothesline+1","ReplayTheSpireMod:Stacked"],"picked":"SKIP","floor":14},{"not_picked":["Anger","Infernal Blade+1","ReplayReversal"],"picked":"SKIP","floor":14},{"not_picked":["Replay:Undeath\u0027s Touch","Fire Breathing"],"picked":"Body Slam","floor":18},{"not_picked":["Power Through","Intimidate","Sword Boomerang"],"picked":"SKIP","floor":19},{"not_picked":["Ghostly Armor+1","Dark Embrace","Body Slam+1"],"picked":"SKIP","floor":23},{"not_picked":["Uppercut+1","Clash+1","Abandon"],"picked":"SKIP","floor":27},{"not_picked":["ReplayTheSpireMod:Stacked","Body Slam","Replay:Undeath\u0027s Touch"],"picked":"SKIP","floor":28},{"not_picked":["Juggernaut","Demonic Infusion"],"picked":"Demon Form","floor":29},{"not_picked":["Searing Blow+1","Heavy Blade"],"picked":"Entrench+1","floor":29},{"not_picked":["Twin Strike","Feel No Pain+1","Seeing Red"],"picked":"SKIP","floor":31},{"not_picked":["Demon Form","Juggernaut"],"picked":"Limit Break","floor":33},{"not_picked":["Pommel Strike+1","Evolve+1","conspire:Charge"],"picked":"SKIP","floor":35},{"not_picked":["Sword Boomerang","Flame Barrier+1"],"picked":"Heavy Blade+1","floor":38},{"not_picked":["Eclipse","Twin Strike+1"],"picked":"Metallicize+1","floor":42},{"not_picked":["True Grit+1","Clothesline+1","Whirlwind+1"],"picked":"SKIP","floor":43},{"not_picked":["Sever Soul+1","Inflame+1"],"picked":"Metallicize+1","floor":44},{"not_picked":["Body Slam+1","Headbutt+1","Dark Embrace+1","Shockwave"],"picked":"SKIP","floor":46},{"not_picked":["Clothesline+1","Run Through+1","Ghostly Armor","Iron Wave+1"],"picked":"SKIP","floor":48},{"not_picked":["Whirlwind+1","conspire:ExplosiveBarrier+1","Run Through+1","Power Through+1"],"picked":"SKIP","floor":50},{"not_picked":["conspire:Purge","Fire Breathing+1","Headbutt","ReplayTheSpireMod:Corrosion Curse"],"picked":"SKIP","floor":56}],"player_experience":1259602,"relics_obtained":[{"floor":6,"key":"Bag of Marbles"},{"floor":9,"key":"testmod-OneHitWonder"},{"floor":10,"key":"DeathBook"},{"floor":14,"key":"Replay:WaspNest"},{"floor":16,"key":"Replay:PocketPolymizer"},{"floor":18,"key":"WingedGreaves"},{"floor":23,"key":"Toy Ornithopter"},{"floor":23,"key":"testmod-Maize"},{"floor":26,"key":"testmod-CrystalShield"},{"floor":26,"key":"Whetstone"},{"floor":27,"key":"MealTicket"},{"floor":28,"key":"Darkstone Periapt"},{"floor":29,"key":"MawBank"},{"floor":29,"key":"conspire:GiftBox"},{"floor":31,"key":"ReplayTheSpireMod:Lightbulb"},{"floor":33,"key":"conspire:GlowingRock"},{"floor":36,"key":"testmod-CasingShield"},{"floor":36,"key":"testmod-Antiphasic"},{"floor":38,"key":"ReplayTheSpireMod:Ninjato"},{"floor":42,"key":"Art of War"},{"floor":42,"key":"Quantum Egg"},{"floor":43,"key":"DoctorsRemote"},{"floor":44,"key":"Boot"},{"floor":44,"key":"Question Card"},{"floor":45,"key":"Magic Flower"},{"floor":46,"key":"King of Hearts"},{"floor":46,"key":"Replay:Accelerometer"},{"floor":47,"key":"Garlic"},{"floor":47,"key":"testmod-LifeArmor"},{"floor":48,"key":"conspire:BottledYoYo"},{"floor":50,"key":"Pondfish Scales"},{"floor":56,"key":"BlankCard"}],"event_choices":[{"cards_removed":["Strike_R"],"damage_healed":0,"gold_gain":0,"player_choice":"Purged","damage_taken":0,"max_hp_gain":0,"max_hp_loss":0,"event_name":"Purifier","floor":13,"gold_loss":0},{"damage_healed":0,"gold_gain":99,"player_choice":"Stole From Cult","damage_taken":0,"max_hp_gain":0,"max_hp_loss":0,"event_name":"Nest","floor":21,"gold_loss":0},{"damage_healed":0,"gold_gain":0,"player_choice":"Inject Mutagens","damage_taken":0,"relics_obtained":["MutagenicStrength"],"max_hp_gain":0,"max_hp_loss":0,"event_name":"Drug Dealer","floor":22,"gold_loss":0},{"damage_healed":0,"gold_gain":0,"player_choice":"Fight","damage_taken":0,"max_hp_gain":0,"max_hp_loss":0,"event_name":"Mysterious Sphere","floor":36,"gold_loss":0}],"is_beta":false,"boss_relics":[{"not_picked":["testmod-EnergyCheck","Honey Jar"],"picked":"Mark of Pain"},{"not_picked":[]},{"not_picked":["Calling Bell","ReplayTheSpireMod:DimensionalGlitch"],"picked":"Runic Dome"},{"not_picked":[]}],"items_purged_floors":[12,17,20,24,30,49,55],"is_endless":false,"potions_floor_spawned":[1,6,16,18,19,31,33,35,36,38,44,46],"ascension_level":-20}}