{"host":"hszimsrtxxc2k25w","time":1614201805,"event":{"mods":["AchievementEnabler","BaseMod","Colored Map","DeckTracker","Minty Spire (QoL Compilation)","Rare Cards Sparkle","SuperFastMode"],"gold_per_floor":[364,132,132,148,163,163,176,176,176,176,176,190,262,83,83,159,159,159,159],"floor_reached":18,"language":"KOR","playtime":357,"items_purged":["Strike_R","Strike_R"],"score":300,"play_id":"27db8ca5-dc3e-4666-b58a-fff768750751","local_time":"20210225062325","is_ascension_mode":true,"campfire_choices":[{"data":"Evolve","floor":6,"key":"SMITH"},{"data":"Feed","floor":10,"key":"SMITH"},{"data":"Rampage","floor":15,"key":"SMITH"}],"circlet_count":0,"master_deck":["AscendersBane","Strike_R+1","Strike_R","Defend_R+1","Defend_R","Defend_R","Defend_R","Bash","Fire Breathing","Shrug It Off","Feed+1","Evolve+1","Feel No Pain","Rampage+1","Second Wind","Barricade"],"relics":["Burning Blood","Orrery","Sundial","Darkstone Periapt","Ectoplasm"],"acts_visited":["Exordium","TheCity"],"potions_floor_usage":[16,16,18],"damage_taken":[{"damage":9,"enemies":"Jaw Worm","floor":1,"turns":4},{"damage":7,"enemies":"Small Slimes","floor":4,"turns":3},{"damage":0,"enemies":"2 Louse","floor":5,"turns":3},{"damage":18,"enemies":"Looter","floor":7,"turns":4},{"damage":9,"enemies":"Exordium Wildlife","floor":12,"turns":5},{"damage":42,"enemies":"The Guardian","floor":16,"turns":9},{"damage":28,"enemies":"3 Byrds","floor":18,"turns":4}],"seed_played":"-1190220281011281275","potions_obtained":[{"floor":4,"key":"LiquidMemories"},{"floor":7,"key":"SkillPotion"},{"floor":16,"key":"SkillPotion"}],"is_trial":false,"path_per_floor":["M","$","?","M","M","R","M","?","T","R","?","M","T","$","R","B",null,"M"],"character_chosen":"IRONCLAD","items_purchased":["Orrery","Second Wind"],"campfire_rested":0,"item_purchase_floors":[2,14],"current_hp_per_floor":[65,65,70,72,79,79,70,70,70,70,45,46,46,46,46,10,67,39,39],"gold":159,"neow_bonus":"TWO_FIFTY_GOLD","is_daily":false,"chose_seed":false,"campfire_upgraded":3,"win_rate":0.0,"timestamp":1614201805,"path_taken":["M","$","?","M","M","R","M","?","T","R","?","M","?","?","R","BOSS","M"],"items_purchased_type":["Relic","Card"],"build_version":"2020-12-22","purchased_purges":2,"victory":false,"max_hp_per_floor":[68,68,73,76,79,79,82,82,82,82,82,86,86,86,86,86,86,86,86],"card_choices":[{"not_picked":["Cleave","True Grit"],"picked":"Fire Breathing","floor":1},{"not_picked":["Headbutt","True Grit"],"picked":"Shrug It Off","floor":2},{"not_picked":["Infernal Blade","Pommel Strike"],"picked":"Feed","floor":2},{"not_picked":["Shrug It Off","Whirlwind","Inflame"],"picked":"SKIP","floor":4},{"not_picked":["Warcry","Clash"],"picked":"Evolve","floor":5},{"not_picked":["Heavy Blade","Flex"],"picked":"Feel No Pain","floor":7},{"not_picked":["Flex","Reaper","Spot Weakness"],"picked":"SKIP","floor":12},{"not_picked":["Impervious","Reaper"],"picked":"Barricade","floor":16}],"player_experience":706474,"relics_obtained":[{"floor":9,"key":"Sundial"},{"floor":13,"key":"Darkstone Periapt"}],"event_choices":[{"damage_healed":0,"gold_gain":0,"player_choice":"Donut","damage_taken":0,"max_hp_gain":5,"max_hp_loss":0,"event_name":"Big Fish","floor":3,"gold_loss":0},{"damage_healed":0,"gold_gain":0,"cards_transformed":["Strike_R"],"player_choice":"Change","damage_taken":0,"max_hp_gain":0,"max_hp_loss":0,"event_name":"Living Wall","floor":8,"gold_loss":0,"cards_obtained":["Rampage"]},{"damage_healed":0,"gold_gain":0,"player_choice":"Entered Light","damage_taken":25,"max_hp_gain":0,"max_hp_loss":0,"event_name":"Shining Light","floor":11,"gold_loss":0,"cards_upgraded":["Strike_R","Defend_R"]}],"is_beta":false,"boss_relics":[{"not_picked":["Busted Crown","Runic Cube"],"picked":"Ectoplasm"}],"items_purged_floors":[2,14],"is_endless":false,"potions_floor_spawned":[4,7,16],"killed_by":"3 Byrds","ascension_level":20}}