{"host":"9dq5hqb6tzwgr8n9","time":1614147917,"event":{"mods":["ATMod(°¢èªMod)","Act Like it!","BaseMod","Better Third Choice","GifTheSpireLib","Minty Spire (QoL Compilation)","Reliquary","RyuuouÁúÍõ","StSLib","¡¾ÒÅÎï¿¨ÅÆ¡¿REMEMod","óô»ðÖ¸ÄÏ"],"gold_per_floor":[114,39,54,69,169,199,229,79,154,154,179,194,224,239,239,319,279,294,309,274,289,299,49,49,144,144,44,44,59,59,74,74,174,174,189,204,54,69,84,84,114,189,189,229,229,359,96,136,136,81],"floor_reached":51,"language":"ZHS","playtime":2411,"items_purged":["Strike_R","Strike_R","Shame"],"score":935,"play_id":"c2ef82b4-7f5d-49d7-946e-f9d6daceb66b","local_time":"20210224142517","daily_mods":["Heirloom","Colorless Cards","DeadlyEvents"],"is_ascension_mode":false,"campfire_choices":[{"data":"Armaments","floor":10.0,"key":"SMITH"},{"floor":15.0,"key":"REST"},{"data":"Secret Technique","floor":24,"key":"SMITH"},{"data":"AT_IchimonjiDouble","floor":28,"key":"SMITH"},{"data":"Transmutation","floor":32,"key":"SMITH"},{"floor":40,"key":"REST"},{"floor":43,"key":"REST"},{"data":"AT_ShrugMaster","floor":49,"key":"SMITH"}],"circlet_count":0,"master_deck":["Strike_R","Strike_R","Strike_R","Defend_R","Defend_R","Defend_R","Defend_R","Bash","Secret Technique+1","REME_FirmDetermination","Dramatic Entrance","REME_TheoryOfElimination","Armaments+1","Shrug It Off","Jack Of All Trades","Perfected Strike","REME_SingleHolding","REME_ShortnessOfBreath","Shrug It Off","Transmutation+1","Armaments+1","AT_BodySlamDance","Secret Weapon","Flex+1","AT_IchimonjiDouble+1","AT_CaressingTears+1","Finesse","REME_Scribble+1","Juggernaut","Warcry+1","Shrug It Off+1","Warcry+1","Shrug It Off","AT_ShrugMaster+1","AT_BodySlamDance+1","AT_BodySlamDance","Madness","Madness","Flash of Steel+1","Deep Breath","AT_BodySlamDance","AT_ShrugMaster+1"],"relics":["Burning Blood","AT_ATBox","REME_ComplimentaryCards","Prayer Wheel","Matryoshka","reliquary:Vitrine","REME_OnlineShoppingPlatform","Art of War","Singing Bowl","Regal Pillow","REME_PuzzleBoxRelic","AT_ArcaneBoots","Runic Dome","reliquary:Vitrine","reliquary:PorcupineQuills","REME_LimitBreaker","reliquary:RedCape","reliquary:FerryPass","AT_MibuBalloonWealth","AT_RedTearstoneRing"],"acts_visited":["Exordium","TheCity","TheBeyond"],"potions_floor_usage":[16,17,17,20,20,20,20,22,50,50,50,50],"damage_taken":[{"damage":0.0,"enemies":"Cultist","floor":1.0,"turns":2.0},{"damage":1.0,"enemies":"Jaw Worm","floor":3.0,"turns":2.0},{"damage":0.0,"enemies":"2 Louse","floor":4.0,"turns":2.0},{"damage":26.0,"enemies":"Lagavulin","floor":6.0,"turns":5.0},{"damage":14.0,"enemies":"Gremlin Nob","floor":7.0,"turns":3.0},{"damage":0.0,"enemies":"Blue Slaver","floor":12.0,"turns":2.0},{"damage":31.0,"enemies":"Lagavulin","floor":13.0,"turns":4.0},{"damage":0.0,"enemies":"3 Louse","floor":14.0,"turns":1.0},{"damage":30,"enemies":"The Guardian","floor":16,"turns":10},{"damage":19,"enemies":"Spheric Guardian","floor":18,"turns":4},{"damage":20,"enemies":"2 Thieves","floor":19,"turns":4},{"damage":5,"enemies":"Snecko","floor":20,"turns":3},{"damage":7,"enemies":"Centurion and Healer","floor":21,"turns":2},{"damage":0,"enemies":"Snake Plant","floor":22,"turns":2},{"damage":22,"enemies":"Cultist and Chosen","floor":25,"turns":5},{"damage":9,"enemies":"3 Cultists","floor":29,"turns":4},{"damage":0,"enemies":"Centurion and Healer","floor":31,"turns":3},{"damage":57,"enemies":"Automaton","floor":33,"turns":6},{"damage":4,"enemies":"3 Shapes","floor":35,"turns":2},{"damage":28,"enemies":"3 Darklings","floor":36,"turns":3},{"damage":27,"enemies":"Maw","floor":38,"turns":7},{"damage":34,"enemies":"Jaw Worm Horde","floor":39,"turns":5},{"damage":16,"enemies":"Giant Head","floor":41,"turns":6},{"damage":37,"enemies":"4 Shapes","floor":42,"turns":4},{"damage":6,"enemies":"Spire Growth","floor":44,"turns":4},{"damage":17,"enemies":"Reptomancer","floor":46,"turns":4},{"damage":13,"enemies":"Writhing Mass","floor":48,"turns":4},{"damage":34,"enemies":"Time Eater","floor":50,"turns":7}],"seed_played":"1986488565424594500","potions_obtained":[{"floor":3.0,"key":"GamblersBrew"},{"floor":7.0,"key":"ElixirPotion"}],"is_trial":false,"path_per_floor":["M","$","M","M","?","E","E","R","T","R","T","M","E","M","R","B",null,"M","M","M","M","M","R","R","M","T","$","R","M","?","M","R","B",null,"M","M","$","M","M","R","E","M","R","M","?","E","R","M","R","B",null],"character_chosen":"IRONCLAD","items_purchased":["REME_OnlineShoppingPlatform","reliquary:SculptingSteel","reliquary:FerryPass","Deep Breath","AT_BodySlamDance"],"campfire_rested":3,"item_purchase_floors":[8,23,37,47,47],"current_hp_per_floor":[80,80,80,80,80,60,52,52,52,52,52,58,33,43,83,59,89,80,66,87,88,94,94,94,80,80,80,80,81,81,103,103,55,106,110,93,93,79,48,99,92,67,119,121,105,97,97,87,87,111],"gold":81,"neow_bonus":"","is_daily":true,"chose_seed":false,"campfire_upgraded":5,"win_rate":0.0,"timestamp":1614147917,"path_taken":["M","?","M","M","?","E","?","R","T","R","?","M","E","M","R","BOSS","M","M","M","M","M","E","R","M","T","$","R","M","?","M","R","BOSS","M","M","$","M","M","R","E","M","T","M","?","E","R","M","R","BOSS"],"items_purchased_type":["Relic","Relic","Relic","Card","Card"],"build_version":"2020-12-22","purchased_purges":3,"victory":true,"max_hp_per_floor":[80,80,80,80,80,80,80,80,80,80,80,80,80,84,84,84,89,93,93,95,97,97,97,97,99,99,99,99,103,103,103,103,106,106,110,115,115,118,121,121,124,124,124,126,126,129,129,134,134,134],"card_choices":[{"not_picked":["Armaments","Heavy Blade"],"picked":"REME_FirmDetermination","floor":1.0},{"not_picked":["Sword Boomerang","Good Instincts"],"picked":"Dramatic Entrance","floor":1.0},{"not_picked":["Dropkick","Havoc"],"picked":"REME_TheoryOfElimination","floor":3.0},{"not_picked":["AT_IchimonjiDouble","Body Slam"],"picked":"Armaments","floor":3.0},{"not_picked":["Wild Strike","Reckless Charge"],"picked":"Shrug It Off","floor":4.0},{"not_picked":["Evolve","Cleave"],"picked":"Jack Of All Trades","floor":4.0},{"not_picked":["Feel No Pain","Headbutt"],"picked":"Perfected Strike","floor":6.0},{"not_picked":["Mind Blast","Cleave"],"picked":"REME_SingleHolding","floor":7.0},{"not_picked":["Armaments","Clothesline"],"picked":"REME_ShortnessOfBreath","floor":12.0},{"not_picked":["Burning Pact","Flame Barrier"],"picked":"REME_Flogging","floor":12.0},{"not_picked":["Dark Embrace","PanicButton"],"picked":"Shrug It Off","floor":13.0},{"not_picked":["Sentinel","Warcry","Perfected Strike"],"picked":"Singing Bowl","floor":14.0},{"not_picked":["Havoc","Pommel Strike","Bloodletting"],"picked":"Singing Bowl","floor":14.0},{"not_picked":["Demon Form","Chrysalis"],"picked":"Transmutation","floor":16},{"not_picked":["AT_IchimonjiDouble","Searing Blow+1","Anger+1"],"picked":"Singing Bowl","floor":18},{"not_picked":["Cleave","Headbutt","AT_ManFootWork+1"],"picked":"Singing Bowl","floor":18},{"not_picked":["Perfected Strike+1","Evolve"],"picked":"Armaments+1","floor":19},{"not_picked":["Iron Wave","Cleave"],"picked":"AT_BodySlamDance","floor":19},{"not_picked":["Body Slam","Headbutt"],"picked":"Secret Weapon","floor":20},{"not_picked":["Clothesline","Shrug It Off"],"picked":"Flex+1","floor":20},{"not_picked":["True Grit","Clothesline","Panacea"],"picked":"Singing Bowl","floor":21},{"not_picked":["Warcry","Thunderclap"],"picked":"AT_IchimonjiDouble","floor":21},{"not_picked":["Heavy Blade","Reckless Charge","REME_Cut+1"],"picked":"Singing Bowl","floor":25},{"not_picked":["Clothesline","AT_BodySlamDance"],"picked":"AT_CaressingTears+1","floor":25},{"not_picked":["Heavy Blade","Shockwave+1","Thunderclap"],"picked":"Singing Bowl","floor":29},{"not_picked":["Twin Strike","Clothesline","Power Through+1"],"picked":"Singing Bowl","floor":29},{"not_picked":["Warcry","Sever Soul+1"],"picked":"Finesse","floor":31},{"not_picked":["AT_GerminateFire","Clash"],"picked":"REME_Scribble+1","floor":31},{"not_picked":["Reaper","Fiend Fire"],"picked":"Juggernaut","floor":33},{"not_picked":["Wild Strike+1","Headbutt+1","Clothesline"],"picked":"Singing Bowl","floor":35},{"not_picked":["Thunderclap","Armaments","Twin Strike"],"picked":"Singing Bowl","floor":35},{"not_picked":["Second Wind","Ghostly Armor","REME_FirmDetermination"],"picked":"Singing Bowl","floor":36},{"not_picked":["Berserk","True Grit+1"],"picked":"Warcry+1","floor":36},{"not_picked":["Mind Blast+1","Headbutt+1"],"picked":"Shrug It Off+1","floor":38},{"not_picked":["True Grit+1","Clash+1"],"picked":"Warcry+1","floor":38},{"not_picked":["True Grit","Juggernaut"],"picked":"Shrug It Off","floor":39},{"not_picked":["Wild Strike+1","Heavy Blade"],"picked":"AT_ShrugMaster","floor":39},{"not_picked":["Clash+1","Juggernaut"],"picked":"AT_BodySlamDance+1","floor":41},{"not_picked":["Thunderclap+1","Clash","Shrug It Off+1"],"picked":"Singing Bowl","floor":44},{"not_picked":["Sword Boomerang","Headbutt+1"],"picked":"AT_BodySlamDance","floor":44},{"not_picked":["Flex+1","Sword Boomerang"],"picked":"Flash of Steel+1","floor":46},{"not_picked":["Pommel Strike","AT_PowerWithin+1"],"picked":"AT_ShrugMaster+1","floor":48},{"not_picked":["Heavy Blade+1","True Grit","Clash+1"],"picked":"Singing Bowl","floor":48}],"player_experience":117187,"relics_obtained":[{"floor":6.0,"key":"Matryoshka"},{"floor":7.0,"key":"reliquary:Vitrine"},{"floor":9.0,"key":"Art of War"},{"floor":9.0,"key":"Singing Bowl"},{"floor":11.0,"key":"Regal Pillow"},{"floor":11.0,"key":"REME_PuzzleBoxRelic"},{"floor":13.0,"key":"AT_SpeedBoots"},{"floor":26,"key":"reliquary:PorcupineQuills"},{"floor":41,"key":"AT_MibuBalloonWealth"},{"floor":46,"key":"AT_RedTearstoneRing"}],"event_choices":[{"damage_healed":0.0,"max_hp_gain":0.0,"max_hp_loss":0.0,"gold_gain":100.0,"event_name":"Golden Shrine","player_choice":"Pray","floor":5.0,"gold_loss":0.0,"damage_taken":0.0},{"damage_healed":0,"gold_gain":0,"player_choice":"Stole Relic","damage_taken":0,"relics_obtained":["REME_LimitBreaker"],"max_hp_gain":0,"max_hp_loss":0,"event_name":"Addict","floor":30,"gold_loss":0,"cards_obtained":["Shame"]},{"damage_healed":0,"gold_gain":0,"player_choice":"Embrace Madness","damage_taken":16,"max_hp_gain":0,"max_hp_loss":0,"event_name":"Winding Halls","floor":45,"gold_loss":0,"cards_obtained":["Madness","Madness"]}],"is_beta":false,"boss_relics":[{"not_picked":["Black Star","reliquary:Ember"],"picked":"Runic Dome"},{"not_picked":["Tiny House","Empty Cage"],"picked":"reliquary:RedCape"}],"items_purged_floors":[2,27,47],"is_endless":false,"potions_floor_spawned":[3,7,14,16,19,20,21,22,36,38,39,41,46],"ascension_level":0}}