{"host":"ssqg06p4hogpulti","time":1614178964,"event":{"mods":["BaseMod","Dio Mod","Downfall","Minty Spire (QoL Compilation)","Replay The Spire","Robot Space Explorer","Shedinja","Somnambulant","StSLib","The Alterego","The Animator","The Construct","The Disciple","The Dragon Tamer","The Exalted","The Hierophant","The Problem Sleuth","WarShipGirlsR/????R mod"],"gold_per_floor":[99,119,138,138,90,103,126,143,159,129,157,172,72,107,125,229,229,229,244,244,244,244],"floor_reached":20,"language":"SPA","playtime":1293,"items_purged":[],"score":186,"play_id":"465d64fa-6bcc-402e-8eab-c29270fb15d4","local_time":"20210224160244","is_ascension_mode":false,"campfire_choices":[{"data":"bronze:Verify","floor":13,"key":"SMITH"},{"floor":18,"key":"RECALL"}],"circlet_count":0,"master_deck":["bronze:Strike","bronze:Strike","bronze:Strike","bronze:Defend","bronze:Defend","bronze:Defend","bronze:Defend","bronze:Replicate","bronze:Goto","bronze:Format+1","bronze:FineTuning","bronze:Flail","bronze:DelayedSlice","bronze:BuggyMess","bronze:DelayedGuard+1","bronze:Overload","bronze:Repair","bronze:Shell","bronze:Verify+1","bronze:BitShift","bronze:Branch","bronze:Philosophize","bronze:Virus","bronze:BuggyMess+1"],"relics":["bronze:BronzeCore","Oddly Smooth Stone","Anchor","downfall:HeartBlessingGreen","Pantograph","ChewingGum"],"acts_visited":["Exordium","TheCity"],"potions_floor_usage":[8,14,14],"damage_taken":[{"damage":0,"enemies":"Cultist","floor":2,"turns":3},{"damage":0,"enemies":"Small Slimes","floor":3,"turns":3},{"damage":5,"enemies":"downfall:FleeingMerchant","floor":5,"turns":4},{"damage":0,"enemies":"2 Louse","floor":6,"turns":3},{"damage":2,"enemies":"Gremlin Gang","floor":8,"turns":3},{"damage":1,"enemies":"Large Slime","floor":9,"turns":5},{"damage":6,"enemies":"3 Sentries","floor":11,"turns":9},{"damage":0,"enemies":"Exordium Wildlife","floor":12,"turns":1},{"damage":20,"enemies":"Gremlin Nob","floor":14,"turns":3},{"damage":0,"enemies":"downfall:LooterAlt","floor":15,"turns":4},{"damage":31,"enemies":"SI_SHIV_ARCHETYPE","floor":16,"turns":11},{"damage":20,"enemies":"Spheric Guardian","floor":19,"turns":5},{"damage":0,"enemies":"3 Byrds","floor":20,"turns":1}],"seed_played":"4242152023611561946","potions_obtained":[{"floor":2,"key":"sneckomod:MuddlingPotion"},{"floor":3,"key":"AttackPotion"},{"floor":11,"key":"Adrenaline Potion"},{"floor":14,"key":"BlessingOfTheForge"},{"floor":15,"key":"Flashbang"},{"floor":16,"key":"champ:CounterPotion"}],"is_trial":false,"path_per_floor":["R","M","M","?","$","M","T","M","M","?","E","M","R","E","M","B",null,"R","M","M"],"character_chosen":"THE_AUTOMATON","items_purchased":["bronze:DelayedGuard+1"],"campfire_rested":0,"item_purchase_floors":[5],"current_hp_per_floor":[49,49,49,49,44,44,44,42,49,49,50,50,50,30,37,38,70,70,57,57,57,57],"gold":244,"neow_bonus":"THREE_RARE_CARDS","is_daily":false,"chose_seed":false,"campfire_upgraded":1,"win_rate":0.0,"timestamp":1614178964,"path_taken":["R","M","?","?","?","M","T","M","M","?","E","M","R","E","M","BOSS","R","M","M"],"items_purchased_type":["Card"],"build_version":"2020-12-22","purchased_purges":0,"victory":false,"max_hp_per_floor":[70,70,70,70,70,70,70,70,70,70,70,70,70,70,70,70,70,70,70,70,70,70],"card_choices":[{"not_picked":["bronze:FindAndReplace","bronze:Virus"],"picked":"bronze:Format","floor":0},{"not_picked":["bronze:MaxOutput","bronze:Repulsor"],"picked":"bronze:Flail","floor":2},{"not_picked":["bronze:BronzeArmor","bronze:Iterate"],"picked":"bronze:DelayedSlice","floor":3},{"not_picked":["bronze:ForLoop","bronze:ItsAFeature"],"picked":"bronze:BuggyMess","floor":5},{"not_picked":["bronze:BuggyMess","bronze:Iterate"],"picked":"bronze:Overload","floor":6},{"not_picked":["bronze:Turbo","bronze:Iterate"],"picked":"bronze:Repair","floor":8},{"not_picked":["bronze:DelayedSlice","bronze:Overheat"],"picked":"bronze:Shell","floor":9},{"not_picked":["bronze:Safeguard","bronze:BronzeArmor"],"picked":"bronze:Verify","floor":11},{"not_picked":["bronze:DelayedGuard","bronze:Branch"],"picked":"bronze:BitShift","floor":12},{"not_picked":["bronze:DarkDash","bronze:OilSpill"],"picked":"bronze:Branch","floor":14},{"not_picked":["bronze:DarkDash","bronze:FineTuning"],"picked":"bronze:Philosophize","floor":15},{"not_picked":["bronze:FindAndReplace","bronze:ShipIt"],"picked":"bronze:Virus","floor":16},{"not_picked":["bronze:CloningBeam","bronze:WhirlingStrike"],"picked":"bronze:BuggyMess+1","floor":19}],"player_experience":362976,"relics_obtained":[{"floor":7,"key":"Oddly Smooth Stone"},{"floor":11,"key":"Anchor"},{"floor":14,"key":"Pantograph"}],"event_choices":[],"is_beta":false,"boss_relics":[{"not_picked":["Honey Jar","construct:WeddingRing"],"picked":"ChewingGum"}],"items_purged_floors":[],"is_endless":false,"potions_floor_spawned":[2,3,11,14,15,16],"killed_by":"3 Byrds","ascension_level":0}}