{"host":"zuf44wbx6j0c4h1p","time":1614140981,"event":{"mods":["2.2 Compatiblity","Aspiration","BaseMod","Bossed Relics","Conspire","Infinite Spire","Minty Spire (QoL Compilation)","Replay The Spire","SCP261 Mod","Shapeshifter Mod","Shop Mod","Small Relic Pack","Spicy Shops","Spire Arcade","StSLib","The Animator","The Dragon Tamer","The Fake Hero","The Hierophant","The Poker Player","TheBandit","Uncapped","Wandering Minibosses","thorton"],"gold_per_floor":[111,130,130,141,155,185,200,230,257,285,25,25,25,42,42,144,144,158,158,172,182,196,221,237,263,263,298,298,309,309,327,327,426,426,446,461,472,484,484,517,517,551,551,551,551,566,566,584,584,584,584,584,73,105,107,107,107],"floor_reached":55,"language":"ENG","playtime":4929,"items_purged":["PokerPlayerMod:Extraction"],"score":852,"play_id":"e68d0dfe-dd39-49a2-b9ce-db4210978ecf","local_time":"20210223222941","is_ascension_mode":true,"metric_token":1554,"campfire_choices":[{"floor":15,"key":"RECALL"},{"data":"PokerPlayerMod:TheDieIsCast","floor":28,"key":"SMITH"},{"data":"PokerPlayerMod:Raise","floor":32,"key":"SMITH"},{"data":"PokerPlayerMod:Manipulation","floor":41,"key":"SMITH"},{"data":"PokerPlayerMod:Manipulation","floor":44,"key":"SMITH"},{"data":"Apotheosis","floor":49,"key":"SMITH"},{"data":"PokerPlayerMod:CloakAndDiamond","floor":52,"key":"SMITH"}],"circlet_count":0,"master_deck":["PokerPlayerMod:Diamond1","PokerPlayerMod:Diamond5","PokerPlayerMod:Diamond3","PokerPlayerMod:Diamond4","PokerPlayerMod:Diamond5","PokerPlayerMod:Spade1","PokerPlayerMod:Spade2","PokerPlayerMod:Spade3","PokerPlayerMod:Spade4","PokerPlayerMod:Club1","PokerPlayerMod:Heart2","PokerPlayerMod:TrumpStrike","PokerPlayerMod:BadJoker","PokerPlayerMod:Mulligan","PokerPlayerMod:Trickery","PokerPlayerMod:HeartStrike","PokerPlayerMod:Spade4","PokerPlayerMod:Diamond6","PokerPlayerMod:Diamond5","PokerPlayerMod:HeartStrike","PokerPlayerMod:CloakAndDiamond","PokerPlayerMod:Manipulation+1","PokerPlayerMod:ClubStrike+1","PokerPlayerMod:Diamond7","PokerPlayerMod:Club7","PokerPlayerMod:ThinkingTime+1","PokerPlayerMod:CloakAndDiamond+1","PokerPlayerMod:Diamond8","PokerPlayerMod:Sharpen+1","PokerPlayerMod:Raise+1","PokerPlayerMod:TheDieIsCast+1","PokerPlayerMod:Club4","PokerPlayerMod:CloakAndDiamond+1","PokerPlayerMod:SecondChance","PokerPlayerMod:Diamond10+","PokerPlayerMod:ClubsClub","PokerPlayerMod:Heart6","PokerPlayerMod:Manipulation+1","PokerPlayerMod:Spade10+","PokerPlayerMod:Overdeal+1","Apotheosis+1","PokerPlayerMod:ClubShade","PokerPlayerMod:Club6","PokerPlayerMod:DamnStraight"],"relics":["PokerPlayerMod:DeckCase","Nunchaku","infinitespire:Lucky Rock","ReplayFunnel","Blue Doll","aspiration:FetidBarrel","thethorton:CrushedCigarette","War Paint","conspire:GlowingRock","PokerPlayerMod:EnergeticBat","Black Star","FossilizedHelix","Eternal Feather","Replay:Mystery Machine","aspiration:ChemicalBlood","aspiration:StickyExplosives_weak","PokerPlayerMod:PenAndEraser","infinitespire:ShieldingShard","thethorton:BankDeed","infinitespire:WardingShard"],"acts_visited":["Exordium","TheCity","TheBeyond","TheEnding"],"potions_floor_usage":[6,23,33,35,35,40,40,42,48,50,50,50,50,50,50,54,54,54,55,55,55],"damage_taken":[{"damage":11,"enemies":"infinitespire:Voidling","floor":1,"turns":3},{"damage":4,"enemies":"conspire:RoseBush","floor":2,"turns":2},{"damage":4,"enemies":"Jaw Worm","floor":4,"turns":2},{"damage":0,"enemies":"Large Slime","floor":5,"turns":4},{"damage":22,"enemies":"3 Sentries","floor":6,"turns":5},{"damage":6,"enemies":"conspire:2 RoseBushes","floor":7,"turns":3},{"damage":12,"enemies":"Lagavulin","floor":8,"turns":5},{"damage":8,"enemies":"Gremlin Nob","floor":10,"turns":3},{"damage":0,"enemies":"3 Louse","floor":14,"turns":2},{"damage":17,"enemies":"The Guardian","floor":16,"turns":7},{"damage":0,"enemies":"Chosen","floor":18,"turns":3},{"damage":10,"enemies":"2 Thieves","floor":20,"turns":2},{"damage":0,"enemies":"Centurion and Healer","floor":21,"turns":4},{"damage":4,"enemies":"Cultist and Chosen","floor":22,"turns":3},{"damage":5,"enemies":"Nightmare","floor":23,"turns":5},{"damage":11,"enemies":"Snake Plant","floor":24,"turns":2},{"damage":0,"enemies":"conspire:Head Lice","floor":25,"turns":5},{"damage":18,"enemies":"conspire:SneckoGhost","floor":27,"turns":4},{"damage":18,"enemies":"3 Cultists","floor":29,"turns":5},{"damage":0,"enemies":"Chosen and Byrds","floor":31,"turns":3},{"damage":29,"enemies":"Collector","floor":33,"turns":8},{"damage":0,"enemies":"3 Darklings","floor":35,"turns":2},{"damage":1,"enemies":"Orb Walker","floor":36,"turns":3},{"damage":0,"enemies":"4 Shapes","floor":37,"turns":3},{"damage":2,"enemies":"3 Darklings","floor":38,"turns":7},{"damage":31,"enemies":"Nemesis","floor":40,"turns":5},{"damage":44,"enemies":"Giant Head","floor":42,"turns":7},{"damage":43,"enemies":"Spire Growth","floor":46,"turns":5},{"damage":0,"enemies":"Maw","floor":48,"turns":4},{"damage":81,"enemies":"infinitespire:MassOfShapes","floor":50,"turns":13},{"damage":49,"enemies":"Shield and Spear","floor":54,"turns":6},{"damage":26,"enemies":"The Heart","floor":55,"turns":3}],"seed_played":"523788961423467897","potions_obtained":[{"floor":4,"key":"Languid Potion"},{"floor":5,"key":"BlessingOfTheForge"},{"floor":7,"key":"ColorlessPotion"},{"floor":14,"key":"Explosive Potion"},{"floor":21,"key":"Adrenaline Potion"},{"floor":31,"key":"PowerPotion"},{"floor":33,"key":"SkillPotion"},{"floor":38,"key":"Milkshake"},{"floor":40,"key":"PowerPotion"},{"floor":48,"key":"Dexterity Potion"},{"floor":50,"key":"SkillPotion"}],"is_trial":false,"path_per_floor":["M","M","?","M","M","E","M","E","T","E","$","?","$","M","R","B",null,"M","?","M","M","M","NM","M","E","T","E","R","M","?","M","R","B",null,"M","M","M","M","?","E","R","E","T","R","?","M","?","M","R","B",null,"R","$","E","B"],"character_chosen":"THE_POKER_PLAYER","items_purchased":["aspiration:FetidBarrel","PokerPlayerMod:PenAndEraser","infinitespire:ShieldingShard","PokerPlayerMod:Club6"],"campfire_rested":0,"item_purchase_floors":[11,53,53,53],"current_hp_per_floor":[45,50,50,48,52,33,33,30,30,34,34,34,34,43,43,34,52,52,52,48,50,52,50,48,52,52,37,37,25,25,38,38,21,52,52,52,52,50,50,28,52,19,19,43,43,9,9,22,46,1,52,52,52,20,0,0,0],"gold":107,"neow_bonus":"THREE_CARDS","is_daily":false,"chose_seed":false,"campfire_upgraded":6,"win_rate":0.0,"timestamp":1614140981,"path_taken":["M","?","?","M","M","E","M","E","T","E","?","?","?","M","R","BOSS","M","?","M","M","M","NM","M","E","T","E","R","M","?","M","R","BOSS","M","M","M","M","?","E","R","E","T","R","?","M","?","M","R","BOSS","R","$","E","BOSS"],"items_purchased_type":["Relic","Relic","Relic","Card"],"build_version":"2020-12-22","purchased_purges":1,"victory":false,"max_hp_per_floor":[52,52,52,52,52,52,52,52,52,52,52,52,52,52,52,52,52,52,52,52,52,52,52,52,52,52,52,52,52,52,52,52,52,52,52,52,52,52,52,52,52,52,52,52,52,52,52,52,52,52,52,52,52,52,52,52,52],"card_choices":[{"not_picked":["PokerPlayerMod:Configure","PokerPlayerMod:SpadeStrike"],"picked":"PokerPlayerMod:Trickery","floor":0},{"not_picked":["PokerPlayerMod:Diamond4","PokerPlayerMod:FillThePot"],"picked":"PokerPlayerMod:HeartStrike","floor":1},{"not_picked":["PokerPlayerMod:Trickery","PokerPlayerMod:HiddenCard"],"picked":"PokerPlayerMod:Spade4","floor":2},{"not_picked":["PokerPlayerMod:Club2","PokerPlayerMod:Diamond3"],"picked":"PokerPlayerMod:Diamond6","floor":4},{"not_picked":["PokerPlayerMod:Diamond2","PokerPlayerMod:Spade4"],"picked":"PokerPlayerMod:Diamond5","floor":5},{"not_picked":["PokerPlayerMod:CardBurn","PokerPlayerMod:Club4"],"picked":"PokerPlayerMod:HeartStrike","floor":6},{"not_picked":["PokerPlayerMod:DamnStraight","PokerPlayerMod:Diamond2"],"picked":"PokerPlayerMod:CloakAndDiamond","floor":7},{"not_picked":["PokerPlayerMod:Diamond3","PokerPlayerMod:Club5"],"picked":"PokerPlayerMod:RiskyBet","floor":8},{"not_picked":["PokerPlayerMod:Duplicate","PokerPlayerMod:SpadeStrike"],"picked":"PokerPlayerMod:Manipulation","floor":10},{"not_picked":["PokerPlayerMod:DartThrow","PokerPlayerMod:Diamond4"],"picked":"PokerPlayerMod:Diamond7","floor":14},{"not_picked":["PokerPlayerMod:Diamond8","PokerPlayerMod:Spade9"],"picked":"PokerPlayerMod:Club7","floor":16},{"not_picked":["PokerPlayerMod:Diamond1","PokerPlayerMod:ClubsClub","PokerPlayerMod:Spade2"],"picked":"SKIP","floor":18},{"not_picked":["PokerPlayerMod:DiamondStrike+1","PokerPlayerMod:ClubsClub+1"],"picked":"PokerPlayerMod:CloakAndDiamond+1","floor":20},{"not_picked":["PokerPlayerMod:Diamond3","PokerPlayerMod:Diamond2"],"picked":"PokerPlayerMod:Diamond8","floor":21},{"not_picked":["PokerPlayerMod:Heart1","PokerPlayerMod:Club3"],"picked":"PokerPlayerMod:Sharpen+1","floor":22},{"not_picked":["PokerPlayerMod:Club4","PokerPlayerMod:Overdeal"],"picked":"PokerPlayerMod:Raise","floor":23},{"not_picked":["PokerPlayerMod:Spade2","PokerPlayerMod:CardPrinter"],"picked":"PokerPlayerMod:Extraction","floor":24},{"not_picked":["PokerPlayerMod:JackOfSpades","PokerPlayerMod:ClubsClub+1"],"picked":"PokerPlayerMod:TheDieIsCast","floor":25},{"not_picked":["PokerPlayerMod:Club2","PokerPlayerMod:Spade4"],"picked":"PokerPlayerMod:Club4","floor":27},{"not_picked":["PokerPlayerMod:Spade2","PokerPlayerMod:Diamond3"],"picked":"PokerPlayerMod:CloakAndDiamond","floor":29},{"not_picked":["PokerPlayerMod:Overdeal","PokerPlayerMod:HeartStrike+1"],"picked":"PokerPlayerMod:SecondChance","floor":31},{"not_picked":["PokerPlayerMod:Spade8","PokerPlayerMod:ItsShowtime"],"picked":"PokerPlayerMod:Diamond10+","floor":33},{"not_picked":["PokerPlayerMod:Club2","PokerPlayerMod:RiskyBet+1"],"picked":"PokerPlayerMod:ClubsClub","floor":35},{"not_picked":["PokerPlayerMod:Spade4","PokerPlayerMod:Spade3"],"picked":"PokerPlayerMod:Heart6","floor":36},{"not_picked":["PokerPlayerMod:Configure","PokerPlayerMod:CardPrinter+1","PokerPlayerMod:Diamond1"],"picked":"SKIP","floor":37},{"not_picked":["PokerPlayerMod:Club2","PokerPlayerMod:Trickery+1"],"picked":"PokerPlayerMod:Manipulation","floor":38},{"not_picked":["PokerPlayerMod:Club3","PokerPlayerMod:Club1"],"picked":"PokerPlayerMod:Spade7","floor":40},{"not_picked":["PokerPlayerMod:Harden+1","PokerPlayerMod:DartThrow+1"],"picked":"PokerPlayerMod:Overdeal+1","floor":42},{"not_picked":["Thinking Ahead","ReplayTheSpireMod:Brewmster"],"picked":"Apotheosis","floor":45},{"not_picked":["PokerPlayerMod:SecondChance+1","PokerPlayerMod:JackOfSpades","PokerPlayerMod:Diamond3"],"picked":"SKIP","floor":46},{"not_picked":["PokerPlayerMod:Configure+1","PokerPlayerMod:Heart2"],"picked":"PokerPlayerMod:ClubShade","floor":48},{"not_picked":["PokerPlayerMod:Club3","PokerPlayerMod:Diamond1"],"picked":"PokerPlayerMod:DamnStraight","floor":54}],"player_experience":186000,"relics_obtained":[{"floor":6,"key":"Nunchaku"},{"floor":8,"key":"infinitespire:Lucky Rock"},{"floor":9,"key":"ReplayFunnel"},{"floor":10,"key":"Blue Doll"},{"floor":23,"key":"War Paint"},{"floor":25,"key":"conspire:GlowingRock"},{"floor":27,"key":"PokerPlayerMod:EnergeticBat"},{"floor":40,"key":"FossilizedHelix"},{"floor":40,"key":"Eternal Feather"},{"floor":42,"key":"Replay:Mystery Machine"},{"floor":42,"key":"aspiration:ChemicalBlood"},{"floor":43,"key":"aspiration:StickyExplosives_weak"},{"floor":54,"key":"thethorton:BankDeed"},{"floor":54,"key":"infinitespire:WardingShard"}],"event_choices":[{"damage_healed":0,"gold_gain":0,"player_choice":"Disagree","damage_taken":0,"max_hp_gain":0,"max_hp_loss":0,"event_name":"conspire:LoneGhost","floor":3,"gold_loss":0},{"damage_healed":0,"gold_gain":0,"player_choice":"Think Hard","damage_taken":0,"max_hp_gain":0,"max_hp_loss":0,"event_name":"PokerPlayerMod:Vampires","floor":19,"gold_loss":0,"cards_obtained":["PokerPlayerMod:ThinkingTime"]},{"damage_healed":0,"gold_gain":0,"player_choice":"Ignored","damage_taken":0,"max_hp_gain":0,"max_hp_loss":0,"event_name":"Ghosts","floor":30,"gold_loss":0},{"cards_removed":["PokerPlayerMod:RiskyBet"],"damage_healed":0,"gold_gain":0,"player_choice":"Removed Skill","damage_taken":0,"max_hp_gain":0,"max_hp_loss":0,"event_name":"Falling","floor":39,"gold_loss":0},{"damage_healed":0,"gold_gain":0,"player_choice":"Memory 1","damage_taken":0,"max_hp_gain":0,"max_hp_loss":0,"event_name":"SensoryStone","floor":45,"gold_loss":0},{"damage_healed":0,"gold_gain":0,"player_choice":"Ignored","damage_taken":0,"max_hp_gain":0,"max_hp_loss":0,"event_name":"Mysterious Sphere","floor":47,"gold_loss":0}],"is_beta":false,"boss_relics":[{"not_picked":["relicPack:KazumaCape","aspiration:RunicSpoon"],"picked":"thethorton:CrushedCigarette"},{"not_picked":["Painkiller Herb","Busted Crown"],"picked":"Black Star"}],"items_purged_floors":[53],"is_endless":false,"potions_floor_spawned":[4,5,7,14,21,22,31,33,38,40,48],"killed_by":"The Heart","ascension_level":1}}