{"host":"mr1ctipv0dcr6y8g","time":1614139419,"event":{"mods":["BaseMod","Beaked The Cultist","DeckTracker","Downfall","Energized Spire","Minty Spire (QoL Compilation)","READ ME - Guardian Mod","Shop Mod","StSLib","The Construct"],"gold_per_floor":[110,110,125,145,163,163,173,173,219,253,178,190,222,253,253,350,350,367,76,93,109,109,134,134,134,134,167,167,167,167,167,167,267,267,278,278,328,49,63,63,95,105,105,140,140,165,165,196,196,196,196,196,47,78,78],"floor_reached":56,"language":"ENG","playtime":38808,"items_purged":["Guardian:Strike_Guardian","Guardian:Strike_Guardian"],"score":1494,"play_id":"e909ded8-81b3-4f11-9fe1-7b7751324a73","local_time":"20210223210339","daily_mods":["Heirloom","Time Dilation","Flight"],"is_ascension_mode":false,"campfire_choices":[{"data":"Guardian:Recover","floor":6.0,"key":"SMITH"},{"data":"Guardian:TemporalStrike","floor":8.0,"key":"SMITH"},{"floor":15.0,"key":"REST"},{"data":"Guardian:FierceBash","floor":24.0,"key":"SMITH"},{"data":"Guardian:TemporalShield","floor":25.0,"key":"SMITH"},{"data":"Guardian:PiercingHide","floor":28.0,"key":"SMITH"},{"data":"Guardian:StasisField","floor":29.0,"key":"SMITH"},{"data":"Guardian:PiercingHide","floor":30.0,"key":"SMITH"},{"floor":32.0,"key":"REST"},{"data":"Guardian:FuturePlans","floor":40,"key":"SMITH"},{"floor":47,"key":"RECALL"},{"data":"Guardian:StasisStrike","floor":49,"key":"SMITH"},{"data":"Guardian:ChargeUp","floor":52,"key":"SMITH"}],"circlet_count":0,"master_deck":["Guardian:Strike_Guardian","Guardian:Defend_Guardian","Guardian:Defend_Guardian","Guardian:Defend_Guardian","Guardian:Defend_Guardian","Guardian:CurlUp","Guardian:TwinSlam","Guardian:FuturePlans+1","Guardian:ChargeUp+1","Guardian:Recover+1","Guardian:TemporalStrike+1","Guardian:PiercingHide+1","Guardian:ChargeCore","Guardian:TemporalShield+1","Guardian:AncientConstruct","Guardian:TimeSifter","Guardian:TemporalShield+1","Guardian:FierceBash+1","Guardian:DonusPower","Guardian:PiercingHide+1","Guardian:StasisField+1","Guardian:StasisStrike+1","Guardian:ChargeCore+1","Guardian:Orbwalk","Guardian:FloatingOrbs","Guardian:Gem_White","Guardian:ShieldSpikes+1","Guardian:PiercingHide+1"],"relics":["Guardian:ModeShifter","FossilizedHelix","Ancient Tea Set","Shuriken","bronze:BronzeIdol","Bag of Preparation","construct:ClawGrip","Blood Vial","Pantograph","Bottled Lightning","Sozu","Happy Flower","Guardian:StasisUpgradeRelic","Mummified Hand","Lantern","Oddly Smooth Stone","Sundial","Strawberry","Anchor","Boot"],"acts_visited":["Exordium","TheCity","TheBeyond","TheEnding"],"potions_floor_usage":[55,55],"damage_taken":[{"damage":0.0,"enemies":"Jaw Worm","floor":1.0,"turns":4.0},{"damage":0.0,"enemies":"Cultist","floor":3.0,"turns":4.0},{"damage":0.0,"enemies":"Small Slimes","floor":4.0,"turns":4.0},{"damage":6.0,"enemies":"3 Louse","floor":5.0,"turns":6.0},{"damage":0.0,"enemies":"2 Fungi Beasts","floor":7.0,"turns":4.0},{"damage":8.0,"enemies":"Gremlin Nob","floor":10.0,"turns":5.0},{"damage":5.0,"enemies":"Lots of Slimes","floor":12.0,"turns":4.0},{"damage":10.0,"enemies":"3 Sentries","floor":13.0,"turns":11.0},{"damage":8.0,"enemies":"Gremlin Nob","floor":14.0,"turns":4.0},{"damage":0.0,"enemies":"Slime Boss","floor":16.0,"turns":11.0},{"damage":9.0,"enemies":"2 Thieves","floor":18.0,"turns":5.0},{"damage":0.0,"enemies":"Shell Parasite","floor":20.0,"turns":5.0},{"damage":0.0,"enemies":"Centurion and Healer","floor":21.0,"turns":7.0},{"damage":17.0,"enemies":"Book of Stabbing","floor":23.0,"turns":5.0},{"damage":0.0,"enemies":"Gremlin Leader","floor":27.0,"turns":7.0},{"damage":13,"enemies":"Collector","floor":33,"turns":13},{"damage":0,"enemies":"Orb Walker","floor":35,"turns":3},{"damage":0,"enemies":"3 Shapes","floor":39,"turns":5},{"damage":0,"enemies":"Giant Head","floor":41,"turns":7},{"damage":1,"enemies":"Transient","floor":42,"turns":5},{"damage":0,"enemies":"Reptomancer","floor":44,"turns":4},{"damage":0,"enemies":"Nemesis","floor":46,"turns":5},{"damage":0,"enemies":"Giant Head","floor":48,"turns":7},{"damage":0,"enemies":"Donu and Deca","floor":50,"turns":7},{"damage":0,"enemies":"Shield and Spear","floor":54,"turns":7},{"damage":2,"enemies":"The Heart","floor":55,"turns":6}],"seed_played":"5085680316427231753","potions_obtained":[{"floor":5.0,"key":"SpeedPotion"},{"floor":12.0,"key":"construct:ShiftPotion"},{"floor":13.0,"key":"LiquidMemories"},{"floor":16.0,"key":"Ancient Potion"},{"floor":23.0,"key":"Fire Potion"}],"is_trial":true,"path_per_floor":["M","?","M","M","M","R","M","R","T","E","$","M","E","E","R","B",null,"M","$","M","M","?","E","R","R","T","E","R","R","R","?","R","B",null,"M","?","T","$","M","R","E","M","T","E","$","E","R","E","R","B",null,"R","$","E","B",null],"character_chosen":"GUARDIAN","items_purchased":["Guardian:FierceBash","Blood Vial","Guardian:StasisUpgradeRelic","Guardian:Orbwalk","Anchor"],"campfire_rested":2,"item_purchase_floors":[19,19,38,38,53],"current_hp_per_floor":[80,80,80,80,74,74,74,74,74,66,66,61,51,43,67,67,80,71,71,73,75,75,60,60,60,60,62,62,62,62,47,72,72,85,85,85,85,85,85,85,85,84,84,85,85,85,85,92,92,92,92,92,92,92,90],"gold":78,"neow_bonus":"","is_daily":false,"chose_seed":false,"campfire_upgraded":10,"win_rate":0.0,"timestamp":1614139419,"path_taken":["M","?","M","?","M","R","M","R","T","E","$","?","E","E","R","BOSS","M","$","M","M","?","E","R","R","T","E","R","R","R","?","R","BOSS","M","?","?","$","M","R","E","?","T","E","?","E","R","E","R","BOSS","R","$","E","BOSS"],"items_purchased_type":["Card","Relic","Relic","Card","Relic"],"build_version":"2020-12-22","purchased_purges":2,"victory":true,"max_hp_per_floor":[80,80,80,80,80,80,80,80,80,80,80,80,80,80,80,80,80,80,80,80,80,80,80,80,80,80,80,80,80,80,85,85,85,85,85,85,85,85,85,85,85,85,85,85,85,85,85,92,92,92,92,92,92,92,92],"card_choices":[{"not_picked":["Guardian:TemporalStrike","Guardian:Gem_Green"],"picked":"Guardian:FuturePlans","floor":1.0},{"not_picked":["Guardian:Gem_Red","Guardian:Gem_Purple"],"picked":"Guardian:ChargeUp","floor":3.0},{"not_picked":["Guardian:PrimingBeam","Guardian:Gem_Green"],"picked":"Guardian:Recover","floor":4.0},{"not_picked":["Guardian:WalkerClaw","Guardian:StasisEngine"],"picked":"Guardian:Gem_Cyan","floor":5.0},{"not_picked":["Guardian:Gem_Green","Guardian:RefractedBeam"],"picked":"Guardian:TemporalStrike","floor":7.0},{"not_picked":["Guardian:Gem_Green","Guardian:Reroute"],"picked":"Guardian:PiercingHide","floor":10.0},{"not_picked":["Guardian:Harden","Guardian:PrimingBeam"],"picked":"Guardian:ChargeCore","floor":12.0},{"not_picked":["Guardian:Planning","Guardian:ShieldSpikes"],"picked":"Guardian:TemporalShield","floor":13.0},{"not_picked":["Guardian:Reroute","Guardian:TimeCapacitor"],"picked":"Guardian:AncientConstruct","floor":14.0},{"not_picked":["Guardian:FastForward","Guardian:StasisField"],"picked":"Guardian:TimeSifter","floor":16.0},{"not_picked":["Guardian:SentryBeam","Guardian:Reroute"],"picked":"Guardian:TemporalShield+1","floor":18.0},{"not_picked":["Guardian:Reroute","Guardian:Gem_Crimson"],"picked":"Guardian:DonusPower","floor":20.0},{"not_picked":["Guardian:CrystalBeam","Guardian:ArmoredProtocol"],"picked":"Guardian:PiercingHide","floor":21.0},{"not_picked":["Guardian:Emergency","Guardian:PrismaticBarrier"],"picked":"Guardian:Gem_Purple","floor":23.0},{"not_picked":["Guardian:Gem_Lightblue","Guardian:Gem_Fragmented"],"picked":"Guardian:StasisField","floor":27.0},{"not_picked":["Guardian:SphericShield","Guardian:GemFire"],"picked":"Guardian:StasisStrike","floor":33},{"not_picked":["Guardian:RefractedBeam","Guardian:BronzeOrb"],"picked":"Guardian:ChargeCore+1","floor":35},{"not_picked":["Guardian:Gem_Green","Guardian:ChargeCore","Guardian:GuardianWhirl+1"],"picked":"SKIP","floor":39},{"not_picked":["Guardian:ChargeCore","Guardian:GuardianWhirl+1"],"picked":"Guardian:Gem_Green","floor":39},{"not_picked":["Guardian:PiercingHide+1","Guardian:Gem_Green"],"picked":"Guardian:FloatingOrbs","floor":41},{"not_picked":["Guardian:Gem_Green","Guardian:Gem_Cyan"],"picked":"Guardian:Gem_White","floor":42},{"not_picked":["Guardian:CrystalBeam+1","Guardian:Harden+1","Guardian:Gem_Cyan"],"picked":"SKIP","floor":44},{"not_picked":["Guardian:Emergency","Guardian:DonusPower"],"picked":"Guardian:Gem_Orange","floor":46},{"not_picked":["Guardian:PiercingHide","Guardian:CrystalBeam"],"picked":"Guardian:ShieldSpikes+1","floor":48},{"not_picked":["Guardian:Reroute+1","Guardian:Suspension+1"],"picked":"Guardian:PiercingHide+1","floor":54}],"player_experience":1770013,"relics_obtained":[{"floor":9.0,"key":"Ancient Tea Set"},{"floor":10.0,"key":"Shuriken"},{"floor":13.0,"key":"bronze:BronzeIdol"},{"floor":14.0,"key":"Bag of Preparation"},{"floor":23.0,"key":"Pantograph"},{"floor":27.0,"key":"Bottled Lightning"},{"floor":37,"key":"Happy Flower"},{"floor":41,"key":"Mummified Hand"},{"floor":43,"key":"Lantern"},{"floor":44,"key":"Oddly Smooth Stone"},{"floor":46,"key":"Sundial"},{"floor":48,"key":"Strawberry"},{"floor":54,"key":"Boot"}],"event_choices":[{"damage_healed":0.0,"max_hp_gain":0.0,"max_hp_loss":0.0,"gold_gain":0.0,"event_name":"NoteForYourself","player_choice":"Ignored","floor":2.0,"gold_loss":0.0,"damage_taken":0.0},{"damage_healed":0.0,"max_hp_gain":5.0,"max_hp_loss":0.0,"gold_gain":0.0,"event_name":"Forgotten Altar","player_choice":"Shed Blood","floor":31.0,"gold_loss":0.0,"damage_taken":20.0},{"damage_healed":0,"gold_gain":0,"player_choice":"Ignored","damage_taken":0,"max_hp_gain":0,"max_hp_loss":0,"event_name":"Tomb of Lord Red Mask","floor":36,"gold_loss":0}],"is_beta":false,"boss_relics":[{"not_picked":["Guardian:StasisSlotReductionRelic","energizedSpire:SpiderWeb"],"picked":"construct:ClawGrip"},{"not_picked":["Coffee Dripper","Velvet Choker"],"picked":"Sozu"}],"items_purged_floors":[11,38],"is_endless":false,"potions_floor_spawned":[5,12,13,14,16,23,27,33,41,44,48],"ascension_level":0}}