{"host":"uyfpom4rlahfoee4","time":1614197959,"event":{"mods":["BaseMod","Downfall","Minty Spire (QoL Compilation)","StSLib"],"gold_per_floor":[99,109,122,136,152,23,23,23,40,25,60,60,60,77,97,202,202,202,215,230,230,230,230,230],"floor_reached":22,"language":"ENG","playtime":1440,"items_purged":[],"score":213,"play_id":"4eb503cf-4afc-4fd0-9a6f-aa762f6f2dca","local_time":"20210224121919","is_ascension_mode":false,"campfire_choices":[{"data":"Guardian:TwinSlam","floor":1,"key":"SMITH"},{"data":"Guardian:BodySlam","floor":12,"key":"SMITH"},{"data":"Guardian:GemFinder","floor":18,"key":"SMITH"}],"circlet_count":0,"master_deck":["Guardian:Strike_Guardian","Guardian:Strike_Guardian","Guardian:Strike_Guardian","Guardian:Strike_Guardian","Guardian:Defend_Guardian","Guardian:Defend_Guardian","Guardian:Defend_Guardian","Guardian:Defend_Guardian","Guardian:CurlUp","Guardian:TwinSlam+1","Guardian:StasisField+1","Guardian:Harden","Guardian:Gem_Green","Guardian:SentryBeam","Guardian:TimeCapacitor","Guardian:Planning","Parasite","Guardian:Gem_Lightblue","Guardian:Recover","Guardian:BodySlam+1","Guardian:Gem_Red","Guardian:TimeBomb","Guardian:GemFinder+1","Guardian:Gem_Cyan","Guardian:PiercingHide","Guardian:Gem_Cyan","Guardian:ShieldCharger"],"relics":["Guardian:ModeShifter","Toy Ornithopter","Pantograph","SlaversCollar"],"acts_visited":["Exordium","TheCity"],"potions_floor_usage":[10,10,11,16,16],"damage_taken":[{"damage":0,"enemies":"Small Slimes","floor":2,"turns":3},{"damage":1,"enemies":"2 Louse","floor":3,"turns":3},{"damage":0,"enemies":"Cultist","floor":4,"turns":5},{"damage":5,"enemies":"downfall:LooterAlt","floor":5,"turns":5},{"damage":0,"enemies":"downfall:FleeingMerchant","floor":6,"turns":4},{"damage":4,"enemies":"Red Slaver","floor":9,"turns":5},{"damage":0,"enemies":"downfall:FleeingMerchant","floor":10,"turns":4},{"damage":0,"enemies":"Lagavulin","floor":11,"turns":9},{"damage":5,"enemies":"Blue Slaver","floor":14,"turns":4},{"damage":0,"enemies":"Exordium Wildlife","floor":15,"turns":7},{"damage":12,"enemies":"WA_ARCHETYPE_RETAIN","floor":16,"turns":9},{"damage":18,"enemies":"Spheric Guardian","floor":19,"turns":6},{"damage":25,"enemies":"downfall:LooterAlt2","floor":20,"turns":8},{"damage":12,"enemies":"Shelled Parasite and Fungi","floor":22,"turns":2}],"seed_played":"-1365592911137057050","potions_obtained":[{"floor":2,"key":"Guardian:BlockOnCardUsePotion"},{"floor":5,"key":"Strength Potion"},{"floor":9,"key":"Fire Potion"},{"floor":11,"key":"ColorlessPotion"},{"floor":14,"key":"Fire Potion"},{"floor":19,"key":"champ:CounterPotion"}],"is_trial":false,"path_per_floor":["R","M","M","M","M","$","T","?","M","$","E","R","?","M","M","B",null,"R","M","M","?","M"],"character_chosen":"GUARDIAN","items_purchased":["Guardian:TimeCapacitor","Guardian:Planning"],"campfire_rested":0,"item_purchase_floors":[6,6],"current_hp_per_floor":[80,80,79,79,74,74,74,80,76,80,80,80,80,75,75,78,80,80,62,37,37,25,25,25],"gold":230,"neow_bonus":"ONE_RANDOM_RARE_CARD","is_daily":false,"chose_seed":false,"campfire_upgraded":3,"win_rate":0.0,"timestamp":1614197959,"path_taken":["R","M","M","M","M","$","T","?","M","$","E","R","?","M","M","BOSS","R","M","M","?","?"],"items_purchased_type":["Card","Card"],"build_version":"2020-12-22","purchased_purges":0,"victory":false,"max_hp_per_floor":[80,80,80,80,80,80,80,80,80,80,80,80,80,80,80,80,80,80,80,80,80,80,80,80],"card_choices":[{"not_picked":["Guardian:Planning","Guardian:CrystalBeam"],"picked":"Guardian:Harden","floor":2},{"not_picked":["Guardian:ChargeCore","Guardian:GemFire"],"picked":"Guardian:Gem_Green","floor":3},{"not_picked":["Guardian:CrystalBeam","Guardian:Suspension"],"picked":"Guardian:Gem_Purple","floor":4},{"not_picked":["Guardian:VentSteam","Guardian:Planning"],"picked":"Guardian:Gem_Purple","floor":5},{"not_picked":["Guardian:SphericShield","Guardian:TemporalStrike"],"picked":"Guardian:SentryBeam","floor":6},{"not_picked":["Guardian:TemporalStrike","Guardian:MultiBeam"],"picked":"Guardian:Gem_Lightblue","floor":9},{"not_picked":["Guardian:Repulse","Guardian:RollAttack"],"picked":"Guardian:Recover","floor":10},{"not_picked":["Guardian:Gem_Cyan","Guardian:Gem_Red"],"picked":"Guardian:BodySlam","floor":11},{"not_picked":["Guardian:Gem_Cyan","Guardian:ShieldCharger"],"picked":"Guardian:Gem_Red","floor":14},{"not_picked":["Guardian:Emergency","Guardian:PrismaticBeam"],"picked":"Guardian:TimeBomb","floor":15},{"not_picked":["Guardian:BaubleBeam","Guardian:StasisStrike"],"picked":"Guardian:GemFinder","floor":16},{"not_picked":["Guardian:Gem_Lightblue","Guardian:Gem_Green"],"picked":"Guardian:Gem_Cyan","floor":19},{"not_picked":["Guardian:Reroute+1","Guardian:Recover"],"picked":"Guardian:PiercingHide","floor":19},{"not_picked":["Guardian:Gem_Green","Guardian:Gem_Red"],"picked":"Guardian:Gem_Cyan","floor":20},{"not_picked":["Guardian:Gem_Lightblue","Guardian:Planning"],"picked":"Guardian:ShieldCharger","floor":20}],"player_experience":167949,"relics_obtained":[{"floor":7,"key":"Toy Ornithopter"},{"floor":11,"key":"Pantograph"}],"event_choices":[{"damage_healed":20,"gold_gain":0,"player_choice":"Healed and dodged fight","damage_taken":0,"max_hp_gain":0,"max_hp_loss":0,"event_name":"Mushrooms","floor":8,"gold_loss":0,"cards_obtained":["Parasite"]},{"damage_healed":0,"gold_gain":0,"player_choice":"Grow","damage_taken":0,"max_hp_gain":0,"max_hp_loss":0,"event_name":"Living Wall","floor":13,"gold_loss":0,"cards_upgraded":["Guardian:StasisField"]},{"damage_healed":0,"gold_gain":0,"player_choice":"Leave","damage_taken":0,"max_hp_gain":0,"max_hp_loss":0,"event_name":"FaceTrader","floor":21,"gold_loss":0}],"is_beta":false,"boss_relics":[{"not_picked":["Calling Bell","Velvet Choker"],"picked":"SlaversCollar"}],"items_purged_floors":[],"is_endless":false,"potions_floor_spawned":[2,5,9,11,14,19],"killed_by":"Shelled Parasite and Fungi","ascension_level":0}}