{"host":"0tiz9i23itc6fpl3","time":1614203138,"event":{"mods":["2.2 Compatiblity","Act Like it!","BaseMod","Energized Spire","Gensokyo","GungeonMod","Hallownest","Infinite Spire","Marisa????????","Minty Spire (QoL Compilation)","RNG Fix","Reliquary","Remilia??????","Replay The Spire","StSLib","The Administrix","The Marked","The Mystic","The Senshi","The Servant 0.9.4","The Valiant","Wandering Minibosses","Yakumo Yukari mod","Yuyuko"],"gold_per_floor":[119,119,135,135,146,146,172,172,172,172,183,108,158,15,15,133,133,176,176,176,171,171],"floor_reached":21,"language":"ENG","playtime":1719,"items_purged":["Strike_MRS"],"score":175,"play_id":"ced6a728-8cde-4fd7-93d6-a780eaf95ec3","local_time":"20210224164538","is_ascension_mode":false,"campfire_choices":[{"data":"UpSweep","floor":6,"key":"SMITH"},{"data":"NonDirectionalLaser","floor":8,"key":"SMITH"},{"floor":10,"key":"REST"},{"data":"MillisecondPulsars","floor":15,"key":"SMITH"}],"circlet_count":0,"master_deck":["Strike_MRS","Strike_MRS","Strike_MRS","Defend_MRS","Defend_MRS","Defend_MRS","Defend_MRS","MasterSpark+1","UpSweep+1","NonDirectionalLaser+1","Acceleration","GrandCross","WitchLeyline","MillisecondPulsars+1","Hallucinations","Wraith","JA","MysteriousBeam+1","MysteriousBeam+1"],"relics":["MiniHakkero","DemoMod:PoisonVial","DemoMod:AgedBell","Ring of Fangs","Ring of Greed","Replay:Bandana","Replay:Wax Seal","DemoMod:ClearGuonStone","reliquary:KinkedSpring"],"acts_visited":["Exordium","TheCity"],"potions_floor_usage":[7,16,21],"damage_taken":[{"damage":5,"enemies":"2 Louse","floor":1,"turns":3},{"damage":12,"enemies":"Small Slimes","floor":3,"turns":2},{"damage":6,"enemies":"Cultist","floor":5,"turns":3},{"damage":21,"enemies":"Gremlin Nob","floor":7,"turns":4},{"damage":2,"enemies":"Large Slime","floor":11,"turns":3},{"damage":37,"enemies":"The Guardian","floor":16,"turns":9},{"damage":70,"enemies":"Shell Parasite","floor":18,"turns":8},{"damage":12,"enemies":"2 Thieves","floor":21,"turns":1}],"seed_played":"-3161981967987974976","potions_obtained":[{"floor":1,"key":"EssenceOfSteel"},{"floor":3,"key":"Weak Potion"},{"floor":18,"key":"Strength Potion"}],"is_trial":false,"path_per_floor":["M","?","M","?","M","R","E","R","T","R","M","$","?","$","R","B",null,"M","?","?","M"],"character_chosen":"MARISA","items_purchased":["DemoMod:ClearGuonStone"],"campfire_rested":1,"item_purchase_floors":[14],"current_hp_per_floor":[70,70,58,58,52,52,31,31,31,53,51,51,51,51,51,14,75,5,5,5,0,0],"gold":171,"neow_bonus":"","is_daily":false,"chose_seed":false,"campfire_upgraded":3,"win_rate":0.0,"timestamp":1614203138,"path_taken":["M","?","?","?","M","R","E","R","T","R","M","?","?","$","R","BOSS","M","?","?","?"],"items_purchased_type":["Relic"],"build_version":"2020-12-13","purchased_purges":1,"victory":false,"max_hp_per_floor":[75,75,75,75,75,75,75,75,75,75,75,75,75,75,75,75,75,75,75,75,75,75],"card_choices":[{"not_picked":["GasGiant","IllusionStar"],"picked":"NonDirectionalLaser","floor":1},{"not_picked":["Robbery","AsteroidBelt"],"picked":"Acceleration","floor":3},{"not_picked":["GalacticHalo","ShootTheMoon"],"picked":"GrandCross","floor":5},{"not_picked":["DarkMatter","DoubleSpark"],"picked":"WitchLeyline","floor":7},{"not_picked":["EnergyFlow","ChargingUp"],"picked":"MillisecondPulsars","floor":11},{"not_picked":["AbsoluteMagnitude","SatelliteIllusion"],"picked":"JA","floor":16},{"not_picked":["GravityBeat+1","OrrerysSun"],"picked":"MysteriousBeam+1","floor":18}],"player_experience":0,"relics_obtained":[{"floor":7,"key":"DemoMod:PoisonVial"},{"floor":9,"key":"DemoMod:AgedBell"},{"floor":13,"key":"Ring of Fangs"},{"floor":13,"key":"Ring of Greed"},{"floor":13,"key":"Replay:Bandana"},{"floor":13,"key":"Replay:Wax Seal"}],"event_choices":[{"damage_healed":0,"gold_gain":0,"player_choice":"Ignored","damage_taken":0,"max_hp_gain":0,"max_hp_loss":0,"event_name":"NoteForYourself","floor":2,"gold_loss":0},{"damage_healed":0,"gold_gain":0,"player_choice":"Ignored","damage_taken":0,"max_hp_gain":0,"max_hp_loss":0,"event_name":"Liars Game","floor":4,"gold_loss":0},{"damage_healed":0,"gold_gain":0,"player_choice":"Copied","damage_taken":0,"max_hp_gain":0,"max_hp_loss":0,"event_name":"Duplicator","floor":19,"gold_loss":0,"cards_obtained":["MysteriousBeam"]},{"damage_healed":0,"gold_gain":0,"player_choice":"Forge","damage_taken":0,"max_hp_gain":0,"max_hp_loss":0,"event_name":"Accursed Blacksmith","floor":20,"gold_loss":0,"cards_upgraded":["MasterSpark"]}],"is_beta":false,"boss_relics":[{"not_picked":["Honey Jar","Philosopher\u0027s Stone"],"picked":"reliquary:KinkedSpring"}],"items_purged_floors":[12],"is_endless":false,"potions_floor_spawned":[1,3,18],"killed_by":"2 Thieves","ascension_level":0}}