{"host":"7bb7osqc91rjfyph","time":1614143390,"event":{"mods":["AchievementEnabler","BaseMod","BetterRewards","Colored Map","Colored Powertips","Downfall","Googly Eyes","Hermit","Hubris","Marisa????????","Minty Spire (QoL Compilation)","Shop Mod","StSLib","The Cursed"],"gold_per_floor":[18,32,42,42,42,42,86,86,110,110,178,178,178],"floor_reached":12,"language":"ENG","playtime":562,"items_purged":[],"score":91,"play_id":"42004a64-8f49-4cfc-a870-8bb639677db0","local_time":"20210223230950","is_ascension_mode":true,"campfire_choices":[{"data":"Neutralize","floor":6,"key":"SMITH"},{"data":"Sucker Punch","floor":8,"key":"SMITH"},{"floor":10,"key":"REST"}],"circlet_count":0,"master_deck":["Strike_G","Strike_G","Strike_G","Strike_G","Strike_G","Defend_G","Defend_G","Defend_G","Defend_G","Defend_G","Survivor","Neutralize+1","Thinking Ahead+1","Leg Sweep","Sucker Punch+1","Well Laid Plans","Blur","Malaise"],"relics":["Ring of the Snake","hubris:Icosahedron","CeramicFish","Bronze Scales","Anchor"],"acts_visited":["Exordium"],"potions_floor_usage":[7,11],"damage_taken":[{"damage":8,"enemies":"Jaw Worm","floor":1,"turns":4},{"damage":1,"enemies":"Small Slimes","floor":2,"turns":4},{"damage":0,"enemies":"Cultist","floor":3,"turns":3},{"damage":38,"enemies":"Lagavulin","floor":7,"turns":12},{"damage":17,"enemies":"3 Sentries","floor":11,"turns":13},{"damage":12,"enemies":"Gremlin Nob","floor":12,"turns":3}],"seed_played":"-6884061154163910781","potions_obtained":[{"floor":1,"key":"Ancient Potion"},{"floor":2,"key":"ColorlessPotion"},{"floor":3,"key":"SteroidPotion"}],"is_trial":false,"path_per_floor":["M","M","M","?","?","R","E","R","T","R","?","E"],"character_chosen":"THE_SILENT","items_purchased":[],"campfire_rested":1,"item_purchase_floors":[],"current_hp_per_floor":[62,61,61,61,61,61,23,23,23,44,27,15,15],"gold":178,"neow_bonus":"RANDOM_COLORLESS_2","is_daily":false,"chose_seed":false,"campfire_upgraded":2,"win_rate":0.0,"timestamp":1614143390,"path_taken":["M","M","M","?","?","R","E","R","T","R","?","E"],"items_purchased_type":[],"build_version":"2020-12-22","purchased_purges":0,"victory":false,"max_hp_per_floor":[70,70,70,70,70,70,70,70,70,70,70,70,70],"card_choices":[{"not_picked":["Transmutation","Mayhem"],"picked":"Thinking Ahead","floor":0},{"not_picked":["Crippling Poison","Dodge and Roll"],"picked":"Leg Sweep","floor":1},{"not_picked":["Acrobatics","Outmaneuver"],"picked":"Sucker Punch","floor":2},{"not_picked":["Predator","Underhanded Strike"],"picked":"Well Laid Plans","floor":3},{"not_picked":["Finisher","Leg Sweep"],"picked":"Blur","floor":7},{"not_picked":["Concentrate","Flying Knee"],"picked":"Malaise","floor":11}],"player_experience":139427,"relics_obtained":[{"floor":7,"key":"CeramicFish"},{"floor":9,"key":"Bronze Scales"},{"floor":11,"key":"Anchor"}],"event_choices":[{"damage_healed":0,"gold_gain":0,"player_choice":"Grow","damage_taken":0,"max_hp_gain":0,"max_hp_loss":0,"event_name":"Living Wall","floor":5,"gold_loss":0,"cards_upgraded":["Thinking Ahead"]},{"damage_healed":0,"gold_gain":0,"player_choice":"Searched \u00272\u0027 times","damage_taken":0,"max_hp_gain":0,"max_hp_loss":0,"event_name":"Dead Adventurer","floor":11,"gold_loss":0}],"is_beta":false,"boss_relics":[],"items_purged_floors":[],"is_endless":false,"potions_floor_spawned":[1,2,3],"killed_by":"Gremlin Nob","ascension_level":4}}