{"host":"zksvs3x2ysy9npnz","time":1614191862,"event":{"mods":["Aspiration","BaseMod","Beaked The Cultist","BetterRewards","Clockwork Mod","Colored Map","Conspire","Downfall","Halation","Highlight Path","Hubris","Infinite Spire","Jedi Mod","Magitek Elite","Minty Spire (QoL Compilation)","Permanent Neow","Quick Restart","Relic Stats","Shop Mod","StSLib","The Runesmith","The Witch"],"gold_per_floor":[99,116,116,130,130,150,150,150,150,53,53,73,73,103,115,115,115,115],"floor_reached":16,"language":"FRA","playtime":940,"items_purged":[],"score":105,"play_id":"924d1fb0-ba31-4fb0-a1aa-5b70ab6cfcd2","local_time":"20210224193742","is_ascension_mode":true,"campfire_choices":[],"circlet_count":0,"master_deck":["sneckomod:Strike","sneckomod:Strike","sneckomod:Strike+1","sneckomod:Defend+1","sneckomod:Defend+1","sneckomod:Defend","sneckomod:TailWhip","sneckomod:SnekBite","sneckomod:IronFang","infinitespire:Collect","sneckomod:UnknownStrength","downfall:Malfunctioning","Guardian:ExploitGems","sneckomod:ImprovisedAttack","sneckomod:UnknownBoss","sneckomod:Unknown0Cost","conspire:Banana","sneckomod:UnknownRareSkill","sneckomod:UnknownColorless"],"relics":["sneckomod:SneckoSoul","MealTicket","infinitespire:ShieldingShard","Guardian:PocketSentry"],"acts_visited":["Exordium"],"potions_floor_usage":[16,16],"damage_taken":[{"damage":1,"enemies":"Jaw Worm","floor":2,"turns":3},{"damage":0,"enemies":"infinitespire:Voidling","floor":4,"turns":2},{"damage":5,"enemies":"2 Louse","floor":6,"turns":2},{"damage":0,"enemies":"downfall:FleeingMerchant","floor":10,"turns":4},{"damage":4,"enemies":"downfall:LooterAlt","floor":12,"turns":3},{"damage":13,"enemies":"Lagavulin","floor":14,"turns":7},{"damage":0,"enemies":"Exordium Wildlife","floor":15,"turns":2},{"damage":70,"enemies":"SI_SHIV_ARCHETYPE","floor":16,"turns":13}],"seed_played":"-375374885219803101","potions_obtained":[{"floor":6,"key":"Explosive Potion"},{"floor":14,"key":"bronze:BurnAndBuffPotion"}],"is_trial":false,"path_per_floor":["R","M","?","M","?","M","T","?","R","$","?","M","R","E","M","B"],"character_chosen":"THE_SNECKO","items_purchased":["sneckomod:UnknownBoss"],"campfire_rested":0,"item_purchase_floors":[10],"current_hp_per_floor":[90,89,68,68,73,68,68,68,68,83,83,79,79,67,67,0,0,0],"gold":115,"neow_bonus":"RANDOM_COMMON_RELIC","is_daily":false,"chose_seed":false,"campfire_upgraded":0,"win_rate":0.0,"timestamp":1614191862,"path_taken":["R","M","?","M","?","?","T","?","R","$","?","M","R","E","M","BOSS"],"items_purchased_type":["Card"],"build_version":"2020-12-22","purchased_purges":0,"victory":false,"max_hp_per_floor":[90,90,90,90,90,90,90,90,90,90,90,90,90,91,91,92,92,92],"relic_stats":{"counters":[8,36],"MealTicket":15,"obtain_stats":[{"infinitespire:ShieldingShard":7,"MealTicket":0,"Guardian:PocketSentry":14,"sneckomod:SneckoSoul":0},{"infinitespire:ShieldingShard":3,"MealTicket":0,"Guardian:PocketSentry":6,"sneckomod:SneckoSoul":0},{"infinitespire:ShieldingShard":7,"MealTicket":0,"Guardian:PocketSentry":21,"sneckomod:SneckoSoul":0}]},"card_choices":[{"not_picked":["sneckomod:DiceCrush","sneckomod:UnknownWeak"],"picked":"sneckomod:IronFang","floor":2},{"not_picked":["infinitespire:FinalStrike","infinitespire:NeuralNetwork"],"picked":"infinitespire:Collect","floor":3},{"not_picked":["sneckomod:SoulDraw","sneckomod:UnknownBlock"],"picked":"sneckomod:UnknownColorless","floor":4},{"not_picked":["sneckomod:TrashToTreasure","sneckomod:PureSnecko"],"picked":"sneckomod:UnknownStrength","floor":6},{"not_picked":["sneckomod:TrashToTreasure","sneckomod:SoulDraw"],"picked":"sneckomod:ImprovisedAttack","floor":10},{"not_picked":["sneckomod:UnknownX","sneckomod:UnknownCommonSkill"],"picked":"sneckomod:Unknown0Cost","floor":12},{"not_picked":["sneckomod:UnknownCommonAttack","sneckomod:DiceBlock"],"picked":"sneckomod:UnknownRareSkill","floor":14},{"not_picked":["sneckomod:Nope","sneckomod:Unknown1Cost"],"picked":"sneckomod:UnknownColorless","floor":15}],"player_experience":1932017,"relics_obtained":[{"floor":7,"key":"infinitespire:ShieldingShard"},{"floor":14,"key":"Guardian:PocketSentry"}],"event_choices":[{"cards_removed":["Runesmith:ShiftingStrike"],"damage_healed":5,"gold_gain":0,"player_choice":"Offered Common","damage_taken":0,"max_hp_gain":0,"max_hp_loss":0,"event_name":"Bonfire Elementals","floor":5,"gold_loss":0},{"cards_removed":["Runesmith:ShiftingStrike"],"damage_healed":5,"gold_gain":0,"player_choice":"Offered Special","damage_taken":0,"max_hp_gain":0,"max_hp_loss":0,"event_name":"Bonfire Elementals","floor":5,"gold_loss":0}],"is_beta":false,"boss_relics":[],"items_purged_floors":[],"is_endless":false,"potions_floor_spawned":[6,14],"killed_by":"SI_SHIV_ARCHETYPE","ascension_level":1}}