{"host":"kh6fvhxn285ncg0o","time":1614152584,"event":{"mods":["Act Like it!","BaseMod","Colored Map","Friendly Minions","Keyboard Shortcuts","Minty Spire (QoL Compilation)","Quick Restart","Relic Stats","StSLib","SuperFastMode","UnlockEverythingMod"],"gold_per_floor":[116,116,139,139,162,162,185,219,244,244,244,268,302,302,302,392,392,392,317,237,237,237,237,237,237,237,109,109,109,59,59,59,59,59,59,59,59,59,59,59,59,59,59,59,59,59,9,9,9,9,9],"floor_reached":50,"language":"KOR","playtime":1541,"items_purged":["Strike_R","Strike_R","Bash+1"],"score":1490,"play_id":"400a4b91-83b4-4dc5-aa63-37e9bebe181f","local_time":"20210224164304","is_ascension_mode":true,"campfire_choices":[{"data":"Feed","floor":6.0,"key":"SMITH"},{"floor":11.0,"key":"REST"},{"data":"Bash","floor":15.0,"key":"SMITH"},{"data":"Fiend Fire","floor":24.0,"key":"SMITH"},{"data":"Power Through","floor":28.0,"key":"SMITH"},{"data":"Second Wind","floor":32.0,"key":"SMITH"},{"data":"Body Slam","floor":40.0,"key":"SMITH"},{"floor":49,"key":"RECALL"}],"circlet_count":0,"master_deck":["AscendersBane","Defend_R+1","Defend_R","Defend_R","Defend_R+1","Feed+1","Shockwave","Battle Trance+1","Headbutt","Berserk+1","Reaper","Fire Breathing+1","True Grit+1","Shrug It Off","Fiend Fire+1","Second Wind+1","Dual Wield","Power Through+1","Juggernaut+1","Burning Pact+1","Body Slam+1","Evolve+1","Disarm"],"relics":["Burning Blood","Golden Idol","Bag of Preparation","Bag of Marbles","Frozen Egg 2","War Paint","Ectoplasm","Bronze Scales","Smiling Mask","Red Skull","Charon\u0027s Ashes","Empty Cage","Ice Cream","Akabeko","Orichalcum"],"acts_visited":["Exordium","TheCity","TheBeyond"],"potions_floor_usage":[],"damage_taken":[{"damage":11.0,"enemies":"Jaw Worm","floor":1.0,"turns":5.0},{"damage":0.0,"enemies":"Small Slimes","floor":3.0,"turns":3.0},{"damage":1.0,"enemies":"Cultist","floor":5.0,"turns":3.0},{"damage":21.0,"enemies":"Exordium Thugs","floor":7.0,"turns":5.0},{"damage":35.0,"enemies":"Lagavulin","floor":8.0,"turns":5.0},{"damage":3.0,"enemies":"3 Louse","floor":12.0,"turns":3.0},{"damage":8.0,"enemies":"Gremlin Nob","floor":13.0,"turns":3.0},{"damage":31.0,"enemies":"The Guardian","floor":16.0,"turns":13.0},{"damage":3.0,"enemies":"Spheric Guardian","floor":18.0,"turns":3.0},{"damage":32.0,"enemies":"2 Thieves","floor":20.0,"turns":4.0},{"damage":30.0,"enemies":"Snake Plant","floor":21.0,"turns":6.0},{"damage":16.0,"enemies":"Gremlin Leader","floor":23.0,"turns":5.0},{"damage":18.0,"enemies":"Book of Stabbing","floor":25.0,"turns":5.0},{"damage":0.0,"enemies":"Gremlin Leader","floor":31.0,"turns":2.0},{"damage":0.0,"enemies":"Automaton","floor":33.0,"turns":9.0},{"damage":5.0,"enemies":"Orb Walker","floor":35.0,"turns":4.0},{"damage":2.0,"enemies":"3 Darklings","floor":36.0,"turns":4.0},{"damage":0.0,"enemies":"Maw","floor":37.0,"turns":5.0},{"damage":2.0,"enemies":"Mind Bloom Boss Battle","floor":38.0,"turns":6.0},{"damage":0.0,"enemies":"Nemesis","floor":41.0,"turns":5.0},{"damage":0.0,"enemies":"Sphere and 2 Shapes","floor":42.0,"turns":4.0},{"damage":0.0,"enemies":"Transient","floor":44.0,"turns":6.0},{"damage":21.0,"enemies":"Maw","floor":45.0,"turns":6.0},{"damage":0.0,"enemies":"Reptomancer","floor":46.0,"turns":1.0},{"damage":0.0,"enemies":"Jaw Worm Horde","floor":48.0,"turns":4.0},{"damage":0,"enemies":"Awakened One","floor":50,"turns":2}],"seed_played":"1542408008151266998","potions_obtained":[{"floor":3.0,"key":"LiquidBronze"},{"floor":4.0,"key":"SkillPotion"},{"floor":5.0,"key":"Strength Potion"},{"floor":8.0,"key":"ColorlessPotion"},{"floor":18.0,"key":"BloodPotion"},{"floor":20.0,"key":"Fire Potion"},{"floor":31.0,"key":"Swift Potion"},{"floor":33.0,"key":"BlessingOfTheForge"},{"floor":35.0,"key":"GamblersBrew"},{"floor":38.0,"key":"PowerPotion"},{"floor":44.0,"key":"AttackPotion"},{"floor":45.0,"key":"SteroidPotion"},{"floor":48.0,"key":"Regen Potion"}],"is_trial":false,"path_per_floor":["M","?","M","?","M","R","M","E","T","T","R","M","E","?","R","B",null,"M","?","M","M","?","E","R","E","T","$","R","?","$","E","R","B",null,"M","M","M","?","?","R","E","M","T","M","M","E","$","M","R","B"],"character_chosen":"IRONCLAD","items_purchased":["Power Through"],"campfire_rested":1,"item_purchase_floors":[27],"current_hp_per_floor":[66,64,67,67,70,70,59,34,34,34,57,64,66,66,66,41,75,82,82,68,48,48,38,38,32,32,32,32,32,32,38,38,74,89,98,102,102,106,101,101,101,101,101,101,98,104,104,113,113,113,113],"gold":9,"neow_bonus":"THREE_RARE_CARDS","is_daily":false,"chose_seed":false,"campfire_upgraded":6,"win_rate":0.0,"timestamp":1614152584,"path_taken":["M","?","M","?","M","R","?","E","T","?","R","M","E","?","R","BOSS","M","?","M","?","?","E","R","E","T","?","R","?","$","E","R","BOSS","M","M","M","?","?","R","E","M","T","M","M","E","?","M","R","BOSS"],"items_purchased_type":["Card"],"build_version":"2020-12-22","purchased_purges":3,"victory":false,"max_hp_per_floor":[71,64,67,67,70,70,74,78,78,78,78,82,86,86,86,86,86,90,90,94,94,94,94,94,94,94,94,94,94,94,94,94,94,94,98,102,102,106,101,101,101,101,101,101,105,105,105,113,113,113,113],"relic_stats":{"counters":[26,121],"Golden Idol":148,"Bronze Scales":[147],"Ectoplasm":589,"Charon\u0027s Ashes":[768],"Bag of Preparation":[42],"War Paint":["Defend_R","Defend_R"],"Orichalcum":[6],"Smiling Mask":150,"obtain_stats":[{"Ice Cream":38,"Golden Idol":2,"Charon\u0027s Ashes":31,"Bag of Preparation":8,"Frozen Egg 2":10,"War Paint":13,"Orichalcum":46,"Smiling Mask":25,"Empty Cage":34,"Burning Blood":0,"Akabeko":41,"Bronze Scales":23,"Ectoplasm":17,"Bag of Marbles":9,"Red Skull":26},{"Ice Cream":19,"Golden Idol":1,"Charon\u0027s Ashes":14,"Bag of Preparation":5,"Frozen Egg 2":5,"War Paint":7,"Orichalcum":24,"Smiling Mask":13,"Empty Cage":15,"Burning Blood":0,"Akabeko":20,"Bronze Scales":12,"Ectoplasm":8,"Bag of Marbles":5,"Red Skull":13},{"Ice Cream":93,"Golden Idol":5,"Charon\u0027s Ashes":65,"Bag of Preparation":21,"Frozen Egg 2":21,"War Paint":27,"Orichalcum":115,"Smiling Mask":63,"Empty Cage":74,"Burning Blood":0,"Akabeko":98,"Bronze Scales":58,"Ectoplasm":40,"Bag of Marbles":21,"Red Skull":63}],"Burning Blood":98},"card_choices":[{"not_picked":["Exhume","Limit Break"],"picked":"Feed","floor":0.0},{"not_picked":["Perfected Strike","Armaments"],"picked":"Shockwave","floor":1.0},{"not_picked":["Headbutt","Pommel Strike"],"picked":"Battle Trance","floor":3.0},{"not_picked":["Sentinel","Headbutt","Sword Boomerang"],"picked":"SKIP","floor":5.0},{"not_picked":["Sentinel","Sword Boomerang"],"picked":"Headbutt","floor":5.0},{"not_picked":["Anger","Sword Boomerang"],"picked":"Berserk+1","floor":13.0},{"not_picked":["Exhume","Double Tap"],"picked":"Reaper","floor":16.0},{"not_picked":["Reckless Charge","Dark Embrace+1"],"picked":"Fire Breathing+1","floor":18.0},{"not_picked":["Dropkick","Infernal Blade"],"picked":"True Grit+1","floor":20.0},{"not_picked":["Havoc","Sword Boomerang"],"picked":"Shrug It Off","floor":21.0},{"not_picked":["Warcry","Iron Wave"],"picked":"Second Wind","floor":23.0},{"not_picked":["Flame Barrier","Corruption+1"],"picked":"Dual Wield","floor":25.0},{"not_picked":["Double Tap","Flex","Headbutt"],"picked":"SKIP","floor":31.0},{"not_picked":["Fiend Fire","Corruption+1"],"picked":"Juggernaut+1","floor":33.0},{"not_picked":["Iron Wave","Pommel Strike","Headbutt"],"picked":"SKIP","floor":35.0},{"not_picked":["Combust+1","Metallicize+1"],"picked":"Burning Pact+1","floor":36.0},{"not_picked":["Wild Strike","True Grit"],"picked":"Body Slam","floor":37.0},{"not_picked":["Heavy Blade","Juggernaut+1","Clash"],"picked":"SKIP","floor":41.0},{"not_picked":["Thunderclap","Battle Trance"],"picked":"Evolve+1","floor":42.0},{"not_picked":["Thunderclap","Sword Boomerang","Warcry"],"picked":"SKIP","floor":44.0},{"not_picked":["Intimidate","Cleave","Rupture+1"],"picked":"SKIP","floor":45.0},{"not_picked":["Reckless Charge","Seeing Red"],"picked":"Disarm","floor":46.0},{"not_picked":["Heavy Blade","Clothesline","Flex+1"],"picked":"SKIP","floor":48.0}],"player_experience":1508160,"relics_obtained":[{"floor":8.0,"key":"Bag of Preparation"},{"floor":9.0,"key":"Bag of Marbles"},{"floor":10.0,"key":"Frozen Egg 2"},{"floor":13.0,"key":"War Paint"},{"floor":23.0,"key":"Bronze Scales"},{"floor":25.0,"key":"Smiling Mask"},{"floor":26.0,"key":"Red Skull"},{"floor":31.0,"key":"Charon\u0027s Ashes"},{"floor":38.0,"key":"Ice Cream"},{"floor":41.0,"key":"Akabeko"},{"floor":46.0,"key":"Orichalcum"}],"event_choices":[{"damage_healed":0.0,"max_hp_gain":0.0,"max_hp_loss":7.0,"gold_gain":0.0,"event_name":"Golden Idol","player_choice":"Lose Max HP","floor":2.0,"gold_loss":0.0,"damage_taken":0.0,"relics_obtained":["Golden Idol"]},{"damage_healed":0.0,"max_hp_gain":0.0,"max_hp_loss":0.0,"gold_gain":0.0,"event_name":"Lab","player_choice":"Got Potions","floor":4.0,"gold_loss":0.0,"damage_taken":0.0},{"damage_healed":0.0,"max_hp_gain":0.0,"max_hp_loss":0.0,"gold_gain":0.0,"event_name":"Accursed Blacksmith","player_choice":"Forge","floor":14.0,"gold_loss":0.0,"damage_taken":0.0,"cards_upgraded":["Battle Trance"]},{"cards_removed":["Strike_R"],"damage_healed":0.0,"max_hp_gain":0.0,"max_hp_loss":0.0,"gold_gain":0.0,"event_name":"Designer","player_choice":"Single Remove","floor":19.0,"gold_loss":75.0,"damage_taken":0.0},{"damage_healed":0.0,"max_hp_gain":0.0,"max_hp_loss":0.0,"gold_gain":0.0,"event_name":"Match and Keep!","player_choice":"1 cards matched","floor":22.0,"gold_loss":0.0,"damage_taken":0.0,"cards_obtained":["Fiend Fire"]},{"damage_healed":0.0,"max_hp_gain":0.0,"max_hp_loss":0.0,"gold_gain":0.0,"event_name":"Vampires","player_choice":"Ignored","floor":29.0,"gold_loss":0.0,"damage_taken":0.0},{"damage_healed":0.0,"max_hp_gain":0.0,"max_hp_loss":0.0,"gold_gain":0.0,"event_name":"MindBloom","player_choice":"Fight","floor":38.0,"gold_loss":0.0,"damage_taken":0.0},{"damage_healed":0.0,"max_hp_gain":0.0,"max_hp_loss":5.0,"gold_gain":0.0,"event_name":"Winding Halls","player_choice":"Max HP","floor":39.0,"gold_loss":0.0,"damage_taken":0.0}],"is_beta":false,"boss_relics":[{"not_picked":["Busted Crown","Tiny House"],"picked":"Ectoplasm"},{"not_picked":["Runic Dome","Pandora\u0027s Box"],"picked":"Empty Cage"}],"items_purged_floors":[27,30,47],"is_endless":false,"potions_floor_spawned":[3,5,8,18,20,31,33,35,38,44,45,48],"killed_by":"Awakened One","ascension_level":20}}