{"host":"u9xtr94typ21duox","time":1614143078,"event":{"mods":["Act Like it!","BaseMod","Downfall","Key Reminder","KinomotoSakuraMod(木之本樱)","LagranYue(拉格朗・月)","Luminous","Marisa（F雨　魔理沙）","Minty Spire (QoL Compilation)","Quick Restart","READ ME - Guardian Mod","Reimu（博丽灵梦）","Remilia（蕾米莉亚）","Replay The Spire","SIMod","SOS（斯巴达之子）","Shop Mod","StSLib","Td1madao Mod","The Administrix","The Bladedancer","The Bug Knight","The Construct","The Cursed","The Gatherer","The Runesmith","The Senshi","The Servant 0.9.4","WarShipGirlsR/战舰少女R mod","Warlord Emblem","Youmu（魂魄妖梦）","[GremlinLeader]The Maniac"],"gold_per_floor":[115,129,204,216,236,267,267,299,299,314,314,139,139,151,151,252,352,326,326,346,346,357,357,357],"floor_reached":23,"language":"ZHS","playtime":1712,"items_purged":["Pain"],"score":251,"play_id":"67ba5d28-5561-4f19-9546-271c503d467d","local_time":"20210224130438","is_ascension_mode":true,"campfire_choices":[{"data":"theSenshi:UranusStrength","floor":11.0,"key":"SMITH"},{"data":"theSenshi:MoonCrystalPowerMakeUp","floor":13.0,"key":"SMITH"},{"data":"theSenshi:MoonCrisisMakeUp","floor":15.0,"key":"SMITH"}],"circlet_count":0,"master_deck":["theSenshi:SailorKick","theSenshi:SailorKick","theSenshi:SailorKick","theSenshi:SailorKick","theSenshi:SailorBlock","theSenshi:SailorBlock","theSenshi:SailorBlock","theSenshi:SailorBlock","theSenshi:RoseThrow","theSenshi:MoonPrismPowerMakeUp","theSenshi:UranusStrength+1","theSenshi:SailorNeptuneAssists","theSenshi:StudyParty","theSenshi:TallSilhouette","theSenshi:MoonCrystalPowerMakeUp+1","theSenshi:MoonCrisisMakeUp+1","theSenshi:MoonCosmicPowerMakeUp+1","theSenshi:SchoolBag","theSenshi:MoonPrincessHalation"],"relics":["theSenshi:TransformationBroochRelic","LagranYue:RandomDrawCardRelic","Runesmith:AutoHammer","Blue Candle","WarpedTongs","Omamori","keyreminder:keyreminder","Replay:Wanted Poster","Darkstone Periapt"],"acts_visited":["Exordium","TheCity"],"potions_floor_usage":[20,23,23],"damage_taken":[{"damage":0.0,"enemies":"Jaw Worm","floor":1.0,"turns":3.0},{"damage":0.0,"enemies":"Cultist","floor":2.0,"turns":4.0},{"damage":0.0,"enemies":"Small Slimes","floor":4.0,"turns":4.0},{"damage":0.0,"enemies":"Red Slaver","floor":5.0,"turns":6.0},{"damage":5.0,"enemies":"HollowMod:MossKnight","floor":6.0,"turns":24.0},{"damage":5.0,"enemies":"Lagavulin","floor":8.0,"turns":8.0},{"damage":10.0,"enemies":"Large Slime","floor":10.0,"turns":7.0},{"damage":13.0,"enemies":"Exordium Thugs","floor":14.0,"turns":15.0},{"damage":5.0,"enemies":"Slime Boss","floor":16.0,"turns":13.0},{"damage":11.0,"enemies":"2 Thieves","floor":18.0,"turns":5.0},{"damage":7,"enemies":"Snecko","floor":20,"turns":8},{"damage":15,"enemies":"Centurion and Healer","floor":22,"turns":8},{"damage":53,"enemies":"Slavers","floor":23,"turns":4}],"seed_played":"-4109176399392728763","potions_obtained":[{"floor":1.0,"key":"Cursed Concoction"},{"floor":6.0,"key":"LifebloodPotion"},{"floor":14.0,"key":"PowerPotion"},{"floor":16.0,"key":"Weak Potion"},{"floor":22,"key":"Strength Potion"}],"is_trial":false,"path_per_floor":["M","M","?","M","M","E","?","E","T","M","R","$","R","M","R","B",null,"M","?","M","?","M","E"],"character_chosen":"THE_SENSHI","items_purchased":["theSenshi:TallSilhouette","theSenshi:MoonCrystalPowerMakeUp"],"campfire_rested":0,"item_purchase_floors":[12,12],"current_hp_per_floor":[75,75,68,68,68,63,63,58,58,48,48,48,48,60,60,60,75,64,64,67,67,52,0,0],"gold":357,"neow_bonus":"RANDOM_COMMON_RELIC","is_daily":false,"chose_seed":false,"campfire_upgraded":3,"win_rate":0.0,"timestamp":1614143078,"path_taken":["M","M","?","M","?","E","?","E","T","M","R","$","R","M","R","BOSS","M","?","M","?","M","E"],"items_purchased_type":["Card","Card"],"build_version":"2020-12-22","purchased_purges":1,"victory":false,"max_hp_per_floor":[75,75,75,75,75,75,75,75,75,75,75,75,75,75,75,75,75,75,75,75,75,75,75,75],"card_choices":[{"not_picked":["theSenshi:MoonKick","theSenshi:SteeledNerves"],"picked":"theSenshi:UranusStrength","floor":1.0},{"not_picked":["theSenshi:TuxedoSmokingBomber","theSenshi:MoonTiaraMagic"],"picked":"theSenshi:SailorNeptuneAssists","floor":2.0},{"not_picked":["theSenshi:OdangoHead","theSenshi:SailorVenusAssists","theSenshi:SailorV"],"picked":"SKIP","floor":4.0},{"not_picked":["theSenshi:SailorPlanetPower","theSenshi:MoonKick","theSenshi:OdangoHead"],"picked":"SKIP","floor":5.0},{"not_picked":["theSenshi:IWillPunishYou","theSenshi:TuxedoSmokingBomber"],"picked":"theSenshi:StudyParty","floor":6.0},{"not_picked":["theSenshi:FatedKiss","theSenshi:MoonPower","theSenshi:HesSoDreamy"],"picked":"SKIP","floor":8.0},{"not_picked":["theSenshi:LateForSchool","theSenshi:SupersonicWaves","theSenshi:Sidestep"],"picked":"SKIP","floor":10.0},{"not_picked":["theSenshi:VenusGlamour","theSenshi:Sidestep"],"picked":"theSenshi:MoonCrisisMakeUp","floor":14.0},{"not_picked":["theSenshi:SailorNeptuneAssists","theSenshi:SailorMarsAssists"],"picked":"theSenshi:MoonCosmicPowerMakeUp","floor":18.0},{"not_picked":["theSenshi:UranusStrength","theSenshi:MoonSpiralHeartAttack"],"picked":"theSenshi:SchoolBag","floor":20},{"not_picked":["theSenshi:TuxedoSmokingBomber","theSenshi:NeptunesGrace"],"picked":"theSenshi:MoonPrincessHalation","floor":22}],"player_experience":406052,"relics_obtained":[{"floor":6.0,"key":"Blue Candle"},{"floor":8.0,"key":"Omamori"}],"event_choices":[{"damage_healed":0.0,"max_hp_gain":0.0,"max_hp_loss":0.0,"gold_gain":75.0,"event_name":"FaceTrader","player_choice":"Touch","floor":3.0,"gold_loss":0.0,"damage_taken":7.0},{"damage_healed":0.0,"max_hp_gain":0.0,"max_hp_loss":0.0,"gold_gain":0.0,"event_name":"Accursed Blacksmith","player_choice":"Rummage","floor":7.0,"gold_loss":0.0,"damage_taken":0.0,"relics_obtained":["WarpedTongs"],"cards_obtained":["Pain"]},{"damage_healed":0,"gold_gain":0,"player_choice":"Upgraded","damage_taken":0,"max_hp_gain":0,"max_hp_loss":0,"event_name":"Upgrade Shrine","floor":21,"gold_loss":0,"cards_upgraded":["theSenshi:MoonCosmicPowerMakeUp"]}],"is_beta":false,"boss_relics":[{"not_picked":["Busted Crown","Replay:Ancient Bell"],"picked":"Replay:Wanted Poster"}],"items_purged_floors":[12],"is_endless":false,"potions_floor_spawned":[1,6,14,16,18,22],"killed_by":"Slavers","ascension_level":2}}