{"host":"hfxp6ue4pvwo3fit","time":1614126466,"event":{"mods":["AchievementEnabler","BaseMod","Colored Map","Colored Powertips","Highlight Path","Minty Spire (QoL Compilation)","Relic Stats","StSLib","SuperFastMode"],"gold_per_floor":[117,117,131,145,52,52,78,78,129,164,184,215,215,232,232,311,311,290,205,205,0,20,20,55,55,55,84,99,99,125,125,125,200,200,216,216,230,230,230,255,255,267,267,267,267,267],"floor_reached":45,"language":"ENG","playtime":1659,"items_purged":[],"score":1034,"play_id":"64155b67-ab2e-4624-86a5-c362d3262963","local_time":"20210223182746","is_ascension_mode":true,"campfire_choices":[{"data":"Defragment","floor":6,"key":"SMITH"},{"floor":8,"key":"REST"},{"data":"Buffer","floor":13,"key":"SMITH"},{"data":"Hologram","floor":15,"key":"SMITH"},{"data":"Scrape","floor":23,"key":"SMITH"},{"data":"Creative AI","floor":29,"key":"SMITH"},{"floor":32,"key":"REST"},{"data":"Coolheaded","floor":41,"key":"SMITH"}],"circlet_count":0,"master_deck":["AscendersBane","Zap","Dualcast","FTL","Ball Lightning","Defragment+1","Gash","FTL","Hologram+1","Chill","Coolheaded+1","Buffer+1","White Noise","Thunder Strike","Gash+1","FTL","Scrape+1","Creative AI+1","Reprogram","Tempest","Go for the Eyes","Tempest+1","Electrodynamics","Melter","Hello World","Beam Cell","Lockon","Meteor Strike","Ball Lightning+1","Leap","Cold Snap","Fission"],"relics":["Nuclear Battery","Juzu Bracelet","Orichalcum","Bird Faced Urn","Du-Vu Doll","Inserter","HornCleat","Runic Capacitor","Art of War","Incense Burner","Meat on the Bone","Ice Cream","Pandora\u0027s Box","Bronze Scales","Dead Branch"],"acts_visited":["Exordium","TheCity","TheBeyond"],"potions_floor_usage":[7,10,12,16,24,30,42],"damage_taken":[{"damage":2,"enemies":"Jaw Worm","floor":1,"turns":4},{"damage":2,"enemies":"Cultist","floor":3,"turns":4},{"damage":9,"enemies":"Small Slimes","floor":4,"turns":4},{"damage":20,"enemies":"3 Sentries","floor":7,"turns":5},{"damage":20,"enemies":"Gremlin Nob","floor":10,"turns":4},{"damage":1,"enemies":"Blue Slaver","floor":11,"turns":3},{"damage":6,"enemies":"3 Sentries","floor":12,"turns":6},{"damage":0,"enemies":"Large Slime","floor":14,"turns":4},{"damage":10,"enemies":"Hexaghost","floor":16,"turns":9},{"damage":4,"enemies":"2 Thieves","floor":18,"turns":4},{"damage":0,"enemies":"Chosen","floor":22,"turns":6},{"damage":48,"enemies":"Book of Stabbing","floor":24,"turns":6},{"damage":26,"enemies":"Gremlin Leader","floor":27,"turns":7},{"damage":0,"enemies":"Centurion and Healer","floor":28,"turns":6},{"damage":34,"enemies":"Slavers","floor":30,"turns":5},{"damage":2,"enemies":"Automaton","floor":33,"turns":8},{"damage":22,"enemies":"Orb Walker","floor":35,"turns":5},{"damage":26,"enemies":"3 Darklings","floor":37,"turns":4},{"damage":33,"enemies":"Nemesis","floor":40,"turns":6},{"damage":0,"enemies":"Writhing Mass","floor":42,"turns":6},{"damage":63,"enemies":"Reptomancer","floor":45,"turns":2}],"seed_played":"-6297479760813076339","potions_obtained":[{"floor":1,"key":"ColorlessPotion"},{"floor":2,"key":"EssenceOfSteel"},{"floor":2,"key":"CultistPotion"},{"floor":3,"key":"EntropicBrew"},{"floor":12,"key":"SneckoOil"},{"floor":16,"key":"Ancient Potion"},{"floor":24,"key":"Ancient Potion"},{"floor":28,"key":"Fire Potion"},{"floor":33,"key":"LiquidMemories"}],"is_trial":false,"path_per_floor":["M","?","M","M","$","R","E","R","T","E","M","E","R","M","R","B",null,"M","?","?","$","M","R","E","?","T","E","M","R","E","?","R","B",null,"M","?","M","?","?","E","R","M","T","?","E"],"character_chosen":"DEFECT","items_purchased":["Gash","FTL","Runic Capacitor","FTL"],"campfire_rested":2,"item_purchase_floors":[5,5,21,21],"current_hp_per_floor":[62,62,60,51,51,51,31,52,52,32,33,29,29,33,33,29,61,61,61,61,61,67,67,23,23,23,15,43,43,31,31,52,70,71,61,61,41,41,41,34,34,50,50,50,0,0],"gold":267,"neow_bonus":"BOSS_RELIC","is_daily":false,"chose_seed":false,"campfire_upgraded":6,"win_rate":0.0,"timestamp":1614126466,"path_taken":["M","?","?","M","?","R","E","R","T","E","M","E","R","M","R","BOSS","M","?","?","$","M","R","E","?","T","E","M","R","E","?","R","BOSS","M","?","M","?","?","E","R","M","T","?","E"],"items_purchased_type":["Card","Card","Relic","Card"],"build_version":"2020-12-22","purchased_purges":0,"victory":false,"max_hp_per_floor":[71,71,71,71,71,71,71,71,71,71,71,71,71,71,71,71,71,71,71,71,71,71,71,71,71,71,71,71,71,71,71,71,71,71,71,71,71,71,71,71,71,71,71,71,71,71],"relic_stats":{"Inserter":[29],"counters":[21,108],"Bird Faced Urn":[146],"Bronze Scales":[33],"Dead Branch":[1],"Pandora\u0027s Box":["Melter","Hello World","All For One","Beam Cell","Lockon","Meteor Strike"],"Juzu Bracelet":0,"Art of War":[3],"Orichalcum":[282],"obtain_stats":[{"Ice Cream":30,"Inserter":17,"Dead Branch":43,"Juzu Bracelet":7,"Runic Capacitor":21,"Incense Burner":26,"Orichalcum":9,"Nuclear Battery":0,"Du-Vu Doll":12,"HornCleat":19,"Bird Faced Urn":10,"Bronze Scales":40,"Pandora\u0027s Box":34,"Art of War":24,"Cracked Core":0,"Meat on the Bone":27},{"Ice Cream":15,"Inserter":9,"Dead Branch":20,"Juzu Bracelet":4,"Runic Capacitor":10,"Incense Burner":12,"Orichalcum":4,"Nuclear Battery":0,"Du-Vu Doll":7,"HornCleat":10,"Bird Faced Urn":5,"Bronze Scales":19,"Pandora\u0027s Box":16,"Art of War":12,"Cracked Core":0,"Meat on the Bone":13},{"Ice Cream":77,"Inserter":43,"Dead Branch":106,"Juzu Bracelet":17,"Runic Capacitor":47,"Incense Burner":59,"Orichalcum":17,"Nuclear Battery":0,"Du-Vu Doll":30,"HornCleat":47,"Bird Faced Urn":21,"Bronze Scales":100,"Pandora\u0027s Box":85,"Art of War":59,"Cracked Core":0,"Meat on the Bone":66}],"Meat on the Bone":36},"card_choices":[{"not_picked":["Heatsinks","Stack"],"picked":"FTL","floor":1},{"not_picked":["Lockon","Gash"],"picked":"Ball Lightning","floor":3},{"not_picked":["Sweeping Beam","Gash"],"picked":"Defragment","floor":4},{"not_picked":["Coolheaded","Lockon"],"picked":"Hologram","floor":7},{"not_picked":["Sweeping Beam","Beam Cell"],"picked":"Chill","floor":10},{"not_picked":["Chill","Reinforced Body"],"picked":"Coolheaded","floor":11},{"not_picked":["Stack","Turbo"],"picked":"Buffer","floor":12},{"not_picked":["Rip and Tear","Barrage"],"picked":"White Noise","floor":14},{"not_picked":["Hyperbeam","Multi-Cast"],"picked":"Thunder Strike","floor":16},{"not_picked":["Coolheaded","Sweeping Beam"],"picked":"Gash+1","floor":18},{"not_picked":["Hologram","Go for the Eyes"],"picked":"Scrape","floor":22},{"not_picked":["Buffer","Rebound"],"picked":"Creative AI","floor":24},{"not_picked":["Streamline","Beam Cell"],"picked":"Go for the Eyes","floor":27},{"not_picked":["Stack","Sweeping Beam"],"picked":"Tempest+1","floor":28},{"not_picked":["Thunder Strike","Sweeping Beam+1","Force Field"],"picked":"SKIP","floor":30},{"not_picked":["Rainbow","Machine Learning"],"picked":"Electrodynamics","floor":33},{"not_picked":["Gash","Redo"],"picked":"Ball Lightning+1","floor":35},{"not_picked":["Chaos","Hologram"],"picked":"Leap","floor":37},{"not_picked":["Stack","Beam Cell"],"picked":"Cold Snap","floor":40},{"not_picked":["White Noise","Auto Shields"],"picked":"Fission","floor":42}],"player_experience":527292,"relics_obtained":[{"floor":7,"key":"Juzu Bracelet"},{"floor":9,"key":"Orichalcum"},{"floor":10,"key":"Bird Faced Urn"},{"floor":12,"key":"Du-Vu Doll"},{"floor":24,"key":"Art of War"},{"floor":26,"key":"Incense Burner"},{"floor":27,"key":"Meat on the Bone"},{"floor":30,"key":"Ice Cream"},{"floor":40,"key":"Bronze Scales"},{"floor":43,"key":"Dead Branch"}],"event_choices":[{"damage_healed":0,"gold_gain":0,"player_choice":"Got Potions","damage_taken":0,"max_hp_gain":0,"max_hp_loss":0,"event_name":"Lab","floor":2,"gold_loss":0},{"damage_healed":0,"gold_gain":0,"player_choice":"Obtained Relic","damage_taken":0,"relics_obtained":["HornCleat"],"max_hp_gain":0,"max_hp_loss":0,"event_name":"Addict","floor":19,"gold_loss":85},{"damage_healed":0,"gold_gain":0,"player_choice":"Ignored","damage_taken":0,"max_hp_gain":0,"max_hp_loss":0,"event_name":"Ghosts","floor":20,"gold_loss":0},{"damage_healed":0,"gold_gain":0,"cards_transformed":["Strike_B","Strike_B"],"player_choice":"Became Test Subject","damage_taken":0,"max_hp_gain":0,"max_hp_loss":0,"event_name":"Drug Dealer","floor":25,"gold_loss":0,"cards_obtained":["Reprogram","Tempest"]},{"damage_healed":0,"gold_gain":0,"player_choice":"Ignored","damage_taken":0,"max_hp_gain":0,"max_hp_loss":0,"event_name":"The Mausoleum","floor":31,"gold_loss":0},{"damage_healed":0,"gold_gain":0,"player_choice":"Memory 1","damage_taken":0,"max_hp_gain":0,"max_hp_loss":0,"event_name":"SensoryStone","floor":36,"gold_loss":0},{"damage_healed":0,"gold_gain":0,"player_choice":"Ignored","damage_taken":0,"max_hp_gain":0,"max_hp_loss":0,"event_name":"Mysterious Sphere","floor":38,"gold_loss":0},{"cards_removed":["All For One"],"damage_healed":0,"gold_gain":0,"player_choice":"Removed Attack","damage_taken":0,"max_hp_gain":0,"max_hp_loss":0,"event_name":"Falling","floor":39,"gold_loss":0},{"damage_healed":0,"gold_gain":0,"player_choice":"Ignored","damage_taken":0,"max_hp_gain":0,"max_hp_loss":0,"event_name":"Tomb of Lord Red Mask","floor":44,"gold_loss":0}],"is_beta":false,"boss_relics":[{"not_picked":["Black Star","Fusion Hammer"],"picked":"Inserter"},{"not_picked":["Runic Pyramid","SacredBark"],"picked":"Pandora\u0027s Box"}],"items_purged_floors":[],"is_endless":false,"potions_floor_spawned":[1,3,12,16,24,28,33,40],"killed_by":"Reptomancer","ascension_level":20}}