{"host":"Luke","time":1614176044,"event":{"mods":["BaseMod","Downfall","Hermit","Minty Spire (QoL Compilation)","StSLib","The Bug Knight","The Exalted"],"gold_per_floor":[110,110,129,129,107,107,120,120,143,166,166,179,195,218,218,338,338,359,65,81,96,5,5,19,19,19,19,63,86,86,101,101,101,101],"floor_reached":33,"language":"ENG","playtime":2452,"items_purged":["Injury"],"score":261,"play_id":"3ece7dd8-0e65-48eb-bd78-36fa247dee47","local_time":"20210224141404","is_ascension_mode":false,"campfire_choices":[{"data":"HollowMod:SiblingsSouls","floor":6,"key":"SMITH"},{"data":"HollowMod:VengefulVoid","floor":8,"key":"SMITH"},{"data":"HollowMod:theNailsmith","floor":11,"key":"SMITH"},{"data":"HollowMod:MantisMark","floor":15,"key":"SMITH"},{"data":"HollowMod:DungDefenderAura","floor":23,"key":"SMITH"},{"data":"HollowMod:AwokenDreamNail","floor":25,"key":"SMITH"},{"floor":30,"key":"REST"},{"floor":32,"key":"REST"}],"circlet_count":0,"master_deck":["HollowMod:NailStrikeStart","HollowMod:NailStrikeStart","HollowMod:QuickDashStart","HollowMod:QuickDashStart","HollowMod:FocusHealStart","HollowMod:PogoStrike","HollowMod:BaldurShell","HollowMod:SiblingsSouls+1","Slimebound:Nibble","HollowMod:TaintedHusks","HollowMod:VengefulVoid+1","HollowMod:theNailsmith+1","HollowMod:DungDefenderAura+1","HollowMod:MantisMark+1","HollowMod:MonarchWings","HollowMod:AwokenDreamNail+1","HollowMod:MantisMark+1","HollowMod:RecoilStrike+1","HollowMod:Hiveblood+1","HollowMod:MothsMistake+1","HollowMod:InfectionAssault","HollowMod:QuirrelsAssistance+1","HollowMod:InfectedCysts+1","Finesse","HollowMod:SoulSplash","HollowMod:TaintedHusks","HollowMod:Weaversong","HollowMod:MothsMistake","HollowMod:DungDefenderAura"],"relics":["HollowMod:VesselMask","Thread and Needle","Golden Idol","Orichalcum","Astrolabe","MealTicket","Pear","HollowMod:StagPassRelic"],"acts_visited":["Exordium","TheCity"],"potions_floor_usage":[10,12,16,20,28],"damage_taken":[{"damage":0,"enemies":"Small Slimes","floor":1,"turns":3},{"damage":0,"enemies":"Cultist","floor":3,"turns":4},{"damage":0,"enemies":"2 Louse","floor":7,"turns":3},{"damage":7,"enemies":"Large Slime","floor":10,"turns":4},{"damage":0,"enemies":"Blue Slaver","floor":12,"turns":2},{"damage":2,"enemies":"Red Slaver","floor":13,"turns":2},{"damage":2,"enemies":"3 Louse","floor":14,"turns":3},{"damage":49,"enemies":"The Guardian","floor":16,"turns":12},{"damage":4,"enemies":"Shell Parasite","floor":18,"turns":5},{"damage":7,"enemies":"3 Byrds","floor":20,"turns":4},{"damage":24,"enemies":"Centurion and Healer","floor":21,"turns":7},{"damage":13,"enemies":"Snake Plant","floor":24,"turns":5},{"damage":7,"enemies":"HollowMod:Nosk","floor":28,"turns":6},{"damage":26,"enemies":"Sentry and Sphere","floor":29,"turns":5},{"damage":34,"enemies":"Snecko","floor":31,"turns":6},{"damage":57,"enemies":"Champ","floor":33,"turns":7}],"seed_played":"3357800552177817105","potions_obtained":[{"floor":1,"key":"champ:CounterPotion"},{"floor":3,"key":"AttackPotion"},{"floor":10,"key":"ColorlessPotion"},{"floor":13,"key":"sneckomod:MuddlingPotion"},{"floor":24,"key":"EssenceOfSteel"}],"is_trial":false,"path_per_floor":["M","?","M","?","$","R","M","R","T","M","R","M","M","M","R","B",null,"M","$","M","M","$","R","M","R","T","?","E","M","R","M","R","B"],"character_chosen":"THE_BUGKNIGHT","items_purchased":["HollowMod:TaintedHusks","HollowMod:InfectionAssault","MealTicket","Finesse"],"campfire_rested":2,"item_purchase_floors":[5,19,19,22],"current_hp_per_floor":[75,75,75,75,75,75,75,75,75,68,68,68,66,64,64,25,75,71,71,64,46,61,61,54,54,64,64,57,31,56,22,47,0,0],"gold":101,"neow_bonus":"ONE_RARE_RELIC","is_daily":false,"chose_seed":false,"campfire_upgraded":6,"win_rate":0.0,"timestamp":1614176044,"path_taken":["M","?","M","?","$","R","?","R","T","M","R","?","M","M","R","BOSS","M","$","M","M","$","R","M","R","T","?","E","?","R","M","R","BOSS"],"items_purchased_type":["Card","Card","Relic","Card"],"build_version":"2020-12-18","purchased_purges":1,"victory":false,"max_hp_per_floor":[75,75,75,75,75,75,75,75,75,75,75,75,75,75,75,75,75,75,75,75,75,75,75,75,75,85,85,85,85,85,85,85,85,85],"card_choices":[{"not_picked":["HollowMod:QuirrelsAssistance","HollowMod:WraithStrike"],"picked":"HollowMod:BaldurShell","floor":1},{"not_picked":["HollowMod:FallenFury","HollowMod:SharpenedNail"],"picked":"HollowMod:SiblingsSouls","floor":3},{"not_picked":["HollowMod:QuirrelsAssistance","HollowMod:WraithStrike"],"picked":"HollowMod:VengefulVoid","floor":7},{"not_picked":["HollowMod:WraithStrike","HollowMod:HeavyBlow"],"picked":"HollowMod:theNailsmith","floor":10},{"not_picked":["HollowMod:ChannelNail","HollowMod:CoiledNail"],"picked":"HollowMod:DungDefenderAura","floor":12},{"not_picked":["HollowMod:CycloneSlash","HollowMod:DashSlash"],"picked":"HollowMod:MantisMark","floor":13},{"not_picked":["HollowMod:GoodIntentions","HollowMod:SiblingsShadow"],"picked":"HollowMod:MonarchWings","floor":14},{"not_picked":["HollowMod:LifebloodCore","HollowMod:theNailsmith"],"picked":"HollowMod:AwokenDreamNail","floor":16},{"not_picked":["HollowMod:CoiledNail+1","HollowMod:SharpenedNail+1"],"picked":"HollowMod:MothsMistake+1","floor":18},{"not_picked":["HollowMod:GoodIntentions","HollowMod:BlackTendrils"],"picked":"HollowMod:QuirrelsAssistance+1","floor":20},{"not_picked":["HollowMod:SoulStrike","HollowMod:DesolateDive"],"picked":"HollowMod:InfectedCysts+1","floor":21},{"not_picked":["HollowMod:SharpenedNail","HollowMod:MonarchWings"],"picked":"HollowMod:SoulSplash","floor":24},{"not_picked":["HollowMod:CornifersMapStart","HollowMod:AwokenDreamNail"],"picked":"HollowMod:Weaversong","floor":28},{"not_picked":["HollowMod:VengefulSpirit","HollowMod:SoulSplash"],"picked":"HollowMod:MothsMistake","floor":29},{"not_picked":["HollowMod:SoulSplash","HollowMod:SiblingsShadow"],"picked":"HollowMod:DungDefenderAura","floor":31}],"player_experience":776116,"relics_obtained":[{"floor":9,"key":"Orichalcum"},{"floor":26,"key":"Pear"},{"floor":28,"key":"HollowMod:StagPassRelic"}],"event_choices":[{"damage_healed":0,"gold_gain":0,"player_choice":"Take Wound","damage_taken":0,"relics_obtained":["Golden Idol"],"max_hp_gain":0,"max_hp_loss":0,"event_name":"Golden Idol","floor":2,"gold_loss":0,"cards_obtained":["Injury"]},{"cards_removed":["downfall:Haunted"],"damage_healed":0,"gold_gain":0,"player_choice":"Took Card","damage_taken":0,"max_hp_gain":0,"max_hp_loss":0,"event_name":"NoteForYourself","floor":4,"gold_loss":0,"cards_obtained":["Slimebound:Nibble"]},{"damage_healed":0,"gold_gain":0,"cards_transformed":["HollowMod:QuickDashStart"],"player_choice":"Transformed","damage_taken":0,"max_hp_gain":0,"max_hp_loss":0,"event_name":"Transmorgrifier","floor":27,"gold_loss":0,"cards_obtained":["HollowMod:TaintedHusks"]}],"is_beta":true,"boss_relics":[{"not_picked":["Ectoplasm","Snecko Eye"],"picked":"Astrolabe"}],"items_purged_floors":[19],"is_endless":false,"potions_floor_spawned":[1,3,10,13,24],"killed_by":"Champ","ascension_level":0}}