{"host":"jh7kh5nqtgzr3auj","time":1614188405,"event":{"mods":["AchievementEnabler","Act Like it!","BaseMod","Colored Powertips","Library of Ruina","Minty Spire (QoL Compilation)","Quick Restart","Relic Stats","StSLib","TestMod"],"gold_per_floor":[120,140,158,83,94,119,119,134,134,134,84,119,137,171,171,290,290,305,230,268,168,193,237,237,256,256,331,371,371,390,390,390,510,510,533,556,43,43,58,58,97,109,147,190,217,265,297,333,345,357],"floor_reached":51,"language":"ZHS","playtime":2437,"items_purged":["DegradedFairy","DegradedChain","UnavoidableGaze"],"score":1404,"play_id":"9291e677-103f-468a-a27c-731297e6b8a0","local_time":"20210225014005","is_ascension_mode":true,"campfire_choices":[{"data":"DegradedLock","floor":7.0,"key":"SMITH"},{"data":"testmod-EternalityOfKhronos","floor":15.0,"key":"SMITH"},{"data":"UndertakePrescript","floor":24.0,"key":"SMITH"},{"data":"ToWhereThePrescriptPoints","floor":32,"key":"SMITH"},{"data":"LeRegole","floor":40,"key":"SMITH"},{"data":"RapidGashes","floor":49,"key":"SMITH"}],"circlet_count":0,"master_deck":["DegradedFairy","DegradedChain","DegradedLock+1","DegradedPillar","DegradedShockwave","testmod-EternalityOfKhronos+1","GrazeTheGrass","UndertakePrescript+1","LeRegole+1","ToWhereThePrescriptPoints+1","RapidGashes+1"],"relics":["PageOfLibrarian","testmod-TestBox","testmod-EqualTreatment","PageOfFreischutz","Juzu Bracelet","Golden Idol","Art of War","PageOfWrath","Coffee Dripper","Red Mask","PageOfTheQueenOfHatred","PageOfTheKnightOfDespair","PageOfGreed","testmod-OneHitWonder","PageOfNihil","MutagenicStrength","testmod-CardMagician","PageOfWayBackHome","testmod-Register","MawBank","testmod-IndustrialRevolution","PageOfTodaysShyLook","Blue Candle"],"acts_visited":["Exordium","TheCity","TheBeyond"],"potions_floor_usage":[30,41,50,50],"damage_taken":[{"damage":0.0,"enemies":"Cultist","floor":1.0,"turns":2.0},{"damage":0.0,"enemies":"2 Louse","floor":2.0,"turns":1.0},{"damage":0.0,"enemies":"Small Slimes","floor":3.0,"turns":1.0},{"damage":0.0,"enemies":"Exordium Wildlife","floor":5.0,"turns":1.0},{"damage":0.0,"enemies":"Gremlin Nob","floor":6.0,"turns":2.0},{"damage":0.0,"enemies":"Looter","floor":8.0,"turns":1.0},{"damage":0.0,"enemies":"3 Sentries","floor":12.0,"turns":1.0},{"damage":0.0,"enemies":"Red Slaver","floor":13.0,"turns":1.0},{"damage":0.0,"enemies":"Lagavulin","floor":14.0,"turns":1.0},{"damage":0.0,"enemies":"Hexaghost","floor":16.0,"turns":3.0},{"damage":0.0,"enemies":"2 Thieves","floor":18.0,"turns":1.0},{"damage":0.0,"enemies":"Masked Bandits","floor":20.0,"turns":1.0},{"damage":0.0,"enemies":"Spheric Guardian","floor":22.0,"turns":1.0},{"damage":0.0,"enemies":"Gremlin Leader","floor":23.0,"turns":2.0},{"damage":0.0,"enemies":"3 Cultists","floor":25.0,"turns":1.0},{"damage":0,"enemies":"Slavers","floor":28,"turns":1},{"damage":37,"enemies":"Cultist and Chosen","floor":30,"turns":8},{"damage":0,"enemies":"Champ","floor":33,"turns":7},{"damage":0,"enemies":"3 Shapes","floor":35,"turns":1},{"damage":0,"enemies":"Orb Walker","floor":36,"turns":1},{"damage":0,"enemies":"Jaw Worm Horde","floor":39,"turns":1},{"damage":0,"enemies":"Giant Head","floor":41,"turns":6},{"damage":0,"enemies":"Nemesis","floor":44,"turns":1},{"damage":0,"enemies":"Sphere and 2 Shapes","floor":45,"turns":1},{"damage":0,"enemies":"Reptomancer","floor":46,"turns":2},{"damage":0,"enemies":"Transient","floor":47,"turns":8},{"damage":0,"enemies":"3 Darklings","floor":48,"turns":2},{"damage":0,"enemies":"Donu and Deca","floor":50,"turns":3}],"seed_played":"-3594020126522266579","potions_obtained":[{"floor":2.0,"key":"Block Potion"},{"floor":3.0,"key":"FairyPotion"},{"floor":6.0,"key":"SteroidPotion"},{"floor":13.0,"key":"DistilledChaos"},{"floor":23.0,"key":"LiquidMemories"},{"floor":30,"key":"Regen Potion"},{"floor":36,"key":"EntropicBrew"},{"floor":41,"key":"Fruit Juice"},{"floor":44,"key":"SkillPotion"},{"floor":46,"key":"LiquidMemories"}],"is_trial":false,"path_per_floor":["M","M","M","$","M","E","R","M","T","?","?","E","M","E","R","B",null,"M","?","?","$","M","E","R","M","T","?","E","?","M","?","R","B",null,"M","M","$","?","M","R","E","?","T","E","M","E","M","M","R","B",null],"character_chosen":"Librarian","items_purchased":["PageOfWayBackHome","testmod-Register"],"campfire_rested":0,"item_purchase_floors":[37,37],"current_hp_per_floor":[60,60,60,60,60,60,60,60,60,40,40,40,40,40,40,40,81,81,81,81,81,81,81,81,81,81,73,74,74,43,43,43,48,81,81,81,81,81,81,81,86,86,86,86,86,86,86,86,86,86],"gold":369,"neow_bonus":"RANDOM_COLORLESS_2","is_daily":false,"chose_seed":false,"campfire_upgraded":6,"win_rate":0.0,"timestamp":1614188405,"path_taken":["M","M","M","$","M","E","R","?","T","?","?","E","M","E","R","BOSS","M","?","?","$","M","E","R","M","T","?","E","?","M","?","R","BOSS","M","M","$","?","M","R","E","?","T","E","M","E","M","M","R","BOSS"],"items_purchased_type":["Relic","Relic"],"build_version":"2020-12-22","purchased_purges":3,"victory":true,"max_hp_per_floor":[81,81,81,81,81,81,81,81,81,81,81,81,81,81,81,81,81,81,81,81,81,81,81,81,81,81,81,81,81,81,81,81,81,81,81,81,81,81,81,81,86,86,86,86,86,86,86,86,86,86],"relic_stats":{"counters":[29,62],"Golden Idol":178,"Blue Candle":[0],"Juzu Bracelet":1,"Art of War":[1],"MawBank":120,"obtain_stats":[{"PageOfTheQueenOfHatred":23,"testmod-TestBox":0,"Golden Idol":10,"testmod-Register":37,"Blue Candle":46,"testmod-EqualTreatment":0,"PageOfNihil":30,"testmod-CardMagician":34,"Juzu Bracelet":9,"MawBank":41,"testmod-IndustrialRevolution":43,"PageOfLibrarian":0,"PageOfWrath":14,"PageOfGreed":28,"PageOfWayBackHome":37,"PageOfFreischutz":6,"PageOfTheKnightOfDespair":26,"MutagenicStrength":31,"Art of War":12,"Coffee Dripper":17,"Red Mask":20,"PageOfTodaysShyLook":44,"testmod-OneHitWonder":29},{"PageOfTheQueenOfHatred":14,"testmod-TestBox":0,"Golden Idol":6,"testmod-Register":21,"Blue Candle":26,"testmod-EqualTreatment":0,"PageOfNihil":18,"testmod-CardMagician":19,"Juzu Bracelet":6,"MawBank":23,"testmod-IndustrialRevolution":23,"PageOfLibrarian":0,"PageOfWrath":9,"PageOfGreed":16,"PageOfWayBackHome":21,"PageOfFreischutz":5,"PageOfTheKnightOfDespair":15,"MutagenicStrength":18,"Art of War":7,"Coffee Dripper":10,"Red Mask":12,"PageOfTodaysShyLook":24,"testmod-OneHitWonder":16},{"PageOfTheQueenOfHatred":19,"testmod-TestBox":0,"Golden Idol":8,"testmod-Register":38,"Blue Candle":49,"testmod-EqualTreatment":0,"PageOfNihil":29,"testmod-CardMagician":36,"Juzu Bracelet":8,"MawBank":45,"testmod-IndustrialRevolution":45,"PageOfLibrarian":0,"PageOfWrath":11,"PageOfGreed":21,"PageOfWayBackHome":38,"PageOfFreischutz":7,"PageOfTheKnightOfDespair":20,"MutagenicStrength":29,"Art of War":9,"Coffee Dripper":14,"Red Mask":16,"PageOfTodaysShyLook":46,"testmod-OneHitWonder":21}]},"card_choices":[{"not_picked":["Violence","testmod-BloodShelter"],"picked":"testmod-EternalityOfKhronos","floor":0.0},{"not_picked":["FendThisOffIfYouCan","GuardingStance","StructuralAnalysis"],"picked":"SKIP","floor":1.0},{"not_picked":["ClassAndRespect","ViolentFlame","EnergyStrike"],"picked":"SKIP","floor":2.0},{"not_picked":["SunsetBlade","StructuralAnalysis"],"picked":"GrazeTheGrass","floor":3.0},{"not_picked":["YourShield","Zzzzzap","YoureAHindrance"],"picked":"SKIP","floor":5.0},{"not_picked":["DarkCloud","SharpenedBlade","BladeWhirl"],"picked":"SKIP","floor":6.0},{"not_picked":["ClassAndRespect","ShockRound"],"picked":"UndertakePrescript","floor":8.0},{"not_picked":["EnergyStrike","Punishment","SearingSword"],"picked":"SKIP","floor":12.0},{"not_picked":["ViolentFlame","FierceCharge"],"picked":"UnavoidableGaze","floor":13.0},{"not_picked":["Deflect_lor","UnavoidableGaze","SnakesPrey"],"picked":"SKIP","floor":14.0},{"not_picked":["BlazingStrike","SenseQuarry"],"picked":"LeRegole","floor":16.0},{"not_picked":["UnavoidableGaze","SilentMist","Zzzzzap"],"picked":"SKIP","floor":18.0},{"not_picked":["QuickSuppression","BayonetCombat"],"picked":"ToWhereThePrescriptPoints","floor":20.0},{"not_picked":["ProselytesBlade","BattleCommand","SunsetBlade"],"picked":"SKIP","floor":22.0},{"not_picked":["BayonetCombat","BulkyImpact","BindingArms"],"picked":"SKIP","floor":23.0},{"not_picked":["BayonetCombat","BulkyImpact","BindingArms"],"picked":"SKIP","floor":23.0},{"not_picked":["ForTheFamily","GrazeTheGrass","DarkCloud"],"picked":"SKIP","floor":25.0},{"not_picked":["Faith","SavageMode"],"picked":"RapidGashes","floor":28},{"not_picked":["FierceCharge+1","SuppressingShot","Reload+1"],"picked":"SKIP","floor":30},{"not_picked":["GroundSmash","UnforgettableMelody"],"picked":"SenseQuarry","floor":33},{"not_picked":["FierceCharge","QuickSuppression+1","ViolentFlame+1"],"picked":"SKIP","floor":35},{"not_picked":["SuppressingShot+1","YoureAHindrance","UnavoidableGaze"],"picked":"SKIP","floor":36},{"not_picked":["GroundSmash","QuickSuppression","Parry2"],"picked":"SKIP","floor":39},{"not_picked":["SteelKnuckles+1","SunsetBlade+1","Fence+1"],"picked":"SKIP","floor":41},{"not_picked":["Reload+1","GuardingStance+1","ClassAndRespect+1"],"picked":"SKIP","floor":44},{"not_picked":["BulkyImpact","SilentMist+1","GuardingStance+1"],"picked":"SKIP","floor":45},{"not_picked":["ShrineToMusic+1","EnergyStrike+1","PinpointShot"],"picked":"SKIP","floor":46},{"not_picked":["WillOfThePrescript","ProselytesBlade","UnavoidableGaze"],"picked":"SKIP","floor":47},{"not_picked":["StructuralAnalysis+1","YourShield","WillOfThePrescript+1"],"picked":"SKIP","floor":48}],"player_experience":289400,"relics_obtained":[{"floor":6.0,"key":"PageOfFreischutz"},{"floor":9.0,"key":"Juzu Bracelet"},{"floor":12.0,"key":"Art of War"},{"floor":14.0,"key":"PageOfWrath"},{"floor":20.0,"key":"Red Mask"},{"floor":23.0,"key":"PageOfTheQueenOfHatred"},{"floor":26.0,"key":"PageOfTheKnightOfDespair"},{"floor":28,"key":"PageOfGreed"},{"floor":30,"key":"PageOfNihil"},{"floor":41,"key":"MawBank"},{"floor":43,"key":"testmod-IndustrialRevolution"},{"floor":44,"key":"PageOfTodaysShyLook"},{"floor":46,"key":"Blue Candle"}],"event_choices":[{"damage_healed":0.0,"max_hp_gain":0.0,"max_hp_loss":0.0,"gold_gain":0.0,"event_name":"Golden Idol","player_choice":"Take Damage","floor":10.0,"gold_loss":0.0,"damage_taken":20.0,"relics_obtained":["Golden Idol"]},{"cards_removed":["DegradedFairy"],"damage_healed":0.0,"max_hp_gain":0.0,"max_hp_loss":0.0,"gold_gain":0.0,"event_name":"The Cleric","player_choice":"Card Removal","floor":11.0,"gold_loss":50.0,"damage_taken":0.0},{"cards_removed":["DegradedPillar"],"damage_healed":0.0,"max_hp_gain":0.0,"max_hp_loss":0.0,"gold_gain":0.0,"event_name":"Beggar","player_choice":"Gave Gold","floor":19.0,"gold_loss":75.0,"damage_taken":0.0},{"damage_healed":0.0,"max_hp_gain":0.0,"max_hp_loss":0.0,"gold_gain":0.0,"event_name":"Masked Bandits","player_choice":"Fought Bandits","floor":20.0,"gold_loss":0.0,"damage_taken":0.0},{"damage_healed":0,"gold_gain":75,"player_choice":"Touch","damage_taken":8,"max_hp_gain":0,"max_hp_loss":0,"event_name":"FaceTrader","floor":27,"gold_loss":0},{"damage_healed":0,"gold_gain":0,"player_choice":"Opened","damage_taken":0,"relics_obtained":["testmod-OneHitWonder"],"max_hp_gain":0,"max_hp_loss":0,"event_name":"The Mausoleum","floor":29,"gold_loss":0},{"damage_healed":0,"gold_gain":0,"player_choice":"Inject Mutagens","damage_taken":0,"relics_obtained":["MutagenicStrength"],"max_hp_gain":0,"max_hp_loss":0,"event_name":"Drug Dealer","floor":31,"gold_loss":0},{"cards_removed":["SenseQuarry"],"damage_healed":0,"gold_gain":0,"player_choice":"Removed Skill","damage_taken":0,"max_hp_gain":0,"max_hp_loss":0,"event_name":"Falling","floor":38,"gold_loss":0},{"damage_healed":0,"gold_gain":0,"player_choice":"Ignored","damage_taken":0,"max_hp_gain":0,"max_hp_loss":0,"event_name":"The Moai Head","floor":42,"gold_loss":0}],"is_beta":false,"boss_relics":[{"not_picked":["testmod-IncinerationGenerator","testmod-GoldenSoul"],"picked":"Coffee Dripper"},{"not_picked":["testmod-Prudence","testmod-TimeTraveler"],"picked":"testmod-CardMagician"}],"items_purged_floors":[4,21,37],"is_endless":false,"potions_floor_spawned":[2,3,6,13,14,18,23,25,30,36,41,44,45,46,48],"ascension_level":1}}