{"host":"w7tt687j332gugiq","time":1614157214,"event":{"mods":["BaseMod","Minty Spire (QoL Compilation)","StSLib"],"gold_per_floor":[116,291,306,231,231,259,259,113,138,149,149,179,179,179,179],"floor_reached":14,"language":"ZHS","playtime":282,"items_purged":["Doubt","Strike_G"],"score":182,"play_id":"83575298-f8bb-4250-8713-4f908dee63d4","local_time":"20210224170014","is_ascension_mode":true,"campfire_choices":[{"data":"Neutralize","floor":7.0,"key":"SMITH"},{"data":"Tactician","floor":11.0,"key":"SMITH"},{"data":"Acrobatics","floor":13.0,"key":"SMITH"}],"circlet_count":0,"master_deck":["AscendersBane","Strike_G","Strike_G","Strike_G","Strike_G","Defend_G","Defend_G","Defend_G","Defend_G","Defend_G","Survivor","Neutralize+1","Backflip","Infinite Blades","Regret","Tactician+1","Acrobatics+1","Blur"],"relics":["Ring of the Snake","NeowsBlessing","Bronze Scales","Bottled Tornado","Ancient Tea Set","Strawberry"],"acts_visited":["Exordium"],"potions_floor_usage":[],"damage_taken":[{"damage":0.0,"enemies":"Jaw Worm","floor":1.0,"turns":1.0},{"damage":0.0,"enemies":"2 Louse","floor":3.0,"turns":1.0},{"damage":0.0,"enemies":"Gremlin Nob","floor":6.0,"turns":1.0},{"damage":0.0,"enemies":"Cultist","floor":10.0,"turns":4.0},{"damage":19.0,"enemies":"Lagavulin","floor":12.0,"turns":7.0},{"damage":53,"enemies":"3 Sentries","floor":14,"turns":11}],"seed_played":"498492505263013945","potions_obtained":[{"floor":10.0,"key":"Poison Potion"},{"floor":12.0,"key":"Dexterity Potion"}],"is_trial":false,"path_per_floor":["M","?","M","$","?","E","R","$","T","M","R","E","R","E"],"character_chosen":"THE_SILENT","items_purchased":["Acrobatics"],"campfire_rested":0,"item_purchase_floors":[8],"current_hp_per_floor":[63,63,63,63,63,63,63,63,63,63,63,51,51,0,0],"gold":179,"neow_bonus":"THREE_ENEMY_KILL","is_daily":false,"chose_seed":false,"campfire_upgraded":3,"win_rate":0.0,"timestamp":1614157214,"path_taken":["M","?","M","$","?","E","R","?","T","M","R","E","R","E"],"items_purchased_type":["Card"],"build_version":"2020-12-22","purchased_purges":2,"victory":false,"max_hp_per_floor":[70,70,70,70,70,70,70,70,70,70,70,77,77,77,77],"card_choices":[{"not_picked":["Prepared","Flying Knee"],"picked":"Backflip","floor":1.0},{"not_picked":["Dash","Cloak And Dagger"],"picked":"Infinite Blades","floor":3.0},{"not_picked":["Masterful Stab","Dodge and Roll"],"picked":"Tactician","floor":6.0},{"not_picked":["Dodge and Roll","Flying Knee"],"picked":"Blur","floor":10.0},{"not_picked":["Flechettes","Noxious Fumes","Predator"],"picked":"SKIP","floor":12.0}],"player_experience":167624,"relics_obtained":[{"floor":6.0,"key":"Bottled Tornado"},{"floor":9.0,"key":"Ancient Tea Set"},{"floor":12.0,"key":"Strawberry"}],"event_choices":[{"damage_healed":0.0,"max_hp_gain":0.0,"max_hp_loss":0.0,"gold_gain":175.0,"event_name":"Liars Game","player_choice":"AGREE","floor":2.0,"gold_loss":0.0,"damage_taken":0.0,"cards_obtained":["Doubt"]},{"damage_healed":0.0,"max_hp_gain":0.0,"max_hp_loss":0.0,"gold_gain":0.0,"event_name":"Big Fish","player_choice":"Box","floor":5.0,"gold_loss":0.0,"damage_taken":0.0,"relics_obtained":["Bronze Scales"],"cards_obtained":["Regret"]}],"is_beta":false,"boss_relics":[],"items_purged_floors":[4,8],"is_endless":false,"potions_floor_spawned":[10,12],"killed_by":"3 Sentries","ascension_level":10}}