{"host":"April","time":1614147179,"event":{"mods":["BaseMod","Minty Spire (QoL Compilation)"],"gold_per_floor":[119,133,133,151,161,187,206,1,25,53,83,83,100,133,133,231,231,244,20,20,37,37,37,62,81,81,81,81,94,122,134,134,237,237,248,302,322,336,346,346,346,2,27,27,59,23,40,52,52,52],"floor_reached":51,"language":"ENG","playtime":3681,"items_purged":[],"score":806,"play_id":"3e63831d-b755-4a97-8d29-4376431206d0","local_time":"20210223221259","is_ascension_mode":true,"campfire_choices":[{"data":"Uppercut","floor":12.0,"key":"SMITH"},{"data":"Warcry","floor":15.0,"key":"SMITH"},{"data":"True Grit","floor":23.0,"key":"SMITH"},{"data":"Offering","floor":27.0,"key":"SMITH"},{"data":"Heavy Blade","floor":32.0,"key":"SMITH"},{"floor":40,"key":"REST"},{"floor":49,"key":"REST"}],"circlet_count":0,"master_deck":["Strike_R","Strike_R","Strike_R","Defend_R","Defend_R","Defend_R","Defend_R","Bash","Bludgeon","Clothesline","Pommel Strike","Sword Boomerang","Uppercut+1","Flex","Warcry+1","Second Wind","Demon Form","Anger","Shrug It Off","Offering+1","True Grit+1","Ghostly Armor","Cleave","Heavy Blade+1","Blood for Blood+1","Offering","Burning Pact+1","Rupture","Armaments+1","Double Tap","Rage","Sword Boomerang"],"relics":["Burning Blood","Letter Opener","Pantograph","Nunchaku","Happy Flower","Odd Mushroom","Champion Belt","Regal Pillow","Busted Crown","Centennial Puzzle","Bronze Scales","Gremlin Horn","Vajra","Empty Cage","FossilizedHelix","Membership Card","White Beast Statue","Omamori","Red Skull"],"acts_visited":["Exordium","TheCity","TheBeyond"],"potions_floor_usage":[47,47,50,50,50],"damage_taken":[{"damage":6.0,"enemies":"Cultist","floor":1.0,"turns":3.0},{"damage":6.0,"enemies":"Jaw Worm","floor":2.0,"turns":2.0},{"damage":0.0,"enemies":"2 Louse","floor":4.0,"turns":3.0},{"damage":14.0,"enemies":"Blue Slaver","floor":5.0,"turns":3.0},{"damage":31.0,"enemies":"Lagavulin","floor":6.0,"turns":5.0},{"damage":2.0,"enemies":"2 Fungi Beasts","floor":7.0,"turns":3.0},{"damage":13.0,"enemies":"The Mushroom Lair","floor":10.0,"turns":3.0},{"damage":9.0,"enemies":"Gremlin Nob","floor":11.0,"turns":4.0},{"damage":13.0,"enemies":"Exordium Thugs","floor":13.0,"turns":3.0},{"damage":16.0,"enemies":"Lagavulin","floor":14.0,"turns":6.0},{"damage":22.0,"enemies":"Hexaghost","floor":16.0,"turns":8.0},{"damage":8.0,"enemies":"3 Byrds","floor":18.0,"turns":4.0},{"damage":6.0,"enemies":"2 Thieves","floor":21.0,"turns":4.0},{"damage":12.0,"enemies":"Cultist and Chosen","floor":25.0,"turns":4.0},{"damage":6.0,"enemies":"Centurion and Healer","floor":29.0,"turns":3.0},{"damage":10.0,"enemies":"Book of Stabbing","floor":30.0,"turns":5.0},{"damage":5.0,"enemies":"Snake Plant","floor":31.0,"turns":3.0},{"damage":6.0,"enemies":"Champ","floor":33.0,"turns":10.0},{"damage":16.0,"enemies":"Orb Walker","floor":35.0,"turns":3.0},{"damage":20.0,"enemies":"2 Orb Walkers","floor":36.0,"turns":3.0},{"damage":6.0,"enemies":"3 Shapes","floor":37.0,"turns":2.0},{"damage":30.0,"enemies":"Sphere and 2 Shapes","floor":38.0,"turns":4.0},{"damage":15,"enemies":"Spire Growth","floor":39,"turns":3},{"damage":37,"enemies":"Nemesis","floor":45,"turns":7},{"damage":16,"enemies":"Jaw Worm Horde","floor":47,"turns":2},{"damage":6,"enemies":"Maw","floor":48,"turns":4},{"damage":32,"enemies":"Time Eater","floor":50,"turns":8}],"seed_played":"-2577765013237924695","potions_obtained":[{"floor":1.0,"key":"LiquidBronze"},{"floor":4.0,"key":"PowerPotion"},{"floor":6.0,"key":"Swift Potion"},{"floor":11.0,"key":"Fire Potion"},{"floor":14.0,"key":"Ancient Potion"},{"floor":16.0,"key":"DuplicationPotion"},{"floor":21.0,"key":"Ancient Potion"},{"floor":28.0,"key":"Regen Potion"},{"floor":28.0,"key":"DuplicationPotion"},{"floor":29.0,"key":"AttackPotion"},{"floor":30.0,"key":"EntropicBrew"},{"floor":35.0,"key":"PowerPotion"},{"floor":38.0,"key":"SteroidPotion"},{"floor":39,"key":"Dexterity Potion"},{"floor":45,"key":"BlessingOfTheForge"},{"floor":47,"key":"Swift Potion"},{"floor":48,"key":"HeartOfIron"}],"is_trial":false,"path_per_floor":["M","M","T","M","M","E","M","$","T","?","E","R","M","E","R","B",null,"M","$","?","M","?","R","T","M","T","R","?","M","E","M","R","B",null,"M","?","M","M","M","R","?","$","T","?","E","$","M","M","R","B",null],"character_chosen":"IRONCLAD","items_purchased":["Nunchaku","AttackPotion","Centennial Puzzle","Ghostly Armor","Membership Card","White Beast Statue","Double Tap","Rage"],"campfire_rested":2,"item_purchase_floors":[8,8,19,19,42,42,42,46],"current_hp_per_floor":[80,80,80,80,72,47,51,51,51,44,41,41,34,24,24,33,80,78,78,78,78,78,78,78,72,72,72,72,72,68,69,69,80,80,70,56,56,32,23,62,62,62,62,62,31,31,21,21,58,50],"gold":52,"neow_bonus":"THREE_RARE_CARDS","is_daily":false,"chose_seed":false,"campfire_upgraded":5,"win_rate":0.0,"timestamp":1614147179,"path_taken":["M","?","?","M","?","E","M","$","T","?","E","R","M","E","R","BOSS","M","$","?","?","?","R","?","M","T","R","?","M","E","?","R","BOSS","M","?","M","M","M","R","?","$","T","?","E","?","?","M","R","BOSS"],"items_purchased_type":["Relic","Potion","Relic","Card","Relic","Relic","Card","Card"],"build_version":"2020-12-18","purchased_purges":0,"victory":true,"max_hp_per_floor":[80,80,80,80,80,80,80,80,80,80,80,80,80,80,80,80,80,80,80,80,80,80,80,80,80,80,80,80,80,80,80,80,80,80,80,80,80,80,80,80,76,76,76,76,76,76,76,76,76,76],"card_choices":[{"not_picked":["Brutality","Impervious"],"picked":"Bludgeon","floor":0.0},{"not_picked":["Havoc","Warcry"],"picked":"Clothesline","floor":1.0},{"not_picked":["Anger","Body Slam"],"picked":"Pommel Strike","floor":2.0},{"not_picked":["Twin Strike","Havoc"],"picked":"Sword Boomerang","floor":4.0},{"not_picked":["Battle Trance","Feel No Pain"],"picked":"Uppercut","floor":5.0},{"not_picked":["Rampage","Rage"],"picked":"Flex","floor":6.0},{"not_picked":["Dual Wield","Clash"],"picked":"Warcry","floor":7.0},{"not_picked":["True Grit","Iron Wave"],"picked":"Second Wind","floor":10.0},{"not_picked":["Inflame","Heavy Blade"],"picked":"Demon Form","floor":11.0},{"not_picked":["Clothesline","Flex"],"picked":"Anger","floor":13.0},{"not_picked":["Armaments","Clash"],"picked":"Shrug It Off","floor":14.0},{"not_picked":["Feed","Barricade"],"picked":"Offering","floor":16.0},{"not_picked":[],"picked":"True Grit","floor":18.0},{"not_picked":["Sword Boomerang"],"picked":"SKIP","floor":21.0},{"not_picked":[],"picked":"Cleave","floor":25.0},{"not_picked":[],"picked":"Heavy Blade","floor":29.0},{"not_picked":[],"picked":"Blood for Blood+1","floor":30.0},{"not_picked":["Clash"],"picked":"SKIP","floor":31.0},{"not_picked":[],"picked":"Offering","floor":33.0},{"not_picked":[],"picked":"Burning Pact+1","floor":35.0},{"not_picked":[],"picked":"Rupture","floor":36.0},{"not_picked":[],"picked":"Armaments+1","floor":37.0},{"not_picked":["Second Wind"],"picked":"SKIP","floor":38.0},{"not_picked":["Perfected Strike"],"picked":"SKIP","floor":39},{"not_picked":["Flex"],"picked":"SKIP","floor":45},{"not_picked":["Clash+1"],"picked":"SKIP","floor":47},{"not_picked":[],"picked":"Sword Boomerang","floor":48}],"player_experience":2694466,"relics_obtained":[{"floor":3.0,"key":"Letter Opener"},{"floor":6.0,"key":"Pantograph"},{"floor":9.0,"key":"Happy Flower"},{"floor":10.0,"key":"Odd Mushroom"},{"floor":11.0,"key":"Champion Belt"},{"floor":14.0,"key":"Regal Pillow"},{"floor":24.0,"key":"Bronze Scales"},{"floor":26.0,"key":"Gremlin Horn"},{"floor":30.0,"key":"Vajra"},{"floor":36.0,"key":"FossilizedHelix"},{"floor":43,"key":"Omamori"},{"floor":45,"key":"Red Skull"}],"event_choices":[{"damage_healed":0.0,"max_hp_gain":0.0,"max_hp_loss":0.0,"gold_gain":0.0,"event_name":"Mushrooms","player_choice":"Fought Mushrooms","floor":10.0,"gold_loss":0.0,"damage_taken":0.0},{"cards_removed":["Writhe"],"damage_healed":0.0,"max_hp_gain":0.0,"max_hp_loss":0.0,"gold_gain":0.0,"event_name":"Purifier","player_choice":"Purged","floor":20.0,"gold_loss":0.0,"damage_taken":0.0},{"damage_healed":0.0,"max_hp_gain":0.0,"max_hp_loss":0.0,"gold_gain":0.0,"event_name":"Vampires","player_choice":"Ignored","floor":22.0,"gold_loss":0.0,"damage_taken":0.0},{"damage_healed":0.0,"max_hp_gain":0.0,"max_hp_loss":0.0,"gold_gain":0.0,"event_name":"Lab","player_choice":"Got Potions","floor":28.0,"gold_loss":0.0,"damage_taken":0.0},{"damage_healed":0.0,"max_hp_gain":0.0,"max_hp_loss":0.0,"gold_gain":0.0,"event_name":"Mysterious Sphere","player_choice":"Fight","floor":36.0,"gold_loss":0.0,"damage_taken":0.0},{"damage_healed":0,"gold_gain":0,"player_choice":"Max HP","damage_taken":0,"max_hp_gain":0,"max_hp_loss":4,"event_name":"Winding Halls","floor":41,"gold_loss":0},{"damage_healed":0,"gold_gain":0,"player_choice":"Memory 1","damage_taken":0,"max_hp_gain":0,"max_hp_loss":0,"event_name":"SensoryStone","floor":44,"gold_loss":0}],"is_beta":true,"boss_relics":[{"not_picked":["Coffee Dripper","Tiny House"],"picked":"Busted Crown"},{"not_picked":["Runic Dome","Fusion Hammer"],"picked":"Empty Cage"}],"items_purged_floors":[],"is_endless":false,"potions_floor_spawned":[1,4,6,11,14,16,21,29,30,35,38,39,45,47,48],"ascension_level":1}}