{"host":"my4gslufyvqsq7r2","time":1614203814,"event":{"mods":["BaseMod","Colored Powertips","Hermit","Hubris","Infinite Spire","Minty Spire (QoL Compilation)","Rare Cards Sparkle","Relic Stats","Reliquary","Replay The Spire","Robot Space Explorer","StSLib"],"gold_per_floor":[111,121,132,132,144,144,144,69,69,89,89,99,125,135,135,232,232,251,264,164,182,182,197,197,197,221,239,257,257,24,44,44,44,44],"floor_reached":33,"language":"ENG","playtime":3407,"items_purged":["Strike_P","Defend_P","Strike_P"],"score":253,"play_id":"28bd91d7-f5e0-40c7-b9a7-256559a89fb8","local_time":"20210224165654","is_ascension_mode":false,"campfire_choices":[{"data":"Replay:DivineShield","floor":6,"key":"SMITH"},{"floor":15,"key":"REST"},{"data":"BattleHymn","floor":25,"key":"SMITH"},{"floor":29,"key":"REST"},{"floor":32,"key":"REST"}],"circlet_count":0,"master_deck":["Strike_P","Strike_P","Defend_P","Defend_P","Defend_P","Eruption","Vigilance","FlurryOfBlows+1","WaveOfTheHand","Replay:DivineShield+1","JustLucky","FlyingSleeves","DeceiveReality","SashWhip","Scrawl","FlyingSleeves+1","EmptyMind","CarveReality","BattleHymn+1","EmptyBody","Replay:Dark Deal","FlurryOfBlows"],"relics":["PureWater","Strawberry","hubris:Towel","Akabeko","hubris:ScarierMask","Membership Card","Nloth\u0027s Gift","reliquary:Knoch","MealTicket"],"acts_visited":["Exordium","TheCity"],"potions_floor_usage":[13,16,16,16,28,28],"damage_taken":[{"damage":3,"enemies":"Cultist","floor":1,"turns":5},{"damage":0,"enemies":"infinitespire:Voidling","floor":2,"turns":3},{"damage":3,"enemies":"Jaw Worm","floor":3,"turns":4},{"damage":11,"enemies":"Exordium Wildlife","floor":5,"turns":6},{"damage":2,"enemies":"Blue Slaver","floor":10,"turns":4},{"damage":15,"enemies":"Gremlin Gang","floor":12,"turns":4},{"damage":6,"enemies":"Gremlin Nob","floor":13,"turns":4},{"damage":0,"enemies":"Exordium Thugs","floor":14,"turns":3},{"damage":55,"enemies":"Fading Forest","floor":16,"turns":11},{"damage":0,"enemies":"Chosen","floor":18,"turns":4},{"damage":0,"enemies":"3 Byrds","floor":19,"turns":3},{"damage":15,"enemies":"Shelled Parasite and Fungi","floor":21,"turns":5},{"damage":1,"enemies":"Cultist and Chosen","floor":23,"turns":3},{"damage":17,"enemies":"Centurion and Healer","floor":27,"turns":3},{"damage":23,"enemies":"Snake Plant","floor":28,"turns":4},{"damage":7,"enemies":"Snecko","floor":31,"turns":3},{"damage":127,"enemies":"hubris:MusketHawk","floor":33,"turns":11}],"seed_played":"3225914895493421623","potions_obtained":[{"floor":3,"key":"SteroidPotion"},{"floor":5,"key":"Languid Potion"},{"floor":13,"key":"AttackPotion"},{"floor":14,"key":"Elixir"},{"floor":18,"key":"Weak Potion"},{"floor":27,"key":"Fire Potion"}],"is_trial":false,"path_per_floor":["M","M","M","?","M","R","?","$","T","M","$","M","E","M","R","B",null,"M","M","$","M","AVR","M","?","R","T","M","M","R","$","M","R","B"],"character_chosen":"WATCHER","items_purchased":["MealTicket","Replay:Dark Deal"],"campfire_rested":3,"item_purchase_floors":[30,30],"current_hp_per_floor":[76,76,73,73,62,62,62,62,62,60,60,45,39,39,62,17,79,79,79,79,64,64,63,63,63,63,46,23,46,46,39,62,0,0],"gold":44,"neow_bonus":"RANDOM_COMMON_RELIC","is_daily":false,"chose_seed":false,"campfire_upgraded":2,"win_rate":0.0,"timestamp":1614203814,"path_taken":["M","M","M","?","?","R","?","$","T","M","?","M","E","?","R","BOSS","M","M","$","M","AVR","M","?","R","T","M","?","R","$","M","R","BOSS"],"items_purchased_type":["Relic","Card"],"build_version":"2020-12-22","purchased_purges":3,"victory":false,"max_hp_per_floor":[79,79,79,79,79,79,79,79,79,79,79,79,79,79,79,79,79,79,79,79,79,79,79,79,79,79,79,79,79,79,79,79,79,79],"relic_stats":{"counters":[17,80],"MealTicket":0,"Nloth\u0027s Gift":3,"obtain_stats":[{"Strawberry":0,"hubris:ScarierMask":17,"MealTicket":30,"Nloth\u0027s Gift":24,"infinitespire:CheckeredPen":9,"Membership Card":22,"reliquary:Knoch":26,"PureWater":0,"hubris:Towel":7,"Akabeko":13},{"Strawberry":0,"hubris:ScarierMask":9,"MealTicket":15,"Nloth\u0027s Gift":13,"infinitespire:CheckeredPen":4,"Membership Card":12,"reliquary:Knoch":13,"PureWater":0,"hubris:Towel":4,"Akabeko":7},{"Strawberry":0,"hubris:ScarierMask":44,"MealTicket":66,"Nloth\u0027s Gift":59,"infinitespire:CheckeredPen":18,"Membership Card":56,"reliquary:Knoch":59,"PureWater":0,"hubris:Towel":18,"Akabeko":30}]},"card_choices":[{"not_picked":["Replay:ManipulateFuture","Halt"],"picked":"FlurryOfBlows","floor":1},{"not_picked":["SandsOfTime","Replay:BluntJabs","BowlingBash"],"picked":"SKIP","floor":2},{"not_picked":["PathToVictory","Indignation"],"picked":"WaveOfTheHand","floor":3},{"not_picked":["Conclude","Evaluate"],"picked":"Replay:DivineShield","floor":5},{"not_picked":["Study","BowlingBash"],"picked":"JustLucky","floor":10},{"not_picked":["DeceiveReality","Weave"],"picked":"FlyingSleeves","floor":12},{"not_picked":["Crescendo","Pray"],"picked":"DeceiveReality","floor":13},{"not_picked":["PathToVictory","WheelKick"],"picked":"SashWhip","floor":14},{"not_picked":["Blasphemy","Establishment"],"picked":"Scrawl","floor":16},{"not_picked":["SashWhip+1","Evaluate"],"picked":"FlyingSleeves+1","floor":18},{"not_picked":["Swivel","WindmillStrike+1"],"picked":"EmptyMind","floor":19},{"not_picked":["CrushJoints","FearNoEvil"],"picked":"CarveReality","floor":21},{"not_picked":["Halt+1","Blasphemy"],"picked":"BattleHymn","floor":23},{"not_picked":["BowlingBash","Protect","Evaluate"],"picked":"SKIP","floor":27},{"not_picked":["PathToVictory","Prostrate"],"picked":"EmptyBody","floor":28},{"not_picked":["Adaptation","BowlingBash"],"picked":"FlurryOfBlows","floor":31}],"player_experience":586916,"relics_obtained":[{"floor":9,"key":"infinitespire:CheckeredPen"},{"floor":13,"key":"Akabeko"},{"floor":26,"key":"reliquary:Knoch"}],"event_choices":[{"damage_healed":0,"gold_gain":0,"player_choice":"Upgraded","damage_taken":0,"max_hp_gain":0,"max_hp_loss":0,"event_name":"Upgrade Shrine","floor":4,"gold_loss":0,"cards_upgraded":["FlurryOfBlows"]},{"damage_healed":0,"gold_gain":0,"player_choice":"Traded Relic","damage_taken":0,"relics_obtained":["Nloth\u0027s Gift"],"max_hp_gain":0,"max_hp_loss":0,"event_name":"N\u0027loth","floor":24,"relics_lost":["infinitespire:CheckeredPen"],"gold_loss":0}],"is_beta":false,"boss_relics":[{"not_picked":["ReplayTheSpireMod:SealedPack","Black Star"],"picked":"hubris:ScarierMask"}],"items_purged_floors":[8,20,30],"is_endless":false,"potions_floor_spawned":[3,5,13,14,18,27],"killed_by":"hubris:MusketHawk","ascension_level":0}}