{"host":"wshey5htrz8rni6u","time":1614161787,"event":{"mods":["2.2 Compatiblity","BaseMod","Block Reminder","Colored Map","Colored Powertips","Current Relic Mod","Curses Come First","Dark Map","Key Reminder","Keyboard Shortcuts","Minty Spire (QoL Compilation)","Potion Indicator Mod","Quick Restart","Random Character Button","Relic Sorter","Relic Stats","StSLib","SuperFastMode","Unceasing Turn Reminder","UnlockEverythingMod","Weighted Paths"],"gold_per_floor":[117,117,117,130,142,177,177,204,204,223,242,242,99,130,130,204,204,186,186,220,220,237,237,166,183,183,143,143,168,179,192,192,266,266,284,302,524,524,302,302,302],"floor_reached":40,"language":"ENG","playtime":2487,"items_purged":["Strike_G+1"],"score":746,"play_id":"55719011-20f1-4e66-abd1-34c51063613d","local_time":"20210224021627","is_ascension_mode":true,"campfire_choices":[{"data":"Envenom","floor":7,"key":"SMITH"},{"floor":12,"key":"REST"},{"floor":15,"key":"REST"},{"floor":23,"key":"REST"},{"floor":28,"key":"REST"},{"floor":32,"key":"REST"}],"circlet_count":0,"master_deck":["AscendersBane","Strike_G+1","Defend_G+1","Defend_G+1","Defend_G+1","Defend_G+1","Defend_G+1","Survivor","Neutralize+1","Dagger Throw","Eviscerate","Infinite Blades","Footwork","Acrobatics","Envenom+1","Dagger Spray","Cloak And Dagger","Well Laid Plans","Unload","Phantasmal Killer","Dodge and Roll","Escape Plan","Backflip","Backflip","Bullet Time","Acrobatics+1","Predator","Well Laid Plans","Terror","Terror+1","Poisoned Stab","Dagger Spray","Riddle With Holes+1","Noxious Fumes","Blade Dance","Crippling Poison","Die Die Die","Predator","Dash"],"relics":["Ring of the Snake","Akabeko","Ginger","Blue Candle","Orrery","Bottled Lightning","SlaversCollar","Red Mask","keyreminder:keyreminder","Strawberry","Snecko Eye","ClockworkSouvenir"],"acts_visited":["Exordium","TheCity","TheBeyond"],"potions_floor_usage":[10,14,20,22,31,31,33],"damage_taken":[{"damage":0,"enemies":"2 Louse","floor":1,"turns":2},{"damage":5,"enemies":"Jaw Worm","floor":4,"turns":3},{"damage":0,"enemies":"Cultist","floor":5,"turns":4},{"damage":11,"enemies":"Lagavulin","floor":6,"turns":8},{"damage":36,"enemies":"Gremlin Nob","floor":8,"turns":5},{"damage":2,"enemies":"2 Fungi Beasts","floor":10,"turns":5},{"damage":1,"enemies":"Looter","floor":11,"turns":3},{"damage":13,"enemies":"Lagavulin","floor":14,"turns":5},{"damage":26,"enemies":"Slime Boss","floor":16,"turns":9},{"damage":19,"enemies":"2 Thieves","floor":18,"turns":4},{"damage":6,"enemies":"Masked Bandits","floor":20,"turns":3},{"damage":18,"enemies":"3 Byrds","floor":22,"turns":7},{"damage":30,"enemies":"Snake Plant","floor":25,"turns":5},{"damage":12,"enemies":"Slavers","floor":29,"turns":6},{"damage":0,"enemies":"Centurion and Healer","floor":30,"turns":6},{"damage":4,"enemies":"Snecko","floor":31,"turns":4},{"damage":33,"enemies":"Automaton","floor":33,"turns":7},{"damage":14,"enemies":"3 Shapes","floor":35,"turns":7},{"damage":13,"enemies":"3 Darklings","floor":36,"turns":5},{"damage":31,"enemies":"Nemesis","floor":40,"turns":4}],"seed_played":"-7893136907133341175","potions_obtained":[{"floor":4,"key":"SkillPotion"},{"floor":5,"key":"GhostInAJar"},{"floor":16,"key":"Explosive Potion"},{"floor":20,"key":"Regen Potion"},{"floor":27,"key":"SmokeBomb"},{"floor":27,"key":"Weak Potion"},{"floor":29,"key":"DistilledChaos"},{"floor":31,"key":"Strength Potion"},{"floor":35,"key":"Strength Potion"}],"is_trial":false,"path_per_floor":["M","?","?","M","M","E","R","E","T","M","M","R","$","E","R","B",null,"M","?","?","?","M","R","$","M","T","?","R","E","M","M","R","B",null,"M","M","?","?","$","E"],"character_chosen":"THE_SILENT","items_purchased":["Orrery","Poisoned Stab","Dagger Spray","ClockworkSouvenir"],"campfire_rested":5,"item_purchase_floors":[13,24,24,39],"current_hp_per_floor":[59,59,59,54,54,43,43,7,7,5,4,23,23,10,29,3,50,31,31,25,25,22,41,41,11,11,11,30,25,25,21,42,9,57,43,30,30,30,30,0,0],"gold":302,"neow_bonus":"THREE_CARDS","is_daily":false,"chose_seed":false,"campfire_upgraded":1,"win_rate":0.0,"timestamp":1614161787,"path_taken":["M","?","?","?","M","E","R","E","T","M","M","R","$","E","R","BOSS","M","?","?","?","M","R","?","M","T","?","R","E","?","M","R","BOSS","M","M","?","?","$","E"],"items_purchased_type":["Relic","Card","Card","Relic"],"build_version":"2020-12-13","purchased_purges":1,"victory":false,"max_hp_per_floor":[66,66,66,66,66,66,66,66,66,66,66,66,66,66,66,66,66,66,66,66,66,66,66,66,66,66,66,66,73,73,73,73,73,73,73,73,73,73,73,73,73],"relic_stats":{"counters":[20,102],"Blue Candle":[0],"Snecko Eye":[33,41,24,42],"Ginger":[9],"obtain_stats":[{"keyreminder:keyreminder":26,"SlaversCollar":17,"Blue Candle":9,"Strawberry":29,"Orrery":13,"Snecko Eye":34,"Red Mask":20,"Ginger":8,"Bottled Lightning":14,"Akabeko":6,"Ring of the Snake":0,"ClockworkSouvenir":39},{"keyreminder:keyreminder":13,"SlaversCollar":9,"Blue Candle":5,"Strawberry":14,"Orrery":7,"Snecko Eye":17,"Red Mask":11,"Ginger":5,"Bottled Lightning":8,"Akabeko":4,"Ring of the Snake":0,"ClockworkSouvenir":19},{"keyreminder:keyreminder":63,"SlaversCollar":44,"Blue Candle":22,"Strawberry":69,"Orrery":30,"Snecko Eye":86,"Red Mask":51,"Ginger":22,"Bottled Lightning":35,"Akabeko":17,"Ring of the Snake":0,"ClockworkSouvenir":98}],"Ring of the Snake":[40]},"card_choices":[{"not_picked":["Dagger Spray","Bane"],"picked":"Dagger Throw","floor":0},{"not_picked":["Quick Slash","Expertise"],"picked":"Eviscerate","floor":1},{"not_picked":["Dagger Spray","Bane"],"picked":"Footwork","floor":4},{"not_picked":["Sucker Punch","Setup"],"picked":"Acrobatics","floor":5},{"not_picked":["Eviscerate","Backflip"],"picked":"Envenom","floor":6},{"not_picked":["Outmaneuver","Caltrops"],"picked":"Dagger Spray","floor":8},{"not_picked":["Dodge and Roll","Deadly Poison"],"picked":"Cloak And Dagger","floor":10},{"not_picked":["Heel Hook","Blade Dance"],"picked":"Well Laid Plans","floor":11},{"not_picked":["Cloak And Dagger","Sucker Punch"],"picked":"Unload","floor":13},{"not_picked":["Deflect","Prepared"],"picked":"Phantasmal Killer","floor":13},{"not_picked":["Outmaneuver","Skewer"],"picked":"Dodge and Roll","floor":13},{"not_picked":["Outmaneuver","Masterful Stab"],"picked":"Escape Plan","floor":13},{"not_picked":["Bane","Underhanded Strike"],"picked":"Backflip","floor":13},{"not_picked":["Choke","Deflect"],"picked":"Backflip","floor":14},{"not_picked":["Doppelganger","Glass Knife"],"picked":"Bullet Time","floor":16},{"not_picked":["Slice","Cloak And Dagger"],"picked":"Acrobatics+1","floor":18},{"not_picked":["Riddle With Holes","Distraction+1"],"picked":"Terror","floor":20},{"not_picked":["Acrobatics","Cloak And Dagger"],"picked":"Terror+1","floor":22},{"not_picked":["All Out Attack","Backflip"],"picked":"Riddle With Holes+1","floor":25},{"not_picked":["Blur","Poisoned Stab"],"picked":"Noxious Fumes","floor":29},{"not_picked":["Poisoned Stab","Slice"],"picked":"Blade Dance","floor":30},{"not_picked":["Grand Finale","Dodge and Roll"],"picked":"Crippling Poison","floor":31},{"not_picked":["Phantasmal Killer","A Thousand Cuts"],"picked":"Die Die Die","floor":33},{"not_picked":["Dagger Spray+1","Dagger Throw"],"picked":"Predator","floor":35},{"not_picked":["Dagger Spray","Acrobatics","Cloak And Dagger"],"picked":"SKIP","floor":36}],"player_experience":194644,"relics_obtained":[{"floor":6,"key":"Akabeko"},{"floor":8,"key":"Ginger"},{"floor":9,"key":"Blue Candle"},{"floor":14,"key":"Bottled Lightning"},{"floor":20,"key":"Red Mask"},{"floor":29,"key":"Strawberry"}],"event_choices":[{"damage_healed":0,"gold_gain":0,"cards_transformed":["Strike_G"],"player_choice":"Change","damage_taken":0,"max_hp_gain":0,"max_hp_loss":0,"event_name":"Living Wall","floor":2,"gold_loss":0,"cards_obtained":["Infinite Blades"]},{"damage_healed":0,"gold_gain":0,"player_choice":"Upgraded","damage_taken":0,"max_hp_gain":0,"max_hp_loss":0,"event_name":"Upgrade Shrine","floor":3,"gold_loss":0,"cards_upgraded":["Neutralize"]},{"damage_healed":0,"gold_gain":0,"cards_transformed":["Strike_G","Strike_G"],"player_choice":"Became Test Subject","damage_taken":0,"max_hp_gain":0,"max_hp_loss":0,"event_name":"Drug Dealer","floor":19,"gold_loss":0,"cards_obtained":["Predator","Well Laid Plans"]},{"damage_healed":0,"gold_gain":0,"player_choice":"Fought Bandits","damage_taken":0,"max_hp_gain":0,"max_hp_loss":0,"event_name":"Masked Bandits","floor":20,"gold_loss":0},{"damage_healed":0,"gold_gain":0,"player_choice":"Simplicity","damage_taken":0,"max_hp_gain":0,"max_hp_loss":0,"event_name":"Back to Basics","floor":21,"gold_loss":0,"cards_upgraded":["Strike_G","Strike_G","Defend_G","Defend_G","Defend_G","Defend_G","Defend_G"]},{"damage_healed":0,"gold_gain":0,"player_choice":"Bought 3 Potions","damage_taken":0,"max_hp_gain":0,"max_hp_loss":0,"event_name":"The Woman in Blue","floor":27,"gold_loss":0},{"damage_healed":0,"gold_gain":222,"player_choice":"Wore Mask","damage_taken":0,"max_hp_gain":0,"max_hp_loss":0,"event_name":"Tomb of Lord Red Mask","floor":37,"gold_loss":0},{"damage_healed":0,"gold_gain":0,"player_choice":"1 cards matched","damage_taken":0,"max_hp_gain":0,"max_hp_loss":0,"event_name":"Match and Keep!","floor":38,"gold_loss":0,"cards_obtained":["Dash"]}],"is_beta":false,"boss_relics":[{"not_picked":["Empty Cage","Tiny House"],"picked":"SlaversCollar"},{"not_picked":["Coffee Dripper","Pandora\u0027s Box"],"picked":"Snecko Eye"}],"items_purged_floors":[39],"is_endless":false,"potions_floor_spawned":[4,5,6,16,20,29,31,35],"killed_by":"Nemesis","ascension_level":14}}