{"host":"ty9fb48q9oru32qm","time":1614156330,"event":{"mods":["2.2 Compatiblity","AchievementEnabler","Act Like it!","Aspiration","Astrologer","BaseMod","Beaked The Cultist","Better Synergies","Block Reminder","Colored Powertips","Conspire","DeckTracker","Downfall","Friendly Minions","GifTheSpireLib","Halation","Hermit","Hubris","Infinite Spire","Jorbs\u0027s Wanderer Trilogy","Marisa????????","Minty Spire (QoL Compilation)","Permanent Neow","Quick Restart","Random Character Button","Reliquary","Replay The Spire","Somnambulant","StSLib","Stuff the Spire","The Cursed","The Jungle","The Marked","The Runesmith","TheVacant","Wandering Minibosses"],"gold_per_floor":[115,115,115,115,115,115,145,156,207,207,238,248,261,271,271,369,369,385,385,403,403,403,434,57,57,57,57,57],"floor_reached":27,"language":"ENG","playtime":2040,"items_purged":["conspire:GhostlyStrike"],"score":314,"play_id":"0082e666-c7dd-4e63-938e-37bb2ee96aae","local_time":"20210224094530","is_ascension_mode":false,"campfire_choices":[{"data":"Draining Mist","floor":6,"key":"SMITH"},{"data":"Dash","floor":15,"key":"SMITH"},{"data":"conspire:Banana","floor":25,"key":"SMITH"}],"circlet_count":0,"master_deck":["conspire:GhostlyStrike","conspire:GhostlyStrike","conspire:GhostlyStrike","conspire:GhostlyStrike","conspire:GhostlyDefend","conspire:GhostlyDefend","conspire:GhostlyDefend","conspire:GhostlyDefend","conspire:GhostlyDefend","Survivor","hexamod:Sear","conspire:GhostlyDefend","Draining Mist+1","StuffTheSpire:Innocence","Eviscerate","hubris:DuctTapeCard","Infinite Blades","Prepared","Dash+1","Storm of Steel","Poisoned Stab+1","Cloak And Dagger+1","Blade Dance+1","Noxious Fumes","conspire:Banana+1"],"relics":["Ring of the Snake","hubris:Teleporter","hubris:Towel","Snack Pack","hubris:DuctTape","infinitespire:CheckeredPen","reliquary:RedPaperclip","Shuriken","halation:PromiseList","StuffTheSpire:BottledEssence"],"acts_visited":["Exordium","Exordium"],"potions_floor_usage":[22],"damage_taken":[{"damage":5,"enemies":"Small Slimes","floor":1,"turns":5},{"damage":7,"enemies":"Replay:BlueRogue","floor":7,"turns":5},{"damage":5,"enemies":"2 Louse","floor":8,"turns":3},{"damage":21,"enemies":"3 Sentries","floor":11,"turns":8},{"damage":0,"enemies":"conspire:RoseBush","floor":12,"turns":3},{"damage":3,"enemies":"Large Slime","floor":13,"turns":5},{"damage":5,"enemies":"Looter","floor":14,"turns":3},{"damage":22,"enemies":"Hexaghost","floor":16,"turns":7},{"damage":4,"enemies":"theJungle:Flameango_and_Byrd","floor":18,"turns":4},{"damage":5,"enemies":"theJungle:GiantWrat","floor":20,"turns":4},{"damage":45,"enemies":"JungleHuntersEvent","floor":22,"turns":9},{"damage":0,"enemies":"theJungle:2_Phrogs","floor":23,"turns":5},{"damage":62,"enemies":"theJungle:MamaSnecko","floor":27,"turns":4}],"seed_played":"-1341938743488068334","potions_obtained":[{"floor":7,"key":"SneckoOil"},{"floor":12,"key":"LiquidMemories"},{"floor":13,"key":"Venom Potion"}],"is_trial":false,"path_per_floor":["M","?","?","T","?","R","E","M","T","T","E","M","M","M","R","B",null,"M","?","M","?","?","E","$","R","T","E"],"character_chosen":"THE_SILENT","items_purchased":["Noxious Fumes","StuffTheSpire:BottledEssence","conspire:Banana"],"campfire_rested":0,"item_purchase_floors":[24,24,24],"current_hp_per_floor":[65,58,58,58,58,58,51,46,46,46,29,31,34,29,29,15,70,70,70,65,65,36,50,50,50,50,0,0],"gold":57,"neow_bonus":"ONE_RARE_RELIC","is_daily":false,"chose_seed":false,"campfire_upgraded":3,"win_rate":0.0,"timestamp":1614156330,"path_taken":["M","?","?","?","?","R","E","M","T","?","E","M","M","M","R","BOSS","M","?","?","?","?","E","$","R","T","E"],"items_purchased_type":["Card","Relic","Card"],"build_version":"2020-12-22","purchased_purges":1,"victory":false,"max_hp_per_floor":[70,70,70,70,70,70,70,70,70,70,70,70,70,70,70,70,70,70,70,70,70,70,70,70,70,70,72,72],"card_choices":[{"not_picked":["Outmaneuver","Tactician"],"picked":"Draining Mist","floor":1},{"not_picked":["Deflect","Setup"],"picked":"Eviscerate","floor":7},{"not_picked":["Quick Slash","Sucker Punch"],"picked":"Blade Dance","floor":8},{"not_picked":["Hidden Blade","StuffTheSpire:Sprint"],"picked":"Infinite Blades","floor":11},{"not_picked":["Setup","Quick Slash"],"picked":"Prepared","floor":12},{"not_picked":["Backstab","StuffTheSpire:ClusterCrunch"],"picked":"Dash","floor":13},{"not_picked":["Dagger Spray","Backstab","aspiration:Lunge"],"picked":"SKIP","floor":14},{"not_picked":["Phantasmal Killer","Doppelganger"],"picked":"Storm of Steel","floor":16},{"not_picked":["Backflip","Dodge and Roll"],"picked":"Poisoned Stab+1","floor":18},{"not_picked":["ReplayTheSpireMod:Speed Training+1","Underhanded Strike+1"],"picked":"Cloak And Dagger+1","floor":20},{"not_picked":["StuffTheSpire:Shiver","Replay:Bag of Tricks"],"picked":"Blade Dance+1","floor":22},{"not_picked":["Acrobatics","Dagger Throw+1","ReplayTheSpireMod:Exploit Weakness"],"picked":"SKIP","floor":23}],"player_experience":347751,"relics_obtained":[{"floor":4,"key":"Replay:WaspNest"},{"floor":7,"key":"Snack Pack"},{"floor":9,"key":"Omamori"},{"floor":10,"key":"hubris:DuctTape"},{"floor":11,"key":"infinitespire:CheckeredPen"},{"floor":22,"key":"Shuriken"},{"floor":23,"key":"halation:PromiseList"}],"event_choices":[{"damage_healed":0,"gold_gain":0,"player_choice":"Agree","damage_taken":0,"max_hp_gain":0,"max_hp_loss":0,"event_name":"conspire:LoneGhost","floor":3,"gold_loss":0},{"damage_healed":0,"gold_gain":0,"player_choice":"Ignored","damage_taken":0,"max_hp_gain":0,"max_hp_loss":0,"event_name":"NoteForYourself","floor":19,"gold_loss":0}],"is_beta":false,"boss_relics":[{"not_picked":["Runic Dome","conspire:SeveredTorchhead"],"picked":"reliquary:RedPaperclip"}],"items_purged_floors":[24],"is_endless":false,"potions_floor_spawned":[7,12,13,14,16,20],"killed_by":"theJungle:MamaSnecko","ascension_level":0}}