{"host":"0xtpc43j5kblke7u","time":1614143418,"event":{"mods":["AchievementEnabler","BaseMod","Colored Map","Highlight Path","Minty Spire (QoL Compilation)"],"gold_per_floor":[18,36,47,47,47,47,82,95,120,120,154,154,174,209,209,308,358,369,386,311,311,311,311,311],"floor_reached":23,"language":"ENG","playtime":1604,"items_purged":[],"score":303,"play_id":"067a1cbc-ab19-4314-b0b4-e78232cbdc58","local_time":"20210224001018","is_ascension_mode":true,"campfire_choices":[{"data":"Zap","floor":6,"key":"SMITH"},{"floor":10,"key":"REST"},{"data":"Defragment","floor":12,"key":"SMITH"},{"floor":15,"key":"REST"}],"circlet_count":0,"master_deck":["Strike_B","Strike_B","Defend_B","Defend_B","Defend_B","Defend_B","Zap+1","Dualcast","Conserve Battery","Ball Lightning+1","Sweeping Beam","Coolheaded","Defragment+1","Glacier","Reboot","Conserve Battery"],"relics":["Cracked Core","Emotion Chip","Regal Pillow","Centennial Puzzle","Bag of Preparation","Meat on the Bone","Tiny Chest","Tiny House"],"acts_visited":["Exordium","TheCity"],"potions_floor_usage":[8,11,23,23],"damage_taken":[{"damage":1,"enemies":"2 Louse","floor":1,"turns":3},{"damage":7,"enemies":"Jaw Worm","floor":2,"turns":3},{"damage":1,"enemies":"Cultist","floor":3,"turns":3},{"damage":16,"enemies":"Lagavulin","floor":7,"turns":4},{"damage":8,"enemies":"Large Slime","floor":8,"turns":4},{"damage":18,"enemies":"Gremlin Nob","floor":11,"turns":3},{"damage":0,"enemies":"Looter","floor":13,"turns":3},{"damage":16,"enemies":"3 Sentries","floor":14,"turns":5},{"damage":33,"enemies":"Slime Boss","floor":16,"turns":9},{"damage":0,"enemies":"Spheric Guardian","floor":18,"turns":4},{"damage":7,"enemies":"Shell Parasite","floor":19,"turns":8},{"damage":61,"enemies":"Gremlin Leader","floor":23,"turns":9}],"seed_played":"8449959220274164852","potions_obtained":[{"floor":1,"key":"AttackPotion"},{"floor":7,"key":"Energy Potion"},{"floor":8,"key":"AttackPotion"},{"floor":13,"key":"Swift Potion"},{"floor":17,"key":"Block Potion"}],"is_trial":false,"path_per_floor":["M","M","M","?","?","R","E","M","T","R","E","R","M","E","R","B",null,"M","M","?","?","?","E"],"character_chosen":"DEFECT","items_purchased":[],"campfire_rested":2,"item_purchase_floors":[],"current_hp_per_floor":[67,60,59,52,52,52,36,28,28,65,47,47,47,43,75,42,72,72,65,65,65,50,0,0],"gold":311,"neow_bonus":"ONE_RARE_RELIC","is_daily":false,"chose_seed":false,"campfire_upgraded":2,"win_rate":0.0,"timestamp":1614143418,"path_taken":["M","M","M","?","?","R","E","M","T","R","E","R","?","E","R","BOSS","M","M","?","?","?","E"],"items_purchased_type":[],"build_version":"2020-12-22","purchased_purges":0,"victory":false,"max_hp_per_floor":[75,75,75,75,75,75,75,75,75,75,75,75,75,75,75,75,80,80,80,80,80,85,85,85],"card_choices":[{"not_picked":["Streamline","Beam Cell"],"picked":"Conserve Battery","floor":1},{"not_picked":["Storm","Beam Cell","Double Energy"],"picked":"SKIP","floor":2},{"not_picked":["Streamline","Beam Cell"],"picked":"Ball Lightning","floor":3},{"not_picked":["Machine Learning","Barrage"],"picked":"Sweeping Beam","floor":7},{"not_picked":["Hello World","Hologram"],"picked":"Coolheaded","floor":8},{"not_picked":["Reinforced Body","Chill"],"picked":"Defragment","floor":11},{"not_picked":["Stack","Chaos","Doom and Gloom"],"picked":"SKIP","floor":13},{"not_picked":["Stack","Chaos","Doom and Gloom"],"picked":"SKIP","floor":13},{"not_picked":["Rebound","Rip and Tear"],"picked":"Glacier","floor":14},{"not_picked":["Seek","Biased Cognition"],"picked":"Reboot","floor":16},{"not_picked":["Sweeping Beam","Hello World+1","Turbo"],"picked":"SKIP","floor":18},{"not_picked":["Doom and Gloom+1","Self Repair"],"picked":"Conserve Battery","floor":19}],"player_experience":704875,"relics_obtained":[{"floor":7,"key":"Centennial Puzzle"},{"floor":9,"key":"Bag of Preparation"},{"floor":11,"key":"Meat on the Bone"},{"floor":14,"key":"Tiny Chest"}],"event_choices":[{"cards_removed":["Strike_B"],"damage_healed":0,"gold_gain":0,"player_choice":"Card Removal","damage_taken":7,"max_hp_gain":0,"max_hp_loss":0,"event_name":"Golden Wing","floor":4,"gold_loss":0},{"damage_healed":0,"gold_gain":0,"player_choice":"Gave Potion","damage_taken":0,"relics_obtained":["Regal Pillow"],"max_hp_gain":0,"max_hp_loss":0,"event_name":"WeMeetAgain","floor":5,"gold_loss":0},{"cards_removed":["Strike_B"],"damage_healed":0,"gold_gain":0,"player_choice":"Gave Gold","damage_taken":0,"max_hp_gain":0,"max_hp_loss":0,"event_name":"Beggar","floor":20,"gold_loss":75},{"damage_healed":0,"gold_gain":0,"player_choice":"Ignored","damage_taken":0,"max_hp_gain":0,"max_hp_loss":0,"event_name":"Vampires","floor":21,"gold_loss":0},{"damage_healed":0,"gold_gain":0,"player_choice":"Shed Blood","damage_taken":20,"max_hp_gain":5,"max_hp_loss":0,"event_name":"Forgotten Altar","floor":22,"gold_loss":0}],"is_beta":false,"boss_relics":[{"not_picked":["Snecko Eye","Ectoplasm"],"picked":"Tiny House"}],"items_purged_floors":[],"is_endless":false,"potions_floor_spawned":[1,7,8,13],"killed_by":"Gremlin Leader","ascension_level":9}}