{"host":"7w9k7wbji6yxkaex","time":1614192401,"event":{"mods":["100% Spire Juice","Act Like it!","BaseMod","DeckTracker","Downfall","Gremlin Mod","Hubris","Lobotomy","Minty Spire (QoL Compilation)","Potionbrewer","Quick Restart","Slay the Relics Exporter","StSLib","The Hierophant","The Marked","The Showman","The Warrior","TheHero"],"gold_per_floor":[99,118,131,147,13,13,13,13,25,25,43,28,57,69,86,183,183,183,183],"floor_reached":17,"language":"ENG","playtime":1713,"items_purged":[],"score":159,"play_id":"0fa62956-b068-4fd3-9c6d-d08137ad5909","local_time":"20210224124641","is_ascension_mode":false,"campfire_choices":[{"data":"hexamod:Sear","floor":1.0,"key":"SMITH"}],"circlet_count":0,"master_deck":["hexamod:Strike","hexamod:Strike","hexamod:Strike","hexamod:Strike","hexamod:Defend","hexamod:Defend","hexamod:Defend","hexamod:Defend","hexamod:Sear+1","hexamod:Float","hexamod:BurningTouch+1","hexamod:EmpoweredFlame","hexamod:DynamicBlow","hexamod:BurningTouch","hexamod:ThermalTransfer","expansioncontent:PrepareCrush","Regret","hexamod:InspiringFlames","hexamod:GhostflameInferno","hexamod:ExtraCrispy","hexamod:VolcanoVisage","hexamod:ThermalTransfer","hexamod:FastForward","hexamod:SixthSeal"],"relics":["hexamod:SpiritBrand","hubris:PeanutButter","hubris:DeckOfHolding","Sozu"],"acts_visited":["Exordium","TheCity"],"potions_floor_usage":[11,13,13],"damage_taken":[{"damage":0.0,"enemies":"Small Slimes","floor":2.0,"turns":3.0},{"damage":11.0,"enemies":"Jaw Worm","floor":3.0,"turns":3.0},{"damage":0.0,"enemies":"Cultist","floor":4.0,"turns":3.0},{"damage":0,"enemies":"downfall:FleeingMerchant","floor":5,"turns":4},{"damage":13,"enemies":"Lots of Slimes","floor":9,"turns":6},{"damage":0,"enemies":"Large Slime","floor":11,"turns":3},{"damage":0,"enemies":"downfall:FleeingMerchant","floor":12,"turns":4},{"damage":19,"enemies":"3 Sentries","floor":13,"turns":7},{"damage":1,"enemies":"2 Fungi Beasts","floor":14,"turns":3},{"damage":6,"enemies":"Exordium Wildlife","floor":15,"turns":4},{"damage":4,"enemies":"SI_SHIV_ARCHETYPE","floor":16,"turns":6}],"seed_played":"5669114139291735973","potions_obtained":[{"floor":9,"key":"FearPotion"},{"floor":10,"key":"Energy Potion"},{"floor":10,"key":"Strength Potion"},{"floor":11,"key":"Explosive Potion"},{"floor":13,"key":"FearPotion"},{"floor":15,"key":"Dexterity Potion"}],"is_trial":false,"path_per_floor":["R","M","M","M","$","?","T","?","M","?","M","$","E","M","M","B",null],"character_chosen":"THE_SPIRIT","items_purchased":["hexamod:ThermalTransfer","expansioncontent:PrepareCrush"],"campfire_rested":0,"item_purchase_floors":[5,5],"current_hp_per_floor":[77,77,66,66,66,66,66,66,53,53,53,53,34,33,27,23,77,77,77],"gold":183,"neow_bonus":"TEN_PERCENT_HP_BONUS","is_daily":false,"chose_seed":false,"campfire_upgraded":1,"win_rate":0.0,"timestamp":1614192401,"path_taken":["R","M","M","M","$","?","T","?","M","?","?","?","E","M","M","BOSS"],"items_purchased_type":["Card","Card"],"build_version":"2020-12-22","purchased_purges":0,"victory":false,"max_hp_per_floor":[77,77,77,77,77,77,77,77,77,77,77,77,77,77,77,77,77,77,77],"card_choices":[{"not_picked":["hexamod:GhostLash","hexamod:Hexaguard"],"picked":"hexamod:BurningTouch","floor":2.0},{"not_picked":["hexamod:Hexaguard","hexamod:FourthSeal"],"picked":"hexamod:EmpoweredFlame","floor":3.0},{"not_picked":["hexamod:InspiringFlames","hexamod:SkipABeat"],"picked":"hexamod:DynamicBlow","floor":4},{"not_picked":["hexamod:FourthSeal","hexamod:CatchUp"],"picked":"hexamod:BurningTouch","floor":5},{"not_picked":["hexamod:SpectersWail","hexamod:RainOfEmbers"],"picked":"hexamod:InspiringFlames","floor":9},{"not_picked":["hexamod:HauntingEcho","hexamod:NightmareStrike"],"picked":"hexamod:GhostflameInferno","floor":11},{"not_picked":["hexamod:SkipABeat","hexamod:HeatMetal"],"picked":"hexamod:ExtraCrispy","floor":12},{"not_picked":["hexamod:BacktrackSmack","hexamod:Firestarter"],"picked":"hexamod:VolcanoVisage","floor":13},{"not_picked":["hexamod:SwordOfDarkness","hexamod:RadiantFlame"],"picked":"hexamod:ThermalTransfer","floor":14},{"not_picked":["hexamod:NightmareGuise","hexamod:BacktrackSmack"],"picked":"hexamod:FastForward","floor":15},{"not_picked":["hexamod:UnlimitedPower","hexamod:ParanormalForm"],"picked":"hexamod:SixthSeal","floor":16}],"player_experience":288652,"relics_obtained":[{"floor":13,"key":"hubris:DeckOfHolding"}],"event_choices":[{"damage_healed":0,"gold_gain":0,"player_choice":"Grow","damage_taken":0,"max_hp_gain":0,"max_hp_loss":0,"event_name":"Living Wall","floor":6,"gold_loss":0,"cards_upgraded":["hexamod:BurningTouch"]},{"damage_healed":0,"gold_gain":0,"player_choice":"Box","damage_taken":0,"relics_obtained":["hubris:PeanutButter"],"max_hp_gain":0,"max_hp_loss":0,"event_name":"Big Fish","floor":8,"gold_loss":0,"cards_obtained":["Regret"]},{"damage_healed":0,"gold_gain":0,"player_choice":"Got Potions","damage_taken":0,"max_hp_gain":0,"max_hp_loss":0,"event_name":"Lab","floor":10,"gold_loss":0}],"is_beta":false,"boss_relics":[{"not_picked":["hubris:BlackHole","Coffee Dripper"],"picked":"Sozu"}],"items_purged_floors":[],"is_endless":false,"potions_floor_spawned":[9,11,13,15],"ascension_level":0}}