{"host":"5mo0809oo9tcrmpl","time":1614129215,"event":{"mods":["BaseMod","Highlight Path","Minty Spire (QoL Compilation)","Relic Stats","Slay the Relics Exporter"],"gold_per_floor":[116,136,153,173,184,184,184,184],"floor_reached":7,"language":"ENG","playtime":250,"items_purged":[],"score":90,"play_id":"e6e55e1d-b3c9-4e9d-8094-4523f65fe54a","local_time":"20210223191335","is_ascension_mode":true,"campfire_choices":[{"data":"Havoc","floor":6,"key":"SMITH"}],"circlet_count":0,"master_deck":["AscendersBane","Strike_R","Strike_R","Strike_R","Strike_R","Strike_R","Defend_R","Defend_R","Defend_R","Defend_R","Bash","Barricade","Armaments","Anger","Shrug It Off","Fiend Fire","Havoc+1"],"relics":["Burning Blood"],"acts_visited":["Exordium"],"potions_floor_usage":[5],"damage_taken":[{"damage":12,"enemies":"Cultist","floor":1,"turns":4},{"damage":9,"enemies":"2 Louse","floor":2,"turns":3},{"damage":12,"enemies":"Small Slimes","floor":3,"turns":4},{"damage":13,"enemies":"Red Slaver","floor":4,"turns":3},{"damage":6,"enemies":"Looter","floor":5,"turns":4},{"damage":47,"enemies":"3 Sentries","floor":7,"turns":4}],"seed_played":"1876544731638895085","potions_obtained":[{"floor":1,"key":"Weak Potion"},{"floor":2,"key":"AttackPotion"}],"is_trial":false,"path_per_floor":["M","M","M","M","M","R","E"],"character_chosen":"IRONCLAD","items_purchased":[],"campfire_rested":0,"item_purchase_floors":[],"current_hp_per_floor":[62,59,53,46,46,46,0,0],"gold":184,"neow_bonus":"THREE_RARE_CARDS","is_daily":false,"chose_seed":false,"campfire_upgraded":1,"win_rate":0.0,"timestamp":1614129215,"path_taken":["M","M","M","M","M","R","E"],"items_purchased_type":[],"build_version":"2020-12-22","purchased_purges":0,"victory":false,"max_hp_per_floor":[68,68,68,68,68,68,68,68],"relic_stats":{"counters":[6,22],"obtain_stats":[{"Burning Blood":0},{"Burning Blood":0},{"Burning Blood":0}],"Burning Blood":30},"card_choices":[{"not_picked":["Limit Break","Berserk"],"picked":"Barricade","floor":0},{"not_picked":["Thunderclap","Feel No Pain"],"picked":"Armaments","floor":1},{"not_picked":["Armaments","Flex"],"picked":"Anger","floor":2},{"not_picked":["Spot Weakness","Wild Strike"],"picked":"Shrug It Off","floor":3},{"not_picked":["Reckless Charge","Wild Strike"],"picked":"Fiend Fire","floor":4},{"not_picked":["Thunderclap","Wild Strike"],"picked":"Havoc","floor":5}],"player_experience":1318495,"relics_obtained":[],"event_choices":[],"is_beta":false,"boss_relics":[],"items_purged_floors":[],"is_endless":false,"potions_floor_spawned":[1,2],"killed_by":"3 Sentries","ascension_level":20}}