{"host":"auii0tli5ebhxikt","time":1614135116,"event":{"mods":["ATMod(°¢èªMod)","BaseMod","Downfall","Energized Spire","Minty Spire (QoL Compilation)","Quick Restart","Relic Stats","Reliquary","Replay The Spire","Shop Mod","Spicy Shops","StSLib","The Alterego","The Marked","[IsaacMod]ÒÔÈö¼âËþ","¡¾ÒÅÎï¿¨ÅÆ¡¿REMEMod"],"gold_per_floor":[116,127,145,145,0,27,38,38,62,62,73,73,100,100,136,236,236,250,268,282,295,295,295,295,295],"floor_reached":24,"language":"ZHS","playtime":1896,"items_purged":[],"score":297,"play_id":"b827e987-bacd-401d-94f3-ee298c245a5e","local_time":"20210224105156","is_ascension_mode":true,"campfire_choices":[{"floor":12,"key":"REST"},{"floor":23,"key":"REST"}],"circlet_count":0,"master_deck":["Strike_B","Strike_B","Strike_B","Strike_B","Defend_B","Defend_B","Defend_B","Defend_B","Zap","Dualcast","AT_ThunderBolt+1","Conserve Battery","Strike_B","Zap","Go for the Eyes+1"],"relics":["Cracked Core","AT_ATBox","HushsDoor","REME_ComplimentaryCards","DeathBook","NeowsBlessing","AT_BladeRuinedKing","Pet Ghost","TheBean","Replay:Antivirus Software","BloodDonationMachine","AT_SpeedBoots","Busted Crown","GuppysPaw","GuppysTail"],"acts_visited":["Exordium","TheCity"],"potions_floor_usage":[16,16,16],"damage_taken":[{"damage":0,"enemies":"Small Slimes","floor":1,"turns":1},{"damage":0,"enemies":"Cultist","floor":2,"turns":1},{"damage":0,"enemies":"Jaw Worm","floor":3,"turns":1},{"damage":6,"enemies":"Lagavulin","floor":6,"turns":8},{"damage":3,"enemies":"Blue Slaver","floor":7,"turns":3},{"damage":3,"enemies":"Lots of Slimes","floor":11,"turns":3},{"damage":5,"enemies":"Gremlin Nob","floor":13,"turns":4},{"damage":0,"enemies":"The Guardian","floor":16,"turns":6},{"damage":0,"enemies":"3 Byrds","floor":18,"turns":3},{"damage":2,"enemies":"Chosen","floor":19,"turns":4},{"damage":20,"enemies":"Shelled Parasite and Fungi","floor":20,"turns":5},{"damage":11,"enemies":"Snecko","floor":21,"turns":5},{"damage":50,"enemies":"Slavers","floor":24,"turns":3}],"seed_played":"8667873865914576741","potions_obtained":[{"floor":3,"key":"champ:CounterPotion"},{"floor":11,"key":"Reflective Coating"},{"floor":13,"key":"Fire Potion"}],"is_trial":false,"path_per_floor":["M","M","M","?","$","E","M","?","T","$","M","R","E","T","R","B",null,"M","M","M","M","?","R","E"],"character_chosen":"DEFECT","items_purchased":["Pet Ghost","GuppysPaw","GuppysTail"],"campfire_rested":2,"item_purchase_floors":[5,17,17],"current_hp_per_floor":[75,75,75,60,60,54,51,51,51,51,48,70,65,65,75,75,55,55,53,33,22,22,38,0,0],"gold":295,"neow_bonus":"THREE_ENEMY_KILL","is_daily":false,"chose_seed":false,"campfire_upgraded":0,"win_rate":0.0,"timestamp":1614135116,"path_taken":["M","M","M","?","$","E","M","?","T","?","M","R","E","?","R","BOSS","M","?","M","M","?","R","E"],"items_purchased_type":["Relic","Relic","Relic"],"build_version":"2020-12-22","purchased_purges":0,"victory":false,"max_hp_per_floor":[75,75,75,75,75,75,75,75,75,75,75,75,75,75,75,75,55,55,55,55,55,55,55,55,55],"relic_stats":{"Busted Crown":8,"counters":[13,47],"obtain_stats":[{"KeepersGift":0,"GuppysTail":17,"AT_ATBox":0,"NeowsBlessing":0,"GuppysPaw":17,"AT_BladeRuinedKing":4,"Pet Ghost":5,"DeathBook":0,"AT_SpeedBoots":14,"TheBean":6,"Busted Crown":17,"Replay:Antivirus Software":9,"Cracked Core":0,"HushsDoor":0,"REME_ComplimentaryCards":0,"BloodDonationMachine":13},{"KeepersGift":0,"GuppysTail":8,"AT_ATBox":0,"NeowsBlessing":0,"GuppysPaw":8,"AT_BladeRuinedKing":3,"Pet Ghost":3,"DeathBook":0,"AT_SpeedBoots":7,"TheBean":4,"Busted Crown":8,"Replay:Antivirus Software":5,"Cracked Core":0,"HushsDoor":0,"REME_ComplimentaryCards":0,"BloodDonationMachine":7},{"KeepersGift":0,"GuppysTail":27,"AT_ATBox":0,"NeowsBlessing":0,"GuppysPaw":27,"AT_BladeRuinedKing":3,"Pet Ghost":3,"DeathBook":0,"AT_SpeedBoots":21,"TheBean":11,"Busted Crown":27,"Replay:Antivirus Software":14,"Cracked Core":0,"HushsDoor":0,"REME_ComplimentaryCards":0,"BloodDonationMachine":21}]},"card_choices":[{"not_picked":["Bomb","Rebound","Reprogram"],"picked":"SKIP","floor":1},{"not_picked":["Coolheaded","Stack"],"picked":"Conserve Battery","floor":2},{"not_picked":["Force Field","Turbo","BasicCrystalCard"],"picked":"SKIP","floor":3},{"not_picked":["Leap","Gash","Rebound"],"picked":"SKIP","floor":6},{"not_picked":["Barrage","Hologram","Panic Button"],"picked":"SKIP","floor":7},{"not_picked":["Barrage","ReplayTheSpireMod:System Scan","Buffer"],"picked":"SKIP","floor":11},{"not_picked":["Steam Power","Turbo","Beam Cell"],"picked":"SKIP","floor":13},{"not_picked":[],"picked":"Go for the Eyes+1","floor":18},{"not_picked":["REME_Compress"],"picked":"SKIP","floor":19},{"not_picked":["REME_Compress"],"picked":"SKIP","floor":19},{"not_picked":["Barrage"],"picked":"SKIP","floor":20},{"not_picked":["Beam Cell+1"],"picked":"SKIP","floor":21}],"player_experience":133668,"relics_obtained":[{"floor":6,"key":"TheBean"},{"floor":9,"key":"Replay:Antivirus Software"},{"floor":13,"key":"BloodDonationMachine"},{"floor":14,"key":"AT_SpeedBoots"}],"event_choices":[{"damage_healed":0,"gold_gain":0,"player_choice":"1 cards matched","damage_taken":0,"max_hp_gain":0,"max_hp_loss":0,"event_name":"Match and Keep!","floor":8,"gold_loss":0,"cards_obtained":["Zap"]},{"damage_healed":0,"gold_gain":0,"player_choice":"Ignored","damage_taken":0,"max_hp_gain":0,"max_hp_loss":0,"event_name":"Vampires","floor":22,"gold_loss":0}],"is_beta":false,"boss_relics":[{"not_picked":["AT_MortalBlade","reliquary:WritOfMandamus"],"picked":"Busted Crown"},{"not_picked":[]}],"items_purged_floors":[],"is_endless":false,"potions_floor_spawned":[3,11,13],"killed_by":"Slavers","ascension_level":3}}