{"host":"i2t4fe19cfrsgpgl","time":1614204456,"event":{"mods":["BaseMod","CapriCore","ChefMod","Dio Mod","Ekko","GungeonMod","Hermit","Hero for Fun","HololiveMod","Hubris","Jorbs\u0027s Wanderer Trilogy","Marisa????????","Minty Spire (QoL Compilation)","Robot Space Explorer","Shade Mod","Shapeshifter Mod","Shop Mod","Somnambulant","StSLib","Td1madao Mod","The Animator","The Death Knight","The Dragon Tamer","The Forsaken","The Hayseed","The Immortal","The Kombatant","The Runesmith","TheSwordswoman","WarShipGirlsR/????R mod"],"gold_per_floor":[109,121,132,132,144,144,157,168,168,186,212,223,223,223,223,223,223],"floor_reached":16,"language":"ENG","playtime":1532,"items_purged":[],"score":106,"play_id":"6b9dbae7-c0c1-4106-ae37-2a3e1ba3a5c8","local_time":"20210224170736","is_ascension_mode":false,"campfire_choices":[{"data":"StSShapeShifter:Lynx_Form","floor":6,"key":"SMITH"},{"data":"StSShapeShifter:SquirrelForm","floor":13,"key":"SMITH"},{"data":"StSShapeShifter:RaptorForm","floor":15,"key":"SMITH"}],"circlet_count":0,"master_deck":["StSShapeShifter:ShapeShifter_Strike","StSShapeShifter:ShapeShifter_Strike","StSShapeShifter:ShapeShifter_Strike","StSShapeShifter:ShapeShifter_Strike","StSShapeShifter:ShapeShifter_Strike","StSShapeShifter:ShapeShifter_Defend","StSShapeShifter:ShapeShifter_Defend","StSShapeShifter:ShapeShifter_Defend","StSShapeShifter:ShapeShifter_Defend+1","StSShapeShifter:ShapeShifter_Defend","StSShapeShifter:Tortoise_Form+1","StSShapeShifter:Lynx_Form+1","StSShapeShifter:RockSlide","StSShapeShifter:DeerForm","StSShapeShifter:OakBlade","StSShapeShifter:RaptorForm+1","StSShapeShifter:BurstingSpore","StSShapeShifter:BloomingSlash","StSShapeShifter:SquirrelForm+1"],"relics":["StSShapeShifter:AnimalHeart","StSShapeShifter:TheShapeShiftersMagnolia","Smiling Mask","War Paint","hubris:CuriousFeather","hubris:Towel"],"acts_visited":["Exordium"],"potions_floor_usage":[5,11,11,11],"damage_taken":[{"damage":0,"enemies":"2 Louse","floor":1,"turns":2},{"damage":0,"enemies":"Small Slimes","floor":2,"turns":3},{"damage":3,"enemies":"Cultist","floor":3,"turns":5},{"damage":8,"enemies":"Lots of Slimes","floor":5,"turns":4},{"damage":7,"enemies":"Blue Slaver","floor":7,"turns":4},{"damage":1,"enemies":"Large Slime","floor":8,"turns":5},{"damage":5,"enemies":"3 Louse","floor":10,"turns":3},{"damage":8,"enemies":"Lagavulin","floor":11,"turns":3},{"damage":0,"enemies":"Gremlin Gang","floor":12,"turns":1},{"damage":58,"enemies":"The Guardian","floor":16,"turns":12}],"seed_played":"-7227603627904801985","potions_obtained":[{"floor":3,"key":"SteroidPotion"},{"floor":7,"key":"LiquidMemories"},{"floor":8,"key":"PowerPotion"},{"floor":10,"key":"AttackPotion"}],"is_trial":false,"path_per_floor":["M","M","M","?","M","R","M","M","T","M","E","M","R","?","R","B"],"character_chosen":"SHAPESHIFTER","items_purchased":[],"campfire_rested":0,"item_purchase_floors":[],"current_hp_per_floor":[85,85,82,79,71,71,64,63,63,58,50,50,50,50,50,0,0],"gold":223,"neow_bonus":"TEN_PERCENT_HP_BONUS","is_daily":false,"chose_seed":false,"campfire_upgraded":3,"win_rate":0.0,"timestamp":1614204456,"path_taken":["M","M","M","?","M","R","M","M","T","M","E","M","R","?","R","BOSS"],"items_purchased_type":[],"build_version":"2020-12-22","purchased_purges":0,"victory":false,"max_hp_per_floor":[85,85,85,85,85,85,85,85,85,85,85,85,85,85,85,85,85],"card_choices":[{"not_picked":["StSShapeShifter:VineHandcuffs","StSShapeShifter:HippoForm"],"picked":"StSShapeShifter:RockSlide","floor":1},{"not_picked":["StSShapeShifter:VineHandcuffs","StSShapeShifter:OpportuneSwoop"],"picked":"StSShapeShifter:DeerForm","floor":2},{"not_picked":["StSShapeShifter:RockSlide","StSShapeShifter:Roar"],"picked":"StSShapeShifter:OakBlade","floor":3},{"not_picked":["StSShapeShifter:Guard","StSShapeShifter:BaskInBloom"],"picked":"StSShapeShifter:RaptorForm","floor":5},{"not_picked":["StSShapeShifter:Autumn","StSShapeShifter:Guard"],"picked":"StSShapeShifter:BurstingSpore","floor":7},{"not_picked":["StSShapeShifter:FlowerShield","StSShapeShifter:Guard"],"picked":"StSShapeShifter:BloomingSlash","floor":8},{"not_picked":["StSShapeShifter:FallingLeaves","StSShapeShifter:OakBlade","StSShapeShifter:MonkeyForm"],"picked":"SKIP","floor":10},{"not_picked":["StSShapeShifter:SunflowerShuriken","StSShapeShifter:RitualOfTheElders"],"picked":"StSShapeShifter:SquirrelForm","floor":11},{"not_picked":["StSShapeShifter:SquirrelForm","StSShapeShifter:VineHandcuffs","StSShapeShifter:Sapling"],"picked":"SKIP","floor":12}],"player_experience":467547,"relics_obtained":[{"floor":9,"key":"War Paint"},{"floor":11,"key":"hubris:CuriousFeather"}],"event_choices":[{"damage_healed":0,"gold_gain":0,"player_choice":"Success","damage_taken":3,"relics_obtained":["Smiling Mask"],"max_hp_gain":0,"max_hp_loss":0,"event_name":"Scrap Ooze","floor":4,"gold_loss":0}],"is_beta":false,"boss_relics":[],"items_purged_floors":[],"is_endless":false,"potions_floor_spawned":[3,7,8,10],"killed_by":"The Guardian","ascension_level":0}}