{"host":"f1ywytio1xmbwkwz","time":1614152011,"event":{"mods":["BaseMod","Minty Spire (QoL Compilation)","Rare Cards Sparkle","Relic Stats","StSLib"],"gold_per_floor":[111,124,124,139,159,187,187,207,252,271,271,10,10,36,36,137,137,147,159,159,159,159],"floor_reached":21,"language":"ENG","playtime":809,"items_purged":["Strike_P"],"score":229,"play_id":"8263704b-1b61-4685-996c-0089822d3dcc","local_time":"20210224003331","is_ascension_mode":true,"campfire_choices":[{"data":"Vigilance","floor":7,"key":"SMITH"},{"data":"Prostrate","floor":11,"key":"SMITH"},{"data":"Prostrate","floor":13,"key":"SMITH"},{"floor":15,"key":"REST"}],"circlet_count":0,"master_deck":["Eruption+1","Vigilance+1","Consecrate","DeceiveReality","FollowUp","CutThroughFate","CutThroughFate","PathToVictory","Prostrate+1","Halt","Prostrate+1","Conclude","Consecrate","Alpha","Swivel","DeceiveReality","CutThroughFate","Consecrate","Tantrum","Conclude","Nirvana+1","Prostrate"],"relics":["PureWater","Omamori","Anchor","Membership Card","The Courier","Pandora\u0027s Box"],"acts_visited":["Exordium","TheCity"],"potions_floor_usage":[6,6,14,19,21],"damage_taken":[{"damage":2,"enemies":"2 Louse","floor":1,"turns":2},{"damage":2,"enemies":"Cultist","floor":2,"turns":3},{"damage":0,"enemies":"Jaw Worm","floor":4,"turns":2},{"damage":3,"enemies":"Exordium Thugs","floor":5,"turns":4},{"damage":8,"enemies":"Lagavulin","floor":6,"turns":4},{"damage":5,"enemies":"Blue Slaver","floor":8,"turns":4},{"damage":6,"enemies":"Large Slime","floor":10,"turns":4},{"damage":11,"enemies":"Gremlin Nob","floor":14,"turns":3},{"damage":10,"enemies":"Slime Boss","floor":16,"turns":5},{"damage":0,"enemies":"Chosen","floor":18,"turns":3},{"damage":44,"enemies":"Spheric Guardian","floor":19,"turns":4},{"damage":60,"enemies":"Snecko","floor":21,"turns":5}],"seed_played":"7436812260599416034","potions_obtained":[{"floor":2,"key":"Block Potion"},{"floor":4,"key":"SpeedPotion"},{"floor":8,"key":"EssenceOfSteel"},{"floor":16,"key":"Dexterity Potion"},{"floor":18,"key":"Energy Potion"}],"is_trial":false,"path_per_floor":["M","M","?","M","M","E","R","M","T","M","R","$","R","E","R","B",null,"M","M","?","M"],"character_chosen":"WATCHER","items_purchased":["Membership Card","Halt","Prostrate","Conclude"],"campfire_rested":1,"item_purchase_floors":[12,12,12,12],"current_hp_per_floor":[70,68,68,68,65,57,57,52,52,46,46,46,46,35,56,46,72,72,28,16,0,0],"gold":159,"neow_bonus":"REMOVE_CARD","is_daily":false,"chose_seed":false,"campfire_upgraded":3,"win_rate":0.0,"timestamp":1614152011,"path_taken":["M","M","?","M","M","E","R","M","T","M","R","$","R","E","R","BOSS","M","M","?","?"],"items_purchased_type":["Relic","Card","Card","Card"],"build_version":"2020-12-22","purchased_purges":1,"victory":false,"max_hp_per_floor":[72,72,72,72,72,72,72,72,72,72,72,72,72,72,72,72,72,72,72,72,72,72],"relic_stats":{"counters":[12,43],"Pandora\u0027s Box":["Swivel","DeceiveReality","CutThroughFate","Consecrate","Tantrum","Conclude"],"obtain_stats":[{"Anchor":9,"Pandora\u0027s Box":17,"The Courier":14,"Omamori":6,"Membership Card":12,"PureWater":0},{"Anchor":6,"Pandora\u0027s Box":9,"The Courier":8,"Omamori":5,"Membership Card":7,"PureWater":0},{"Anchor":19,"Pandora\u0027s Box":31,"The Courier":26,"Omamori":15,"Membership Card":23,"PureWater":0}]},"card_choices":[{"not_picked":["SashWhip","ReachHeaven"],"picked":"Consecrate","floor":1},{"not_picked":["Crescendo","Evaluate"],"picked":"DeceiveReality","floor":2},{"not_picked":["FearNoEvil","Crescendo"],"picked":"FollowUp","floor":4},{"not_picked":["SashWhip","CrushJoints"],"picked":"CutThroughFate","floor":5},{"not_picked":["WaveOfTheHand","BowlingBash"],"picked":"CutThroughFate","floor":6},{"not_picked":["CrushJoints","CutThroughFate"],"picked":"PathToVictory","floor":8},{"not_picked":["DeusExMachina","SashWhip"],"picked":"Prostrate","floor":10},{"not_picked":["Conclude","JustLucky"],"picked":"Consecrate","floor":14},{"not_picked":["Devotion","ConjureBlade"],"picked":"Alpha","floor":16},{"not_picked":["WreathOfFlame","EmptyMind"],"picked":"Nirvana+1","floor":18},{"not_picked":["ThirdEye","Study+1"],"picked":"Prostrate","floor":19}],"player_experience":318712,"relics_obtained":[{"floor":6,"key":"Omamori"},{"floor":9,"key":"Anchor"},{"floor":14,"key":"The Courier"}],"event_choices":[{"damage_healed":0,"gold_gain":0,"player_choice":"Upgraded","damage_taken":0,"max_hp_gain":0,"max_hp_loss":0,"event_name":"Upgrade Shrine","floor":3,"gold_loss":0,"cards_upgraded":["Eruption"]},{"damage_healed":0,"gold_gain":0,"player_choice":"POTION ","damage_taken":12,"max_hp_gain":0,"max_hp_loss":0,"event_name":"Knowing Skull","floor":20,"potions_obtained":["CultistPotion"],"gold_loss":0,"cards_obtained":[]}],"is_beta":false,"boss_relics":[{"not_picked":["Ectoplasm","SlaversCollar"],"picked":"Pandora\u0027s Box"}],"items_purged_floors":[12],"is_endless":false,"potions_floor_spawned":[2,4,8,16,18],"killed_by":"Snecko","ascension_level":4}}