{"host":"dwqr8rfkubzfvfti","time":1614192306,"event":{"mods":["BaseMod","Colored Map","Colored Powertips","Minty Spire (QoL Compilation)","Rare Cards Sparkle","Relic Stats"],"gold_per_floor":[216,216,230,32,51,51,78,97,179,198,215,245,265,282,282,381,381,392,246,221,240,49,49,66,66,66,66,66,66,84,98,98,203,203,213,223,323,337,356,356,367,367,438,438,454,78,110,10,10,10],"floor_reached":51,"language":"ENG","playtime":3190,"items_purged":["Writhe","Decay"],"score":864,"play_id":"241f6735-80ca-438a-b240-ec88509233da","local_time":"20210224114506","is_ascension_mode":true,"campfire_choices":[{"data":"Zap","floor":6,"key":"SMITH"},{"data":"Chaos","floor":15,"key":"SMITH"},{"data":"Self Repair","floor":23,"key":"SMITH"},{"data":"Loop","floor":25,"key":"SMITH"},{"data":"Dualcast","floor":29,"key":"SMITH"},{"data":"Defragment","floor":32,"key":"SMITH"},{"data":"Defragment","floor":40,"key":"SMITH"},{"data":"Reinforced Body","floor":49,"key":"SMITH"}],"circlet_count":0,"master_deck":["Strike_B+1","Strike_B+1","Strike_B+1","Strike_B+1","Defend_B+1","Defend_B+1","Defend_B+1","Defend_B+1","Zap+1","Dualcast+1","Reinforced Body+1","Capacitor","Cold Snap","Rip and Tear","Coolheaded","Leap","Steam Power","Chaos+1","Self Repair+1","Echo Form","Static Discharge+1","Lockon","Redo+1","Loop+1","Compile Driver","Blizzard+1","Defragment+1","Defragment+1","Multi-Cast","Compile Driver+1","Loop+1","Glacier+1","Coolheaded+1","Bandage Up"],"relics":["Cracked Core","DataDisk","Lizard Tail","Pantograph","Blood Vial","Coffee Dripper","ClockworkSouvenir","Centennial Puzzle","Nuclear Battery","Molten Egg 2","Incense Burner","Art of War"],"acts_visited":["Exordium","TheCity","TheBeyond"],"potions_floor_usage":[10,12,16,18,30,31,47,50],"damage_taken":[{"damage":0,"enemies":"Small Slimes","floor":1,"turns":3},{"damage":0,"enemies":"Cultist","floor":3,"turns":3},{"damage":0,"enemies":"2 Louse","floor":5,"turns":2},{"damage":14,"enemies":"3 Sentries","floor":7,"turns":7},{"damage":8,"enemies":"Blue Slaver","floor":8,"turns":3},{"damage":5,"enemies":"Large Slime","floor":10,"turns":6},{"damage":7,"enemies":"Exordium Thugs","floor":11,"turns":5},{"damage":12,"enemies":"Lagavulin","floor":12,"turns":7},{"damage":0,"enemies":"2 Fungi Beasts","floor":13,"turns":2},{"damage":11,"enemies":"3 Louse","floor":14,"turns":3},{"damage":20,"enemies":"Slime Boss","floor":16,"turns":10},{"damage":0,"enemies":"3 Byrds","floor":18,"turns":4},{"damage":18,"enemies":"2 Thieves","floor":20,"turns":5},{"damage":23,"enemies":"Snake Plant","floor":21,"turns":2},{"damage":9,"enemies":"Centurion and Healer","floor":24,"turns":8},{"damage":15,"enemies":"Cultist and Chosen","floor":30,"turns":4},{"damage":14,"enemies":"Snecko","floor":31,"turns":5},{"damage":33,"enemies":"Collector","floor":33,"turns":8},{"damage":1,"enemies":"3 Darklings","floor":35,"turns":5},{"damage":11,"enemies":"Orb Walker","floor":36,"turns":3},{"damage":19,"enemies":"3 Darklings","floor":38,"turns":4},{"damage":39,"enemies":"4 Shapes","floor":39,"turns":6},{"damage":0,"enemies":"Maw","floor":41,"turns":11},{"damage":22,"enemies":"3 Darklings","floor":45,"turns":6},{"damage":28,"enemies":"Nemesis","floor":47,"turns":7},{"damage":63,"enemies":"Awakened One","floor":50,"turns":20}],"seed_played":"4698997210948069954","potions_obtained":[{"floor":3,"key":"SkillPotion"},{"floor":5,"key":"Swift Potion"},{"floor":8,"key":"Regen Potion"},{"floor":13,"key":"EssenceOfSteel"},{"floor":16,"key":"LiquidBronze"},{"floor":20,"key":"Ancient Potion"},{"floor":30,"key":"FearPotion"},{"floor":38,"key":"LiquidBronze"},{"floor":47,"key":"Fire Potion"}],"is_trial":false,"path_per_floor":["M","?","M","$","M","R","E","M","T","M","M","E","M","M","R","B",null,"M","$","M","M","$","R","M","R","T","?","?","R","M","M","R","B",null,"M","M","?","M","M","R","M","?","T","?","M","$","E","$","R","B",null],"character_chosen":"DEFECT","items_purchased":["DataDisk","Cold Snap","ClockworkSouvenir","Loop","Compile Driver","FairyPotion","Incense Burner"],"campfire_rested":0,"item_purchase_floors":[4,4,19,22,22,22,46],"current_hp_per_floor":[68,61,61,61,61,61,47,39,39,49,42,30,32,23,23,37,66,68,68,59,38,38,38,51,51,51,51,51,51,38,46,46,40,66,67,58,58,51,14,14,36,36,36,55,43,43,41,41,41,19],"gold":10,"neow_bonus":"HUNDRED_GOLD","is_daily":false,"chose_seed":false,"campfire_upgraded":8,"win_rate":0.0,"timestamp":1614192306,"path_taken":["M","?","M","$","M","R","E","M","T","M","M","E","M","?","R","BOSS","M","$","M","M","$","R","M","R","T","?","?","R","M","M","R","BOSS","M","M","?","M","?","R","M","?","T","?","M","$","E","$","R","BOSS"],"items_purchased_type":["Relic","Card","Relic","Card","Card","Potion","Relic"],"build_version":"2020-12-22","purchased_purges":2,"victory":true,"max_hp_per_floor":[75,75,75,75,75,75,75,75,75,75,75,75,75,75,75,75,75,75,75,75,75,75,75,75,75,75,75,75,75,75,75,75,75,75,75,75,75,75,75,75,75,75,75,75,75,75,75,75,75,75],"relic_stats":{"Blood Vial":36,"Lizard Tail":0,"Centennial Puzzle":[30],"counters":[26,148],"Pantograph":75,"Art of War":[4],"obtain_stats":[{"Blood Vial":12,"DataDisk":4,"Lizard Tail":7,"Centennial Puzzle":26,"Pantograph":9,"Molten Egg 2":43,"Coffee Dripper":17,"Incense Burner":46,"Art of War":47,"Cracked Core":0,"ClockworkSouvenir":19,"Nuclear Battery":34},{"Blood Vial":8,"DataDisk":2,"Lizard Tail":4,"Centennial Puzzle":15,"Pantograph":5,"Molten Egg 2":23,"Coffee Dripper":11,"Incense Burner":24,"Art of War":25,"Cracked Core":0,"ClockworkSouvenir":12,"Nuclear Battery":18},{"Blood Vial":36,"DataDisk":6,"Lizard Tail":15,"Centennial Puzzle":70,"Pantograph":18,"Molten Egg 2":115,"Coffee Dripper":51,"Incense Burner":121,"Art of War":128,"Cracked Core":0,"ClockworkSouvenir":55,"Nuclear Battery":87}]},"card_choices":[{"not_picked":["Cold Snap","Redo"],"picked":"Reinforced Body","floor":1},{"not_picked":["Force Field","Sunder"],"picked":"Capacitor","floor":3},{"not_picked":["Stack","Rebound","Leap"],"picked":"SKIP","floor":5},{"not_picked":["Recycle","Stack"],"picked":"Rip and Tear","floor":7},{"not_picked":["Gash","Turbo"],"picked":"Coolheaded","floor":8},{"not_picked":["Hologram","Sunder","Rebound"],"picked":"SKIP","floor":10},{"not_picked":["Reprogram","Gash"],"picked":"Leap","floor":11},{"not_picked":["Beam Cell","Stack"],"picked":"Steam Power","floor":12},{"not_picked":["Creative AI","Reinforced Body"],"picked":"Chaos","floor":13},{"not_picked":["Hologram","Gash"],"picked":"Self Repair","floor":14},{"not_picked":["Hyperbeam","Multi-Cast"],"picked":"Echo Form","floor":16},{"not_picked":["Chaos","Redo+1"],"picked":"Static Discharge+1","floor":18},{"not_picked":["Beam Cell","Melter"],"picked":"Lockon","floor":20},{"not_picked":["Turbo","Streamline"],"picked":"Redo+1","floor":21},{"not_picked":["Beam Cell","Go for the Eyes"],"picked":"Blizzard+1","floor":24},{"not_picked":["Sweeping Beam","Compile Driver+1"],"picked":"Defragment","floor":30},{"not_picked":["Rebound","Hologram+1"],"picked":"Defragment","floor":31},{"not_picked":["Amplify","Core Surge"],"picked":"Multi-Cast","floor":33},{"not_picked":["Streamline+1","Stack"],"picked":"Compile Driver+1","floor":35},{"not_picked":["Heatsinks+1","Melter"],"picked":"Loop+1","floor":36},{"not_picked":["Leap+1","Beam Cell"],"picked":"Glacier+1","floor":38},{"not_picked":["Thunder Strike","Turbo","Cold Snap"],"picked":"SKIP","floor":39},{"not_picked":["Fusion+1","Scrape+1"],"picked":"Coolheaded+1","floor":41},{"not_picked":["Forethought","Trip"],"picked":"Bandage Up","floor":42},{"not_picked":["Rebound+1","Streamline+1","Cold Snap+1"],"picked":"SKIP","floor":45},{"not_picked":["Hologram+1","Coolheaded","Amplify"],"picked":"SKIP","floor":47}],"player_experience":500430,"relics_obtained":[{"floor":7,"key":"Lizard Tail"},{"floor":9,"key":"Pantograph"},{"floor":12,"key":"Blood Vial"},{"floor":26,"key":"Centennial Puzzle"},{"floor":43,"key":"Molten Egg 2"},{"floor":47,"key":"Art of War"}],"event_choices":[{"damage_healed":0,"gold_gain":0,"player_choice":"Damaged","damage_taken":7,"max_hp_gain":0,"max_hp_loss":0,"event_name":"Wheel of Change","floor":2,"gold_loss":0},{"damage_healed":0,"gold_gain":0,"player_choice":"Smashed Altar","damage_taken":0,"max_hp_gain":0,"max_hp_loss":0,"event_name":"Forgotten Altar","floor":27,"gold_loss":0,"cards_obtained":["Decay"]},{"damage_healed":0,"gold_gain":0,"player_choice":"Simplicity","damage_taken":0,"max_hp_gain":0,"max_hp_loss":0,"event_name":"Back to Basics","floor":28,"gold_loss":0,"cards_upgraded":["Strike_B","Strike_B","Strike_B","Strike_B","Defend_B","Defend_B","Defend_B","Defend_B"]},{"damage_healed":0,"gold_gain":100,"player_choice":"Pray","damage_taken":0,"max_hp_gain":0,"max_hp_loss":0,"event_name":"Golden Shrine","floor":37,"gold_loss":0},{"damage_healed":0,"gold_gain":0,"player_choice":"Memory 1","damage_taken":0,"max_hp_gain":0,"max_hp_loss":0,"event_name":"SensoryStone","floor":42,"gold_loss":0},{"damage_healed":19,"gold_gain":0,"player_choice":"Writhe","damage_taken":0,"max_hp_gain":0,"max_hp_loss":0,"event_name":"Winding Halls","floor":44,"gold_loss":0,"cards_obtained":["Writhe"]}],"is_beta":false,"boss_relics":[{"not_picked":["Busted Crown","Runic Pyramid"],"picked":"Coffee Dripper"},{"not_picked":["Runic Dome","Velvet Choker"],"picked":"Nuclear Battery"}],"items_purged_floors":[46,48],"is_endless":false,"potions_floor_spawned":[3,5,8,13,16,20,30,38,47],"ascension_level":6}}