{"host":"wbs0wzz0alz01mnq","time":1614205995,"event":{"mods":["2.2 Compatiblity","AchievementEnabler","BaseMod","Bestiary","Colored Map","Colored Powertips","Curses Come First","Dark Map","DeckTracker","GifTheSpireLib","Googly Eyes","Highlight Path","Minty Spire (QoL Compilation)","Morshu Shopkeeper - ENHANCED","Permanent Neow","Quick Restart","RNG Fix","Rare Cards Sparkle","Robot Space Explorer","Smile Girya","StSLib","SuperFastMode","UnlockEverythingMod","Waifu the Spire","Weighted Paths"],"gold_per_floor":[111,122,122,141,155,187,52,52,98,98,98,132,132,145,145,145,145],"floor_reached":16,"language":"ENG","playtime":411,"items_purged":[],"score":116,"play_id":"8eeb991d-ab7e-4b95-91aa-3a41e8db9fe1","local_time":"20210224173315","is_ascension_mode":true,"campfire_choices":[{"data":"RobotSpaceExplorer:Arsenal","floor":8,"key":"SMITH"},{"data":"RobotSpaceExplorer:MiniLasers","floor":11,"key":"SMITH"},{"data":"RobotSpaceExplorer:Smokescreen","floor":13,"key":"SMITH"},{"data":"RobotSpaceExplorer:Scan","floor":15,"key":"SMITH"}],"circlet_count":0,"master_deck":["RobotSpaceExplorer:Strike","RobotSpaceExplorer:Strike","RobotSpaceExplorer:Strike","RobotSpaceExplorer:Defend","RobotSpaceExplorer:Defend","RobotSpaceExplorer:Defend","RobotSpaceExplorer:Defend","RobotSpaceExplorer:Scan+1","RobotSpaceExplorer:MiniLasers+1","RobotSpaceExplorer:ScrapMissile","RobotSpaceExplorer:Ammunition+1","RobotSpaceExplorer:SlimeMissile","RobotSpaceExplorer:SlimeMissile","RobotSpaceExplorer:GearShield","RobotSpaceExplorer:Arsenal+1","RobotSpaceExplorer:Smokescreen+1","RobotSpaceExplorer:GlueShot"],"relics":["RobotSpaceExplorer:RoboCore","Toy Ornithopter","Blood Vial","Bronze Scales","RobotSpaceExplorer:RingOfTheNewt"],"acts_visited":["Exordium"],"potions_floor_usage":[16,16],"damage_taken":[{"damage":0,"enemies":"Jaw Worm","floor":1,"turns":4},{"damage":0,"enemies":"2 Louse","floor":2,"turns":3},{"damage":3,"enemies":"Small Slimes","floor":4,"turns":3},{"damage":1,"enemies":"Exordium Wildlife","floor":5,"turns":5},{"damage":25,"enemies":"Gremlin Nob","floor":6,"turns":4},{"damage":18,"enemies":"Lagavulin","floor":12,"turns":3},{"damage":3,"enemies":"Looter","floor":14,"turns":2},{"damage":36,"enemies":"Slime Boss","floor":16,"turns":7}],"seed_played":"-1698730019240608337","potions_obtained":[{"floor":4,"key":"BlessingOfTheForge"},{"floor":6,"key":"LiquidBronze"},{"floor":14,"key":"RobotSpaceExplorer:PlasmaFlask"}],"is_trial":false,"path_per_floor":["M","M","?","M","M","E","$","R","T","?","R","E","R","M","R","B"],"character_chosen":"RobotSpaceExplorer","items_purchased":["RobotSpaceExplorer:Arsenal"],"campfire_rested":0,"item_purchase_floors":[7],"current_hp_per_floor":[75,75,68,65,64,39,39,39,39,39,39,23,23,22,22,0,0],"gold":145,"neow_bonus":"RANDOM_COMMON_RELIC","is_daily":false,"chose_seed":false,"campfire_upgraded":4,"win_rate":0.0,"timestamp":1614205995,"path_taken":["M","M","?","?","?","E","?","R","T","?","R","E","R","M","R","BOSS"],"items_purchased_type":["Card"],"build_version":"2020-12-22","purchased_purges":0,"victory":false,"max_hp_per_floor":[75,75,75,75,75,75,75,75,75,75,75,75,75,75,75,75,75],"card_choices":[{"not_picked":["RobotSpaceExplorer:SurgingShield","RobotSpaceExplorer:ImprovisedAttack"],"picked":"RobotSpaceExplorer:ScrapMissile","floor":1},{"not_picked":["RobotSpaceExplorer:Counterblock","RobotSpaceExplorer:SurgingStrike"],"picked":"RobotSpaceExplorer:Ammunition","floor":2},{"not_picked":["RobotSpaceExplorer:Calculate","RobotSpaceExplorer:ShovelStrike"],"picked":"RobotSpaceExplorer:SlimeMissile","floor":4},{"not_picked":["RobotSpaceExplorer:Blitz","RobotSpaceExplorer:Counterblock"],"picked":"RobotSpaceExplorer:SlimeMissile","floor":5},{"not_picked":["RobotSpaceExplorer:MiniDrones","RobotSpaceExplorer:MakeshiftVolley"],"picked":"RobotSpaceExplorer:GearShield","floor":6},{"not_picked":["RobotSpaceExplorer:GlueShot","RobotSpaceExplorer:DoubleFind"],"picked":"RobotSpaceExplorer:Smokescreen","floor":12},{"not_picked":["RobotSpaceExplorer:PowerCollector","RobotSpaceExplorer:ShockKick"],"picked":"RobotSpaceExplorer:GlueShot","floor":14}],"player_experience":67238,"relics_obtained":[{"floor":6,"key":"Blood Vial"},{"floor":9,"key":"Bronze Scales"},{"floor":12,"key":"RobotSpaceExplorer:RingOfTheNewt"}],"event_choices":[{"cards_removed":["RobotSpaceExplorer:Strike"],"damage_healed":0,"gold_gain":0,"player_choice":"Card Removal","damage_taken":7,"max_hp_gain":0,"max_hp_loss":0,"event_name":"Golden Wing","floor":3,"gold_loss":0},{"damage_healed":0,"gold_gain":0,"player_choice":"Grow","damage_taken":0,"max_hp_gain":0,"max_hp_loss":0,"event_name":"Living Wall","floor":10,"gold_loss":0,"cards_upgraded":["RobotSpaceExplorer:Ammunition"]}],"is_beta":false,"boss_relics":[],"items_purged_floors":[],"is_endless":false,"potions_floor_spawned":[4,6,14],"killed_by":"Slime Boss","ascension_level":1}}