{"host":"y13mj1mxwnd5xx1x","time":1614149787,"event":{"mods":["AchievementEnabler","BaseMod","Minty Spire (QoL Compilation)"],"gold_per_floor":[114,39,39,54,69,99,114,114,189,189,204,219,249,264,264,364,364,379,349,349,349,364,364,379,409,434,434,434],"floor_reached":27,"language":"ENG","playtime":1716,"items_purged":["Strike_R"],"score":272,"play_id":"f09d6909-2300-4402-a222-f967d34be77a","local_time":"20210224005627","daily_mods":["Heirloom","Colorless Cards","DeadlyEvents"],"is_ascension_mode":false,"campfire_choices":[{"data":"Feed","floor":8,"key":"SMITH"},{"data":"Rampage","floor":10,"key":"SMITH"},{"data":"Armaments","floor":15,"key":"SMITH"},{"data":"Ghostly","floor":23,"key":"SMITH"}],"circlet_count":0,"master_deck":["Strike_R","Strike_R","Strike_R","Defend_R","Defend_R","Defend_R","Defend_R","Bash","Cleave","Inflame","Feed+1","Rampage+1","Spot Weakness","Shrug It Off","Clothesline","Armaments+1","Warcry+1","Heavy Blade","Ghostly+1","Ghostly","Ghostly","Ghostly","Ghostly"],"relics":["Burning Blood","Magic Flower","Gremlin Horn","Sundial","Bottled Flame","SlaversCollar","Centennial Puzzle","Toy Ornithopter"],"acts_visited":["Exordium","TheCity"],"potions_floor_usage":[7,13,13,16],"damage_taken":[{"damage":1,"enemies":"Cultist","floor":1,"turns":4},{"damage":3,"enemies":"Jaw Worm","floor":4,"turns":3},{"damage":0,"enemies":"2 Louse","floor":5,"turns":2},{"damage":40,"enemies":"Lagavulin","floor":6,"turns":9},{"damage":14,"enemies":"Blue Slaver","floor":7,"turns":5},{"damage":9,"enemies":"3 Louse","floor":11,"turns":5},{"damage":12,"enemies":"Looter","floor":12,"turns":4},{"damage":25,"enemies":"Gremlin Nob","floor":13,"turns":5},{"damage":9,"enemies":"Large Slime","floor":14,"turns":5},{"damage":49,"enemies":"The Guardian","floor":16,"turns":15},{"damage":42,"enemies":"Spheric Guardian","floor":18,"turns":7},{"damage":24,"enemies":"2 Thieves","floor":19,"turns":5},{"damage":21,"enemies":"Snecko","floor":22,"turns":8},{"damage":22,"enemies":"Centurion and Healer","floor":24,"turns":16},{"damage":9,"enemies":"Book of Stabbing","floor":25,"turns":8},{"damage":23,"enemies":"Slavers","floor":27,"turns":6}],"seed_played":"1986488565424594500","potions_obtained":[{"floor":6,"key":"BloodPotion"},{"floor":7,"key":"Block Potion"},{"floor":12,"key":"EssenceOfSteel"},{"floor":14,"key":"DistilledChaos"},{"floor":24,"key":"BlessingOfTheForge"}],"is_trial":false,"path_per_floor":["M","$","?","M","M","E","M","R","T","R","M","M","E","M","R","B",null,"M","M","?","?","M","R","M","E","T","E"],"character_chosen":"IRONCLAD","items_purchased":[],"campfire_rested":0,"item_purchase_floors":[],"current_hp_per_floor":[80,80,80,80,80,49,73,73,73,73,79,82,66,72,72,38,99,66,51,49,42,30,30,23,23,23,0,0],"gold":434,"neow_bonus":"","is_daily":true,"chose_seed":false,"campfire_upgraded":4,"win_rate":0.0,"timestamp":1614149787,"path_taken":["M","?","?","M","?","E","?","R","T","R","?","M","E","M","R","BOSS","M","M","?","?","?","R","?","E","T","?"],"items_purchased_type":[],"build_version":"2020-12-22","purchased_purges":1,"victory":false,"max_hp_per_floor":[80,80,80,80,80,80,83,83,83,83,87,91,91,95,95,99,99,99,99,49,54,54,54,58,58,58,58,58],"card_choices":[{"not_picked":["Flex","Body Slam"],"picked":"Cleave","floor":1},{"not_picked":["Second Wind","Flash of Steel"],"picked":"Inflame","floor":4},{"not_picked":["Anger","Warcry","Flex"],"picked":"SKIP","floor":5},{"not_picked":["Anger","Warcry","Flex"],"picked":"SKIP","floor":5},{"not_picked":["Cleave","Heavy Blade"],"picked":"Feed","floor":6},{"not_picked":["Headbutt","Impatience"],"picked":"Rampage","floor":7},{"not_picked":["Thunderclap","Pommel Strike"],"picked":"Spot Weakness","floor":11},{"not_picked":["Sword Boomerang","Havoc"],"picked":"Shrug It Off","floor":12},{"not_picked":["Madness","Combust"],"picked":"Clothesline","floor":13},{"not_picked":["Infernal Blade","Sever Soul"],"picked":"Armaments","floor":14},{"not_picked":["Pommel Strike","Feel No Pain"],"picked":"Warcry+1","floor":18},{"not_picked":["Evolve","Iron Wave"],"picked":"Heavy Blade","floor":19},{"not_picked":["Perfected Strike","Deep Breath","Warcry"],"picked":"SKIP","floor":22},{"not_picked":["Swift Strike","Dropkick","Sword Boomerang"],"picked":"SKIP","floor":24},{"not_picked":["Searing Blow","Pommel Strike","Impatience"],"picked":"SKIP","floor":25}],"player_experience":206507,"relics_obtained":[{"floor":6,"key":"Gremlin Horn"},{"floor":9,"key":"Sundial"},{"floor":13,"key":"Bottled Flame"},{"floor":25,"key":"Centennial Puzzle"},{"floor":26,"key":"Toy Ornithopter"}],"event_choices":[{"cards_removed":["Strike_R"],"damage_healed":0,"gold_gain":0,"player_choice":"Purged","damage_taken":0,"max_hp_gain":0,"max_hp_loss":0,"event_name":"Purifier","floor":3,"gold_loss":0},{"damage_healed":0,"gold_gain":0,"player_choice":"Became a Ghost","damage_taken":0,"max_hp_gain":0,"max_hp_loss":50,"event_name":"Ghosts","floor":20,"gold_loss":0,"cards_obtained":["Ghostly","Ghostly","Ghostly","Ghostly","Ghostly"]},{"damage_healed":0,"gold_gain":0,"player_choice":"Shed Blood","damage_taken":12,"max_hp_gain":5,"max_hp_loss":0,"event_name":"Forgotten Altar","floor":21,"gold_loss":0}],"is_beta":false,"boss_relics":[{"not_picked":["Tiny House","Black Star"],"picked":"SlaversCollar"}],"items_purged_floors":[2],"is_endless":false,"potions_floor_spawned":[6,7,12,14,24],"killed_by":"Slavers","ascension_level":0}}