{"host":"uv5ws9rdk87e8i5k","time":1614188603,"event":{"mods":["AchievementEnabler","BaseMod","Colored Map","Minty Spire (QoL Compilation)","Permanent Neow","Quick Restart","StSLib","SuperFastMode","The Necromancer","The Saiyan"],"gold_per_floor":[111,131,144,144,155,181,181,198,198,232,232,242,307,307,307,404,404,419,344,33,52,72,72,72],"floor_reached":23,"language":"ENG","playtime":844,"items_purged":["Strike_B"],"score":284,"play_id":"314e1fa4-34aa-4834-91dc-348efe26670a","local_time":"20210224114323","is_ascension_mode":true,"campfire_choices":[{"data":"Strike_B","floor":7.0,"key":"PURGE"},{"floor":11.0,"key":"REST"},{"data":"Strike_B","floor":15.0,"key":"PURGE"}],"circlet_count":0,"master_deck":["Defend_B","Defend_B","Defend_B","Defend_B","Zap","Dualcast","Cold Snap","Coolheaded","Reinforced Body","White Noise+1","Self Repair","Coolheaded","Seek","Skim","Coolheaded","Meteor Strike","Ball Lightning+1","Hello World+1","Compile Driver+1","Capacitor","Capacitor+1"],"relics":["Cracked Core","Peace Pipe","DataDisk","Thread and Needle","Bottled Lightning","Ice Cream","Philosopher\u0027s Stone","Orrery"],"acts_visited":["Exordium","TheCity"],"potions_floor_usage":[18,18,23],"damage_taken":[{"damage":1.0,"enemies":"Cultist","floor":1.0,"turns":3.0},{"damage":0.0,"enemies":"2 Louse","floor":2.0,"turns":2.0},{"damage":0.0,"enemies":"Small Slimes","floor":3.0,"turns":4.0},{"damage":13.0,"enemies":"3 Louse","floor":5.0,"turns":5.0},{"damage":15.0,"enemies":"3 Sentries","floor":6.0,"turns":9.0},{"damage":7.0,"enemies":"Blue Slaver","floor":8.0,"turns":5.0},{"damage":5.0,"enemies":"Lagavulin","floor":10.0,"turns":9.0},{"damage":7.0,"enemies":"Red Slaver","floor":12.0,"turns":4.0},{"damage":0.0,"enemies":"Gremlin Nob","floor":13.0,"turns":3.0},{"damage":54.0,"enemies":"The Guardian","floor":16.0,"turns":21.0},{"damage":40,"enemies":"3 Byrds","floor":18,"turns":7},{"damage":7,"enemies":"Chosen","floor":21,"turns":4},{"damage":21,"enemies":"Centurion and Healer","floor":22,"turns":6},{"damage":26,"enemies":"Book of Stabbing","floor":23,"turns":3}],"seed_played":"-2263945037401422208","potions_obtained":[{"floor":3.0,"key":"Strength Potion"},{"floor":6.0,"key":"Ancient Potion"},{"floor":8.0,"key":"Fire Potion"},{"floor":10.0,"key":"GamblersBrew"},{"floor":13.0,"key":"Regen Potion"},{"floor":18,"key":"DuplicationPotion"}],"is_trial":false,"path_per_floor":["M","M","M","?","M","E","R","M","T","E","R","M","?","?","R","B",null,"M","?","$","M","M","E"],"character_chosen":"DEFECT","items_purchased":["Orrery","Capacitor"],"campfire_rested":1,"item_purchase_floors":[20,20],"current_hp_per_floor":[67,67,67,67,54,39,39,39,39,41,61,61,68,68,68,21,56,38,38,38,38,24,0,0],"gold":72,"neow_bonus":"ONE_RARE_RELIC","is_daily":false,"chose_seed":false,"campfire_upgraded":0,"win_rate":0.0,"timestamp":1614188603,"path_taken":["M","M","M","?","M","E","R","M","T","E","R","M","?","?","R","BOSS","M","?","$","M","M","E"],"items_purchased_type":["Relic","Card"],"build_version":"2020-12-22","purchased_purges":1,"victory":false,"max_hp_per_floor":[68,68,68,68,68,68,68,68,68,68,68,68,68,68,68,68,68,68,68,68,68,68,68,68],"card_choices":[{"not_picked":["Gash","Redo"],"picked":"Cold Snap","floor":1.0},{"not_picked":["Compile Driver","Auto Shields"],"picked":"Coolheaded","floor":2.0},{"not_picked":["Go for the Eyes","Leap"],"picked":"Reinforced Body","floor":3.0},{"not_picked":["Doom and Gloom","Coolheaded"],"picked":"White Noise","floor":5.0},{"not_picked":["Reinforced Body","Rebound"],"picked":"Self Repair","floor":6.0},{"not_picked":["Rebound","Aggregate"],"picked":"Coolheaded","floor":8.0},{"not_picked":["Rip and Tear","Loop"],"picked":"Seek","floor":10.0},{"not_picked":["Steam Power","Leap"],"picked":"Skim","floor":12.0},{"not_picked":["Sweeping Beam","Stack"],"picked":"Coolheaded","floor":13.0},{"not_picked":["Hyperbeam","All For One"],"picked":"Meteor Strike","floor":16.0},{"not_picked":["Stack","Steam","Gash"],"picked":"SKIP","floor":18},{"not_picked":["Conserve Battery","Scrape"],"picked":"Ball Lightning+1","floor":20},{"not_picked":["Barrage+1","Hologram"],"picked":"Hello World+1","floor":20},{"not_picked":["Rebound","All For One"],"picked":"Compile Driver+1","floor":20},{"not_picked":["Gash","Rebound"],"picked":"Capacitor+1","floor":21},{"not_picked":["Rebound","Leap","Blizzard+1"],"picked":"SKIP","floor":22}],"player_experience":232536,"relics_obtained":[{"floor":6.0,"key":"DataDisk"},{"floor":9.0,"key":"Thread and Needle"},{"floor":10.0,"key":"Bottled Lightning"},{"floor":13.0,"key":"Ice Cream"}],"event_choices":[{"damage_healed":0.0,"max_hp_gain":0.0,"max_hp_loss":0.0,"gold_gain":0.0,"event_name":"Liars Game","player_choice":"Ignored","floor":4.0,"gold_loss":0.0,"damage_taken":0.0},{"damage_healed":0.0,"max_hp_gain":0.0,"max_hp_loss":0.0,"gold_gain":0.0,"event_name":"Dead Adventurer","player_choice":"Searched \u00271\u0027 times","floor":13.0,"gold_loss":0.0,"damage_taken":0.0},{"damage_healed":0.0,"max_hp_gain":0.0,"max_hp_loss":0.0,"gold_gain":0.0,"event_name":"Living Wall","player_choice":"Grow","floor":14.0,"gold_loss":0.0,"damage_taken":0.0,"cards_upgraded":["White Noise"]},{"cards_removed":["Strike_B"],"damage_healed":0,"gold_gain":0,"player_choice":"Gave Gold","damage_taken":0,"max_hp_gain":0,"max_hp_loss":0,"event_name":"Beggar","floor":19,"gold_loss":75}],"is_beta":false,"boss_relics":[{"not_picked":["Fusion Hammer","SacredBark"],"picked":"Philosopher\u0027s Stone"}],"items_purged_floors":[20],"is_endless":false,"potions_floor_spawned":[3,6,8,10,13,18],"killed_by":"Book of Stabbing","ascension_level":8}}