{"host":"rykcscnxwcosqdkz","time":1614162295,"event":{"mods":["BaseMod","CapriCore","Chen","DeckTracker","Friendly Minions","GifTheSpireLib","Halation","Hubris","JesterMod","Minty Spire (QoL Compilation)","Relic Stats","Reliquary","Replay The Spire","Shade Mod","Somnambulant","StSLib","Stuff the Spire","The Alterego","The Bladedancer","The Clintock","The Immortal","Yohane!","Yuri Mod"],"gold_per_floor":[110,60,72,83,100,127,157,191,237,237,267,282,136,136,136,240,240,252,264,133,133,133,133,150,150,150],"floor_reached":25,"language":"ENG","playtime":1134,"items_purged":[],"score":246,"play_id":"bc99b51e-23e7-45f0-aadb-8482daace558","local_time":"20210224112455","is_ascension_mode":false,"campfire_choices":[{"floor":10,"key":"REST"},{"floor":15,"key":"REST"},{"data":"yuri:HoldBack","floor":23,"key":"SMITH"}],"circlet_count":0,"master_deck":["yuri:yuriStrike","yuri:yuriStrike","yuri:yuriStrike","yuri:yuriStrike","yuri:yuriDefend","yuri:yuriDefend","yuri:yuriDefend","yuri:yuriDefend","yuri:yuriDefend","yuri:Oolong","yuri:yuriStab","yuri:SturdyUniform","yuri:WickedSlash","yuri:DragonForm+1","yuri:DistillInsanity","yuri:ThrowBook+1","yuri:MPose+1","yuri:HoldBack+1","yuri:ThrowingKnives","hubris:NaturalOne","yuri:GreenTea+1"],"relics":["yuri:yuriKnife","NeowsBlessing","hubris:64BitClover","Odd Mushroom","reliquary:PartyBalloon","ReplayFunnel","hubris:Metronome","halation:BottledHappiness","ChewingGum","hubris:Icosahedron"],"acts_visited":["Exordium","TheCity"],"potions_floor_usage":[25],"damage_taken":[{"damage":0,"enemies":"Jaw Worm","floor":1,"turns":1},{"damage":0,"enemies":"2 Louse","floor":3,"turns":1},{"damage":0,"enemies":"Cultist","floor":4,"turns":1},{"damage":12,"enemies":"Large Slime","floor":5,"turns":4},{"damage":22,"enemies":"Gremlin Nob","floor":6,"turns":5},{"damage":4,"enemies":"The Mushroom Lair","floor":7,"turns":3},{"damage":16,"enemies":"3 Sentries","floor":8,"turns":6},{"damage":27,"enemies":"Lagavulin","floor":11,"turns":6},{"damage":12,"enemies":"2 Fungi Beasts","floor":12,"turns":3},{"damage":33,"enemies":"Hexaghost","floor":16,"turns":8},{"damage":5,"enemies":"Chosen","floor":18,"turns":7},{"damage":15,"enemies":"Shell Parasite","floor":19,"turns":11},{"damage":6,"enemies":"Snake Plant","floor":24,"turns":8},{"damage":7,"enemies":"Replay:Snechameleon","floor":25,"turns":9}],"seed_played":"3254898901224081241","potions_obtained":[{"floor":1,"key":"Dexterity Potion"},{"floor":4,"key":"CultistPotion"},{"floor":7,"key":"LifebloodPotion"}],"is_trial":false,"path_per_floor":["M","?","M","M","M","E","?","E","T","R","E","M","$","?","R","B",null,"M","M","$","?","?","R","M","E"],"character_chosen":"YURI","items_purchased":["halation:BottledHappiness","yuri:HoldBack","yuri:ThrowingKnives"],"campfire_rested":2,"item_purchase_floors":[13,20,20],"current_hp_per_floor":[80,80,80,80,68,50,50,38,38,62,39,31,31,31,55,26,80,79,68,68,68,68,68,66,69,69],"gold":150,"neow_bonus":"THREE_ENEMY_KILL","is_daily":false,"chose_seed":false,"campfire_upgraded":1,"win_rate":0.0,"timestamp":1614162295,"path_taken":["M","?","M","M","M","E","?","E","T","R","E","M","$","?","R","BOSS","M","M","$","?","?","R","M","E"],"items_purchased_type":["Relic","Card","Card"],"build_version":"2020-12-22","purchased_purges":0,"victory":false,"max_hp_per_floor":[80,80,80,80,80,80,80,80,80,80,80,80,80,80,80,80,80,80,80,80,80,80,80,80,80,80],"relic_stats":{"counters":[14,72],"obtain_stats":[{"ReplayFunnel":9,"hubris:Metronome":11,"hubris:Icosahedron":22,"NeowsBlessing":0,"hubris:64BitClover":6,"reliquary:PartyBalloon":8,"yuri:yuriKnife":0,"ChewingGum":17,"halation:BottledHappiness":13,"Odd Mushroom":7},{"ReplayFunnel":7,"hubris:Metronome":8,"hubris:Icosahedron":12,"NeowsBlessing":0,"hubris:64BitClover":5,"reliquary:PartyBalloon":7,"yuri:yuriKnife":0,"ChewingGum":10,"halation:BottledHappiness":9,"Odd Mushroom":6},{"ReplayFunnel":21,"hubris:Metronome":27,"hubris:Icosahedron":56,"NeowsBlessing":0,"hubris:64BitClover":12,"reliquary:PartyBalloon":21,"yuri:yuriKnife":0,"ChewingGum":38,"halation:BottledHappiness":30,"Odd Mushroom":15}]},"card_choices":[{"not_picked":["yuri:SeeingDouble","yuri:CalmingAura"],"picked":"yuri:SturdyUniform","floor":1},{"not_picked":["yuri:yuriHeavyStrike","yuri:MultiDip","yuri:MPose"],"picked":"SKIP","floor":3},{"not_picked":["yuri:yuriQuickStrike","yuri:GreenTea"],"picked":"yuri:WickedSlash","floor":4},{"not_picked":["yuri:ThornRemove","yuri:Skip","yuri:MPose"],"picked":"SKIP","floor":5},{"not_picked":["yuri:RelentlessStrikes","yuri:BookBlue","yuri:Stalk"],"picked":"SKIP","floor":6},{"not_picked":["yuri:ChibiInvasion","yuri:TPose","yuri:Spin"],"picked":"SKIP","floor":8},{"not_picked":["yuri:MPose","yuri:yuriQuickStrike"],"picked":"yuri:DragonForm","floor":11},{"not_picked":["yuri:Stare","yuri:Skip","yuri:yuriQuickStrike"],"picked":"SKIP","floor":12},{"not_picked":["yuri:MirrorInsanity","yuri:ConsumeGlitch"],"picked":"yuri:DistillInsanity","floor":16},{"not_picked":["yuri:ChibiInvasion","yuri:GlitchedStrike"],"picked":"yuri:ThrowBook+1","floor":18},{"not_picked":["yuri:TPose","yuri:Skip"],"picked":"yuri:MPose+1","floor":19},{"not_picked":["yuri:ThrowBook","yuri:CorruptHitbox"],"picked":"yuri:GreenTea+1","floor":24}],"player_experience":58669,"relics_obtained":[{"floor":6,"key":"hubris:64BitClover"},{"floor":7,"key":"Odd Mushroom"},{"floor":8,"key":"reliquary:PartyBalloon"},{"floor":9,"key":"ReplayFunnel"},{"floor":11,"key":"hubris:Metronome"}],"event_choices":[{"cards_removed":["yuri:yuriStrike"],"damage_healed":0,"gold_gain":0,"player_choice":"Card Removal","damage_taken":0,"max_hp_gain":0,"max_hp_loss":0,"event_name":"The Cleric","floor":2,"gold_loss":50},{"damage_healed":0,"gold_gain":0,"player_choice":"Fought Mushrooms","damage_taken":0,"max_hp_gain":0,"max_hp_loss":0,"event_name":"Mushrooms","floor":7,"gold_loss":0},{"damage_healed":0,"gold_gain":0,"player_choice":"Upgraded","damage_taken":0,"max_hp_gain":0,"max_hp_loss":0,"event_name":"Upgrade Shrine","floor":14,"gold_loss":0,"cards_upgraded":["yuri:DragonForm"]}],"is_beta":false,"boss_relics":[{"not_picked":["halation:HeavySnake","Busted Crown"],"picked":"ChewingGum"}],"items_purged_floors":[],"is_endless":false,"potions_floor_spawned":[1,4,7,16,19],"killed_by":"Replay:Snechameleon","ascension_level":0}}