{"host":"e8rlfedn69rz2s07","time":1614206920,"event":{"mods":["AchievementEnabler","BaseMod","Minty Spire (QoL Compilation)","Permanent Neow","Relic Stats"],"gold_per_floor":[116,128,143,163,88,88,113,113,194,194,206,238,258,273,273,349,349,363,363,335,9,19,19,19],"floor_reached":23,"language":"ENG","playtime":1323,"items_purged":["Strike_B"],"score":510,"play_id":"b9ae3679-0dd8-4caf-ad0a-94ff83e5e363","local_time":"20210225004840","is_ascension_mode":true,"campfire_choices":[{"data":"Chaos","floor":6,"key":"SMITH"},{"data":"Loop","floor":8,"key":"SMITH"},{"data":"Seek","floor":15,"key":"SMITH"}],"circlet_count":0,"master_deck":["AscendersBane","Strike_B","Defend_B","Defend_B","Defend_B","Defend_B","Zap","Dualcast","Undo","Chaos+1","Conserve Battery","Loop+1","Barrage","Barrage","Seek+1","Multi-Cast","Reinforced Body","Static Discharge","Compile Driver","Sweeping Beam","Coolheaded","Chill"],"relics":["SlaversCollar","Du-Vu Doll","Cables","Tiny Chest","Velvet Choker","Kunai"],"acts_visited":["Exordium","TheCity"],"potions_floor_usage":[11,14,18,22,23],"damage_taken":[{"damage":13,"enemies":"Cultist","floor":1,"turns":5},{"damage":0,"enemies":"2 Louse","floor":2,"turns":2},{"damage":10,"enemies":"Small Slimes","floor":3,"turns":5},{"damage":8,"enemies":"2 Fungi Beasts","floor":4,"turns":4},{"damage":0,"enemies":"Lagavulin","floor":7,"turns":7},{"damage":0,"enemies":"Large Slime","floor":11,"turns":7},{"damage":16,"enemies":"3 Sentries","floor":12,"turns":8},{"damage":0,"enemies":"Looter","floor":13,"turns":4},{"damage":23,"enemies":"Lots of Slimes","floor":14,"turns":6},{"damage":10,"enemies":"The Guardian","floor":16,"turns":10},{"damage":4,"enemies":"Shell Parasite","floor":18,"turns":5},{"damage":1,"enemies":"2 Thieves","floor":20,"turns":4},{"damage":13,"enemies":"Snake Plant","floor":22,"turns":4},{"damage":46,"enemies":"Book of Stabbing","floor":23,"turns":6}],"seed_played":"7209504486925760331","potions_obtained":[{"floor":3,"key":"Fire Potion"},{"floor":4,"key":"LiquidBronze"},{"floor":11,"key":"FearPotion"},{"floor":16,"key":"Fruit Juice"},{"floor":18,"key":"SteroidPotion"}],"is_trial":false,"path_per_floor":["M","M","M","M","$","R","E","R","T","?","M","E","M","M","R","B",null,"M","?","M","$","M","E"],"character_chosen":"DEFECT","items_purchased":["Coolheaded","Kunai"],"campfire_rested":0,"item_purchase_floors":[21,21],"current_hp_per_floor":[51,51,41,33,33,33,33,33,33,71,71,55,55,32,32,22,59,60,60,59,59,46,0,0],"gold":19,"neow_bonus":"BOSS_RELIC","is_daily":false,"chose_seed":false,"campfire_upgraded":3,"win_rate":0.0,"timestamp":1614206920,"path_taken":["M","M","M","?","?","R","E","R","T","?","M","E","?","?","R","BOSS","M","?","M","$","M","E"],"items_purchased_type":["Card","Relic"],"build_version":"2020-12-22","purchased_purges":1,"victory":false,"max_hp_per_floor":[71,71,71,71,71,71,71,71,71,71,71,71,71,71,71,71,71,76,76,76,76,76,76,76],"relic_stats":{"counters":[14,77],"Tiny Chest":0,"Kunai":[0],"obtain_stats":[{"Du-Vu Doll":7,"SlaversCollar":0,"Velvet Choker":17,"Tiny Chest":12,"Kunai":21,"Cracked Core":0,"Cables":9},{"Du-Vu Doll":5,"SlaversCollar":0,"Velvet Choker":10,"Tiny Chest":7,"Kunai":12,"Cracked Core":0,"Cables":5},{"Du-Vu Doll":23,"SlaversCollar":0,"Velvet Choker":58,"Tiny Chest":38,"Kunai":67,"Cracked Core":0,"Cables":23}],"Cables":[45,21,16,4,4]},"card_choices":[{"not_picked":["Go for the Eyes","Lockon"],"picked":"Undo","floor":1},{"not_picked":["Coolheaded","Redo"],"picked":"Chaos","floor":2},{"not_picked":["Leap","Fusion"],"picked":"Rip and Tear","floor":3},{"not_picked":["Rip and Tear","Reprogram"],"picked":"Conserve Battery","floor":4},{"not_picked":["Consume","Compile Driver"],"picked":"Loop","floor":7},{"not_picked":["Beam Cell","Hyperbeam"],"picked":"Barrage","floor":11},{"not_picked":["Stack","Conserve Battery","Heatsinks"],"picked":"SKIP","floor":12},{"not_picked":["Stack","Conserve Battery","Heatsinks"],"picked":"SKIP","floor":12},{"not_picked":["Cold Snap","Redo"],"picked":"Barrage","floor":13},{"not_picked":["Gash","Compile Driver"],"picked":"Seek","floor":14},{"not_picked":["Thunder Strike","Meteor Strike"],"picked":"Multi-Cast","floor":16},{"not_picked":["Redo","Cold Snap"],"picked":"Reinforced Body","floor":18},{"not_picked":["Steam","Stack"],"picked":"Sweeping Beam","floor":20},{"not_picked":["Barrage","Ball Lightning"],"picked":"Chill","floor":22}],"player_experience":1125489,"relics_obtained":[{"floor":7,"key":"Du-Vu Doll"},{"floor":9,"key":"Cables"},{"floor":12,"key":"Tiny Chest"}],"event_choices":[{"cards_removed":["Rip and Tear"],"damage_healed":38,"gold_gain":0,"player_choice":"Offered Uncommon","damage_taken":0,"max_hp_gain":0,"max_hp_loss":0,"event_name":"Bonfire Elementals","floor":10,"gold_loss":0},{"damage_healed":0,"gold_gain":0,"cards_transformed":["Strike_B","Strike_B"],"player_choice":"Became Test Subject","damage_taken":0,"max_hp_gain":0,"max_hp_loss":0,"event_name":"Drug Dealer","floor":19,"gold_loss":0,"cards_obtained":["Static Discharge","Compile Driver"]}],"is_beta":false,"boss_relics":[{"not_picked":["Empty Cage","Calling Bell"],"picked":"Velvet Choker"}],"items_purged_floors":[5],"is_endless":false,"potions_floor_spawned":[3,4,11,12,16,18],"killed_by":"Book of Stabbing","ascension_level":20}}