{"host":"ifvrsrzj00f2ebkn","time":1614197698,"event":{"mods":["BaseMod","Bestiary","BetterRewards","Block Reminder","Colored Map","Colored Powertips","Defuse TimeMaze Blight","Downfall","Minty Spire (QoL Compilation)","Permanent Neow","Quick Restart","Remove Card Discount Mod","Shop Mod","Spicy Shops","StSLib","Thieving Mod","????"],"gold_per_floor":[117,167,179,199,199,199,199,199,199,226,143,143,143,143,143,220,220,240,254,269,302,112,112,112,112,137,137,162,162,196,209,209,287,287,303,303,328,32,44,79,105,132,132,466,495,495,149,183,151,151,151],"floor_reached":50,"language":"ENG","playtime":6493,"items_purged":["Flying Knee+1","Flying Knee+1"],"score":2186,"play_id":"5cb45fce-3375-441c-9240-a2d8f24dd60e","local_time":"20210225041458","daily_mods":["SealedDeck","Vintage","Green Cards","Heirloom","Flight","DeadlyEvents","Elite Swarm"],"is_ascension_mode":true,"campfire_choices":[{"data":"Backflip","floor":6.0,"key":"SMITH"},{"data":"Backflip","floor":7.0,"key":"SMITH"},{"data":"Backflip","floor":8.0,"key":"SMITH"},{"data":"Blur","floor":12.0,"key":"SMITH"},{"data":"Noxious Fumes","floor":13.0,"key":"SMITH"},{"data":"Crippling Poison","floor":23.0,"key":"SMITH"},{"data":"Deadly Poison","floor":24.0,"key":"SMITH"},{"data":"Flying Knee","floor":25.0,"key":"SMITH"},{"data":"Flying Knee","floor":27.0,"key":"SMITH"},{"floor":32,"key":"REST"},{"floor":46,"key":"REST"}],"circlet_count":0,"master_deck":["AscendersBane","Crippling Poison+1","Noxious Fumes+1","Deadly Poison+1","Deadly Poison+1","Deadly Poison+1","Backflip+1","Backflip+1","Backflip+1","Blur+1","Crippling Poison+1","Deadly Poison+1"],"relics":["Ring of the Snake","Guardian:PocketSentry","HornCleat","Singing Bowl","Sozu","Smiling Mask","Toxic Egg 2","Bottled Tornado","MerchantsRug","Membership Card","TwistedFunnel","Pen Nib","Ginger","Enchiridion","champ:DeflectingBracers","CaptainsWheel","bronze:MakeshiftBattery","PreservedInsect","Girya","The Specimen","Gremlin Horn","sneckomod:BlankCard","FossilizedHelix","Ornamental Fan","Mummified Hand","Shovel","Turnip","Bag of Marbles","Happy Flower"],"acts_visited":["Exordium","TheCity","TheBeyond"],"potions_floor_usage":[50],"damage_taken":[{"damage":4.0,"enemies":"Jaw Worm","floor":1.0,"turns":4.0},{"damage":0.0,"enemies":"Cultist","floor":3.0,"turns":3.0},{"damage":1.0,"enemies":"2 Louse","floor":4.0,"turns":3.0},{"damage":27.0,"enemies":"Gremlin Nob","floor":10.0,"turns":4.0},{"damage":0.0,"enemies":"Hexaghost","floor":16.0,"turns":7.0},{"damage":0.0,"enemies":"3 Byrds","floor":18.0,"turns":3.0},{"damage":0.0,"enemies":"2 Thieves","floor":19.0,"turns":4.0},{"damage":0.0,"enemies":"Centurion and Healer","floor":20.0,"turns":5.0},{"damage":2.0,"enemies":"Gremlin Leader","floor":21.0,"turns":6.0},{"damage":16.0,"enemies":"Slavers","floor":28.0,"turns":4.0},{"damage":0.0,"enemies":"Gremlin Leader","floor":30.0,"turns":4.0},{"damage":0,"enemies":"Cultist and Chosen","floor":31,"turns":3},{"damage":0,"enemies":"Champ","floor":33,"turns":7},{"damage":0,"enemies":"3 Darklings","floor":35,"turns":3},{"damage":0,"enemies":"Mind Bloom Boss Battle","floor":37,"turns":6},{"damage":0,"enemies":"3 Shapes","floor":39,"turns":2},{"damage":6,"enemies":"Reptomancer","floor":40,"turns":3},{"damage":0,"enemies":"Giant Head","floor":41,"turns":6},{"damage":6,"enemies":"Reptomancer","floor":42,"turns":3},{"damage":6,"enemies":"Nemesis","floor":44,"turns":5},{"damage":0,"enemies":"Reptomancer","floor":45,"turns":3},{"damage":0,"enemies":"Nemesis","floor":48,"turns":5},{"damage":126,"enemies":"Time Eater","floor":50,"turns":12}],"seed_played":"-7167626942916914589","potions_obtained":[{"floor":4.0,"key":"FearPotion"},{"floor":10.0,"key":"FearPotion"}],"is_trial":true,"path_per_floor":["M","?","M","M","?","R","R","R","T","E","$","R","R","$","R","B",null,"M","M","M","E","$","R","R","R","T","R","E","?","E","M","R","B",null,"M","?","?","$","M","E","E","E","T","E","E","R","$","E","R","B"],"character_chosen":"THE_SILENT","items_purchased":["Blur","MerchantsRug","Membership Card","TwistedFunnel","Crippling Poison+1","Strawberry","The Specimen","Turnip","Bag of Marbles","Mango","Deadly Poison+1","Happy Flower"],"campfire_rested":2,"item_purchase_floors":[11,22,22,22,38,38,38,47,47,47,49,49],"current_hp_per_floor":[65,65,65,64,53,53,53,53,53,28,28,28,28,28,28,30,68,68,68,68,66,66,66,66,66,66,66,52,31,33,33,58,60,80,80,80,82,89,89,85,87,83,83,79,81,105,119,121,121,0,0],"gold":151,"neow_bonus":"","is_daily":false,"chose_seed":false,"campfire_upgraded":9,"win_rate":0.0,"timestamp":1614197698,"path_taken":["M","?","M","?","?","R","R","R","T","?","?","R","R","$","R","BOSS","M","M","?","?","$","R","R","R","T","R","E","?","?","M","R","BOSS","M","?","?","$","?","E","E","E","T","E","E","R","$","E","R","BOSS"],"items_purchased_type":["Card","Relic","Relic","Relic","Card","Relic","Relic","Relic","Relic","Relic","Card","Relic"],"build_version":"2020-12-22","purchased_purges":2,"victory":false,"max_hp_per_floor":[76,76,76,76,76,76,76,76,76,78,78,78,78,78,78,80,80,80,80,80,80,80,80,80,80,80,80,82,82,84,84,84,86,86,86,86,88,95,95,97,99,101,101,103,105,105,119,121,121,121,121],"card_choices":[{"not_picked":["Unload","Envenom","Phantasmal Killer"],"picked":"Singing Bowl","floor":10.0},{"not_picked":["Corpse Explosion","Venomology","Envenom"],"picked":"Singing Bowl","floor":16.0},{"not_picked":["Die Die Die","Malaise+1","Tools of the Trade"],"picked":"SKIP","floor":21.0},{"not_picked":["Bullet Time+1","Venomology+1","Tools of the Trade"],"picked":"Singing Bowl","floor":28.0},{"not_picked":["Phantasmal Killer+1","Glass Knife","Doppelganger+1"],"picked":"Singing Bowl","floor":30},{"not_picked":["Doppelganger+1","Burst+1","Wraith Form v2"],"picked":"Singing Bowl","floor":33},{"not_picked":["Blade Dance+1","Slice","Acrobatics+1"],"picked":"Singing Bowl","floor":37},{"not_picked":["Corpse Explosion+1","A Thousand Cuts","Glass Knife"],"picked":"Singing Bowl","floor":40},{"not_picked":["A Thousand Cuts","Malaise+1","Night Terror+1"],"picked":"Singing Bowl","floor":41},{"not_picked":["After Image","Venomology+1","Phantasmal Killer+1"],"picked":"Singing Bowl","floor":42},{"not_picked":["Unload","Malaise+1","Venomology+1"],"picked":"Singing Bowl","floor":44},{"not_picked":["Adrenaline+1","Unload","Venomology+1"],"picked":"Singing Bowl","floor":45},{"not_picked":["Grand Finale","Doppelganger+1","Wraith Form v2"],"picked":"Singing Bowl","floor":48}],"player_experience":99137,"relics_obtained":[{"floor":1.0,"key":"Pear"},{"floor":3.0,"key":"Guardian:PocketSentry"},{"floor":4.0,"key":"HornCleat"},{"floor":9.0,"key":"Singing Bowl"},{"floor":10.0,"key":"hexamod:CandleOfCauterizing"},{"floor":18.0,"key":"Smiling Mask"},{"floor":19.0,"key":"Toxic Egg 2"},{"floor":20.0,"key":"Bottled Tornado"},{"floor":21.0,"key":"War Paint"},{"floor":26.0,"key":"Pen Nib"},{"floor":28.0,"key":"Ginger"},{"floor":29.0,"key":"Enchiridion"},{"floor":30,"key":"champ:DeflectingBracers"},{"floor":31,"key":"CaptainsWheel"},{"floor":35,"key":"PreservedInsect"},{"floor":37,"key":"Girya"},{"floor":39,"key":"Gremlin Horn"},{"floor":40,"key":"sneckomod:BlankCard"},{"floor":41,"key":"FossilizedHelix"},{"floor":42,"key":"Ornamental Fan"},{"floor":43,"key":"Mummified Hand"},{"floor":44,"key":"Old Coin"},{"floor":45,"key":"Shovel"},{"floor":48,"key":"Shuriken"}],"event_choices":[{"damage_healed":0.0,"max_hp_gain":0.0,"max_hp_loss":0.0,"gold_gain":50.0,"event_name":"Golden Shrine","player_choice":"Pray","floor":2.0,"gold_loss":0.0,"damage_taken":0.0},{"damage_healed":0.0,"max_hp_gain":0.0,"max_hp_loss":0.0,"gold_gain":0.0,"event_name":"Scrap Ooze","player_choice":"Success","floor":5.0,"gold_loss":0.0,"damage_taken":11.0,"relics_obtained":["Gambling Chip"]},{"damage_healed":0.0,"max_hp_gain":0.0,"max_hp_loss":0.0,"gold_gain":0.0,"event_name":"Cursed Tome","player_choice":"Obtained Book","floor":29.0,"gold_loss":0.0,"damage_taken":21.0},{"damage_healed":0,"gold_gain":0,"player_choice":"Ignored","damage_taken":0,"max_hp_gain":0,"max_hp_loss":0,"event_name":"Tomb of Lord Red Mask","floor":36,"gold_loss":0},{"damage_healed":0,"gold_gain":0,"player_choice":"Fight","damage_taken":0,"max_hp_gain":0,"max_hp_loss":0,"event_name":"MindBloom","floor":37,"gold_loss":0}],"is_beta":false,"boss_relics":[{"not_picked":["Busted Crown","SlaversCollar"],"picked":"Sozu"},{"not_picked":["expansioncontent:StudyCardRelic","HoveringKite"],"picked":"bronze:MakeshiftBattery"}],"items_purged_floors":[47,49],"is_endless":true,"potions_floor_spawned":[4,10,18,20,31,33,37,39,41,42,48],"killed_by":"Time Eater","ascension_level":20}}