{"host":"j9610sde00vfp93k","time":1614158307,"event":{"mods":["AchievementEnabler","BaseMod","Gold Saver","Minty Spire (QoL Compilation)","Permanent Neow","Rare Cards Sparkle","Spire Arcade","StSLib","SuperFastMode","The Marked"],"gold_per_floor":[325,339,351,367,385,411,411,411,411],"floor_reached":8,"language":"ENG","playtime":579,"items_purged":[],"score":60,"play_id":"988028ce-1668-413e-a61a-f4c5d5cbb63c","local_time":"20210224171827","is_ascension_mode":false,"campfire_choices":[{"floor":7,"key":"REST"}],"circlet_count":0,"master_deck":["theMarked:Strike","theMarked:Strike","theMarked:Strike","theMarked:Strike","theMarked:Strike","theMarked:Defend","theMarked:Defend","theMarked:Defend","theMarked:Defend","theMarked:SoldierOfQuellstein","theMarked:EternalStudent","theMarked:StartUp","theMarked:Improvise","theMarked:Heritage","theMarked:Indomitable+1","theMarked:WardOff+1","theMarked:FavorableWinds"],"relics":["theMarked:ArtifactOfAir","War Paint"],"acts_visited":["Exordium"],"potions_floor_usage":[6],"damage_taken":[{"damage":8,"enemies":"Small Slimes","floor":1,"turns":3},{"damage":6,"enemies":"Cultist","floor":2,"turns":3},{"damage":12,"enemies":"Jaw Worm","floor":3,"turns":3},{"damage":0,"enemies":"Large Slime","floor":4,"turns":5},{"damage":3,"enemies":"Exordium Thugs","floor":5,"turns":4},{"damage":41,"enemies":"3 Sentries","floor":6,"turns":14},{"damage":34,"enemies":"Lagavulin","floor":8,"turns":6}],"seed_played":"-6915284771372778146","potions_obtained":[{"floor":3,"key":"Dexterity Potion"}],"is_trial":false,"path_per_floor":["M","M","M","M","M","E","R","E"],"character_chosen":"THE_DEFAULT","items_purchased":[],"campfire_rested":1,"item_purchase_floors":[],"current_hp_per_floor":[64,58,46,46,43,2,23,0,0],"gold":411,"neow_bonus":"ONE_RANDOM_RARE_CARD","is_daily":false,"chose_seed":false,"campfire_upgraded":0,"win_rate":0.0,"timestamp":1614158307,"path_taken":["M","M","M","M","M","E","R","E"],"items_purchased_type":[],"build_version":"2020-12-22","purchased_purges":0,"victory":false,"max_hp_per_floor":[72,72,72,72,72,72,72,72,72],"card_choices":[{"not_picked":["theMarked:Aftermath","theMarked:HeightenedSenses"],"picked":"theMarked:StartUp","floor":1},{"not_picked":["theMarked:Memento","theMarked:HeightenedSenses"],"picked":"theMarked:Improvise","floor":2},{"not_picked":["theMarked:SwordAndMagic","theMarked:WastefulAttack"],"picked":"theMarked:Heritage","floor":3},{"not_picked":["theMarked:Electrify","theMarked:TheMission"],"picked":"theMarked:Indomitable","floor":4},{"not_picked":["theMarked:Electrocute","theMarked:AttractMetal"],"picked":"theMarked:WardOff","floor":5},{"not_picked":["theMarked:Static","theMarked:Pokerface"],"picked":"theMarked:FavorableWinds","floor":6}],"player_experience":231343,"relics_obtained":[{"floor":6,"key":"War Paint"}],"event_choices":[],"is_beta":false,"boss_relics":[],"items_purged_floors":[],"is_endless":false,"potions_floor_spawned":[3],"killed_by":"Lagavulin","ascension_level":0}}