{"host":"gxo5t112wmw69ohk","time":1614158200,"event":{"mods":["Act Like it!","BaseMod","Downfall","GifTheSpireLib","Minty Spire (QoL Compilation)","Permanent Neow","StSLib"],"gold_per_floor":[99,119,137,137,147,172,225,237,137,137,157,168,10,10,24,120,120,120,120,133,133,133,70,70,86,97,97,111,138,151,180,200,296,296,96,110,362,382,382,407,479,489,489,521,521,521,546,208,228,228,228,261,6,6,6,6],"floor_reached":57,"language":"ENG","playtime":4291,"items_purged":[],"score":1516,"play_id":"7dcc0037-6c18-4188-b385-240b29e14eaf","local_time":"20210224011640","is_ascension_mode":true,"campfire_choices":[{"floor":1,"key":"RECALL"},{"data":"Guardian:PrismaticBarrier","floor":9,"key":"SMITH"},{"data":"Guardian:BodySlam","floor":18,"key":"SMITH"},{"data":"Guardian:Suspension","floor":35,"key":"SMITH"},{"data":"Guardian:DonusPower","floor":43,"key":"SMITH"},{"data":"Guardian:ChargeUp","floor":45,"key":"SMITH"},{"data":"Guardian:ShieldCharger","floor":54,"key":"SMITH"}],"circlet_count":0,"master_deck":["Guardian:TwinSlam+1","Guardian:BronzeOrb","Guardian:PrismaticBarrier+1","Guardian:FastForward","Guardian:ShieldCharger+1","Guardian:ChargeUp+1","Guardian:BodySlam+1","Guardian:ShieldCharger","Guardian:GemFire+1","Guardian:MultiBeam","Guardian:Suspension+1","Guardian:TimeBomb","Guardian:DonusPower+1","Guardian:PrismaticBeam+1","Guardian:BronzeArmor+1","Guardian:PrismaticBarrier+1","Guardian:DecasProtection+1","Guardian:StasisField+1","Guardian:VentSteam+1","Guardian:ChargeUp+1","Guardian:Orbwalk+1","Guardian:PiercingHide+1","Guardian:PiercingHide+1","Guardian:ExploitGems+1","Guardian:Planning+1"],"relics":["Guardian:ModeShifter","Potion Belt","Guardian:GemstoneGun","Lantern","downfall:HeartBlessingRed","Orrery","Spirit Poop","Pandora\u0027s Box","White Beast Statue","Oddly Smooth Stone","Toxic Egg 2","Runic Pyramid","downfall:HeartBlessingGreen","downfall:HeartBlessingBlue","The Courier","Meat on the Bone","Pear","Juzu Bracelet","Whetstone","Ice Cream","Kunai","Membership Card","Toy Ornithopter"],"acts_visited":["Exordium","TheCity","TheBeyond","TheEnding"],"potions_floor_usage":[6,16,16,29,32,32,56,56,56,56],"damage_taken":[{"damage":1,"enemies":"Cultist","floor":2,"turns":4},{"damage":0,"enemies":"Small Slimes","floor":3,"turns":3},{"damage":3,"enemies":"Jaw Worm","floor":5,"turns":3},{"damage":27,"enemies":"Gremlin Nob","floor":6,"turns":5},{"damage":5,"enemies":"Red Slaver","floor":8,"turns":3},{"damage":1,"enemies":"3 Louse","floor":11,"turns":2},{"damage":1,"enemies":"2 Fungi Beasts","floor":12,"turns":3},{"damage":2,"enemies":"downfall:FleeingMerchant","floor":13,"turns":4},{"damage":0,"enemies":"Large Slime","floor":15,"turns":7},{"damage":23,"enemies":"WA_ARCHETYPE_RETAIN","floor":16,"turns":8},{"damage":0,"enemies":"Chosen","floor":20,"turns":1},{"damage":15,"enemies":"downfall:FleeingMerchant","floor":23,"turns":4},{"damage":0,"enemies":"Spheric Guardian","floor":25,"turns":3},{"damage":5,"enemies":"Snecko","floor":26,"turns":3},{"damage":0,"enemies":"Centurion and Healer","floor":28,"turns":3},{"damage":0,"enemies":"Gremlin Leader","floor":29,"turns":2},{"damage":9,"enemies":"Snake Plant","floor":30,"turns":4},{"damage":18,"enemies":"Book of Stabbing","floor":31,"turns":3},{"damage":0,"enemies":"Sentry and Sphere","floor":32,"turns":2},{"damage":2,"enemies":"IC_MUSHROOM_ARCHETYPE","floor":33,"turns":4},{"damage":0,"enemies":"Orb Walker","floor":36,"turns":1},{"damage":0,"enemies":"downfall:FleeingMerchant","floor":37,"turns":1},{"damage":0,"enemies":"3 Darklings","floor":38,"turns":3},{"damage":0,"enemies":"Giant Head","floor":40,"turns":3},{"damage":12,"enemies":"4 Shapes","floor":42,"turns":5},{"damage":0,"enemies":"Nemesis","floor":44,"turns":3},{"damage":0,"enemies":"Reptomancer","floor":47,"turns":4},{"damage":2,"enemies":"Writhing Mass","floor":49,"turns":3},{"damage":0,"enemies":"DF_ARCHETYPE_ORBS","floor":50,"turns":3},{"damage":0,"enemies":"downfall:CharBossMerchant","floor":52,"turns":5},{"damage":0,"enemies":"downfall:NeowBoss","floor":55,"turns":10},{"damage":1,"enemies":"downfall:NeowBossFinal","floor":56,"turns":9}],"seed_played":"142581378765444837","potions_obtained":[{"floor":2,"key":"SteroidPotion"},{"floor":5,"key":"CultistPotion"},{"floor":10,"key":"Swift Potion"},{"floor":10,"key":"DistilledChaos"},{"floor":10,"key":"SmokeBomb"},{"floor":11,"key":"SpeedPotion"},{"floor":16,"key":"FearPotion"},{"floor":25,"key":"Regen Potion"},{"floor":28,"key":"Energy Potion"},{"floor":29,"key":"ColorlessPotion"},{"floor":30,"key":"Fruit Juice"},{"floor":31,"key":"Block Potion"},{"floor":32,"key":"Energy Potion"},{"floor":33,"key":"Guardian:BlockOnCardUsePotion"},{"floor":40,"key":"Guardian:DefensiveModePotion"}],"is_trial":false,"path_per_floor":["R","M","M","?","M","E","T","M","R","?","M","M","$","?","M","B",null,"R","T","M","?","?","$","T","M","M","?","M","E","M","E","M","B",null,"R","M","$","M","T","E","T","M","R","E","R","?","E","?","M","B",null,"E","$","R","B","B",null],"character_chosen":"GUARDIAN","items_purchased":["Orrery","Guardian:Gem_Lightblue","Guardian:ChargeUp+1","Ice Cream","Guardian:Gem_Yellow","Guardian:Gem_Red","Membership Card","Guardian:Gem_Cyan","Guardian:Planning+1","Guardian:Gem_Purple","Guardian:Gem_Red","Toy Ornithopter"],"campfire_rested":0,"item_purchase_floors":[13,23,37,48,48,48,53,53,53,53,53,53],"current_hp_per_floor":[72,71,71,71,68,41,41,36,36,36,35,34,32,32,32,9,72,72,72,72,72,72,57,57,57,52,52,52,52,43,25,35,33,77,87,87,87,87,87,87,97,85,85,85,85,85,85,85,83,83,97,97,97,97,97,97],"gold":6,"neow_bonus":"REMOVE_TWO","is_daily":false,"chose_seed":false,"campfire_upgraded":6,"win_rate":0.0,"timestamp":1614158200,"path_taken":["R","M","?","?","M","E","T","M","R","?","?","M","$","?","M","BOSS","R","?","M","?","?","$","T","M","M","?","M","E","M","E","M","BOSS","R","M","$","M","?","E","T","M","R","E","R","?","E","?","M","BOSS","E","$","R","BOSS","BOSS"],"items_purchased_type":["Relic","Card","Card","Relic","Card","Card","Relic","Card","Card","Card","Card","Relic"],"build_version":"2020-12-22","purchased_purges":0,"victory":true,"max_hp_per_floor":[72,72,72,72,72,72,72,72,72,72,72,72,72,72,72,72,72,72,72,72,72,72,72,72,72,72,72,72,72,72,72,77,77,77,87,87,87,87,87,87,97,97,97,97,97,97,97,97,97,97,97,97,97,97,97,97],"card_choices":[{"not_picked":["Guardian:ChargeCore","Guardian:PiercingHide"],"picked":"Guardian:BronzeOrb","floor":2},{"not_picked":["Guardian:Reroute","Guardian:Gem_Cyan"],"picked":"Guardian:Gem_Fragmented","floor":3},{"not_picked":["Guardian:Gem_Cyan","Guardian:Incinerate"],"picked":"Guardian:PrismaticBarrier","floor":5},{"not_picked":["Guardian:CrystalBeam","Guardian:Gem_Cyan"],"picked":"Guardian:FastForward","floor":6},{"not_picked":["Guardian:VentSteam","Guardian:ChargeCore"],"picked":"Guardian:Gem_Cyan","floor":8},{"not_picked":["Guardian:CrystalBeam","Guardian:TemporalStrike"],"picked":"Guardian:ShieldCharger","floor":11},{"not_picked":["Guardian:ShieldCharger","Guardian:VentSteam"],"picked":"Guardian:Clone","floor":12},{"not_picked":["Guardian:DecasProtection","Guardian:ShieldSpikes"],"picked":"Guardian:ChargeUp","floor":13},{"not_picked":["Guardian:VentSteam","Guardian:Gem_Crimson"],"picked":"Guardian:BodySlam","floor":13},{"not_picked":["Guardian:PolyBeam","Guardian:ShieldCharger"],"picked":"Guardian:Gem_Purple","floor":13},{"not_picked":["Guardian:Recover","Guardian:Reroute"],"picked":"Guardian:Gem_Cyan","floor":13},{"not_picked":["Guardian:Suspension","Guardian:RollAttack"],"picked":"Guardian:Gem_Purple","floor":13},{"not_picked":["Guardian:Gem_Lightblue","Guardian:Recover"],"picked":"Guardian:ShieldCharger","floor":13},{"not_picked":["Guardian:Gem_Lightblue","Guardian:Gem_Cyan","Guardian:CrystalBeam"],"picked":"SKIP","floor":15},{"not_picked":["Guardian:Gem_Synthetic","Guardian:BaubleBeam"],"picked":"Guardian:GemFire","floor":16},{"not_picked":["Guardian:TimeCapacitor+1","Guardian:Gem_Green","Guardian:ArmoredProtocol"],"picked":"SKIP","floor":20},{"not_picked":["Guardian:VentSteam","Guardian:GemFire"],"picked":"Guardian:PrismaticBeam+1","floor":23},{"not_picked":["Guardian:PrismaticBarrier","Guardian:PrimingBeam","Guardian:Clone"],"picked":"SKIP","floor":25},{"not_picked":["Guardian:PrismaticBarrier","Guardian:PrimingBeam","Guardian:Clone"],"picked":"SKIP","floor":25},{"not_picked":["Guardian:ChargeCore","Guardian:Preprogram"],"picked":"Guardian:BronzeArmor+1","floor":26},{"not_picked":["Guardian:DonusPower","Guardian:Repulse","Guardian:Planning"],"picked":"SKIP","floor":28},{"not_picked":["Guardian:PrimingBeam+1","Guardian:TimeCapacitor","Guardian:AncientConstruct"],"picked":"SKIP","floor":29},{"not_picked":["Guardian:CrystalBeam","Guardian:Gem_Green"],"picked":"Guardian:Gem_Purple","floor":30},{"not_picked":["Guardian:TemporalStrike+1","Guardian:PolyBeam"],"picked":"Guardian:DecasProtection+1","floor":31},{"not_picked":["Guardian:GuardianWhirl","Guardian:BodySlam"],"picked":"Guardian:Gem_White","floor":32},{"not_picked":["Guardian:StasisStrike","Guardian:HyperBeam_Guardian"],"picked":"Guardian:StasisField+1","floor":33},{"not_picked":["Guardian:Recover+1","Guardian:Harden+1"],"picked":"Guardian:Gem_Cyan","floor":36},{"not_picked":["Guardian:WalkerClaw","Guardian:Gem_Purple"],"picked":"Guardian:VentSteam+1","floor":37},{"not_picked":["Guardian:Recover+1","Guardian:PrimingBeam"],"picked":"Guardian:Orbwalk+1","floor":38},{"not_picked":["Guardian:GemFire","Guardian:Harden+1"],"picked":"Guardian:Gem_Crimson","floor":40},{"not_picked":["Guardian:CrystalBeam+1","Guardian:VentSteam+1"],"picked":"Guardian:PiercingHide+1","floor":42},{"not_picked":["Guardian:PiercingHide+1","Guardian:RollAttack","Guardian:PrimingBeam+1"],"picked":"SKIP","floor":44},{"not_picked":["Guardian:CrystalBeam+1","Guardian:MultiBeam+1"],"picked":"Guardian:Gem_Cyan","floor":47},{"not_picked":["Guardian:Gem_Cyan","Guardian:Reroute+1"],"picked":"Guardian:PiercingHide+1","floor":49},{"not_picked":["Guardian:WalkerClaw","Guardian:Incinerate+1"],"picked":"Guardian:ExploitGems+1","floor":52}],"player_experience":731493,"relics_obtained":[{"floor":6,"key":"Guardian:GemstoneGun"},{"floor":7,"key":"Lantern"},{"floor":24,"key":"White Beast Statue"},{"floor":29,"key":"Oddly Smooth Stone"},{"floor":31,"key":"Toxic Egg 2"},{"floor":39,"key":"The Courier"},{"floor":40,"key":"Meat on the Bone"},{"floor":41,"key":"Pear"},{"floor":44,"key":"Juzu Bracelet"},{"floor":47,"key":"Whetstone"},{"floor":52,"key":"Kunai"}],"event_choices":[{"damage_healed":0,"gold_gain":0,"player_choice":"Box","damage_taken":0,"relics_obtained":["Potion Belt"],"max_hp_gain":0,"max_hp_loss":0,"event_name":"Big Fish","floor":4,"gold_loss":0,"cards_obtained":["Regret"]},{"damage_healed":0,"gold_gain":0,"player_choice":"Got Potions","damage_taken":0,"max_hp_gain":0,"max_hp_loss":0,"event_name":"Lab","floor":10,"gold_loss":0},{"cards_removed":["Regret"],"damage_healed":0,"gold_gain":0,"player_choice":"Offered Curse","damage_taken":0,"relics_obtained":["Spirit Poop"],"max_hp_gain":0,"max_hp_loss":0,"event_name":"Bonfire Elementals","floor":14,"gold_loss":0},{"damage_healed":0,"gold_gain":0,"player_choice":"Ignored","damage_taken":0,"max_hp_gain":0,"max_hp_loss":0,"event_name":"Vampires","floor":21,"gold_loss":0},{"cards_removed":["Guardian:CurlUp"],"damage_healed":0,"gold_gain":0,"player_choice":"Removed Skill","damage_taken":0,"max_hp_gain":0,"max_hp_loss":0,"event_name":"Falling","floor":46,"gold_loss":0}],"is_beta":false,"boss_relics":[{"not_picked":["Calling Bell","Empty Cage"],"picked":"Pandora\u0027s Box"},{"not_picked":["SacredBark","Philosopher\u0027s Stone"],"picked":"Runic Pyramid"}],"items_purged_floors":[],"is_endless":false,"potions_floor_spawned":[2,5,11,16,25,26,28,29,30,31,32,33,36,37,38,40,42,44,47,49,52],"ascension_level":1}}