{"host":"iv5y6bhuaupt1dsk","time":1614151773,"event":{"mods":["BaseMod","Colored Powertips","Koishi","Minty Spire (QoL Compilation)","StSLib","The Cursed","The Druid","The Exalted","The Forsaken","The Hierophant","The Judge","The Servant 0.9.4"],"gold_per_floor":[113,7,7,7,23,56,76,76,76,107,119,194,204,236,236,332,332,352,370,115,115,134,134,134,134,161,161,86,120,120,134,134,234,234,250,350,250,250,53,53,73,73,73,73,103,122,122,140,140,140,140,140,65,91,91,91],"floor_reached":55,"language":"ENG","playtime":3174,"items_purged":["theForsaken:TheForsaken_Defend","theForsaken:TheForsaken_Strike","theForsaken:TheForsaken_Strike"],"score":756,"play_id":"1dabaf89-8a69-4818-9635-a30f13a66a3f","local_time":"20210223232933","is_ascension_mode":false,"campfire_choices":[{"data":"theForsaken:WrathOfGod+2","floor":8,"key":"SMITH"},{"data":"theForsaken:WrathOfGod+3","floor":15,"key":"SMITH"},{"data":"theForsaken:WrathOfGod+4","floor":23,"key":"SMITH"},{"data":"theForsaken:WrathOfGod+5","floor":25,"key":"SMITH"},{"data":"theForsaken:WrathOfGod+6","floor":30,"key":"SMITH"},{"data":"theForsaken:WrathOfGod+7","floor":32,"key":"SMITH"},{"data":"theForsaken:TearsOfSunlight","floor":40,"key":"SMITH"},{"floor":42,"key":"RECALL"},{"data":"theForsaken:WrathOfGod+8","floor":44,"key":"SMITH"},{"data":"theForsaken:WrathOfGod+9","floor":49,"key":"SMITH"},{"data":"theForsaken:WrathOfGod+10","floor":52,"key":"SMITH"}],"circlet_count":0,"master_deck":["theForsaken:TheForsaken_Strike+1","theForsaken:TheForsaken_Defend","theForsaken:TheForsaken_Defend","theForsaken:TheForsaken_Defend","theForsaken:Smite+1","theForsaken:Penitence","theForsaken:WrathOfGod+11","theForsaken:DefensiveStance","theForsaken:DesperatePlea","theForsaken:DivineGuidance","Mayhem","Decay","Bite","Bite","Bite","Bite","Bite","theForsaken:TearsOfSunlight+1","theForsaken:StoreUp+1","Secret Weapon","theForsaken:SpreadingPlague","theForsaken:DarkBarrier"],"relics":["theForsaken:JudgementScales","Thread and Needle","Bromod:ArcaneTempo","Mercury Hourglass","Bromod:ArcaneGrace","TungstenRod","theForsaken:ArmorOfThorns","Regal Pillow","Potion Belt","HornCleat"],"acts_visited":["Exordium","TheCity","TheBeyond","TheEnding"],"potions_floor_usage":[14,50,50,55,55,55],"damage_taken":[{"damage":6,"enemies":"Cultist","floor":1,"turns":3},{"damage":0,"enemies":"Jaw Worm","floor":5,"turns":3},{"damage":5,"enemies":"3 Sentries","floor":6,"turns":11},{"damage":0,"enemies":"Small Slimes","floor":7,"turns":5},{"damage":0,"enemies":"Lagavulin","floor":10,"turns":8},{"damage":3,"enemies":"Exordium Thugs","floor":11,"turns":6},{"damage":0,"enemies":"Large Slime","floor":13,"turns":4},{"damage":0,"enemies":"3 Sentries","floor":14,"turns":7},{"damage":2,"enemies":"Slime Boss","floor":16,"turns":11},{"damage":1,"enemies":"Chosen","floor":18,"turns":4},{"damage":0,"enemies":"Shell Parasite","floor":19,"turns":6},{"damage":8,"enemies":"Snecko","floor":22,"turns":4},{"damage":27,"enemies":"Gremlin Leader","floor":29,"turns":7},{"damage":3,"enemies":"Shelled Parasite and Fungi","floor":31,"turns":6},{"damage":32,"enemies":"Champ","floor":33,"turns":19},{"damage":49,"enemies":"3 Darklings","floor":35,"turns":7},{"damage":3,"enemies":"Orb Walker","floor":41,"turns":4},{"damage":59,"enemies":"Reptomancer","floor":45,"turns":9},{"damage":18,"enemies":"Sphere and 2 Shapes","floor":46,"turns":6},{"damage":37,"enemies":"Spire Growth","floor":48,"turns":6},{"damage":67,"enemies":"Awakened One","floor":50,"turns":12},{"damage":73,"enemies":"Shield and Spear","floor":54,"turns":10},{"damage":73,"enemies":"The Heart","floor":55,"turns":8}],"seed_played":"-6514267500283166447","potions_obtained":[{"floor":1,"key":"Fire Potion"},{"floor":6,"key":"Strength Potion"},{"floor":10,"key":"AttackPotion"},{"floor":14,"key":"Dexterity Potion"},{"floor":19,"key":"EssenceOfSteel"},{"floor":46,"key":"SneckoOil"},{"floor":54,"key":"SteroidPotion"}],"is_trial":false,"path_per_floor":["M","$","?","?","M","E","M","R","T","E","M","?","M","E","R","B",null,"M","M","$","?","M","R","$","R","T","?","?","E","R","M","R","B",null,"M","?","$","?","$","R","M","R","T","R","E","M","?","M","R","B",null,"R","$","E","B"],"character_chosen":"THE_FORSAKEN","items_purchased":["theForsaken:WrathOfGod","theForsaken:DefensiveStance","Mayhem","theForsaken:SpreadingPlague","theForsaken:DarkBarrier"],"campfire_rested":0,"item_purchase_floors":[2,2,20,39,53],"current_hp_per_floor":[59,59,46,46,49,49,54,54,54,54,60,49,49,54,54,64,65,65,67,67,67,59,59,59,59,59,59,59,66,66,67,67,47,67,62,62,62,62,62,62,66,66,66,66,71,73,73,55,55,71,75,75,75,24,0,0],"gold":91,"neow_bonus":"UPGRADE_CARD","is_daily":false,"chose_seed":false,"campfire_upgraded":10,"win_rate":0.0,"timestamp":1614151773,"path_taken":["M","$","?","?","M","E","M","R","T","E","M","?","M","E","R","BOSS","M","M","$","?","M","R","?","R","T","?","?","E","R","M","R","BOSS","M","?","?","?","$","R","?","R","T","R","E","M","?","M","R","BOSS","R","$","E","BOSS"],"items_purchased_type":["Card","Card","Card","Card","Card"],"build_version":"2020-12-22","purchased_purges":3,"victory":false,"max_hp_per_floor":[65,65,65,65,65,65,65,65,65,65,65,65,65,65,65,65,65,65,67,67,67,67,67,67,67,67,67,67,67,67,67,67,67,67,69,69,69,69,69,69,69,69,69,69,71,73,73,75,75,75,75,75,75,75,75,75],"card_choices":[{"not_picked":["theForsaken:Tranquility","theForsaken:FatRoll","theForsaken:CleansingLight"],"picked":"SKIP","floor":1},{"not_picked":["theForsaken:FuryStrikes","theForsaken:Eulogy","theForsaken:DarkBargain"],"picked":"SKIP","floor":5},{"not_picked":["theForsaken:BottledPlague","theForsaken:WrathOfGod","theForsaken:HealingLight"],"picked":"SKIP","floor":6},{"not_picked":["theForsaken:CreepingInfection","theForsaken:WardingHymn"],"picked":"theForsaken:DefensiveStance","floor":7},{"not_picked":["theForsaken:CorruptedWord","theForsaken:HymnOfRest"],"picked":"theForsaken:DesperatePlea","floor":10},{"not_picked":["theForsaken:WordOfPower","theForsaken:InspiringBlow","theForsaken:ShieldCharge"],"picked":"SKIP","floor":11},{"not_picked":["theForsaken:HymnOfPatience","theForsaken:LightRoll","theForsaken:RainingSunlight"],"picked":"SKIP","floor":13},{"not_picked":["theForsaken:HorrifyingStrike","theForsaken:WordsOfMight","theForsaken:WardingHymn"],"picked":"SKIP","floor":14},{"not_picked":["theForsaken:Confusion","theForsaken:CorruptDeck"],"picked":"theForsaken:DivineGuidance","floor":16},{"not_picked":["theForsaken:BountifulSunlight","theForsaken:ScorchingSunlight+1","theForsaken:Parry"],"picked":"SKIP","floor":18},{"not_picked":["theForsaken:ChargeAttack","theForsaken:PanicDive","theForsaken:Tranquility"],"picked":"SKIP","floor":19},{"not_picked":["theForsaken:Thunderbolt","theForsaken:Eulogy+1","theForsaken:ScorchingSunlight+1"],"picked":"SKIP","floor":22},{"not_picked":["theForsaken:WordsOfMight","theForsaken:LightRoll","theForsaken:CleansingLight"],"picked":"SKIP","floor":29},{"not_picked":["theForsaken:FuryStrikes","theForsaken:ScorchingSunlight+1","theForsaken:NobleSacrifice"],"picked":"SKIP","floor":31},{"not_picked":["theForsaken:Confusion","theForsaken:FountainOfLife"],"picked":"theForsaken:TearsOfSunlight","floor":33},{"not_picked":["theForsaken:BattleHymn+1","theForsaken:DarkBargain+1"],"picked":"theForsaken:StoreUp+1","floor":35},{"not_picked":["Good Instincts","PanicButton"],"picked":"Secret Weapon","floor":38},{"not_picked":["theForsaken:HymnOfPatience+1","theForsaken:FatRoll","theForsaken:PanicDive+1"],"picked":"SKIP","floor":41},{"not_picked":["theForsaken:Parry+1","theForsaken:WordsOfMight+1","theForsaken:Preservation+1"],"picked":"SKIP","floor":45},{"not_picked":["theForsaken:RainingSunlight","theForsaken:Eulogy+1","theForsaken:HorrifyingStrike"],"picked":"SKIP","floor":46},{"not_picked":["theForsaken:BindingThorns+1","theForsaken:NobleSacrifice","theForsaken:BlindFaith"],"picked":"SKIP","floor":48},{"not_picked":["theForsaken:ChargeAttack","theForsaken:Terrorize+1","theForsaken:ScorchingSunlight+1"],"picked":"SKIP","floor":54}],"player_experience":1520813,"relics_obtained":[{"floor":6,"key":"Thread and Needle"},{"floor":10,"key":"Bromod:ArcaneTempo"},{"floor":14,"key":"Mercury Hourglass"},{"floor":26,"key":"Blood Vial"},{"floor":29,"key":"TungstenRod"},{"floor":43,"key":"Regal Pillow"},{"floor":45,"key":"Potion Belt"},{"floor":54,"key":"HornCleat"}],"event_choices":[{"damage_healed":0,"gold_gain":0,"player_choice":"Entered Light","damage_taken":13,"max_hp_gain":0,"max_hp_loss":0,"event_name":"Shining Light","floor":3,"gold_loss":0,"cards_upgraded":["theForsaken:WrathOfGod","theForsaken:TheForsaken_Strike"]},{"damage_healed":0,"gold_gain":0,"player_choice":"Grow","damage_taken":0,"max_hp_gain":0,"max_hp_loss":0,"event_name":"Living Wall","floor":4,"gold_loss":0,"cards_upgraded":["theForsaken:WrathOfGod"]},{"damage_healed":0,"gold_gain":75,"player_choice":"Gather Gold","damage_taken":11,"max_hp_gain":0,"max_hp_loss":0,"event_name":"World of Goop","floor":12,"gold_loss":0},{"damage_healed":0,"gold_gain":0,"player_choice":"Cursed","damage_taken":0,"max_hp_gain":0,"max_hp_loss":0,"event_name":"Wheel of Change","floor":21,"gold_loss":0,"cards_obtained":["Decay"]},{"damage_healed":0,"gold_gain":0,"player_choice":"Became a vampire (Vial)","damage_taken":0,"max_hp_gain":0,"max_hp_loss":0,"event_name":"Vampires","floor":27,"relics_lost":["Blood Vial"],"gold_loss":0,"cards_obtained":["Bite","Bite","Bite","Bite","Bite"]},{"cards_removed":["theForsaken:TheForsaken_Strike"],"damage_healed":0,"gold_gain":0,"player_choice":"Gave Gold","damage_taken":0,"max_hp_gain":0,"max_hp_loss":0,"event_name":"Beggar","floor":28,"gold_loss":75},{"damage_healed":0,"gold_gain":100,"player_choice":"Pray","damage_taken":0,"max_hp_gain":0,"max_hp_loss":0,"event_name":"Golden Shrine","floor":36,"gold_loss":0},{"damage_healed":0,"gold_gain":0,"player_choice":"Memory 1","damage_taken":0,"max_hp_gain":0,"max_hp_loss":0,"event_name":"SensoryStone","floor":38,"gold_loss":0},{"cards_removed":["theForsaken:DefensiveStance"],"damage_healed":0,"gold_gain":0,"player_choice":"Removed Power","damage_taken":0,"max_hp_gain":0,"max_hp_loss":0,"event_name":"Falling","floor":47,"gold_loss":0}],"is_beta":false,"boss_relics":[{"not_picked":["SacredBark","Pandora\u0027s Box"],"picked":"Bromod:ArcaneGrace"},{"not_picked":["Fusion Hammer","Velvet Choker"],"picked":"theForsaken:ArmorOfThorns"}],"items_purged_floors":[20,37,39],"is_endless":false,"potions_floor_spawned":[1,6,10,14,16,19,22,35,41,46,54],"killed_by":"The Heart","ascension_level":0}}