{"host":"ibonnlq6s1c814xj","time":1614151502,"event":{"mods":["BaseMod","BetterRewards","Minty Spire (QoL Compilation)","Quick Restart","Shop Mod","[功能]功能增强和修复MOD","【遗物卡牌】REMEMod"],"gold_per_floor":[109,109,109,124,134,161,193,193,193,221,24,72,98,373,373,499,499,515,432,432],"floor_reached":19,"language":"ZHS","playtime":1146,"items_purged":["Rip and Tear","Aggregate+1","Strike_B","Decay"],"score":407,"play_id":"f482b5af-a9b9-4f06-a483-5416178694a0","local_time":"20210224152502","is_ascension_mode":true,"campfire_choices":[{"data":"Storm","floor":15,"key":"SMITH"}],"circlet_count":0,"master_deck":["Defend_B","Defend_B","Defend_B","Defend_B","Zap+1","Dualcast+1","Apotheosis+1","Storm+1","Chaos+1","Double Energy+1","Chill+1","Conserve Battery+1","HandOfGreedExtend","Storm+1","Buffer","Recycle+1","Conserve Battery+1","Defragment+1"],"relics":["Cracked Core","REME_ComplimentaryCards","Membership Card","Du-Vu Doll","Toxic Egg 2","MerchantsRug","Anchor","WingedGreaves","War Paint","Mercury Hourglass","Regal Pillow","REME_HandOfSuture","Shuriken","Strange Spoon","REME_PuzzleBoxRelic","Pen Nib","Astrolabe","Tiny Chest"],"acts_visited":["Exordium","TheCity"],"potions_floor_usage":[16,16,16,17],"damage_taken":[{"damage":0.0,"enemies":"2 Louse","floor":1.0,"turns":4.0},{"damage":0.0,"enemies":"Jaw Worm","floor":4.0,"turns":4.0},{"damage":0.0,"enemies":"Cultist","floor":5.0,"turns":3.0},{"damage":11.0,"enemies":"3 Sentries","floor":6.0,"turns":6.0},{"damage":0.0,"enemies":"Gremlin Nob","floor":7.0,"turns":3.0},{"damage":0.0,"enemies":"Lagavulin","floor":10.0,"turns":3.0},{"damage":0.0,"enemies":"Exordium Thugs","floor":12.0,"turns":2.0},{"damage":0.0,"enemies":"Gremlin Nob","floor":13.0,"turns":2.0},{"damage":12,"enemies":"Slime Boss","floor":16,"turns":6},{"damage":0,"enemies":"Chosen","floor":18,"turns":3}],"seed_played":"3988414703686516964","potions_obtained":[{"floor":5.0,"key":"Swift Potion"},{"floor":5.0,"key":"DistilledChaos"},{"floor":6.0,"key":"FocusPotion"},{"floor":6.0,"key":"AttackPotion"},{"floor":7.0,"key":"SkillPotion"},{"floor":7.0,"key":"ColorlessPotion"},{"floor":10.0,"key":"Ancient Potion"},{"floor":12.0,"key":"SkillPotion"},{"floor":13.0,"key":"SkillPotion"},{"floor":13.0,"key":"CultistPotion"},{"floor":16,"key":"REME_GoldPotion"},{"floor":18,"key":"Explosive Potion"}],"is_trial":false,"path_per_floor":["M","?","?","M","M","E","E","T","T","E","$","M","E","?","R","B",null,"M","$"],"character_chosen":"DEFECT","items_purchased":["Membership Card","Toxic Egg 2","MerchantsRug","Storm","Anchor","Strange Spoon","REME_PuzzleBoxRelic","HandOfGreedExtend","Tiny Chest"],"campfire_rested":0,"item_purchase_floors":[0,0,0,0,0,11,11,11,19],"current_hp_per_floor":[75,75,75,75,75,64,64,64,64,64,64,64,64,64,64,52,75,75,75,75],"gold":432,"neow_bonus":"","is_daily":false,"chose_seed":false,"campfire_upgraded":1,"win_rate":0.0,"timestamp":1614151502,"path_taken":["M","?","?","?","M","E","E","?","T","E","$","M","E","?","R","BOSS","M","$"],"items_purchased_type":["Relic","Relic","Relic","Card","Relic","Relic","Relic","Card","Relic"],"build_version":"2020-12-22","purchased_purges":4,"victory":false,"max_hp_per_floor":[75,75,75,75,75,75,75,75,75,75,75,75,75,75,75,75,75,75,75,75],"card_choices":[{"not_picked":["Scrape","Stack+1","Gash"],"picked":"SKIP","floor":1.0},{"not_picked":["Steam Power+1","Blizzard"],"picked":"Chaos+1","floor":4.0},{"not_picked":["Cold Snap","Conserve Battery+1"],"picked":"Double Energy+1","floor":5.0},{"not_picked":["Barrage","Hologram+1"],"picked":"Chill+1","floor":6.0},{"not_picked":["Undo+1","Compile Driver"],"picked":"Conserve Battery+1","floor":7.0},{"not_picked":["Beam Cell","Stack+1","Gash"],"picked":"SKIP","floor":10.0},{"not_picked":["Stack+1","Undo+1","Amplify+1"],"picked":"SKIP","floor":12.0},{"not_picked":["Lockon","Coolheaded+1"],"picked":"Storm","floor":13.0},{"not_picked":["Machine Learning","Biased Cognition"],"picked":"Buffer","floor":16},{"not_picked":["Self Repair","REME_DataAnalysis"],"picked":"Defragment+1","floor":18}],"player_experience":193996,"relics_obtained":[{"floor":6.0,"key":"War Paint"},{"floor":7.0,"key":"Mercury Hourglass"},{"floor":8.0,"key":"Regal Pillow"},{"floor":9.0,"key":"REME_HandOfSuture"},{"floor":10.0,"key":"Shuriken"},{"floor":13.0,"key":"Pen Nib"}],"event_choices":[{"damage_healed":0.0,"max_hp_gain":0.0,"max_hp_loss":0.0,"gold_gain":0.0,"event_name":"Living Wall","player_choice":"Grow","floor":2.0,"gold_loss":0.0,"damage_taken":0.0,"cards_upgraded":["Apotheosis"]},{"damage_healed":0.0,"max_hp_gain":0.0,"max_hp_loss":0.0,"gold_gain":0.0,"event_name":"Upgrade Shrine","player_choice":"Upgraded","floor":3.0,"gold_loss":0.0,"damage_taken":0.0,"cards_upgraded":["Storm"]},{"damage_healed":0,"gold_gain":275,"player_choice":"Desecrate","damage_taken":0,"max_hp_gain":0,"max_hp_loss":0,"event_name":"Golden Shrine","floor":14,"gold_loss":0,"cards_obtained":["Regret"]}],"is_beta":false,"boss_relics":[{"not_picked":["Snecko Eye","Sozu"],"picked":"Astrolabe"}],"items_purged_floors":[0,0,11,19],"is_endless":false,"potions_floor_spawned":[5,5,6,6,7,7,10,12,13,13,16,18],"ascension_level":2}}