{"host":"zcytydgb505ghzux","time":1614200650,"event":{"mods":["Act Like it!","BaseMod","Colored Powertips","Downfall","Halation","Highlight Path","Hubris","Infinite Spire","Jorbs\u0027s Wanderer Trilogy","Marisa????????","Minty Spire (QoL Compilation)","Replay The Spire","StSLib","The Construct","The Mystic","The Wild Card"],"gold_per_floor":[119,149,165,165,117,142,156,156,156,156,167,182,196,208,208,304,304,320,320,320,320,330,357,357,371,394,404,435,435,159,159,159,258,258,273,273,125,195,207,241,257,271,271,271,290,290,290,300,300,395,395,399,699,725,753,716,746,758,778,790,802,804,820,832,844,856,950,962,965,977,992,1004,1016,1034,1069,1078,1090,1102,1114,1138,1150,1165,1239,1313,1325,1325,1337,1388,1400,1412,1424,1533,1545,1557,1669,1781,1818,1830,1956,1940,2119,2131,2290,2302,2414,1746,1862,1862,1989,1989,1989,1989,1989,2132,2289,2439,2439,2667,2667,2841,2841,2601,2601,2779,2974,3157,3157,3157,3157,3363,3593,3593,3818,3818,3809,3809],"floor_reached":135,"language":"ENG","playtime":8767,"items_purged":["theWildCard:BasicStrike"],"score":3451,"play_id":"a70c7d23-c6d0-4216-bb29-ec0a05640128","local_time":"20210224160410","is_ascension_mode":false,"campfire_choices":[{"floor":8.0,"key":"DIG"},{"data":"theWildCard:Arsene","floor":15.0,"key":"PURGE"},{"floor":29.0,"key":"DIG"},{"floor":32.0,"key":"REST"},{"floor":46.0,"key":"DIG"},{"data":"theWildCard:PowerOfTheArcana","floor":49.0,"key":"SMITH"},{"floor":93,"key":"DIG"},{"data":"theWildCard:BasicStrike","floor":108,"key":"PURGE"},{"floor":117,"key":"DIG"},{"data":"infinitespire:SevenWalls","floor":129,"key":"SMITH"},{"data":"theWildCard:Attunement","floor":132,"key":"SMITH"},{"floor":134,"key":"DIG"}],"circlet_count":0,"master_deck":["theWildCard:BasicStrike+1","theWildCard:BasicStrike","theWildCard:BasicDefend","theWildCard:BasicDefend","theWildCard:BasicDefend","theWildCard:BasicDefend","theWildCard:CallToAdventure","theWildCard:StalwartBlade+1","theWildCard:StalwartBlade","theWildCard:Patience+1","theWildCard:FinalHour","theWildCard:Patience+1","theWildCard:MagicMettle+1","theWildCard:BladeOfGenerations","theWildCard:Providence+1","theWildCard:ChangingDestiny+1","theWildCard:MasterPlan","theWildCard:PowerOfTheArcana+1","theWildCard:FinalHour","theWildCard:EnergizedStroke+1","theWildCard:Patience+1","theWildCard:Abstinence","theWildCard:Salvation","theWildCard:StingingStrike","theWildCard:FuelForTheFire","theWildCard:Providence+1","theWildCard:Abstinence+1","Good Instincts","theWildCard:MagicalMight","theWildCard:StingingStrike","theWildCard:ArchaicAssault+1","theWildCard:SeveringSlash","infinitespire:Execution","Writhe","hubris:DuctTapeCard","theWildCard:Abstinence","theWildCard:Abstinence","infinitespire:SevenWalls+1","hubris:InfiniteBlow+2","theWildCard:Attunement+1","theWildCard:EnergizedStroke","Defy Death"],"relics":["theWildCard:VelvetContract","NeowsBlessing","Replay:Multitool","Ancient Tea Set","Replay:Kaleidoscope","halation:SelfBoilingWater","Sundial","halation:Prosthetics","halation:EternalFortune","theWildCard:FigureOfDeath","Replay:Wax Seal","Tiny Chest","Anchor","infinitespire:Lucky Rock","infinitespire:Magic Flask","Medical Kit","SlaversCollar","Shuriken","infinitespire:PuzzleCube","FossilizedHelix","hubris:SlimyHat","hubris:ScarierMask","Old Coin","MawBank","halation:AfternoonTea","Regal Pillow","hubris:DuctTape","Replay:Bottled Eggs","Question Card","Pen Nib","Gremlin Horn","Toy Ornithopter","halation:WeightlessCrab","Blue Candle","Replay:Mystery Machine","Prayer Wheel","infinitespire:EvilPickle","Bag of Marbles","Pear","Orichalcum","Oddly Smooth Stone","ReplayTheSpireMod:Lightbulb","ChewingGum","halation:LostSnail","halation:OrihimeAndHikoboshiSamaAndTears","Ornamental Fan","Incense Burner","Mercury Hourglass","Mummified Hand","construct:ClawGrip","Pet Ghost","infinitespire:Eraser","Bronze Scales","Black Star","hubris:DisguiseKit","Chameleon Ring","hubris:CuriousFeather","Dream Catcher","Happy Flower","halation:KoshaPiece","War Paint","Whetstone"],"acts_visited":["Exordium","TheCity","TheBeyond","Exordium","TheCity","TheBeyond","Exordium","TheCity"],"potions_floor_usage":[96,96,96,96,99],"damage_taken":[{"damage":0.0,"enemies":"Cultist","floor":1.0,"turns":1.0},{"damage":0.0,"enemies":"Small Slimes","floor":3.0,"turns":1.0},{"damage":0.0,"enemies":"3 Sentries","floor":6.0,"turns":2.0},{"damage":0.0,"enemies":"Jaw Worm","floor":7.0,"turns":3.0},{"damage":0.0,"enemies":"Gremlin Gang","floor":11.0,"turns":7.0},{"damage":0.0,"enemies":"Blue Slaver","floor":12.0,"turns":4.0},{"damage":0.0,"enemies":"3 Louse","floor":13.0,"turns":2.0},{"damage":0.0,"enemies":"Red Slaver","floor":14.0,"turns":2.0},{"damage":59.0,"enemies":"Fading Forest","floor":16.0,"turns":11.0},{"damage":0.0,"enemies":"Spheric Guardian","floor":18.0,"turns":3.0},{"damage":0.0,"enemies":"2 Thieves","floor":22.0,"turns":3.0},{"damage":5.0,"enemies":"Gremlin Leader","floor":23.0,"turns":12.0},{"damage":0.0,"enemies":"Cultist and Chosen","floor":25.0,"turns":4.0},{"damage":0.0,"enemies":"Snecko","floor":27.0,"turns":4.0},{"damage":0.0,"enemies":"Nightmare","floor":28.0,"turns":6.0},{"damage":11.0,"enemies":"hubris:MusketHawk","floor":33.0,"turns":10.0},{"damage":5.0,"enemies":"3 Darklings","floor":35.0,"turns":10.0},{"damage":0.0,"enemies":"3 Shapes","floor":39.0,"turns":5.0},{"damage":0.0,"enemies":"Giant Head","floor":40.0,"turns":7.0},{"damage":0.0,"enemies":"Spire Growth","floor":41.0,"turns":7.0},{"damage":0.0,"enemies":"Maw","floor":42.0,"turns":10.0},{"damage":0.0,"enemies":"3 Darklings","floor":45.0,"turns":6.0},{"damage":0.0,"enemies":"Writhing Mass","floor":48.0,"turns":6.0},{"damage":0.0,"enemies":"infinitespire:MassOfShapes","floor":50.0,"turns":21.0},{"damage":0.0,"enemies":"Small Slimes","floor":52.0,"turns":2.0},{"damage":0.0,"enemies":"2 Louse","floor":55.0,"turns":1.0},{"damage":0.0,"enemies":"Gremlin Nob","floor":57.0,"turns":6.0},{"damage":0.0,"enemies":"Cultist","floor":59.0,"turns":3.0},{"damage":0.0,"enemies":"Large Slime","floor":62.0,"turns":7.0},{"damage":0.0,"enemies":"Red Slaver","floor":63.0,"turns":3.0},{"damage":0.0,"enemies":"Slime Boss","floor":67.0,"turns":5.0},{"damage":0.0,"enemies":"Chosen","floor":69.0,"turns":6.0},{"damage":0.0,"enemies":"3 Byrds","floor":71.0,"turns":4.0},{"damage":0.0,"enemies":"Book of Stabbing","floor":74.0,"turns":5.0},{"damage":0.0,"enemies":"Snake Plant","floor":76.0,"turns":5.0},{"damage":0.0,"enemies":"Gremlin Leader","floor":80.0,"turns":3.0},{"damage":13.0,"enemies":"Sentry and Sphere","floor":82.0,"turns":4.0},{"damage":0.0,"enemies":"Pondfish","floor":84.0,"turns":7.0},{"damage":0,"enemies":"3 Darklings","floor":86,"turns":7},{"damage":0,"enemies":"2 Orb Walkers","floor":88,"turns":4},{"damage":0,"enemies":"Nightmare","floor":92,"turns":6},{"damage":0,"enemies":"3 Shapes","floor":95,"turns":4},{"damage":33,"enemies":"Transient","floor":96,"turns":5},{"damage":32,"enemies":"R_Hoarder","floor":99,"turns":7},{"damage":0,"enemies":"R_Hoarder","floor":100,"turns":7},{"damage":31,"enemies":"Time Eater","floor":101,"turns":14},{"damage":0,"enemies":"Small Slimes","floor":103,"turns":1},{"damage":0,"enemies":"Cultist","floor":107,"turns":3},{"damage":3,"enemies":"Lagavulin","floor":109,"turns":6},{"damage":0,"enemies":"2 Louse","floor":114,"turns":1},{"damage":0,"enemies":"Replay:BlueRogue","floor":115,"turns":3},{"damage":0,"enemies":"Blue Slaver","floor":116,"turns":2},{"damage":0,"enemies":"Hexaghost","floor":118,"turns":5},{"damage":0,"enemies":"3 Byrds","floor":120,"turns":3},{"damage":0,"enemies":"Spheric Guardian","floor":124,"turns":2},{"damage":0,"enemies":"Replay:Snechameleon","floor":125,"turns":4},{"damage":0,"enemies":"3 Cultists","floor":126,"turns":4},{"damage":0,"enemies":"Sentry and Sphere","floor":130,"turns":2},{"damage":0,"enemies":"Gremlin Leader","floor":131,"turns":5},{"damage":0,"enemies":"Chosen and Byrds","floor":133,"turns":4},{"damage":0,"enemies":"Champ","floor":135,"turns":2}],"seed_played":"-4104174361794870107","potions_obtained":[{"floor":11.0,"key":"champ:CounterPotion"},{"floor":16.0,"key":"DuplicationPotion"},{"floor":25.0,"key":"infinitespire:BlackPotion"},{"floor":27.0,"key":"BlessingOfTheForge"},{"floor":39.0,"key":"Fire Potion"},{"floor":40.0,"key":"hexamod:SoulburnPotion"},{"floor":45.0,"key":"EssenceOfSteel"},{"floor":50.0,"key":"Weak Potion"},{"floor":52.0,"key":"Block Potion"},{"floor":57.0,"key":"sneckomod:MuddlingPotion"},{"floor":69.0,"key":"Milkshake"},{"floor":86,"key":"EntropicBrew"},{"floor":91,"key":"Dexterity Potion"},{"floor":91,"key":"AttackPotion"},{"floor":96,"key":"SteroidPotion"},{"floor":99,"key":"SteroidPotion"},{"floor":101,"key":"Milkshake"},{"floor":118,"key":"Energy Potion"}],"is_trial":false,"path_per_floor":["M","?","M","T","$","E","M","R","T","R","M","M","M","M","R","B",null,"M","?","AVR","?","M","E","?","M","T","M","NM","R","$","?","R","B",null,"M","?","$","T","M","E","M","M","T","R","M","R","$","M","R","B",null,"M","?","T","M","?","E","?","M","T","?","M","M","T","T","R","B",null,"M","?","M","AVR","$","E","T","M","T","?","?","E","$","M","R","B",null,"M","T","?","$","?","R","NM","R","T","M","M","T","$","E","R","B",null,"M","?","?","$","M","R","E","T","T","AVR","?","M","E","M","R","B",null,"M","?","$","T","M","E","M","?","T","R","M","E","R","M","R","B"],"character_chosen":"THE_WILD_CARD","items_purchased":["theWildCard:Patience","Medical Kit","theWildCard:Salvation","theWildCard:StingingStrike","theWildCard:Abstinence+1","Good Instincts","halation:LostSnail","halation:OrihimeAndHikoboshiSamaAndTears","theWildCard:Abstinence","Ornamental Fan","hubris:DisguiseKit"],"campfire_rested":1,"item_purchase_floors":[5,30,30,30,37,37,106,106,106,106,122],"current_hp_per_floor":[60,45,45,45,45,45,45,45,45,60,60,60,60,60,60,32,25,25,28,28,28,28,28,28,28,28,28,28,28,28,16,28,23,28,28,28,28,28,28,31,31,31,31,31,31,31,31,31,31,31,31,31,31,31,31,31,31,28,31,31,31,31,31,31,31,31,31,31,31,28,28,28,28,28,28,28,28,23,23,28,28,27,27,28,28,28,28,28,28,28,28,28,38,38,38,37,37,37,35,38,38,38,38,38,38,38,41,41,41,41,41,41,16,28,41,41,41,41,41,41,41,41,41,41,41,41,36,36,36,38,46,46,46,46,46,46],"gold":3809,"neow_bonus":"THREE_ENEMY_KILL","is_daily":false,"chose_seed":false,"campfire_upgraded":3,"win_rate":0.0,"timestamp":1614200650,"path_taken":["M","?","M","?","$","E","M","R","T","R","M","?","?","M","R","BOSS","M","?","AVR","?","M","E","?","M","T","?","NM","R","$","?","R","BOSS","M","?","$","?","M","E","M","M","T","R","?","R","?","M","R","BOSS","M","?","?","M","?","E","?","M","T","?","M","M","?","?","R","BOSS","M","?","M","AVR","?","E","?","M","T","?","?","E","?","M","R","BOSS","M","?","?","$","?","R","NM","R","T","M","?","?","?","E","R","BOSS","M","?","?","$","M","R","E","?","T","AVR","?","?","E","M","R","BOSS","M","?","$","?","M","E","M","?","T","R","M","E","R","M","R","BOSS"],"items_purchased_type":["Card","Relic","Card","Card","Card","Card","Relic","Relic","Card","Relic","Relic"],"build_version":"2020-12-22","purchased_purges":1,"victory":false,"max_hp_per_floor":[60,60,60,60,60,60,60,60,60,60,60,60,60,60,60,60,25,25,28,28,28,28,28,28,28,28,28,28,28,28,28,28,28,28,28,28,28,28,28,31,31,31,31,31,31,31,31,31,31,31,31,31,31,31,31,31,31,31,31,31,31,31,31,31,31,31,31,31,31,28,28,28,28,28,28,28,28,28,28,28,28,28,28,28,28,28,28,28,28,28,28,28,38,38,38,38,38,38,38,38,38,38,38,38,38,38,41,41,41,41,41,41,41,41,41,41,41,41,41,41,41,41,41,41,41,41,46,46,46,46,46,46,46,46,46,46],"card_choices":[{"not_picked":["theWildCard:UnendingRitual","theWildCard:Proficiency"],"picked":"theWildCard:StalwartBlade","floor":1.0},{"not_picked":["theWildCard:ArcanaArtistry","theWildCard:SeveringSlash"],"picked":"theWildCard:Scathach","floor":2.0},{"not_picked":["theWildCard:Polydeuces","theWildCard:StingingStrike"],"picked":"theWildCard:StalwartBlade","floor":3.0},{"not_picked":["theWildCard:Overwhelm","theWildCard:ArcanaArtistry"],"picked":"theWildCard:FinalHour","floor":6.0},{"not_picked":["theWildCard:Sakuya","theWildCard:StingingStrike"],"picked":"theWildCard:Patience","floor":7.0},{"not_picked":["theWildCard:Sakuya","theWildCard:StalwartBlade"],"picked":"theWildCard:MagicMettle","floor":11.0},{"not_picked":["theWildCard:Michael","theWildCard:SeveringSlash"],"picked":"theWildCard:BladeOfGenerations","floor":12.0},{"not_picked":["theWildCard:MagicMettle","theWildCard:ArcaneArts"],"picked":"theWildCard:Providence","floor":13.0},{"not_picked":["theWildCard:Loki","theWildCard:StingingStrike","theWildCard:ShieldOfMany"],"picked":"SKIP","floor":14.0},{"not_picked":["theWildCard:Ruination","theWildCard:Thanatos"],"picked":"theWildCard:ChangingDestiny","floor":16.0},{"not_picked":["theWildCard:SacrificialStroke","theWildCard:Michael"],"picked":"theWildCard:MasterPlan","floor":18.0},{"not_picked":["theWildCard:Alice+1","theWildCard:Polydeuces"],"picked":"theWildCard:PowerOfTheArcana","floor":22.0},{"not_picked":["theWildCard:Polydeuces","theWildCard:Odin"],"picked":"theWildCard:FinalHour","floor":23.0},{"not_picked":["theWildCard:MasterPlan","theWildCard:EnergyTheft"],"picked":"theWildCard:EnergizedStroke+1","floor":25.0},{"not_picked":["theWildCard:Polydeuces","theWildCard:StingingStrike"],"picked":"theWildCard:Patience","floor":27.0},{"not_picked":["theWildCard:Proficiency+1","theWildCard:Patience"],"picked":"theWildCard:Abstinence","floor":28.0},{"not_picked":["theWildCard:Amaterasu","theWildCard:TheArcanaUnleashed"],"picked":"theWildCard:FuelForTheFire","floor":33.0},{"not_picked":["theWildCard:Sakuya+1","theWildCard:ArcanaArtistry"],"picked":"theWildCard:Providence+1","floor":35.0},{"not_picked":["theWildCard:UnderLockAndKey","theWildCard:MagicMettle+1"],"picked":"theWildCard:MagicalMight","floor":39.0},{"not_picked":["theWildCard:MaskChange+1","theWildCard:ManOfManyFaces+1","theWildCard:Michael+1"],"picked":"SKIP","floor":40.0},{"not_picked":["theWildCard:Salvation+1","theWildCard:UnderLockAndKey+1"],"picked":"theWildCard:StingingStrike","floor":41.0},{"not_picked":["theWildCard:TheGreatSeal+1","theWildCard:Proficiency"],"picked":"theWildCard:ArchaicAssault+1","floor":42.0},{"not_picked":["theWildCard:SacrificialStroke+1","theWildCard:StingingStrike+1"],"picked":"theWildCard:SeveringSlash","floor":45.0},{"not_picked":["theWildCard:Scathach","theWildCard:StalwartBlade+1","theWildCard:Ruination"],"picked":"SKIP","floor":48.0},{"not_picked":["theWildCard:ShieldOfMany","theWildCard:StingingStrike","theWildCard:Proficiency"],"picked":"SKIP","floor":52.0},{"not_picked":["theWildCard:StingingStrike","theWildCard:MagicMettle","theWildCard:TheGreatSeal"],"picked":"SKIP","floor":55.0},{"not_picked":["theWildCard:CryOfAgony","theWildCard:TheArcanaUnleashed","theWildCard:Metatron"],"picked":"SKIP","floor":57.0},{"not_picked":["theWildCard:StingingStrike","theWildCard:SacrificialStroke","theWildCard:PowerOfTheArcana"],"picked":"SKIP","floor":59.0},{"not_picked":["theWildCard:Michael","theWildCard:ArcaneArts","theWildCard:PaleRider"],"picked":"SKIP","floor":62.0},{"not_picked":["theWildCard:MagicMettle","theWildCard:Patience","theWildCard:Unburden"],"picked":"SKIP","floor":63.0},{"not_picked":["infinitespire:FinalStrike","infinitespire:Gouge"],"picked":"infinitespire:Execution","floor":68.0},{"not_picked":["theWildCard:Unburden+1","theWildCard:Sakuya","theWildCard:UnendingRitual+1","theWildCard:Proficiency"],"picked":"SKIP","floor":69.0},{"not_picked":["theWildCard:EnergizedStroke","theWildCard:Unburden","theWildCard:FuelForTheFire","theWildCard:BladeOfGenerations+1"],"picked":"SKIP","floor":71.0},{"not_picked":["theWildCard:PowerOfTheArcana+1","theWildCard:ArchaicAssault+1","theWildCard:Sakuya","theWildCard:ArcaneArts"],"picked":"SKIP","floor":74.0},{"not_picked":["theWildCard:PowerOfTheArcana+1","theWildCard:ArchaicAssault+1","theWildCard:Sakuya","theWildCard:ArcaneArts"],"picked":"SKIP","floor":74.0},{"not_picked":["theWildCard:Polydeuces","theWildCard:ArcaneArts","theWildCard:SeveringSlash","theWildCard:Proficiency"],"picked":"SKIP","floor":76.0},{"not_picked":["theWildCard:Unburden","theWildCard:IdentityTheft","theWildCard:Polydeuces","theWildCard:SacrificialStroke"],"picked":"SKIP","floor":80.0},{"not_picked":["theWildCard:Odin","theWildCard:PowerOfTheArcana+1","theWildCard:ManOfManyFaces","theWildCard:EnergyTheft"],"picked":"SKIP","floor":82.0},{"not_picked":["theWildCard:ArcaneArts","theWildCard:ArcanaArtistry","theWildCard:SacrificialStroke","theWildCard:MaskChange"],"picked":"SKIP","floor":86},{"not_picked":["theWildCard:Unburden","theWildCard:ArcaneArts","theWildCard:ShieldOfMany+1","theWildCard:Metatron+1"],"picked":"SKIP","floor":92},{"not_picked":["theWildCard:IdentityTheft+1","theWildCard:Scathach+1","theWildCard:Alice","theWildCard:MagicalMight"],"picked":"SKIP","floor":95},{"not_picked":["theWildCard:ArcanaArtistry+1","theWildCard:SeveringSlash","theWildCard:MaskChange+1","theWildCard:StingingStrike+1"],"picked":"SKIP","floor":95},{"not_picked":["theWildCard:ArchaicAssault+1","theWildCard:Michael","theWildCard:StingingStrike","theWildCard:Polydeuces+1"],"picked":"SKIP","floor":96},{"not_picked":["theWildCard:SacrificialStroke","theWildCard:ArcaneArts","theWildCard:StingingStrike","theWildCard:UnendingRitual+1"],"picked":"SKIP","floor":96},{"not_picked":["theWildCard:Satanael","theWildCard:EnergizedStroke","theWildCard:PaleRider","theWildCard:MagicalMight"],"picked":"SKIP","floor":99},{"not_picked":["theWildCard:Salvation","theWildCard:PowerOfTheArcana","theWildCard:ArcaneArts"],"picked":"theWildCard:Abstinence","floor":103},{"not_picked":["theWildCard:MaskChange","theWildCard:SacrificialStroke","theWildCard:UnderLockAndKey","theWildCard:ArcaneArts"],"picked":"SKIP","floor":103},{"not_picked":["theWildCard:MaskChange","theWildCard:SacrificialStroke","theWildCard:UnderLockAndKey","theWildCard:ArcaneArts"],"picked":"SKIP","floor":103},{"not_picked":["theWildCard:EnergizedStroke","theWildCard:StingingStrike","theWildCard:TheArcanaUnleashed","theWildCard:BladeOfGenerations"],"picked":"SKIP","floor":107},{"not_picked":["theWildCard:ShieldOfMany","theWildCard:ArcanaArtistry","theWildCard:SeveringSlash","theWildCard:Salvation"],"picked":"SKIP","floor":107},{"not_picked":["theWildCard:SeveringSlash","theWildCard:Safeguard","theWildCard:FinalHour","theWildCard:TheGreatSeal"],"picked":"SKIP","floor":109},{"not_picked":["theWildCard:PaleRider","theWildCard:EnergizedStroke","theWildCard:StalwartBlade","theWildCard:Sakuya"],"picked":"SKIP","floor":114},{"not_picked":["theWildCard:Proficiency","theWildCard:StingingStrike","theWildCard:TheGreatSeal","theWildCard:Providence"],"picked":"SKIP","floor":114},{"not_picked":["theWildCard:PowerOfTheArcana","theWildCard:Loki","theWildCard:MagicalMight","theWildCard:Odin"],"picked":"SKIP","floor":115},{"not_picked":["theWildCard:MagicMettle","theWildCard:ArcaneArts","theWildCard:PowerOfTheArcana"],"picked":"theWildCard:Attunement","floor":116},{"not_picked":["theWildCard:SeveringSlash","theWildCard:Salvation","theWildCard:ArcanaArtistry","theWildCard:Alice"],"picked":"SKIP","floor":116},{"not_picked":["theWildCard:SeveringSlash","theWildCard:StingingStrike","theWildCard:BladeOfGenerations"],"picked":"theWildCard:EnergizedStroke","floor":120},{"not_picked":["theWildCard:MaskChange","theWildCard:PowerOfTheArcana","theWildCard:Patience","theWildCard:ArchaicAssault"],"picked":"SKIP","floor":120},{"not_picked":["theWildCard:MaskChange","theWildCard:PowerOfTheArcana","theWildCard:Patience","theWildCard:ArchaicAssault"],"picked":"SKIP","floor":120},{"not_picked":["theWildCard:Sakuya+1","theWildCard:StingingStrike","theWildCard:Providence","theWildCard:BladeOfGenerations"],"picked":"Defy Death","floor":124},{"not_picked":["theWildCard:Sakuya","theWildCard:Providence","theWildCard:EnergizedStroke","theWildCard:ArcaneArts","Clash"],"picked":"SKIP","floor":124},{"not_picked":["theWildCard:Sakuya","theWildCard:Providence","theWildCard:EnergizedStroke","theWildCard:ArcaneArts","Clash"],"picked":"SKIP","floor":124},{"not_picked":["theWildCard:EnergyTheft+1","theWildCard:ShieldOfMany","theWildCard:Unburden+1","theWildCard:Proficiency","Reckless Charge"],"picked":"SKIP","floor":125},{"not_picked":["theWildCard:MasterPlan","theWildCard:ManOfManyFaces","theWildCard:Loki+1","theWildCard:ArchaicAssault","Cleave"],"picked":"SKIP","floor":126},{"not_picked":["theWildCard:MagicMettle","theWildCard:Sakuya+1","theWildCard:MaskChange","theWildCard:StalwartBlade","Twin Strike"],"picked":"SKIP","floor":126},{"not_picked":["theWildCard:BladeOfGenerations","theWildCard:ArcaneArts","theWildCard:Impatience","theWildCard:StingingStrike","hubris:StunningStrike"],"picked":"SKIP","floor":130},{"not_picked":["theWildCard:StingingStrike","theWildCard:AllOutAttack","theWildCard:MagicMettle","theWildCard:UnderLockAndKey","Replay:Undeath\u0027s Touch"],"picked":"SKIP","floor":130},{"not_picked":["theWildCard:PaleRider","theWildCard:ArcaneArts+1","theWildCard:Odin","theWildCard:Patience+1","Battle Trance"],"picked":"SKIP","floor":131},{"not_picked":["theWildCard:Amaterasu","theWildCard:Proficiency","theWildCard:StalwartBlade","theWildCard:SeveringSlash","hubris:SharpeningStone"],"picked":"SKIP","floor":133},{"not_picked":["theWildCard:UnderLockAndKey","theWildCard:Patience","theWildCard:Salvation","theWildCard:StalwartBlade","Thunderclap"],"picked":"SKIP","floor":133}],"player_experience":80850,"relics_obtained":[{"floor":2.0,"key":"Replay:Multitool"},{"floor":4.0,"key":"Ancient Tea Set"},{"floor":6.0,"key":"Replay:Kaleidoscope"},{"floor":8.0,"key":"halation:SelfBoilingWater"},{"floor":9.0,"key":"Sundial"},{"floor":23.0,"key":"Replay:Wax Seal"},{"floor":26.0,"key":"Anchor"},{"floor":28.0,"key":"infinitespire:Lucky Rock"},{"floor":29.0,"key":"infinitespire:Magic Flask"},{"floor":38.0,"key":"Shuriken"},{"floor":40.0,"key":"halation:EternalFortune"},{"floor":40.0,"key":"infinitespire:PuzzleCube"},{"floor":43.0,"key":"FossilizedHelix"},{"floor":46.0,"key":"hubris:SlimyHat"},{"floor":54.0,"key":"MawBank"},{"floor":57.0,"key":"halation:AfternoonTea"},{"floor":60.0,"key":"hubris:DuctTape"},{"floor":64.0,"key":"Replay:Bottled Eggs"},{"floor":65.0,"key":"Question Card"},{"floor":66.0,"key":"Pen Nib"},{"floor":74.0,"key":"Gremlin Horn"},{"floor":75.0,"key":"Toy Ornithopter"},{"floor":77.0,"key":"halation:WeightlessCrab"},{"floor":88,"key":"Prayer Wheel"},{"floor":92,"key":"Bag of Marbles"},{"floor":93,"key":"Pear"},{"floor":94,"key":"Orichalcum"},{"floor":97,"key":"Oddly Smooth Stone"},{"floor":99,"key":"ReplayTheSpireMod:Lightbulb"},{"floor":107,"key":"halation:EternalFortune"},{"floor":109,"key":"Incense Burner"},{"floor":110,"key":"Mercury Hourglass"},{"floor":111,"key":"Mummified Hand"},{"floor":115,"key":"infinitespire:Eraser"},{"floor":117,"key":"Bronze Scales"},{"floor":123,"key":"Chameleon Ring"},{"floor":125,"key":"hubris:CuriousFeather"},{"floor":125,"key":"Dream Catcher"},{"floor":128,"key":"Happy Flower"},{"floor":131,"key":"halation:KoshaPiece"},{"floor":131,"key":"War Paint"},{"floor":134,"key":"Whetstone"}],"event_choices":[{"damage_healed":0.0,"max_hp_gain":0.0,"max_hp_loss":0.0,"gold_gain":0.0,"event_name":"Ghosts","player_choice":"Ignored","floor":21.0,"gold_loss":0.0,"damage_taken":0.0},{"damage_healed":0.0,"max_hp_gain":0.0,"max_hp_loss":0.0,"gold_gain":0.0,"event_name":"WeMeetAgain","player_choice":"Gave Potion","floor":24.0,"gold_loss":0.0,"damage_taken":0.0,"relics_obtained":["Tiny Chest"]},{"damage_healed":0.0,"max_hp_gain":0.0,"max_hp_loss":0.0,"gold_gain":0.0,"event_name":"Knowing Skull","player_choice":"CARD ","floor":31.0,"potions_obtained":[],"gold_loss":0.0,"damage_taken":12.0,"cards_obtained":["PanicButton"]},{"cards_removed":["PanicButton"],"damage_healed":0.0,"max_hp_gain":0.0,"max_hp_loss":0.0,"gold_gain":0.0,"event_name":"Purifier","player_choice":"Purged","floor":44.0,"gold_loss":0.0,"damage_taken":0.0},{"damage_healed":0.0,"max_hp_gain":0.0,"max_hp_loss":0.0,"gold_gain":0.0,"event_name":"WeMeetAgain","player_choice":"Gave Potion","floor":53.0,"gold_loss":0.0,"damage_taken":0.0,"relics_obtained":["Old Coin"]},{"damage_healed":0.0,"max_hp_gain":0.0,"max_hp_loss":0.0,"gold_gain":0.0,"event_name":"World of Goop","player_choice":"Left Gold","floor":56.0,"gold_loss":49.0,"damage_taken":0.0},{"damage_healed":0.0,"max_hp_gain":0.0,"max_hp_loss":0.0,"gold_gain":0.0,"event_name":"Scrap Ooze","player_choice":"Success","floor":58.0,"gold_loss":0.0,"damage_taken":3.0,"relics_obtained":["Regal Pillow"]},{"damage_healed":0.0,"max_hp_gain":0.0,"max_hp_loss":0.0,"gold_gain":0.0,"event_name":"Shining Light","player_choice":"Ignored","floor":61.0,"gold_loss":0.0,"damage_taken":0.0},{"damage_healed":0.0,"max_hp_gain":0.0,"max_hp_loss":0.0,"gold_gain":0.0,"event_name":"Wheel of Change","player_choice":"Relic","floor":66.0,"gold_loss":0.0,"damage_taken":0.0},{"cards_removed":["Parasite"],"damage_healed":0.0,"max_hp_gain":0.0,"max_hp_loss":0.0,"gold_gain":0.0,"event_name":"Fountain of Cleansing","player_choice":"Removed Curses","floor":70.0,"gold_loss":0.0,"damage_taken":0.0},{"damage_healed":0.0,"max_hp_gain":0.0,"max_hp_loss":0.0,"gold_gain":0.0,"event_name":"The Mausoleum","player_choice":"Opened","floor":79.0,"gold_loss":0.0,"damage_taken":0.0,"relics_obtained":["Replay:Mystery Machine"],"cards_obtained":["Writhe"]},{"damage_healed":0,"gold_gain":0,"player_choice":"Fight","damage_taken":0,"max_hp_gain":0,"max_hp_loss":0,"event_name":"Mysterious Sphere","floor":88,"gold_loss":0},{"damage_healed":0,"gold_gain":0,"player_choice":"Ignored","damage_taken":0,"max_hp_gain":0,"max_hp_loss":0,"event_name":"SecretPortal","floor":90,"gold_loss":0},{"damage_healed":0,"gold_gain":100,"player_choice":"Gold","damage_taken":0,"max_hp_gain":0,"max_hp_loss":0,"event_name":"Wheel of Change","floor":105,"gold_loss":0},{"damage_healed":0,"gold_gain":0,"player_choice":"Success","damage_taken":25,"relics_obtained":["Pet Ghost"],"max_hp_gain":0,"max_hp_loss":0,"event_name":"Scrap Ooze","floor":113,"gold_loss":0},{"damage_healed":0,"gold_gain":0,"player_choice":"Shed Blood","damage_taken":10,"max_hp_gain":5,"max_hp_loss":0,"event_name":"Forgotten Altar","floor":127,"gold_loss":0}],"is_beta":false,"boss_relics":[{"not_picked":["halation:MonkeysPaw","bronze:MakeshiftBattery"],"picked":"halation:Prosthetics"},{"not_picked":["Runic Pyramid","hubris:RunicObelisk"],"picked":"SlaversCollar"},{"not_picked":["Coffee Dripper","SacredBark"],"picked":"hubris:ScarierMask"},{"not_picked":["halation:HeavySnake","hubris:BlackHole","Runic Dome"]},{"not_picked":["hubris:TerracottaHorce","Busted Crown","halation:PinkAlligatorPlush"]},{"not_picked":["Coffee Dripper","Pandora\u0027s Box"],"picked":"ChewingGum"},{"not_picked":["halation:SmartPhone","Replay:Grab Bag"],"picked":"Black Star"}],"items_purged_floors":[20],"is_endless":true,"potions_floor_spawned":[11,16,25,27,39,40,45,50,52,57,63,69,74,80,86,96,99,101,114,118,124,125,126],"killed_by":"Champ","ascension_level":0}}