{"host":"3dgd3gfmqutz6web","time":1614156605,"event":{"mods":["Aspiration","BaseMod","BetterRewards","Downfall","Minty Spire (QoL Compilation)","Replay The Spire","Shop Mod","Spikes Relics","StSLib"],"gold_per_floor":[99,99,99,99,84,100,100,112,143,143,143,43,63,48,68,169,169,169,182,196,196,206,223,223,257,257,269,269,286,286,301,312,409,409,309,325,337,337,355,390,390,390,390,400,413,224,224,224,224],"floor_reached":47,"language":"ENG","playtime":1612,"items_purged":[],"score":579,"play_id":"4256ffc2-59d1-465d-b663-f81cc8d6ded1","local_time":"20210224005005","is_ascension_mode":false,"campfire_choices":[{"floor":1,"key":"RECALL"},{"floor":10,"key":"REST"},{"data":"champ:FocusedBerserking","floor":12,"key":"SMITH"},{"data":"champ:StrikeOfGenius","floor":18,"key":"SMITH"},{"floor":28,"key":"REST"},{"floor":35,"key":"REST"},{"floor":43,"key":"REST"}],"circlet_count":0,"master_deck":["champ:Strike","champ:Strike","champ:Strike","champ:Strike+1","champ:Defend","champ:Defend","champ:Defend","champ:Defend","champ:Execute","champ:Taunt","Doubt","champ:CrownThrow","champ:AdrenalArmor","champ:FocusedBerserking+1","champ:FanOfKnives","champ:DeathBlow","champ:FocusedBerserking","champ:StrikeOfGenius+1","champ:HeartStrike","champ:FanOfKnives+1","champ:GutPunch","champ:BladeFlurry","champ:BringItOn+1","champ:TripleStrike","champ:EnGarde+1","champ:GutPunch","champ:IgnorePain","champ:RapidStrikes+1","champ:CalledShot","champ:RisingSlash+1","champ:FocusedBerserking","expansioncontent:Hexaburn","expansioncontent:PolyBeam","expansioncontent:PolyBeam","champ:CrookedStrike+1","champ:StanceDance+1","champ:Shatter+1"],"relics":["champ:ChampionCrown","ReplayTheSpireMod:Ring of Exchange","Ring of Searing","PreservedInsect","Vajra","Bag of Marbles","downfall:HeartBlessingRed","aspiration:PoetsPen_weak","Kunai","Regal Pillow","Fusion Hammer","downfall:HeartBlessingBlue","Gremlin Food","Garlic","Pear","Replay:Bottled Steam"],"acts_visited":["Exordium","TheCity","TheBeyond"],"potions_floor_usage":[16,23,32,39,47],"damage_taken":[{"damage":30,"enemies":"downfall:FleeingMerchant","floor":5,"turns":4},{"damage":15,"enemies":"2 Louse","floor":6,"turns":2},{"damage":15,"enemies":"Small Slimes","floor":8,"turns":2},{"damage":46,"enemies":"Gremlin Nob","floor":9,"turns":4},{"damage":23,"enemies":"Jaw Worm","floor":13,"turns":3},{"damage":60,"enemies":"downfall:FleeingMerchant","floor":14,"turns":4},{"damage":21,"enemies":"Lots of Slimes","floor":15,"turns":4},{"damage":109,"enemies":"DF_ARCHETYPE_STREAMLINE","floor":16,"turns":9},{"damage":42,"enemies":"Shell Parasite","floor":19,"turns":3},{"damage":65,"enemies":"Chosen","floor":20,"turns":5},{"damage":30,"enemies":"Snecko","floor":22,"turns":4},{"damage":22,"enemies":"Shelled Parasite and Fungi","floor":23,"turns":2},{"damage":5,"enemies":"Slavers","floor":25,"turns":1},{"damage":10,"enemies":"3 Cultists","floor":27,"turns":2},{"damage":25,"enemies":"Cultist and Chosen","floor":29,"turns":4},{"damage":1,"enemies":"Snecko","floor":31,"turns":3},{"damage":61,"enemies":"3 Cultists","floor":32,"turns":4},{"damage":79,"enemies":"WA_ARCHETYPE_CALM","floor":33,"turns":8},{"damage":25,"enemies":"Orb Walker","floor":36,"turns":1},{"damage":29,"enemies":"3 Darklings","floor":37,"turns":2},{"damage":27,"enemies":"Jaw Worm Horde","floor":39,"turns":3},{"damage":55,"enemies":"Reptomancer","floor":40,"turns":3},{"damage":27,"enemies":"Sphere and 2 Shapes","floor":44,"turns":1},{"damage":27,"enemies":"Spire Growth","floor":45,"turns":2},{"damage":15,"enemies":"downfall:FleeingMerchant","floor":46,"turns":3},{"damage":142,"enemies":"Nemesis","floor":47,"turns":4}],"seed_played":"-3970539472343266924","potions_obtained":[{"floor":9,"key":"Elixir"},{"floor":13,"key":"Fire Potion"},{"floor":16,"key":"Death Potion"},{"floor":23,"key":"Fire Potion"},{"floor":25,"key":"Guardian:BlockOnCardUsePotion"},{"floor":32,"key":"Swift Potion"},{"floor":40,"key":"Explosive Potion"}],"is_trial":false,"path_per_floor":["R","?","?","?","$","M","T","M","E","R","T","R","M","$","M","B",null,"R","M","M","?","M","M","T","E","?","M","R","M","T","M","M","B",null,"R","M","M","?","M","E","T","?","R","M","M","$","E"],"character_chosen":"THE_CHAMP","items_purchased":["Pear","Replay:Bottled Steam"],"campfire_rested":4,"item_purchase_floors":[46,46],"current_hp_per_floor":[99,99,99,104,94,89,89,84,53,84,84,84,81,66,60,7,104,104,87,67,67,47,35,35,35,35,35,81,76,76,75,54,25,104,114,114,105,105,93,53,53,43,92,65,58,68,0,0,0],"gold":224,"neow_bonus":"TEN_PERCENT_HP_BONUS","is_daily":false,"chose_seed":false,"campfire_upgraded":2,"win_rate":0.0,"timestamp":1614156605,"path_taken":["R","?","?","?","?","M","T","?","E","R","?","R","M","$","M","BOSS","R","M","M","?","M","M","T","E","?","M","R","M","?","M","M","BOSS","R","M","M","?","M","E","T","?","R","M","M","$","E"],"items_purchased_type":["Relic","Relic"],"build_version":"2020-12-22","purchased_purges":0,"victory":false,"max_hp_per_floor":[99,99,99,104,104,104,104,104,104,104,104,104,104,104,104,104,104,104,104,104,104,104,104,104,104,104,104,104,104,104,104,104,104,104,114,114,114,114,114,114,114,114,114,114,114,124,124,124,124],"card_choices":[{"not_picked":["champ:PreemptiveStrike","champ:FanOfKnives"],"picked":"champ:CrownThrow","floor":5},{"not_picked":["champ:DefensiveShout","champ:EnragedBash"],"picked":"champ:BerserkersShout","floor":6},{"not_picked":["champ:GladiatorStyle","champ:FalseCounter"],"picked":"champ:AdrenalArmor","floor":8},{"not_picked":["champ:Encircle","champ:PreciseThrust"],"picked":"champ:FocusedBerserking","floor":9},{"not_picked":["champ:Backstep","champ:RisingSlash"],"picked":"champ:FanOfKnives","floor":13},{"not_picked":["champ:Haymaker","champ:EndlessRage"],"picked":"champ:DeathBlow","floor":14},{"not_picked":["champ:FlashCut","champ:EnGarde"],"picked":"champ:FocusedBerserking","floor":15},{"not_picked":["champ:UltimateStance","champ:MurderStrike"],"picked":"champ:StrikeOfGenius","floor":16},{"not_picked":["champ:TornadoPunch","champ:Circumvent+1"],"picked":"champ:HeartStrike","floor":19},{"not_picked":["champ:Haymaker","champ:AdrenalArmor"],"picked":"champ:FanOfKnives+1","floor":20},{"not_picked":["champ:FlashCut","champ:HeartStrike"],"picked":"champ:GutPunch","floor":22},{"not_picked":["champ:DeathBlow+1","champ:Parry"],"picked":"champ:BladeFlurry","floor":23},{"not_picked":["champ:PreciseThrust","champ:CrownThrow","champ:Circumvent"],"picked":"SKIP","floor":25},{"not_picked":["champ:RecklessLeap","champ:FlashCut+1"],"picked":"champ:BringItOn+1","floor":27},{"not_picked":["champ:Duel","champ:CrookedStrike"],"picked":"champ:TripleStrike","floor":29},{"not_picked":["champ:EnragedBash","champ:Encircle"],"picked":"champ:EnGarde+1","floor":31},{"not_picked":["champ:FaceSlap","champ:SetATrap"],"picked":"champ:GutPunch","floor":32},{"not_picked":["champ:GladiatorForm","champ:VampiricStrike"],"picked":"champ:IgnorePain","floor":33},{"not_picked":["champ:EndlessRage","champ:TornadoPunch"],"picked":"champ:RapidStrikes+1","floor":36},{"not_picked":["champ:BringItOn+1","champ:PreciseThrust+1"],"picked":"champ:CalledShot","floor":37},{"not_picked":["champ:Lariat","champ:DefensiveShout+1"],"picked":"champ:RisingSlash+1","floor":39},{"not_picked":["champ:RapidStrikes","champ:SteelEdge"],"picked":"champ:FocusedBerserking","floor":40},{"not_picked":["expansioncontent:InvincibleStrength","expansioncontent:YouAreMine"],"picked":"expansioncontent:Hexaburn","floor":42},{"not_picked":["expansioncontent:Hexaburn","Replay:SS_fish_1"],"picked":"expansioncontent:PolyBeam","floor":42},{"not_picked":["expansioncontent:Hexaburn","expansioncontent:GuardianWhirl"],"picked":"expansioncontent:PolyBeam","floor":42},{"not_picked":["champ:Backstep","champ:Haymaker+1"],"picked":"champ:CrookedStrike+1","floor":44},{"not_picked":["champ:EnGarde","champ:Haymaker"],"picked":"champ:StanceDance+1","floor":45},{"not_picked":["champ:Circumvent+1","champ:VampiricStrike"],"picked":"champ:Shatter+1","floor":46}],"player_experience":253395,"relics_obtained":[{"floor":3,"key":"ReplayTheSpireMod:Ring of Exchange"},{"floor":3,"key":"Ring of Searing"},{"floor":7,"key":"PreservedInsect"},{"floor":9,"key":"Vajra"},{"floor":11,"key":"Bag of Marbles"},{"floor":24,"key":"Kunai"},{"floor":25,"key":"Regal Pillow"},{"floor":40,"key":"Gremlin Food"},{"floor":41,"key":"Garlic"}],"event_choices":[{"damage_healed":0,"gold_gain":0,"player_choice":"Donut","damage_taken":0,"max_hp_gain":5,"max_hp_loss":0,"event_name":"Big Fish","floor":4,"gold_loss":0},{"damage_healed":0,"gold_gain":0,"player_choice":"Ignored","damage_taken":0,"max_hp_gain":0,"max_hp_loss":0,"event_name":"Vampires","floor":21,"gold_loss":0},{"cards_removed":["champ:BerserkersShout"],"damage_healed":0,"gold_gain":0,"player_choice":"Removed Skill","damage_taken":0,"max_hp_gain":0,"max_hp_loss":0,"event_name":"Falling","floor":38,"gold_loss":0}],"is_beta":false,"boss_relics":[{"not_picked":["Replay:Grab Bag","Replay:Bronze Core"],"picked":"aspiration:PoetsPen_weak"},{"not_picked":["Orrery","Runic Pyramid"],"picked":"Fusion Hammer"}],"items_purged_floors":[],"is_endless":false,"potions_floor_spawned":[9,13,16,23,25,27,31,32,33,36,40],"killed_by":"Nemesis","ascension_level":0}}