{"host":"ufhw4cf0hh51lveu","time":1614148336,"event":{"mods":["BaseMod","DeckTracker","Lobotomy","Minty Spire (QoL Compilation)","SuperFastMode"],"gold_per_floor":[117,66,86,102,48,48,48,67,92,92,112,140,65,80,80,183,233,252,252,252,270,287,287,301,52,52,52,52,52,62,62,62,62,62],"floor_reached":33,"language":"KOR","playtime":737,"items_purged":["Strike_B","Defend_B"],"score":272,"play_id":"9cd3e5a4-d4a6-445f-a759-08e9640d830f","local_time":"20210224153216","is_ascension_mode":false,"campfire_choices":[{"data":"Cold Snap","floor":7,"key":"SMITH"},{"floor":15,"key":"REST"},{"data":"Electrodynamics","floor":23,"key":"SMITH"},{"floor":27,"key":"RECALL"},{"floor":29,"key":"REST"},{"data":"Defragment","floor":32,"key":"SMITH"}],"circlet_count":0,"master_deck":["Defend_B+1","Defend_B","Defend_B","Zap","Dualcast","Cold Snap+1","Cold Snap","Coolheaded","Lockon","Electrodynamics+1","Streamline","Bite","Bite","Bite","Bite","Bite","Capacitor","Coolheaded","Defragment+1","Coolheaded+1"],"relics":["Cracked Core","Nunchaku","Pen Nib","Ancient Tea Set","Mango","Tiny House","Regal Pillow","Pantograph"],"acts_visited":["Exordium","TheCity"],"potions_floor_usage":[12,16,21,22,30,30,30,30,33],"damage_taken":[{"damage":5,"enemies":"2 Louse","floor":1,"turns":3},{"damage":0,"enemies":"Cultist","floor":3,"turns":2},{"damage":6,"enemies":"Jaw Worm","floor":4,"turns":3},{"damage":4,"enemies":"Looter","floor":8,"turns":3},{"damage":6,"enemies":"3 Louse","floor":11,"turns":4},{"damage":13,"enemies":"Gremlin Nob","floor":12,"turns":4},{"damage":0,"enemies":"Exordium Wildlife","floor":14,"turns":4},{"damage":27,"enemies":"Slime Boss","floor":16,"turns":15},{"damage":11,"enemies":"Shell Parasite","floor":18,"turns":6},{"damage":4,"enemies":"Chosen","floor":21,"turns":4},{"damage":33,"enemies":"Snake Plant","floor":22,"turns":3},{"damage":29,"enemies":"Sentry and Sphere","floor":24,"turns":5},{"damage":23,"enemies":"Cultist and Chosen","floor":30,"turns":5},{"damage":109,"enemies":"Automaton","floor":33,"turns":12}],"seed_played":"4207104943272294585","potions_obtained":[{"floor":1,"key":"Ancient Potion"},{"floor":3,"key":"LiquidMemories"},{"floor":16,"key":"FearPotion"},{"floor":17,"key":"EssenceOfSteel"},{"floor":18,"key":"FearPotion"},{"floor":22,"key":"GamblersBrew"},{"floor":24,"key":"EntropicBrew"}],"is_trial":false,"path_per_floor":["M","$","M","M","$","?","R","M","T","?","M","E","$","M","R","B",null,"M","?","?","M","M","R","M","$","T","R","?","R","M","$","R","B"],"character_chosen":"DEFECT","items_purchased":["Cold Snap","Coolheaded","Regal Pillow"],"campfire_rested":2,"item_purchase_floors":[2,5,25],"current_hp_per_floor":[70,70,70,64,64,57,57,53,53,53,47,48,48,48,74,47,94,83,65,65,61,30,30,11,11,11,11,11,45,32,32,32,0,0],"gold":62,"neow_bonus":"RANDOM_COMMON_RELIC","is_daily":false,"chose_seed":false,"campfire_upgraded":3,"win_rate":0.0,"timestamp":1614148336,"path_taken":["M","$","M","M","$","?","R","M","T","?","?","E","$","M","R","BOSS","M","?","?","M","M","R","M","$","T","R","?","R","M","?","R","BOSS"],"items_purchased_type":["Card","Card","Relic"],"build_version":"2020-12-22","purchased_purges":2,"victory":false,"max_hp_per_floor":[75,75,75,75,75,75,75,75,75,75,75,89,89,89,89,89,94,94,65,65,65,65,65,65,65,65,65,65,65,65,65,65,65,65],"card_choices":[{"not_picked":["Reprogram","Gash","Auto Shields"],"picked":"SKIP","floor":1},{"not_picked":["Turbo","Force Field","Rebound"],"picked":"SKIP","floor":3},{"not_picked":["Fusion","Hologram"],"picked":"Cold Snap","floor":4},{"not_picked":["Rebound","Tempest","Self Repair"],"picked":"SKIP","floor":8},{"not_picked":["Self Repair","BootSequence"],"picked":"Lockon","floor":11},{"not_picked":["Reinforced Body","Rebound","Compile Driver"],"picked":"SKIP","floor":12},{"not_picked":["Recycle","Hologram","Multi-Cast"],"picked":"SKIP","floor":14},{"not_picked":["Seek","Fission"],"picked":"Electrodynamics","floor":16},{"not_picked":["Self Repair","Fusion"],"picked":"Streamline","floor":18},{"not_picked":["White Noise","Hello World"],"picked":"Capacitor","floor":21},{"not_picked":["Steam","Chaos+1","Auto Shields"],"picked":"SKIP","floor":22},{"not_picked":["Go for the Eyes+1","Leap"],"picked":"Coolheaded","floor":24},{"not_picked":["Force Field+1","Reprogram+1"],"picked":"Coolheaded+1","floor":30}],"player_experience":77371,"relics_obtained":[{"floor":9,"key":"Ancient Tea Set"},{"floor":12,"key":"Mango"},{"floor":26,"key":"Pantograph"}],"event_choices":[{"damage_healed":0,"gold_gain":0,"player_choice":"Success","damage_taken":7,"relics_obtained":["Pen Nib"],"max_hp_gain":0,"max_hp_loss":0,"event_name":"Scrap Ooze","floor":6,"gold_loss":0},{"damage_healed":0,"gold_gain":0,"player_choice":"Ignored","damage_taken":0,"max_hp_gain":0,"max_hp_loss":0,"event_name":"NoteForYourself","floor":10,"gold_loss":0},{"damage_healed":0,"gold_gain":0,"player_choice":"Became a vampire","damage_taken":0,"max_hp_gain":0,"max_hp_loss":29,"event_name":"Vampires","floor":19,"gold_loss":0,"cards_obtained":["Bite","Bite","Bite","Bite","Bite"]},{"damage_healed":0,"gold_gain":0,"player_choice":"Ignored","damage_taken":0,"max_hp_gain":0,"max_hp_loss":0,"event_name":"Ghosts","floor":20,"gold_loss":0},{"damage_healed":0,"gold_gain":0,"player_choice":"Read","damage_taken":0,"max_hp_gain":0,"max_hp_loss":0,"event_name":"The Library","floor":28,"gold_loss":0,"cards_obtained":["Defragment"]}],"is_beta":false,"boss_relics":[{"not_picked":["Black Star","SacredBark"],"picked":"Tiny House"}],"items_purged_floors":[13,25],"is_endless":false,"potions_floor_spawned":[1,3,16,18,22,24],"killed_by":"Automaton","ascension_level":0}}