{"host":"leaz4ay2evvu5l18","time":1614201619,"event":{"mods":["BaseMod","Colored Map","Downfall","Minty Spire (QoL Compilation)","StSLib"],"gold_per_floor":[99,115,115,115,215,215,289,320,320,334,117,146,146,146,158,254,254,254,271,287,300,317,317,317,337,337,350,350,383,397,407,427,529,529,529,542,542,542,266,283,283,283,311,19,19,48,48,64,77,77],"floor_reached":51,"language":"ENG","playtime":5855,"items_purged":["Slimebound:Strike_Slimebound","Slimebound:Defend_Slimebound"],"score":803,"play_id":"3b7404fe-4631-470e-8246-66b10a889eeb","local_time":"20210224212019","is_ascension_mode":true,"campfire_choices":[{"data":"Slimebound:Split","floor":1.0,"key":"SMITH"},{"data":"Slimebound:Defend_Slimebound","floor":6.0,"key":"SMITH"},{"data":"Slimebound:BestDefense","floor":9.0,"key":"SMITH"},{"data":"Slimebound:LevelUp","floor":13.0,"key":"SMITH"},{"data":"Slimebound:TagTeam","floor":18.0,"key":"SMITH"},{"data":"Slimebound:Repurpose","floor":23.0,"key":"SMITH"},{"data":"Slimebound:RollThrough","floor":26.0,"key":"SMITH"},{"data":"Slimebound:GoopTackle","floor":28.0,"key":"SMITH"},{"data":"Slimebound:Teamwork","floor":35.0,"key":"SMITH"},{"data":"expansioncontent:HyperBeam","floor":42,"key":"SMITH"},{"data":"Slimebound:Teamwork","floor":45,"key":"SMITH"},{"data":"Slimebound:Teamwork","floor":47,"key":"SMITH"}],"circlet_count":0,"master_deck":["Slimebound:Tackle","Slimebound:Defend_Slimebound+1","Slimebound:Defend_Slimebound","Slimebound:Defend_Slimebound","Slimebound:Split+1","Slimebound:CorrosiveSpit+1","Slimebound:RallyTheTroops","Slimebound:SplitLeeching","Slimebound:SplitMire","Slimebound:FlameTackle","Slimebound:BestDefense+1","Slimebound:SlimeSpikes","Slimebound:GoopTackle+1","Slimebound:LevelUp+1","Slimebound:SlimeSpikes","Slimebound:Prepare","Slimebound:Repurpose+1","Slimebound:GoopSpray","Slimebound:SplitAcid","Slimebound:TagTeam+1","Slimebound:LeechingTouch","Slimebound:SlimeSpikes+1","Slimebound:RollThrough+1","Slimebound:Prepare+1","Slimebound:SplitMire","Slimebound:LeadByExample","Slimebound:SamplingLick+1","Slimebound:ComboTackle+1","Slimebound:Teamwork+1","Slimebound:HauntingLick+1","expansioncontent:HyperBeam+1","Slimebound:Teamwork+1","Slimebound:PressTheAttack+1","Slimebound:ServeAndProtect+1","Slimebound:MegaLick+1","Sadistic Nature","Slimebound:SplitMire","Slimebound:Teamwork+1","Slimebound:ComboTackle+1","Slimebound:ForwardTackle+1"],"relics":["Slimebound:AbsorbEndCombatUpgraded","downfall:ShatteredFragment","Letter Opener","White Beast Statue","PreservedInsect","Red Mask","Cursed Key","Question Card","Juzu Bracelet","Slimebound:SelfDamagePreventRelic","Bag of Preparation"],"acts_visited":["Exordium","TheCity","TheBeyond"],"potions_floor_usage":[50,50,50],"damage_taken":[{"damage":1.0,"enemies":"Small Slimes","floor":2.0,"turns":4.0},{"damage":26.0,"enemies":"downfall:Heads","floor":5.0,"turns":7.0},{"damage":5.0,"enemies":"3 Sentries","floor":8.0,"turns":5.0},{"damage":1.0,"enemies":"Jaw Worm","floor":10.0,"turns":3.0},{"damage":8.0,"enemies":"downfall:FleeingMerchant","floor":11.0,"turns":4.0},{"damage":0.0,"enemies":"Lagavulin","floor":12.0,"turns":5.0},{"damage":0.0,"enemies":"Cultist","floor":15.0,"turns":3.0},{"damage":11.0,"enemies":"WA_ARCHETYPE_RETAIN","floor":16.0,"turns":3.0},{"damage":20.0,"enemies":"downfall:LooterAlt2","floor":19.0,"turns":3.0},{"damage":3.0,"enemies":"Shell Parasite","floor":20.0,"turns":4.0},{"damage":14.0,"enemies":"Snake Plant","floor":21.0,"turns":3.0},{"damage":17.0,"enemies":"Sentry and Sphere","floor":22.0,"turns":4.0},{"damage":21.0,"enemies":"Shelled Parasite and Fungi","floor":25.0,"turns":3.0},{"damage":3.0,"enemies":"Cultist and Chosen","floor":27.0,"turns":4.0},{"damage":4.0,"enemies":"Masked Bandits","floor":29.0,"turns":3.0},{"damage":2.0,"enemies":"Snecko","floor":30.0,"turns":4.0},{"damage":8.0,"enemies":"Snake Plant","floor":31.0,"turns":2.0},{"damage":3.0,"enemies":"Centurion and Healer","floor":32.0,"turns":4.0},{"damage":27.0,"enemies":"IC_MUSHROOM_ARCHETYPE","floor":33.0,"turns":5.0},{"damage":14.0,"enemies":"3 Darklings","floor":36.0,"turns":3.0},{"damage":8.0,"enemies":"downfall:FleeingMerchant","floor":39.0,"turns":4.0},{"damage":0.0,"enemies":"Orb Walker","floor":40.0,"turns":2.0},{"damage":14,"enemies":"Reptomancer","floor":43,"turns":4},{"damage":0,"enemies":"downfall:FleeingMerchant","floor":44,"turns":1},{"damage":0,"enemies":"Giant Head","floor":46,"turns":4},{"damage":0,"enemies":"3 Darklings","floor":48,"turns":3},{"damage":6,"enemies":"Writhing Mass","floor":49,"turns":4},{"damage":28,"enemies":"DF_ARCHETYPE_ORBS","floor":50,"turns":5}],"seed_played":"4906311419581445916","potions_obtained":[{"floor":8.0,"key":"bronze:BurnAndBuffPotion"},{"floor":10.0,"key":"Energy Potion"},{"floor":11.0,"key":"SpeedPotion"},{"floor":12.0,"key":"FearPotion"},{"floor":15.0,"key":"Fruit Juice"},{"floor":16.0,"key":"hexamod:SoulburnPotion"},{"floor":19.0,"key":"bronze:BurnAndBuffPotion"},{"floor":20.0,"key":"Fire Potion"},{"floor":21.0,"key":"BlessingOfTheForge"},{"floor":22.0,"key":"AttackPotion"},{"floor":25.0,"key":"SkillPotion"},{"floor":27.0,"key":"Regen Potion"},{"floor":29.0,"key":"PowerPotion"},{"floor":30.0,"key":"DistilledChaos"},{"floor":31.0,"key":"SpeedPotion"},{"floor":32.0,"key":"Slimebound:SlimedPotion"},{"floor":33.0,"key":"champ:CounterPotion"},{"floor":36.0,"key":"Swift Potion"},{"floor":40.0,"key":"Weak Potion"},{"floor":44,"key":"DistilledChaos"},{"floor":48,"key":"Slimebound:ThreeZeroPotion"},{"floor":49,"key":"Strength Potion"}],"is_trial":false,"path_per_floor":["R","M","?","?","?","R","T","E","R","M","$","E","R","?","M","B",null,"R","M","M","M","M","R","T","M","R","M","R","?","M","M","M","B",null,"R","M","?","?","$","M","T","R","E","$","R","E","R","M","M","B",null],"character_chosen":"SLIMEBOUND","items_purchased":["Slimebound:LevelUp","Slimebound:SlimeSpikes","Question Card","Slimebound:SelfDamagePreventRelic","Sadistic Nature","Slimebound:SplitMire","Slimebound:Teamwork"],"campfire_rested":0,"item_purchase_floors":[11,11,39,44,44,44,44],"current_hp_per_floor":[65,65,70,52,30,30,30,33,33,40,40,44,44,44,53,48,75,75,61,73,65,57,57,57,45,45,57,57,59,63,58,67,55,75,75,67,62,62,69,75,75,75,70,70,70,75,75,75,75,53],"gold":77,"neow_bonus":"ONE_RANDOM_RARE_CARD","is_daily":false,"chose_seed":false,"campfire_upgraded":12,"win_rate":0.0,"timestamp":1614201619,"path_taken":["R","M","?","?","?","R","T","E","R","M","?","E","R","?","M","BOSS","R","M","M","M","?","R","T","M","R","M","R","?","M","M","M","BOSS","R","M","?","?","$","M","T","R","E","?","R","E","R","M","M","BOSS"],"items_purchased_type":["Card","Card","Relic","Relic","Card","Card","Card"],"build_version":"2020-12-22","purchased_purges":2,"victory":true,"max_hp_per_floor":[65,65,70,70,70,70,70,70,70,70,70,70,70,70,75,75,75,75,75,75,75,75,75,75,75,75,75,75,75,75,75,75,75,75,75,75,75,75,75,75,75,75,75,75,75,75,75,75,75,75],"card_choices":[{"not_picked":["Slimebound:PressTheAttack","Slimebound:LivingWall"],"picked":"Slimebound:SplitLeeching","floor":2.0},{"not_picked":["Slimebound:LivingWall","Slimebound:ItLooksTasty"],"picked":"Slimebound:SplitMire","floor":5.0},{"not_picked":["Slimebound:Grow","Slimebound:SplitLeeching"],"picked":"Slimebound:BestDefense","floor":8.0},{"not_picked":["Slimebound:TongueLash","Slimebound:SplitMire"],"picked":"Slimebound:SlimeSpikes","floor":10.0},{"not_picked":["Slimebound:FormOfPuddle","Slimebound:SamplingLick"],"picked":"Slimebound:GoopTackle","floor":11.0},{"not_picked":["Slimebound:Grow","Slimebound:Recycling"],"picked":"Slimebound:Prepare","floor":12.0},{"not_picked":["Slimebound:SamplingLick","Slimebound:SlimeSpikes"],"picked":"Slimebound:SplitAcid","floor":15.0},{"not_picked":["Slimebound:OozeBath","Slimebound:RallyTheTroops"],"picked":"Slimebound:TagTeam","floor":16.0},{"not_picked":["Slimebound:SplitMire","Slimebound:SamplingLick"],"picked":"Slimebound:LeechingTouch","floor":19.0},{"not_picked":["Slimebound:MegaLick","Slimebound:SplitBruiser"],"picked":"Slimebound:SlimeSpikes+1","floor":20.0},{"not_picked":["Slimebound:SlimeBrawl","Slimebound:SlimeBarrage"],"picked":"Slimebound:RollThrough","floor":21.0},{"not_picked":["Slimebound:DivideAndConquer","Slimebound:PressTheAttack","Slimebound:ItLooksTasty"],"picked":"SKIP","floor":22.0},{"not_picked":["Slimebound:SplitBruiser","Slimebound:ViciousTackle+1"],"picked":"Slimebound:Prepare+1","floor":25.0},{"not_picked":["Slimebound:MassFeed","Slimebound:TongueLash+1"],"picked":"Slimebound:SplitMire","floor":27.0},{"not_picked":["Slimebound:Recollect","Slimebound:SplitAcid"],"picked":"Slimebound:LeadByExample","floor":29.0},{"not_picked":["Slimebound:RejuvenatingLick","Slimebound:ServeAndProtect","Slimebound:PressTheAttack"],"picked":"SKIP","floor":30.0},{"not_picked":["Slimebound:SplitAcid+1","Slimebound:LeechEnergy"],"picked":"Slimebound:SamplingLick+1","floor":31.0},{"not_picked":["Slimebound:TongueLash","Slimebound:Recollect"],"picked":"Slimebound:ComboTackle+1","floor":32.0},{"not_picked":["Slimebound:MassFeed","Slimebound:OozeBath"],"picked":"Slimebound:Teamwork","floor":33.0},{"not_picked":["Slimebound:SplitBruiser+1","Slimebound:Schlurp+1"],"picked":"Slimebound:HauntingLick+1","floor":36.0},{"not_picked":["expansioncontent:AwakenDeath","expansioncontent:Chronoboost"],"picked":"expansioncontent:HyperBeam","floor":37.0},{"not_picked":["Slimebound:SplitAcid+1","Slimebound:GoopSpray"],"picked":"Slimebound:PressTheAttack+1","floor":39.0},{"not_picked":["Slimebound:FinishingTackle+1","Slimebound:TagTeam","Slimebound:LeechingTouch"],"picked":"Slimebound:ServeAndProtect+1","floor":40.0},{"not_picked":["Slimebound:LeechEnergy+1","Slimebound:BestDefense+1","Slimebound:SlimeTap+1"],"picked":"Slimebound:MegaLick+1","floor":43},{"not_picked":["Slimebound:HauntingLick","Slimebound:Schlurp","Slimebound:LivingWall","Slimebound:SplitBruiser"],"picked":"SKIP","floor":44},{"not_picked":["Slimebound:AcidTongue","Slimebound:SlimeSpikes","Slimebound:SplitLeeching"],"picked":"Slimebound:ComboTackle+1","floor":46},{"not_picked":["Slimebound:SplitAcid","Slimebound:RejuvenatingLick","Slimebound:SlimeBarrage+1"],"picked":"Slimebound:ForwardTackle+1","floor":48},{"not_picked":["Slimebound:Equalize+1","Slimebound:ComboTackle","Slimebound:LivingWall","Slimebound:SplitBruiser"],"picked":"SKIP","floor":49}],"player_experience":861696,"relics_obtained":[{"floor":7.0,"key":"Letter Opener"},{"floor":8.0,"key":"White Beast Statue"},{"floor":12.0,"key":"PreservedInsect"},{"floor":24.0,"key":"Bottled Tornado"},{"floor":29.0,"key":"Red Mask"},{"floor":43,"key":"Juzu Bracelet"},{"floor":46,"key":"Bag of Preparation"}],"event_choices":[{"damage_healed":0.0,"max_hp_gain":5.0,"max_hp_loss":0.0,"gold_gain":0.0,"event_name":"Big Fish","player_choice":"Donut","floor":3.0,"gold_loss":0.0,"damage_taken":0.0},{"damage_healed":0.0,"max_hp_gain":0.0,"max_hp_loss":0.0,"gold_gain":0.0,"event_name":"Masked Bandits","player_choice":"Fought Bandits","floor":29.0,"gold_loss":0.0,"damage_taken":0.0}],"is_beta":false,"boss_relics":[{"not_picked":["Pandora\u0027s Box","Sozu"],"picked":"Slimebound:AbsorbEndCombatUpgraded"},{"not_picked":["SacredBark","bronze:MakeshiftBattery"],"picked":"Cursed Key"}],"items_purged_floors":[11,44],"is_endless":false,"potions_floor_spawned":[8,10,11,12,15,16,19,20,21,22,25,27,29,30,31,32,33,36,39,40,43,44,46,48,49],"ascension_level":1}}