{"host":"wvcyfzs99um8is6a","time":1614136851,"event":{"mods":["AchievementEnabler","BaseMod","Colored Map","Colored Powertips","Highlight Path","Minty Spire (QoL Compilation)","Random Character Button","Relic Filter","StSLib","SuperFastMode"],"gold_per_floor":[112,125,50,63,81,108,108,134,206,217,243,255,255,265,265,361,361,372,384,384,396,86,86,36,65,65,94,113,63,77,92,92,197,197,216,265,265,265],"floor_reached":37,"language":"ENG","playtime":3831,"items_purged":["Strike_P","Strike_P+1","Strike_P+1","Eruption+1"],"score":573,"play_id":"ef8e4bfe-35b6-488c-bc8c-f851f582696f","local_time":"20210223222051","is_ascension_mode":true,"campfire_choices":[{"data":"BattleHymn","floor":7.0,"key":"SMITH"},{"data":"Eruption","floor":13.0,"key":"SMITH"},{"data":"LikeWater","floor":15.0,"key":"SMITH"},{"floor":23,"key":"REST"},{"floor":32,"key":"REST"}],"circlet_count":0,"master_deck":["Strike_P+1","Defend_P+1","Defend_P+1","Defend_P+1","Defend_P+1","Vigilance+1","LessonLearned+1","BattleHymn+1","Perseverance+1","Wireheading+1","Prostrate+1","WindmillStrike+1","LikeWater+1","InnerPeace+1","Devotion+1","Judgement+1","Prostrate+1","WreathOfFlame+1","Establishment+1","Devotion","Collect","Prostrate","LikeWater+1"],"relics":["PureWater","Bag of Preparation","Smiling Mask","Prayer Wheel","Odd Mushroom","SlaversCollar","HornCleat","Meat on the Bone","Ice Cream","Potion Belt","Black Star","FossilizedHelix"],"acts_visited":["Exordium","TheCity","TheBeyond"],"potions_floor_usage":[25,27,27,36,36],"damage_taken":[{"damage":4.0,"enemies":"Cultist","floor":1.0,"turns":5.0},{"damage":0.0,"enemies":"Jaw Worm","floor":2.0,"turns":3.0},{"damage":2.0,"enemies":"Small Slimes","floor":4.0,"turns":3.0},{"damage":3.0,"enemies":"2 Fungi Beasts","floor":5.0,"turns":4.0},{"damage":6.0,"enemies":"3 Sentries","floor":6.0,"turns":8.0},{"damage":0.0,"enemies":"Lagavulin","floor":8.0,"turns":4.0},{"damage":0.0,"enemies":"Large Slime","floor":10.0,"turns":4.0},{"damage":12.0,"enemies":"The Mushroom Lair","floor":11.0,"turns":4.0},{"damage":1.0,"enemies":"Blue Slaver","floor":12.0,"turns":4.0},{"damage":13.0,"enemies":"Exordium Thugs","floor":14.0,"turns":5.0},{"damage":11.0,"enemies":"The Guardian","floor":16.0,"turns":8.0},{"damage":0.0,"enemies":"Shell Parasite","floor":18.0,"turns":6.0},{"damage":3.0,"enemies":"Spheric Guardian","floor":19.0,"turns":4.0},{"damage":12,"enemies":"Centurion and Healer","floor":21,"turns":5},{"damage":23,"enemies":"Gremlin Leader","floor":25,"turns":6},{"damage":19,"enemies":"Slavers","floor":27,"turns":5},{"damage":0,"enemies":"Cultist and Chosen","floor":28,"turns":4},{"damage":0,"enemies":"3 Cultists","floor":30,"turns":6},{"damage":5,"enemies":"Snake Plant","floor":31,"turns":4},{"damage":0,"enemies":"Collector","floor":33,"turns":5},{"damage":0,"enemies":"3 Darklings","floor":35,"turns":6},{"damage":65,"enemies":"2 Orb Walkers","floor":36,"turns":5},{"damage":25,"enemies":"3 Shapes","floor":37,"turns":3}],"seed_played":"74871335188980676","potions_obtained":[{"floor":4.0,"key":"LiquidMemories"},{"floor":5.0,"key":"BlessingOfTheForge"},{"floor":8.0,"key":"Ancient Potion"},{"floor":14.0,"key":"SkillPotion"},{"floor":19.0,"key":"Dexterity Potion"},{"floor":25,"key":"Swift Potion"},{"floor":33,"key":"EssenceOfSteel"},{"floor":35,"key":"Dexterity Potion"}],"is_trial":false,"path_per_floor":["M","M","$","M","M","E","R","E","T","M","?","M","R","M","R","B",null,"M","M","?","M","$","R","$","E","T","E","M","$","M","M","R","B",null,"M","?","M"],"character_chosen":"WATCHER","items_purchased":["HornCleat"],"campfire_rested":2,"item_purchase_floors":[22],"current_hp_per_floor":[68,68,68,66,63,57,57,57,57,57,45,44,44,31,31,20,72,72,69,69,57,57,72,72,49,49,42,42,42,42,37,58,58,72,72,19,0,0],"gold":265,"neow_bonus":"ONE_RANDOM_RARE_CARD","is_daily":false,"chose_seed":false,"campfire_upgraded":3,"win_rate":0.0,"timestamp":1614136851,"path_taken":["M","?","$","M","M","E","R","E","T","M","?","M","R","M","R","BOSS","M","M","?","M","$","R","$","E","T","E","M","$","M","M","R","BOSS","M","?","M"],"items_purchased_type":["Relic"],"build_version":"2020-12-22","purchased_purges":4,"victory":false,"max_hp_per_floor":[72,72,72,72,72,72,72,72,72,72,72,72,72,72,72,72,72,72,72,72,72,72,72,72,72,72,72,72,72,72,72,72,72,72,72,72,72,72],"card_choices":[{"not_picked":["BowlingBash","Crescendo","ClearTheMind"],"picked":"SKIP","floor":1.0},{"not_picked":["WaveOfTheHand","EmptyMind"],"picked":"BattleHymn","floor":2.0},{"not_picked":["BowlingBash","ClearTheMind","EmptyBody"],"picked":"SKIP","floor":4.0},{"not_picked":["Consecrate","Meditate"],"picked":"Perseverance","floor":5.0},{"not_picked":["WheelKick","Crescendo","BattleHymn"],"picked":"SKIP","floor":6.0},{"not_picked":["EmptyBody","TalkToTheHand"],"picked":"Wireheading","floor":8.0},{"not_picked":["ThirdEye","ClearTheMind"],"picked":"Prostrate","floor":10.0},{"not_picked":["Wireheading","Alpha","PathToVictory"],"picked":"SKIP","floor":10.0},{"not_picked":["Swivel","PathToVictory"],"picked":"WindmillStrike","floor":12.0},{"not_picked":["CrushJoints","PathToVictory","FollowUp"],"picked":"SKIP","floor":12.0},{"not_picked":["Worship","Prostrate"],"picked":"LikeWater","floor":14.0},{"not_picked":["WaveOfTheHand","WindmillStrike"],"picked":"InnerPeace","floor":14.0},{"not_picked":["Establishment","Vault"],"picked":"Devotion","floor":16.0},{"not_picked":["EmptyBody","BowlingBash","JustLucky"],"picked":"SKIP","floor":18.0},{"not_picked":["Halt","EmptyFist","CarveReality"],"picked":"SKIP","floor":18.0},{"not_picked":["SandsOfTime","Vengeance+1","ForeignInfluence"],"picked":"SKIP","floor":19.0},{"not_picked":["Conclude","ForeignInfluence","Halt"],"picked":"SKIP","floor":19.0},{"not_picked":["BowlingBash","Nirvana","Crescendo"],"picked":"SKIP","floor":21},{"not_picked":["EmptyBody","Halt","FlyingSleeves+1"],"picked":"SKIP","floor":21},{"not_picked":["SashWhip+1","EmptyFist","Evaluate"],"picked":"SKIP","floor":25},{"not_picked":["FollowUp","Crescendo"],"picked":"Judgement","floor":27},{"not_picked":["CrushJoints","ClearTheMind"],"picked":"Prostrate","floor":28},{"not_picked":["EmptyBody+1","JustLucky","Halt"],"picked":"SKIP","floor":28},{"not_picked":["EmptyFist+1","FollowUp"],"picked":"WreathOfFlame","floor":30},{"not_picked":["FlyingSleeves+1","Adaptation","PathToVictory+1"],"picked":"SKIP","floor":30},{"not_picked":["EmptyFist","CrushJoints"],"picked":"Establishment","floor":31},{"not_picked":["Protect","Consecrate","BowlingBash"],"picked":"SKIP","floor":31},{"not_picked":["Omniscience","Judgement"],"picked":"Devotion","floor":33},{"not_picked":["Consecrate","CrushJoints"],"picked":"Collect","floor":35},{"not_picked":["ForeignInfluence+1","PathToVictory"],"picked":"Prostrate","floor":35},{"not_picked":["Protect+1","Prostrate+1"],"picked":"LikeWater+1","floor":36}],"player_experience":1055174,"relics_obtained":[{"floor":6.0,"key":"Bag of Preparation"},{"floor":8.0,"key":"Smiling Mask"},{"floor":9.0,"key":"Prayer Wheel"},{"floor":11.0,"key":"Odd Mushroom"},{"floor":25,"key":"Meat on the Bone"},{"floor":26,"key":"Ice Cream"},{"floor":27,"key":"Potion Belt"},{"floor":36,"key":"FossilizedHelix"}],"event_choices":[{"damage_healed":0.0,"max_hp_gain":0.0,"max_hp_loss":0.0,"gold_gain":0.0,"event_name":"Mushrooms","player_choice":"Fought Mushrooms","floor":11.0,"gold_loss":0.0,"damage_taken":0.0},{"damage_healed":0.0,"max_hp_gain":0.0,"max_hp_loss":0.0,"gold_gain":0.0,"event_name":"Cursed Tome","player_choice":"Ignored","floor":20.0,"gold_loss":0.0,"damage_taken":0.0},{"damage_healed":0,"gold_gain":0,"player_choice":"Fight","damage_taken":0,"max_hp_gain":0,"max_hp_loss":0,"event_name":"Mysterious Sphere","floor":36,"gold_loss":0}],"is_beta":false,"boss_relics":[{"not_picked":["Astrolabe","Philosopher\u0027s Stone"],"picked":"SlaversCollar"},{"not_picked":["HolyWater","SacredBark"],"picked":"Black Star"}],"items_purged_floors":[3,22,24,29],"is_endless":false,"potions_floor_spawned":[4,5,8,14,19,25,33,35],"killed_by":"3 Shapes","ascension_level":3}}