{"host":"egwexuw5uvnxf11j","time":1614127651,"event":{"mods":["2.2 Compatiblity","Aspiration","BaseMod","Better Note","Better Sensory Stone","Better Third Choice","Displayed Cursed Tome","Downfall","Hermit","Key Reminder","Koishi","Marisa????????","Minty Spire (QoL Compilation)","Quick Restart","Shade Mod","Spicy Shops","StSLib","The Construct","The Cursed","The Runesmith","The Senshi","The Servant 0.9.4","Transform Curses"],"gold_per_floor":[114,126,56,68,68,68,101,101,127,158,170,187,187,201,201,201,201],"floor_reached":16,"language":"ENG","playtime":798,"items_purged":[],"score":123,"play_id":"b9c6dd01-cb60-41a5-9802-faadc3a096d3","local_time":"20210223194731","is_ascension_mode":true,"campfire_choices":[{"data":"hermit:Snipe","floor":6,"key":"SMITH"},{"floor":8,"key":"REST"},{"floor":15,"key":"REST"}],"circlet_count":0,"master_deck":["hermit:Strike_Hermit","hermit:Strike_Hermit","hermit:Strike_Hermit","hermit:Defend_Hermit","hermit:Defend_Hermit+1","hermit:Defend_Hermit","hermit:Defend_Hermit+1","hermit:Snapshot+1","hermit:Covet","hermit:Snipe+1","hermit:TakeAim","hermit:Headshot","hermit:Feint","hermit:Desperado","hermit:Deadeye","hermit:Headshot","hermit:Misfire","hermit:SprayPray","hermit:Malice"],"relics":["hermit:Momento","CaptainsWheel","keyreminder:keyreminder","Vajra","War Paint"],"acts_visited":["Exordium"],"potions_floor_usage":[16,16,16],"damage_taken":[{"damage":0,"enemies":"2 Louse","floor":1,"turns":3},{"damage":1,"enemies":"Cultist","floor":2,"turns":3},{"damage":0,"enemies":"Small Slimes","floor":4,"turns":3},{"damage":40,"enemies":"Lagavulin","floor":7,"turns":5},{"damage":13,"enemies":"Gremlin Nob","floor":10,"turns":4},{"damage":13,"enemies":"3 Louse","floor":11,"turns":4},{"damage":10,"enemies":"Gremlin Gang","floor":12,"turns":3},{"damage":0,"enemies":"Large Slime","floor":14,"turns":2},{"damage":44,"enemies":"The Guardian","floor":16,"turns":6}],"seed_played":"4680664496728689204","potions_obtained":[{"floor":10,"key":"hexamod:SoulburnPotion"},{"floor":11,"key":"hexamod:SoulburnPotion"},{"floor":14,"key":"Explosive Potion"}],"is_trial":false,"path_per_floor":["M","M","$","M","?","R","E","R","T","E","M","M","?","M","R","B"],"character_chosen":"HERMIT","items_purchased":["hermit:Headshot","hermit:Feint"],"campfire_rested":2,"item_purchase_floors":[3,3],"current_hp_per_floor":[75,74,74,74,74,74,34,56,56,43,30,20,20,20,42,0,0],"gold":201,"neow_bonus":"UPGRADE_CARD","is_daily":false,"chose_seed":false,"campfire_upgraded":1,"win_rate":0.0,"timestamp":1614127651,"path_taken":["M","M","$","M","?","R","E","R","T","E","M","?","?","M","R","BOSS"],"items_purchased_type":["Card","Card"],"build_version":"2020-12-22","purchased_purges":0,"victory":false,"max_hp_per_floor":[75,75,75,75,75,75,75,75,75,75,75,75,75,75,75,75,75],"card_choices":[{"not_picked":["hermit:Feint","hermit:Deadeye"],"picked":"hermit:Snipe","floor":1},{"not_picked":["hermit:WideOpen","hermit:HighCaliber"],"picked":"hermit:TakeAim","floor":2},{"not_picked":["hermit:Spite","hermit:Horror"],"picked":"hermit:Desperado","floor":4},{"not_picked":["hermit:Quickdraw","hermit:Manifest"],"picked":"hermit:Deadeye","floor":7},{"not_picked":["hermit:Grudge","hermit:Gestalt"],"picked":"hermit:Headshot","floor":10},{"not_picked":["hermit:Roulette","hermit:Coalescence"],"picked":"hermit:Misfire","floor":11},{"not_picked":["hermit:Desperado","hermit:Spite"],"picked":"hermit:SprayPray","floor":12},{"not_picked":["hermit:Deadeye","hermit:TrackingShot"],"picked":"hermit:Malice","floor":14}],"player_experience":2132036,"relics_obtained":[{"floor":7,"key":"CaptainsWheel"},{"floor":9,"key":"Vajra"},{"floor":10,"key":"War Paint"}],"event_choices":[{"damage_healed":0,"gold_gain":0,"player_choice":"Ignored","damage_taken":0,"max_hp_gain":0,"max_hp_loss":0,"event_name":"Purifier","floor":5,"gold_loss":0},{"cards_removed":["hermit:Strike_Hermit"],"damage_healed":0,"gold_gain":0,"player_choice":"Offered Basic","damage_taken":0,"max_hp_gain":0,"max_hp_loss":0,"event_name":"Bonfire Elementals","floor":13,"gold_loss":0}],"is_beta":false,"boss_relics":[],"items_purged_floors":[],"is_endless":false,"potions_floor_spawned":[10,11,14],"killed_by":"The Guardian","ascension_level":2}}