{"host":"kda2p2afd6bvz6qo","time":1614202648,"event":{"mods":["BaseMod","Colored Map","Minty Spire (QoL Compilation)","Relic Stats"],"gold_per_floor":[115,115,115,115,190,190,222,222,247,247,259,293,293,326,326,421,421,432,432,432,432,442,476,494,494,494,526,526,559,245,277,277,372,372,385,385,404,404,404,432,432,482,506,74,84,119,131,172,184,196,208,220,37,65,65,65],"floor_reached":55,"language":"ENG","playtime":3036,"items_purged":["Decay"],"score":1340,"play_id":"e2d23f08-a638-4048-b2d1-27351d42121f","local_time":"20210224213728","is_ascension_mode":true,"campfire_choices":[{"data":"Clothesline","floor":6.0,"key":"SMITH"},{"data":"Pommel Strike","floor":8.0,"key":"SMITH"},{"floor":10.0,"key":"REST"},{"data":"Armaments","floor":13.0,"key":"SMITH"},{"floor":15.0,"key":"REST"},{"data":"True Grit","floor":25.0,"key":"SMITH"},{"data":"Immolate","floor":28.0,"key":"SMITH"},{"data":"Limit Break","floor":32.0,"key":"SMITH"},{"floor":41.0,"key":"RECALL"},{"data":"Disarm","floor":49.0,"key":"SMITH"},{"data":"Demon Form","floor":52.0,"key":"SMITH"}],"circlet_count":0,"master_deck":["AscendersBane","Defend_R+1","Defend_R+1","Defend_R+1","Defend_R+1","Bash+1","Clothesline+1","Pommel Strike+1","Hemokinesis","Armaments+1","Carnage","Immolate+1","True Grit+1","Bite","Bite","Bite","Bite","Bite","Inflame+1","True Grit+1","Sword Boomerang+1","Limit Break+1","Double Tap","Juggernaut","Demon Form+1","Burning Pact+1","Metallicize+1","Thunderclap+1","Disarm+1","Spot Weakness+1","Rage+1","Shrug It Off+1"],"relics":["Sozu","Centennial Puzzle","Mango","MealTicket","Bronze Scales","Runic Pyramid","Charon\u0027s Ashes","Juzu Bracelet","White Beast Statue","Thread and Needle","Lantern","Black Star","Pantograph","Bottled Flame","Unceasing Top","Anchor","Ice Cream","Nunchaku","Champion Belt","MawBank","Toxic Egg 2","Art of War","Red Skull","OrangePellets","Happy Flower","Strawberry"],"acts_visited":["Exordium","TheCity","TheBeyond","TheEnding"],"potions_floor_usage":[],"damage_taken":[{"damage":0.0,"enemies":"Small Slimes","floor":1.0,"turns":3.0},{"damage":29.0,"enemies":"3 Sentries","floor":7.0,"turns":8.0},{"damage":4.0,"enemies":"Jaw Worm","floor":11.0,"turns":2.0},{"damage":12.0,"enemies":"Lagavulin","floor":12.0,"turns":5.0},{"damage":7.0,"enemies":"Gremlin Nob","floor":14.0,"turns":3.0},{"damage":22.0,"enemies":"Slime Boss","floor":16.0,"turns":6.0},{"damage":12.0,"enemies":"2 Thieves","floor":18.0,"turns":3.0},{"damage":7.0,"enemies":"Shell Parasite","floor":22.0,"turns":5.0},{"damage":46.0,"enemies":"Slavers","floor":23.0,"turns":6.0},{"damage":7.0,"enemies":"Cultist and Chosen","floor":24.0,"turns":6.0},{"damage":2.0,"enemies":"Gremlin Leader","floor":27.0,"turns":6.0},{"damage":34.0,"enemies":"Slavers","floor":29.0,"turns":5.0},{"damage":9.0,"enemies":"Gremlin Leader","floor":31.0,"turns":6.0},{"damage":38.0,"enemies":"Collector","floor":33.0,"turns":9.0},{"damage":0.0,"enemies":"Orb Walker","floor":35.0,"turns":3.0},{"damage":14.0,"enemies":"3 Darklings","floor":37.0,"turns":3.0},{"damage":22.0,"enemies":"Reptomancer","floor":40.0,"turns":8.0},{"damage":2.0,"enemies":"Mind Bloom Boss Battle","floor":42.0,"turns":3.0},{"damage":10.0,"enemies":"Jaw Worm Horde","floor":45.0,"turns":2.0},{"damage":24.0,"enemies":"Giant Head","floor":46.0,"turns":6.0},{"damage":18.0,"enemies":"Reptomancer","floor":48.0,"turns":5.0},{"damage":14.0,"enemies":"Time Eater","floor":50.0,"turns":8.0},{"damage":42,"enemies":"Shield and Spear","floor":54,"turns":4},{"damage":73,"enemies":"The Heart","floor":55,"turns":5}],"seed_played":"-573539821004685283","potions_obtained":[],"is_trial":false,"path_per_floor":["M","?","?","?","?","R","E","R","T","R","M","E","R","E","R","B",null,"M","?","?","?","M","E","M","R","T","E","R","E","$","E","R","B",null,"M","?","M","?","?","E","R","?","T","$","M","E","T","E","R","B",null,"R","$","E","B"],"character_chosen":"IRONCLAD","items_purchased":["Limit Break","Double Tap","Ice Cream","Nunchaku","OrangePellets","Shrug It Off+1"],"campfire_rested":2,"item_purchase_floors":[30,30,44,44,53,53],"current_hp_per_floor":[72,72,56,49,38,38,23,23,23,51,47,35,35,28,56,34,79,67,65,65,65,65,36,46,46,46,59,59,37,52,65,65,37,58,60,60,50,50,50,44,44,65,65,65,55,43,43,35,35,52,62,62,65,32,0,0],"gold":65,"neow_bonus":"BOSS_RELIC","is_daily":false,"chose_seed":false,"campfire_upgraded":8,"win_rate":0.0,"timestamp":1614202648,"path_taken":["M","?","?","?","?","R","E","R","T","R","?","E","R","E","R","BOSS","M","?","?","?","M","E","M","R","T","E","R","E","$","E","R","BOSS","M","?","M","?","?","E","R","?","T","$","M","E","?","E","R","BOSS","R","$","E","BOSS"],"items_purchased_type":["Card","Card","Relic","Relic","Relic","Card"],"build_version":"2020-12-22","purchased_purges":1,"victory":false,"max_hp_per_floor":[80,80,80,80,80,80,94,94,94,94,94,94,94,94,94,94,94,94,65,65,65,65,65,65,65,65,65,65,65,65,65,65,65,65,65,65,65,65,65,65,65,65,65,65,65,65,65,65,65,65,65,65,65,72,72,72],"relic_stats":{"Happy Flower":[1],"counters":[24,120],"Charon\u0027s Ashes":[199],"Juzu Bracelet":1,"MawBank":84,"Sozu":19,"OrangePellets":[0],"Centennial Puzzle":[63],"Nunchaku":[4],"Bronze Scales":[301],"Pantograph":71,"MealTicket":18,"Black Star":4,"Art of War":[6],"Champion Belt":[4],"obtain_stats":[{"Ice Cream":44,"Lantern":31,"Mango":7,"Juzu Bracelet":26,"Burning Blood":0,"Sozu":0,"Centennial Puzzle":2,"Nunchaku":44,"Pantograph":40,"Strawberry":54,"MealTicket":12,"Toxic Egg 2":47,"Red Skull":48,"Runic Pyramid":17,"Happy Flower":54,"Thread and Needle":29,"Charon\u0027s Ashes":23,"MawBank":46,"White Beast Statue":27,"OrangePellets":53,"Bottled Flame":40,"Anchor":43,"Bronze Scales":14,"Black Star":34,"Art of War":48,"Champion Belt":46,"Unceasing Top":42},{"Ice Cream":18,"Lantern":13,"Mango":2,"Juzu Bracelet":10,"Burning Blood":0,"Sozu":0,"Centennial Puzzle":1,"Nunchaku":18,"Pantograph":17,"Strawberry":23,"MealTicket":4,"Toxic Egg 2":20,"Red Skull":21,"Runic Pyramid":6,"Happy Flower":23,"Thread and Needle":12,"Charon\u0027s Ashes":9,"MawBank":20,"White Beast Statue":11,"OrangePellets":22,"Bottled Flame":17,"Anchor":18,"Bronze Scales":5,"Black Star":14,"Art of War":21,"Champion Belt":20,"Unceasing Top":18},{"Ice Cream":90,"Lantern":64,"Mango":11,"Juzu Bracelet":47,"Burning Blood":0,"Sozu":0,"Centennial Puzzle":3,"Nunchaku":90,"Pantograph":87,"Strawberry":115,"MealTicket":18,"Toxic Egg 2":98,"Red Skull":103,"Runic Pyramid":27,"Happy Flower":115,"Thread and Needle":58,"Charon\u0027s Ashes":41,"MawBank":98,"White Beast Statue":53,"OrangePellets":111,"Bottled Flame":87,"Anchor":90,"Bronze Scales":21,"Black Star":73,"Art of War":103,"Champion Belt":98,"Unceasing Top":90}],"Unceasing Top":[0]},"card_choices":[{"not_picked":["Shrug It Off","Flex"],"picked":"Clothesline","floor":1.0},{"not_picked":["Heavy Blade","Iron Wave"],"picked":"Pommel Strike","floor":7.0},{"not_picked":["Headbutt","Clothesline"],"picked":"Hemokinesis","floor":11.0},{"not_picked":["Perfected Strike","Ghostly Armor"],"picked":"Armaments","floor":12.0},{"not_picked":["Juggernaut","Clothesline"],"picked":"Carnage","floor":14.0},{"not_picked":["Bludgeon","Berserk"],"picked":"Immolate","floor":16.0},{"not_picked":["Dark Embrace","Sword Boomerang"],"picked":"True Grit","floor":18.0},{"not_picked":["Anger+1","Pommel Strike"],"picked":"Inflame+1","floor":22.0},{"not_picked":["Sever Soul+1","Warcry"],"picked":"True Grit+1","floor":23.0},{"not_picked":["Pommel Strike","Warcry"],"picked":"Sword Boomerang+1","floor":24.0},{"not_picked":["Iron Wave","Reckless Charge","Perfected Strike"],"picked":"SKIP","floor":27.0},{"not_picked":["Perfected Strike","Warcry","Whirlwind"],"picked":"SKIP","floor":29.0},{"not_picked":["Shrug It Off","Clash+1"],"picked":"Juggernaut","floor":31.0},{"not_picked":["Reaper","Feed"],"picked":"Demon Form","floor":33.0},{"not_picked":["Armaments+1","Perfected Strike+1"],"picked":"Burning Pact+1","floor":35.0},{"not_picked":["Wild Strike","Clash","Body Slam"],"picked":"SKIP","floor":37.0},{"not_picked":["Anger+1","Wild Strike+1"],"picked":"Metallicize+1","floor":40.0},{"not_picked":["Rampage","Clash+1"],"picked":"Thunderclap+1","floor":42.0},{"not_picked":["Warcry+1","Headbutt"],"picked":"Disarm","floor":45.0},{"not_picked":["Combust+1","Bludgeon"],"picked":"Spot Weakness+1","floor":46.0},{"not_picked":["Sword Boomerang","Sentinel+1"],"picked":"Rage+1","floor":48.0},{"not_picked":["Body Slam","Whirlwind+1","Clash+1"],"picked":"SKIP","floor":54}],"player_experience":312625,"relics_obtained":[{"floor":7.0,"key":"Mango"},{"floor":12.0,"key":"MealTicket"},{"floor":14.0,"key":"Bronze Scales"},{"floor":23.0,"key":"Charon\u0027s Ashes"},{"floor":26.0,"key":"Juzu Bracelet"},{"floor":27.0,"key":"White Beast Statue"},{"floor":29.0,"key":"Thread and Needle"},{"floor":31.0,"key":"Lantern"},{"floor":40.0,"key":"Pantograph"},{"floor":40.0,"key":"Bottled Flame"},{"floor":42.0,"key":"Unceasing Top"},{"floor":43.0,"key":"Anchor"},{"floor":46.0,"key":"Champion Belt"},{"floor":46.0,"key":"MawBank"},{"floor":47.0,"key":"Toxic Egg 2"},{"floor":48.0,"key":"Art of War"},{"floor":48.0,"key":"Red Skull"},{"floor":54,"key":"Happy Flower"},{"floor":54,"key":"Strawberry"}],"event_choices":[{"damage_healed":0.0,"max_hp_gain":0.0,"max_hp_loss":0.0,"gold_gain":0.0,"event_name":"Big Fish","player_choice":"Box","floor":2.0,"gold_loss":0.0,"damage_taken":0.0,"relics_obtained":["Centennial Puzzle"],"cards_obtained":["Regret"]},{"damage_healed":0.0,"max_hp_gain":0.0,"max_hp_loss":0.0,"gold_gain":0.0,"event_name":"Shining Light","player_choice":"Entered Light","floor":3.0,"gold_loss":0.0,"damage_taken":16.0,"cards_upgraded":["Defend_R","Bash"]},{"cards_removed":["Regret"],"damage_healed":0.0,"max_hp_gain":0.0,"max_hp_loss":0.0,"gold_gain":0.0,"event_name":"Golden Wing","player_choice":"Card Removal","floor":4.0,"gold_loss":0.0,"damage_taken":7.0},{"damage_healed":0.0,"max_hp_gain":0.0,"max_hp_loss":0.0,"gold_gain":75.0,"event_name":"World of Goop","player_choice":"Gather Gold","floor":5.0,"gold_loss":0.0,"damage_taken":11.0},{"damage_healed":0.0,"max_hp_gain":0.0,"max_hp_loss":29.0,"gold_gain":0.0,"event_name":"Vampires","player_choice":"Became a vampire","floor":19.0,"gold_loss":0.0,"damage_taken":0.0,"cards_obtained":["Bite","Bite","Bite","Bite","Bite"]},{"damage_healed":0.0,"max_hp_gain":0.0,"max_hp_loss":0.0,"gold_gain":0.0,"event_name":"Back to Basics","player_choice":"Simplicity","floor":20.0,"gold_loss":0.0,"damage_taken":0.0,"cards_upgraded":["Defend_R","Defend_R","Defend_R"]},{"damage_healed":0.0,"max_hp_gain":0.0,"max_hp_loss":0.0,"gold_gain":0.0,"event_name":"Wheel of Change","player_choice":"Cursed","floor":21.0,"gold_loss":0.0,"damage_taken":0.0,"cards_obtained":["Decay"]},{"damage_healed":0.0,"max_hp_gain":0.0,"max_hp_loss":0.0,"gold_gain":0.0,"event_name":"Tomb of Lord Red Mask","player_choice":"Ignored","floor":36.0,"gold_loss":0.0,"damage_taken":0.0},{"damage_healed":0.0,"max_hp_gain":0.0,"max_hp_loss":0.0,"gold_gain":0.0,"event_name":"Lab","player_choice":"Got Potions","floor":38.0,"gold_loss":0.0,"damage_taken":0.0},{"damage_healed":0.0,"max_hp_gain":0.0,"max_hp_loss":0.0,"gold_gain":0.0,"event_name":"Mysterious Sphere","player_choice":"Ignored","floor":39.0,"gold_loss":0.0,"damage_taken":0.0},{"damage_healed":0.0,"max_hp_gain":0.0,"max_hp_loss":0.0,"gold_gain":0.0,"event_name":"MindBloom","player_choice":"Fight","floor":42.0,"gold_loss":0.0,"damage_taken":0.0}],"is_beta":false,"boss_relics":[{"not_picked":["Coffee Dripper","Velvet Choker"],"picked":"Runic Pyramid"},{"not_picked":["Cursed Key","Mark of Pain"],"picked":"Black Star"}],"items_purged_floors":[30],"is_endless":false,"potions_floor_spawned":[11,12,16,18,23,29,31,33,35,37,40,42,45,46,48,54],"killed_by":"The Heart","ascension_level":11}}