{"host":"tyn27qd7gau91f81","time":1614131428,"event":{"mods":["BaseMod","Colored Map","Minty Spire (QoL Compilation)","Permanent Neow","Relic Stats","StSLib","everything is the same but u backflip on backflip"],"gold_per_floor":[118,138,88,108,108,138,184,201,201,214,214,275,294,19,19,19,19],"floor_reached":16,"language":"ENG","playtime":1427,"items_purged":[],"score":102,"play_id":"941aaff3-8ef4-4112-9ee8-9c1ebe3800d5","local_time":"20210223175028","is_ascension_mode":false,"campfire_choices":[{"data":"Blade Dance","floor":11,"key":"SMITH"},{"data":"Blade Dance","floor":15,"key":"SMITH"}],"circlet_count":0,"master_deck":["Strike_G","Strike_G","Strike_G","Strike_G","Defend_G+1","Defend_G","Defend_G","Defend_G+1","Defend_G","Survivor","Neutralize","Blade Dance+1","Infinite Blades","Footwork","Terror","Blade Dance+1","Finisher","Dagger Spray","Noxious Fumes","Blade Dance"],"relics":["Ring of the Snake","Vajra","Boot","War Paint","The Courier","Mummified Hand","Incense Burner"],"acts_visited":["Exordium"],"potions_floor_usage":[12,13],"damage_taken":[{"damage":0,"enemies":"Cultist","floor":1,"turns":5},{"damage":0,"enemies":"Small Slimes","floor":2,"turns":4},{"damage":0,"enemies":"Jaw Worm","floor":4,"turns":3},{"damage":19,"enemies":"Lagavulin","floor":6,"turns":8},{"damage":1,"enemies":"Gremlin Gang","floor":8,"turns":5},{"damage":4,"enemies":"2 Fungi Beasts","floor":10,"turns":3},{"damage":18,"enemies":"Lagavulin Event","floor":12,"turns":6},{"damage":0,"enemies":"Exordium Wildlife","floor":13,"turns":2},{"damage":33,"enemies":"The Guardian","floor":16,"turns":4}],"seed_played":"-5660456606076765162","potions_obtained":[{"floor":1,"key":"DuplicationPotion"},{"floor":10,"key":"ColorlessPotion"},{"floor":12,"key":"Energy Potion"}],"is_trial":false,"path_per_floor":["M","M","?","M","?","E","T","M","T","M","R","?","M","$","R","B"],"character_chosen":"THE_SILENT","items_purchased":["Incense Burner","Blade Dance"],"campfire_rested":0,"item_purchase_floors":[14,14],"current_hp_per_floor":[70,70,70,70,75,56,56,55,55,51,51,33,33,33,33,0,0],"gold":19,"neow_bonus":"RANDOM_COMMON_RELIC","is_daily":false,"chose_seed":false,"campfire_upgraded":2,"win_rate":0.0,"timestamp":1614131428,"path_taken":["M","M","?","M","?","E","?","M","T","?","R","?","M","?","R","BOSS"],"items_purchased_type":["Relic","Card"],"build_version":"2020-12-22","purchased_purges":0,"victory":false,"max_hp_per_floor":[70,70,70,70,75,75,75,75,75,75,75,75,75,75,75,75,75],"relic_stats":{"counters":[9,40],"Mummified Hand":[4],"War Paint":["Defend_G","Defend_G"],"Boot":[9],"obtain_stats":[{"Mummified Hand":12,"Vajra":0,"The Courier":9,"Incense Burner":14,"War Paint":7,"Boot":6,"Ring of the Snake":0},{"Mummified Hand":7,"Vajra":0,"The Courier":5,"Incense Burner":8,"War Paint":4,"Boot":4,"Ring of the Snake":0},{"Mummified Hand":34,"Vajra":0,"The Courier":25,"Incense Burner":36,"War Paint":20,"Boot":20,"Ring of the Snake":0}],"Ring of the Snake":[18]},"card_choices":[{"not_picked":["Eviscerate","Dagger Throw"],"picked":"Blade Dance","floor":1},{"not_picked":["Acrobatics","Backflip"],"picked":"Infinite Blades","floor":2},{"not_picked":["Slice","Doppelganger"],"picked":"Footwork","floor":4},{"not_picked":["Dagger Throw","Footwork"],"picked":"Terror","floor":6},{"not_picked":["Catalyst","Deflect"],"picked":"Blade Dance","floor":8},{"not_picked":["Cloak And Dagger","Dagger Throw"],"picked":"Finisher","floor":10},{"not_picked":["Dagger Throw","Acrobatics"],"picked":"Dagger Spray","floor":12},{"not_picked":["Calculated Gamble","Expertise"],"picked":"Noxious Fumes","floor":13}],"player_experience":2197664,"relics_obtained":[{"floor":6,"key":"Boot"},{"floor":7,"key":"War Paint"},{"floor":9,"key":"The Courier"},{"floor":12,"key":"Mummified Hand"}],"event_choices":[{"cards_removed":["Strike_G"],"damage_healed":0,"gold_gain":0,"player_choice":"Card Removal","damage_taken":0,"max_hp_gain":0,"max_hp_loss":0,"event_name":"The Cleric","floor":3,"gold_loss":50},{"damage_healed":0,"gold_gain":0,"player_choice":"Donut","damage_taken":0,"max_hp_gain":5,"max_hp_loss":0,"event_name":"Big Fish","floor":5,"gold_loss":0},{"damage_healed":0,"gold_gain":30,"player_choice":"Searched \u00272\u0027 times","damage_taken":0,"max_hp_gain":0,"max_hp_loss":0,"event_name":"Dead Adventurer","floor":12,"gold_loss":0}],"is_beta":false,"boss_relics":[],"items_purged_floors":[],"is_endless":false,"potions_floor_spawned":[1,10,12],"killed_by":"The Guardian","ascension_level":0}}