{"host":"emzatosnsokm6754","time":1614144861,"event":{"mods":["Act Like it!","BaseMod","Bossed Relics","Colored Powertips","Energized Spire","Minty Spire (QoL Compilation)","Rare Cards Sparkle","Replay The Spire","Ruina","StSLib","The Cursed","The Gatherer","The Hierophant","The Servant 0.9.4"],"gold_per_floor":[117,117,117,140,10,64,64,84,109,109,125,150,26,100,100,186,186,210,19,33,33,56,56,107,129,155,201,201,201,201],"floor_reached":29,"language":"ENG","playtime":1368,"items_purged":[],"score":293,"play_id":"126e3a06-7eab-482f-8905-a0bb116c8d57","local_time":"20210224183421","is_ascension_mode":false,"campfire_choices":[{"data":"hierophant:RepressedViolence","floor":7,"key":"SMITH"},{"data":"hierophant:Refuge","floor":10,"key":"SMITH"},{"data":"hierophant:DivineIntervention","floor":23,"key":"SMITH"},{"floor":28,"key":"REST"}],"circlet_count":0,"master_deck":["hierophant:Strike_Hierophant","hierophant:Strike_Hierophant","hierophant:Strike_Hierophant","hierophant:Strike_Hierophant","hierophant:Punish","hierophant:Defend_Hierophant+1","hierophant:Defend_Hierophant","hierophant:Defend_Hierophant","hierophant:Defend_Hierophant","hierophant:ChurchCoffers","hierophant:Doubloon","hierophant:Refuge+1","hierophant:CoinFling","hierophant:Doubloon","hierophant:Charity+1","hierophant:Doubloon","hierophant:RepressedViolence+1","hierophant:Batter","hierophant:OrnateBuckler","hierophant:DivineIntervention+1","hierophant:Doubloon","hierophant:Charity","ruina:Mimicry","Writhe","hierophant:Doubloon","hierophant:Refuge+1","hierophant:Doubloon","hierophant:Remorse","hierophant:Doubloon","hierophant:Remorse","hierophant:Doubloon","hierophant:CoinFling"],"relics":["hierophant:PropheticMaskRelic","NeowsBlessing","Smiling Mask","ReplayFunnel","Odd Mushroom","Iron Hammer","energizedSpire:SpiderWeb","ruina:Goodbye","Ancient Tea Set","Matryoshka"],"acts_visited":["Exordium","ruina:Briah"],"potions_floor_usage":[16,16,16,25],"damage_taken":[{"damage":0,"enemies":"Cultist","floor":1,"turns":1},{"damage":0,"enemies":"Small Slimes","floor":4,"turns":1},{"damage":0,"enemies":"Lagavulin","floor":6,"turns":1},{"damage":5,"enemies":"Jaw Worm","floor":8,"turns":4},{"damage":6,"enemies":"The Mushroom Lair","floor":11,"turns":2},{"damage":0,"enemies":"Exordium Wildlife","floor":12,"turns":2},{"damage":40,"enemies":"Hexaghost","floor":16,"turns":14},{"damage":22,"enemies":"ruina:BadWolf","floor":18,"turns":6},{"damage":12,"enemies":"ruina:2_Scarecrows","floor":20,"turns":4},{"damage":14,"enemies":"ruina:KingOfGreed","floor":22,"turns":6},{"damage":15,"enemies":"ruina:3_Scarecrows","floor":24,"turns":4},{"damage":0,"enemies":"ruina:KnightOfDespair","floor":25,"turns":3},{"damage":23,"enemies":"ruina:Mountain","floor":27,"turns":3},{"damage":47,"enemies":"ruina:Woodsman","floor":29,"turns":3}],"seed_played":"-1882860799678690203","potions_obtained":[{"floor":4,"key":"Fire Potion"},{"floor":8,"key":"Block Potion"},{"floor":12,"key":"LiquidBronze"},{"floor":20,"key":"GamblersBrew"},{"floor":24,"key":"Toxic Potion"},{"floor":25,"key":"SpeedPotion"}],"is_trial":false,"path_per_floor":["M","$","?","M","$","E","R","M","T","R","?","M","$","T","R","B",null,"M","$","M","?","M","R","M","M","T","E","R","M"],"character_chosen":"HIEROPHANT","items_purchased":["hierophant:CoinFling","hierophant:Charity+1","hierophant:Batter","hierophant:OrnateBuckler","ruina:Mimicry"],"campfire_rested":1,"item_purchase_floors":[5,5,13,13,19],"current_hp_per_floor":[75,75,75,75,75,75,75,70,70,70,64,64,64,64,64,24,75,53,53,41,41,43,43,28,28,28,19,41,0,0],"gold":201,"neow_bonus":"THREE_ENEMY_KILL","is_daily":false,"chose_seed":false,"campfire_upgraded":3,"win_rate":0.0,"timestamp":1614144861,"path_taken":["M","?","?","M","$","E","R","M","T","R","?","M","$","?","R","BOSS","M","$","M","?","M","R","M","M","T","E","R","M"],"items_purchased_type":["Card","Card","Card","Card","Card"],"build_version":"2020-12-22","purchased_purges":0,"victory":false,"max_hp_per_floor":[75,75,75,75,75,75,75,75,75,75,75,75,75,75,75,75,75,75,75,75,75,75,75,75,75,75,75,75,75,75],"card_choices":[{"not_picked":["hierophant:Purify","hierophant:OrnateBuckler"],"picked":"hierophant:Refuge","floor":1},{"not_picked":["hierophant:MorningPrayer","hierophant:Smite","hierophant:PassingBell"],"picked":"SKIP","floor":4},{"not_picked":["hierophant:DisplayOfPower","hierophant:HammerAndAnvil"],"picked":"hierophant:RepressedViolence","floor":6},{"not_picked":["hierophant:Patience","hierophant:MorningPrayer","hierophant:FlamingChariot"],"picked":"SKIP","floor":8},{"not_picked":["hierophant:ThreeLashes","hierophant:Zeal","hierophant:Smite"],"picked":"SKIP","floor":12},{"not_picked":["hierophant:LocustPlague","hierophant:Anathema"],"picked":"hierophant:DivineIntervention","floor":16},{"not_picked":["hierophant:SolarFlare","hierophant:RepressedViolence"],"picked":"hierophant:Charity","floor":18},{"not_picked":["hierophant:Doomsaying","hierophant:Zeal","hierophant:AuricBeam"],"picked":"SKIP","floor":20},{"not_picked":["hierophant:Encroach","hierophant:Community+1"],"picked":"hierophant:Refuge+1","floor":22},{"not_picked":["hierophant:Rebuild","hierophant:ThreeLashes"],"picked":"hierophant:Remorse","floor":24},{"not_picked":["hierophant:HolyVerse","hierophant:Smite+1"],"picked":"hierophant:Remorse","floor":25},{"not_picked":["hierophant:OrnateBuckler","hierophant:Blessing+1"],"picked":"hierophant:CoinFling","floor":27}],"player_experience":226463,"relics_obtained":[{"floor":6,"key":"Smiling Mask"},{"floor":9,"key":"ReplayFunnel"},{"floor":11,"key":"Odd Mushroom"},{"floor":14,"key":"Iron Hammer"},{"floor":26,"key":"Ancient Tea Set"},{"floor":27,"key":"Matryoshka"}],"event_choices":[{"damage_healed":0,"gold_gain":0,"player_choice":"Fought Mushrooms","damage_taken":0,"max_hp_gain":0,"max_hp_loss":0,"event_name":"Mushrooms","floor":11,"gold_loss":0},{"damage_healed":0,"gold_gain":0,"player_choice":"Ignored","damage_taken":0,"max_hp_gain":0,"max_hp_loss":0,"event_name":"Liars Game","floor":15,"gold_loss":0}],"is_beta":false,"boss_relics":[{"not_picked":["energizedSpire:OgreHead","energizedSpire:HugeHouse"],"picked":"energizedSpire:SpiderWeb"}],"items_purged_floors":[],"is_endless":false,"potions_floor_spawned":[4,8,12,20,24,25],"killed_by":"ruina:Woodsman","ascension_level":0}}