{"host":"bg0cyinkrjnqf173","time":1614135985,"event":{"mods":["Aspiration","BaseMod","Beaked The Cultist","Better Third Choice","BetterRewards","Colored Map","Conspire","Custom Start","Defuse TimeMaze Blight","Displayed Cursed Tome","Googly Eyes","Halation","Hermit","Hubris","Infinite Spire","Jedi Mod","Minty Spire (QoL Compilation)","Permanent Neow","Quick Restart","Rare Cards Sparkle","Relic Sorter","Reliquary","Replay The Spire","Shop Mod","Spicy Shops","Spikes Relics","StSLib","The Bladedancer","The Construct","The Valiant","Uncapped"],"gold_per_floor":[119,24,39,39,58,58,58,58,140,174,193,211,228,263,263,367,367,386,399,399,411,227,252,252,272,321,331,348,381,393,412,412,507,507,523,523,538,287,287,287],"floor_reached":39,"language":"ENG","playtime":12912,"items_purged":["Regret","Strike_P"],"score":511,"play_id":"b4433fcf-3c92-4708-855a-d6afdaad7f61","local_time":"20210223220625","is_ascension_mode":true,"campfire_choices":[{"data":"Eruption","floor":6.0,"key":"SMITH"},{"data":"Vigilance","floor":8.0,"key":"SMITH"},{"floor":15.0,"key":"REST"},{"floor":24.0,"key":"REST"},{"floor":32,"key":"REST"}],"circlet_count":0,"master_deck":["Strike_P+1","Strike_P","Strike_P+1","Defend_P","Defend_P","Defend_P","Defend_P","Eruption+1","Vigilance+1","Replay:Cycle","Parasite","FollowUp","ClearTheMind","Injury","Crescendo","FlyingSleeves+1","Replay:Hum","Consecrate+1","Blasphemy","Consecrate+1","Replay:Battleflow","ReplayTheSpireMod:Chaos Vortex","Prostrate","Halt","EmptyFist+1","ThirdEye","TalkToTheHand+1","Consecrate+1","JustLucky+1","CutThroughFate+1","CarveReality+1"],"relics":["PureWater","halation:RedSoulGem","aspiration:Nostalgia","Replay:M_StaffOfTheSnake","hubris:Metronome","Molten Egg 2","SpikesRelics:ToyHorsey","Unceasing Top","infinitespire:Beetle Shell","jedi:battlestandard","halation:AfternoonTea","halation:PromiseList","infinitespire:Lucky Rock","aspiration:Lifesprig","Whetstone","aspiration:PoetsPen_weak","ClockworkSouvenir"],"acts_visited":["Exordium","TheCity","TheBeyond"],"potions_floor_usage":[],"damage_taken":[{"damage":10.0,"enemies":"Small Slimes","floor":1.0,"turns":3.0},{"damage":1.0,"enemies":"2 Louse","floor":3.0,"turns":3.0},{"damage":2.0,"enemies":"Jaw Worm","floor":5.0,"turns":4.0},{"damage":0.0,"enemies":"Lagavulin","floor":10.0,"turns":2.0},{"damage":1.0,"enemies":"2 Fungi Beasts","floor":11.0,"turns":5.0},{"damage":0.0,"enemies":"Large Slime","floor":12.0,"turns":2.0},{"damage":0.0,"enemies":"Looter","floor":13.0,"turns":3.0},{"damage":26.0,"enemies":"3 Sentries","floor":14.0,"turns":7.0},{"damage":28.0,"enemies":"Hexaghost","floor":16.0,"turns":6.0},{"damage":27.0,"enemies":"Shell Parasite","floor":18.0,"turns":5.0},{"damage":0.0,"enemies":"Chosen","floor":19.0,"turns":3.0},{"damage":16.0,"enemies":"conspire:HollyBat","floor":21.0,"turns":9.0},{"damage":21.0,"enemies":"Slavers","floor":23.0,"turns":5.0},{"damage":0.0,"enemies":"3 Cultists","floor":25.0,"turns":3.0},{"damage":0.0,"enemies":"Centurion and Healer","floor":27.0,"turns":3.0},{"damage":2.0,"enemies":"Chosen and Byrds","floor":28.0,"turns":4.0},{"damage":0.0,"enemies":"Book of Stabbing","floor":29.0,"turns":4.0},{"damage":0.0,"enemies":"3 Cultists","floor":30.0,"turns":3.0},{"damage":0,"enemies":"Snecko","floor":31,"turns":2},{"damage":54,"enemies":"hubris:MusketHawk","floor":33,"turns":9},{"damage":0,"enemies":"3 Darklings","floor":35,"turns":3},{"damage":0,"enemies":"3 Shapes","floor":37,"turns":1},{"damage":99999,"enemies":"3 Darklings","floor":39,"turns":2}],"seed_played":"-1637453014385454725","potions_obtained":[{"floor":5.0,"key":"Regen Potion"},{"floor":11.0,"key":"Strength Potion"},{"floor":12.0,"key":"Adrenaline Potion"},{"floor":23.0,"key":"BottledMiracle"},{"floor":35,"key":"AttackPotion"}],"is_trial":false,"path_per_floor":["M","$","M","?","M","R","?","R","T","E","M","M","M","E","R","B",null,"M","M","AVR","M","$","E","R","M","T","M","M","E","M","M","R","B",null,"M","?","M","$","M"],"character_chosen":"WATCHER","items_purchased":["hubris:Metronome","halation:PromiseList","Halt","ClockworkSouvenir"],"campfire_rested":3,"item_purchase_floors":[2,22,22,38],"current_hp_per_floor":[62,62,61,61,59,59,59,59,59,59,58,58,58,32,53,25,72,45,45,45,29,29,8,29,38,38,38,36,36,36,36,57,18,72,72,72,72,72,0,0],"gold":287,"neow_bonus":"NOSTALGIA","is_daily":false,"chose_seed":false,"campfire_upgraded":2,"win_rate":0.0,"timestamp":1614135985,"path_taken":["M","$","M","?","M","R","?","R","T","E","M","M","M","E","R","BOSS","M","M","AVR","M","$","E","R","M","T","M","M","E","M","M","R","BOSS","M","?","M","$","M"],"items_purchased_type":["Relic","Relic","Card","Relic"],"build_version":"2020-12-22","purchased_purges":2,"victory":false,"max_hp_per_floor":[72,72,72,72,72,72,72,72,72,72,72,72,72,72,72,72,72,72,72,72,72,72,72,72,72,72,72,72,72,72,72,72,72,72,72,72,72,72,72,72],"card_choices":[{"not_picked":["Replay:Anticipation","SignatureMove"],"picked":"Replay:Cycle","floor":1.0},{"not_picked":["Well Laid Plans","ThirdEye"],"picked":"FollowUp","floor":3.0},{"not_picked":["SignatureMove","Meditate"],"picked":"ClearTheMind","floor":5.0},{"not_picked":["Acrobatics","Replay:ManipulateFuture"],"picked":"Crescendo","floor":10.0},{"not_picked":["WaveOfTheHand","BattleHymn","Replay:Vibes"],"picked":"SKIP","floor":11.0},{"not_picked":["PathToVictory","Nirvana"],"picked":"FlyingSleeves+1","floor":12.0},{"not_picked":["WindmillStrike+1","SignatureMove+1"],"picked":"Replay:Hum","floor":13.0},{"not_picked":["Halt","Crescendo"],"picked":"Consecrate+1","floor":14.0},{"not_picked":["Replay:AllIn","Wraith Form v2"],"picked":"Blasphemy","floor":16.0},{"not_picked":["Weave+1","Crescendo"],"picked":"Consecrate+1","floor":18.0},{"not_picked":["Replay:ManipulateFuture","CrushJoints+1"],"picked":"Replay:Battleflow","floor":19.0},{"not_picked":["CrushJoints+1","FollowUp+1"],"picked":"Prostrate","floor":21.0},{"not_picked":["Collect","MasterReality","PathToVictory"],"picked":"SKIP","floor":23.0},{"not_picked":["Replay:ManipulateFuture","Acrobatics"],"picked":"EmptyFist+1","floor":25.0},{"not_picked":["Meditate","Well Laid Plans"],"picked":"ThirdEye","floor":27.0},{"not_picked":["Acrobatics","FlurryOfBlows+1"],"picked":"TalkToTheHand+1","floor":28.0},{"not_picked":["PathToVictory","FlyingSleeves+1"],"picked":"Consecrate+1","floor":29.0},{"not_picked":["EmptyMind","Replay:Anticipation","Crescendo"],"picked":"SKIP","floor":30.0},{"not_picked":["Replay:Anticipation","CutThroughFate+1"],"picked":"JustLucky+1","floor":31},{"not_picked":["Worship","ThirdEye+1"],"picked":"CutThroughFate+1","floor":35},{"not_picked":["Perseverance+1","Fasting2"],"picked":"CarveReality+1","floor":37}],"player_experience":947123,"relics_obtained":[{"floor":9.0,"key":"SpikesRelics:ToyHorsey"},{"floor":10.0,"key":"Unceasing Top"},{"floor":14.0,"key":"infinitespire:Beetle Shell"},{"floor":23.0,"key":"infinitespire:Lucky Rock"},{"floor":26.0,"key":"aspiration:Lifesprig"},{"floor":29.0,"key":"Whetstone"}],"event_choices":[],"is_beta":false,"boss_relics":[{"not_picked":["conspire:SlowCooker","Ectoplasm"],"picked":"jedi:battlestandard"},{"not_picked":["halation:PlatinumPhoenix","ChewingGum"],"picked":"aspiration:PoetsPen_weak"}],"items_purged_floors":[22,38],"is_endless":false,"potions_floor_spawned":[5,11,12,16,19,21,23,25,35],"killed_by":"3 Darklings","ascension_level":1}}