{"host":"cfluht5kr2kfk9p9","time":1614174843,"event":{"mods":["ATMod(°¢èªMod)","BaseMod","Highlight Path","Library of Ruina","Library of Ruina Extra","Minty Spire (QoL Compilation)","Quick Restart","Rare Cards Sparkle","Relic Stats","Spicy Shops","StSLib"],"gold_per_floor":[119,136,136,136,136,136,171,171,225,146,172,188,223,239,239,336,336,356,374,299,316,332,361,387,387,387,413,413,426,446,474,474,574,574,590,590,260,280,280,312,312,344,399,433,449,476,476,476,476,476,476,476,0,31,31],"floor_reached":56,"language":"ZHS","playtime":2377,"items_purged":["LightAttack","LightDefense","Dodge"],"score":2058,"play_id":"e59bf5fd-4b3f-4bc7-85b0-31b3f9aa8484","local_time":"20210224215403","is_ascension_mode":true,"campfire_choices":[{"data":"FocusedStrikes","floor":6.0,"key":"SMITH"},{"data":"UndertakePrescript","floor":15.0,"key":"SMITH"},{"data":"WillOfThePrescript","floor":25.0,"key":"SMITH"},{"data":"Suppress","floor":32.0,"key":"SMITH"},{"floor":41.0,"key":"RECALL"},{"floor":49.0,"key":"REST"},{"floor":52,"key":"REST"}],"circlet_count":0,"master_deck":["LightDefense+1","ChargeAndCover","FocusedStrikes+1","Pound+1","AT_FocusSwordFire","Unlock1","InnerArdor","DefenseOrder","WillOfThePrescript+1","UndertakePrescript+1","CleanUp","AsThePrescriptOrders","Deflect_lor","ForTheFamily","Suppress+1","IronWall+1","AlloutWar","SturdyDefense","EmotionalTurbulence","GuidanceOfTheGears","WillProduceFineSilk","Eliminate+1","Faith+1","Apotheosis","Tailoring+1","ViolentFlame","ForTheFamily","Retaliate+1"],"relics":["PageOfLibrarian","AT_ATBox","Question Card","Omamori","MealTicket","Mercury Hourglass","Snecko Eye","Boot","StrikeDummy","PageOfWizard","PageOfSpiderBud","SlaversCollar","Membership Card","PageOfPinocchio","Dream Catcher","Eternal Feather","Strawberry","Oddly Smooth Stone","AT_ArchangelStaff","Sling","Gambling Chip","TheAbacus","Bronze Scales","Akabeko"],"acts_visited":["Exordium","TheCity","TheBeyond","TheEnding"],"potions_floor_usage":[55,55,55],"damage_taken":[{"damage":10.0,"enemies":"Jaw Worm","floor":1.0,"turns":3.0},{"damage":0.0,"enemies":"Small Slimes","floor":2.0,"turns":2.0},{"damage":13.0,"enemies":"3 Sentries","floor":7.0,"turns":4.0},{"damage":11.0,"enemies":"Gremlin Nob","floor":11.0,"turns":4.0},{"damage":0.0,"enemies":"2 Louse","floor":12.0,"turns":3.0},{"damage":0.0,"enemies":"3 Sentries","floor":13.0,"turns":8.0},{"damage":0.0,"enemies":"Red Slaver","floor":14.0,"turns":2.0},{"damage":0.0,"enemies":"Slime Boss","floor":16.0,"turns":3.0},{"damage":0.0,"enemies":"3 Byrds","floor":18.0,"turns":3.0},{"damage":0.0,"enemies":"Shell Parasite","floor":19.0,"turns":2.0},{"damage":0.0,"enemies":"Centurion and Healer","floor":21.0,"turns":3.0},{"damage":0.0,"enemies":"Snake Plant","floor":22.0,"turns":4.0},{"damage":0.0,"enemies":"Slavers","floor":23.0,"turns":2.0},{"damage":0.0,"enemies":"Book of Stabbing","floor":27.0,"turns":3.0},{"damage":0.0,"enemies":"3 Cultists","floor":29.0,"turns":3.0},{"damage":2.0,"enemies":"Centurion and Healer","floor":30.0,"turns":3.0},{"damage":0.0,"enemies":"Gremlin Leader","floor":31.0,"turns":5.0},{"damage":21.0,"enemies":"Collector","floor":33.0,"turns":3.0},{"damage":0.0,"enemies":"3 Darklings","floor":35.0,"turns":3.0},{"damage":0.0,"enemies":"Orb Walker","floor":38.0,"turns":1.0},{"damage":0.0,"enemies":"Nemesis","floor":40.0,"turns":1.0},{"damage":0.0,"enemies":"Reptomancer","floor":42.0,"turns":3.0},{"damage":0.0,"enemies":"Giant Head","floor":44.0,"turns":5.0},{"damage":0.0,"enemies":"Maw","floor":45.0,"turns":4.0},{"damage":0.0,"enemies":"Reptomancer","floor":46.0,"turns":4.0},{"damage":0.0,"enemies":"Awakened One","floor":50.0,"turns":4.0},{"damage":18,"enemies":"Shield and Spear","floor":54,"turns":4},{"damage":16,"enemies":"The Heart","floor":55,"turns":5}],"seed_played":"-702868352132557017","potions_obtained":[{"floor":7.0,"key":"EssenceOfSteel"},{"floor":12.0,"key":"Block Potion"},{"floor":18.0,"key":"Regen Potion"},{"floor":21.0,"key":"SpeedPotion"},{"floor":23.0,"key":"AttackPotion"},{"floor":36.0,"key":"ColorlessPotion"},{"floor":36.0,"key":"PowerPotion"},{"floor":40.0,"key":"LiquidMemories"},{"floor":45.0,"key":"Swift Potion"}],"is_trial":false,"path_per_floor":["M","M","?","?","?","R","E","?","T","$","E","M","E","M","R","B",null,"M","M","$","M","M","E","T","R","T","E","?","M","M","E","R","B",null,"M","?","$","M","?","E","R","E","T","E","M","E","?","?","R","B",null,"R","$","E","B",null],"character_chosen":"Librarian","items_purchased":["DefenseOrder","Membership Card","PageOfPinocchio","Sling","Gambling Chip","TheAbacus","ForTheFamily","Bronze Scales","AttackPotion","Energy Potion"],"campfire_rested":2,"item_purchase_floors":[10,37,37,53,53,53,53,53,53,53],"current_hp_per_floor":[50,50,43,31,31,31,18,18,18,18,7,7,7,7,7,7,64,64,64,79,79,79,79,79,79,79,79,79,79,77,77,77,56,77,77,77,84,84,84,84,84,84,91,91,91,91,91,91,91,91,91,91,91,73,77],"gold":31,"neow_bonus":"TRANSFORM_CARD","is_daily":false,"chose_seed":false,"campfire_upgraded":4,"win_rate":0.0,"timestamp":1614174843,"path_taken":["M","M","?","?","?","R","E","?","T","$","E","M","E","M","R","BOSS","M","M","$","M","M","E","?","R","T","E","?","M","?","E","R","BOSS","M","?","$","?","?","E","R","E","T","E","M","E","?","?","R","BOSS","R","$","E","BOSS"],"items_purchased_type":["Card","Relic","Relic","Relic","Relic","Relic","Card","Relic","Potion","Potion"],"build_version":"2020-12-22","purchased_purges":3,"victory":true,"max_hp_per_floor":[62,62,62,62,62,62,62,62,62,62,62,83,83,83,83,83,83,83,83,83,83,84,84,84,84,84,84,84,84,84,84,84,84,84,84,84,84,84,84,84,84,84,91,91,91,91,91,91,91,91,91,91,91,91,91],"relic_stats":{"Dream Catcher":2,"TheAbacus":[18],"counters":[28,94],"Gambling Chip":[8],"Bronze Scales":[60],"Snecko Eye":[138,137,128,128],"MealTicket":22,"Eternal Feather":0,"Question Card":52,"Boot":[60],"obtain_stats":[{"AT_ATBox":0,"Oddly Smooth Stone":44,"Eternal Feather":42,"Omamori":9,"Question Card":7,"Boot":23,"AT_ArchangelStaff":46,"Sling":53,"Akabeko":54,"Mercury Hourglass":13,"PageOfSpiderBud":31,"PageOfLibrarian":0,"SlaversCollar":34,"Dream Catcher":40,"TheAbacus":53,"Strawberry":43,"Gambling Chip":53,"Bronze Scales":53,"Snecko Eye":17,"PageOfWizard":27,"MealTicket":11,"Membership Card":37,"PageOfPinocchio":37,"StrikeDummy":26},{"AT_ATBox":0,"Oddly Smooth Stone":23,"Eternal Feather":22,"Omamori":3,"Question Card":3,"Boot":13,"AT_ArchangelStaff":25,"Sling":26,"Akabeko":27,"Mercury Hourglass":6,"PageOfSpiderBud":17,"PageOfLibrarian":0,"SlaversCollar":18,"Dream Catcher":21,"TheAbacus":26,"Strawberry":22,"Gambling Chip":26,"Bronze Scales":26,"Snecko Eye":8,"PageOfWizard":14,"MealTicket":4,"Membership Card":19,"PageOfPinocchio":19,"StrikeDummy":13},{"AT_ATBox":0,"Oddly Smooth Stone":73,"Eternal Feather":68,"Omamori":9,"Question Card":9,"Boot":43,"AT_ArchangelStaff":81,"Sling":85,"Akabeko":89,"Mercury Hourglass":24,"PageOfSpiderBud":57,"PageOfLibrarian":0,"SlaversCollar":60,"Dream Catcher":65,"TheAbacus":85,"Strawberry":68,"Gambling Chip":85,"Bronze Scales":85,"Snecko Eye":29,"PageOfWizard":46,"MealTicket":13,"Membership Card":63,"PageOfPinocchio":63,"StrikeDummy":43}],"Mercury Hourglass":[311]},"card_choices":[{"not_picked":["Ripple","HighKick","FierceCharge"],"picked":"Unlock1","floor":1.0},{"not_picked":["ViolentFlame","HardRehearsal","Unlock1","Multislash"],"picked":"SKIP","floor":2.0},{"not_picked":["GaleKick","BlazingStrike","FleetEdge"],"picked":"InnerArdor","floor":7.0},{"not_picked":["FendThisOffIfYouCan","ViolentFlame","StrongStrike","GoinFirst"],"picked":"WillOfThePrescript","floor":11.0},{"not_picked":["BladeWhirl","BindingChains","EnergyShield","SilentMist"],"picked":"UndertakePrescript","floor":12.0},{"not_picked":["Mutilate","IronWall","UpbeatPerformance","HighKick"],"picked":"CleanUp","floor":13.0},{"not_picked":["Rampage_lor","ScatteringSlash","FierceCharge","BindingChains"],"picked":"AsThePrescriptOrders","floor":14.0},{"not_picked":["GoinFirst","BlazingStrike","Decapitation"],"picked":"Deflect_lor","floor":16.0},{"not_picked":["WillOfThePrescript","EnergyConversion","EnergyShield","AutonomousRush"],"picked":"ForTheFamily","floor":18.0},{"not_picked":["WillBeTasty+1","StrongStrike","FleetEdge","DefenseOrder"],"picked":"Suppress","floor":19.0},{"not_picked":["Leap_lor","AbsorbImpact","LawAndOrder","SkyClearingCut+1","EnergyShield"],"picked":"SKIP","floor":21.0},{"not_picked":["UpbeatPerformance","EnergyShield","SnakesPrey","FleetEdge+1"],"picked":"IronWall+1","floor":22.0},{"not_picked":["HeavyPeaks","Rampage_lor+1","UpbeatPerformance","FleetEdge"],"picked":"AlloutWar","floor":23.0},{"not_picked":["TendonChords+1","FleetEdge","AutonomousRush","DarkCloud"],"picked":"SturdyDefense","floor":27.0},{"not_picked":["UpbeatPerformance","EnergyCycle","Feast+1","Unlock1"],"picked":"EmotionalTurbulence","floor":29.0},{"not_picked":["UndertakePrescript","YourShield+1","AbsorbImpact","GuidanceOfTheGears"],"picked":"ToWhereThePrescriptPoints","floor":30.0},{"not_picked":["FormingStorm","TendonChords","Execute_lor+1","GoinFirst"],"picked":"GuidanceOfTheGears","floor":31.0},{"not_picked":["CleanUp","Deflect_lor","ChargeUp"],"picked":"WillProduceFineSilk","floor":33.0},{"not_picked":["HeavyPeaks","ViolentFlame+1","Parry2+1","EnergyShield","ReadyUp+1"],"picked":"SKIP","floor":35.0},{"not_picked":["FrontalAssault","DarkCloud","MultiBlock+1","GuidanceOfTheGears","UndertakePrescript"],"picked":"SKIP","floor":38.0},{"not_picked":["WillOfThePrescript+1","EnergyShield+1","StrongStrike+1","GaleKick","AsThePrescriptOrders+1"],"picked":"SKIP","floor":40.0},{"not_picked":["EnergyShield+1","FormingStorm","DefenseOrder","ChargeUp"],"picked":"Eliminate+1","floor":42.0},{"not_picked":["InkOver+1","ViolentFlame+1","DevastatingThrash","GuidanceOfTheGears"],"picked":"Faith+1","floor":44.0},{"not_picked":["SearingSword+1","SharpenedBlade+1","Eliminate+1","HeavyPeaks","RulesOfTheBackstreets"],"picked":"SKIP","floor":45.0},{"not_picked":["SunsetBlade","RushDown+1","HighKick","GuidanceOfTheGears+1","FleetEdge+1"],"picked":"SKIP","floor":46.0},{"not_picked":["Finesse","Violence","Bandage Up","AT_FamilyPortrait"],"picked":"Apotheosis","floor":47.0},{"not_picked":["AsThePrescriptOrders+1","SkyClearingCut+1","GuidanceOfTheGears+1","DarkCloud+1"],"picked":"Tailoring+1","floor":49.0},{"not_picked":["SkyClearingCut","Pound","BizarreAttack+1","FeatherShield"],"picked":"ViolentFlame","floor":52},{"not_picked":["Track","HeavyPeaks+1","Unlock1+1","GoinFirst"],"picked":"Retaliate+1","floor":54}],"player_experience":68021,"relics_obtained":[{"floor":7.0,"key":"Question Card"},{"floor":9.0,"key":"Omamori"},{"floor":11.0,"key":"MealTicket"},{"floor":13.0,"key":"Mercury Hourglass"},{"floor":23.0,"key":"Boot"},{"floor":26.0,"key":"StrikeDummy"},{"floor":27.0,"key":"PageOfWizard"},{"floor":31.0,"key":"PageOfSpiderBud"},{"floor":40.0,"key":"Dream Catcher"},{"floor":42.0,"key":"Eternal Feather"},{"floor":43.0,"key":"Strawberry"},{"floor":44.0,"key":"Oddly Smooth Stone"},{"floor":46.0,"key":"AT_ArchangelStaff"},{"floor":54,"key":"Akabeko"}],"event_choices":[{"cards_removed":["LightDefense"],"damage_healed":0.0,"max_hp_gain":0.0,"max_hp_loss":0.0,"gold_gain":0.0,"event_name":"Golden Wing","player_choice":"Card Removal","floor":3.0,"gold_loss":0.0,"damage_taken":7.0},{"damage_healed":0.0,"max_hp_gain":0.0,"max_hp_loss":0.0,"gold_gain":0.0,"event_name":"Shining Light","player_choice":"Entered Light","floor":4.0,"gold_loss":0.0,"damage_taken":12.0,"cards_upgraded":["LightDefense","Pound"]},{"damage_healed":0.0,"max_hp_gain":0.0,"max_hp_loss":0.0,"gold_gain":0.0,"event_name":"Liars Game","player_choice":"Ignored","floor":5.0,"gold_loss":0.0,"damage_taken":0.0},{"cards_removed":["LightDefense"],"damage_healed":0.0,"max_hp_gain":0.0,"max_hp_loss":0.0,"gold_gain":0.0,"event_name":"Purifier","player_choice":"Purged","floor":8.0,"gold_loss":0.0,"damage_taken":0.0},{"cards_removed":["LightAttack"],"damage_healed":0.0,"max_hp_gain":0.0,"max_hp_loss":0.0,"gold_gain":0.0,"event_name":"Purifier","player_choice":"Purged","floor":28.0,"gold_loss":0.0,"damage_taken":0.0},{"damage_healed":0.0,"max_hp_gain":0.0,"max_hp_loss":0.0,"gold_gain":0.0,"event_name":"Lab","player_choice":"Got Potions","floor":36.0,"gold_loss":0.0,"damage_taken":0.0},{"cards_removed":["ToWhereThePrescriptPoints"],"damage_healed":0.0,"max_hp_gain":0.0,"max_hp_loss":0.0,"gold_gain":0.0,"event_name":"Falling","player_choice":"Removed Skill","floor":39.0,"gold_loss":0.0,"damage_taken":0.0},{"damage_healed":0.0,"max_hp_gain":0.0,"max_hp_loss":0.0,"gold_gain":0.0,"event_name":"SensoryStone","player_choice":"Memory 1","floor":47.0,"gold_loss":0.0,"damage_taken":0.0},{"damage_healed":0.0,"max_hp_gain":0.0,"max_hp_loss":0.0,"gold_gain":0.0,"event_name":"Tomb of Lord Red Mask","player_choice":"Ignored","floor":48.0,"gold_loss":0.0,"damage_taken":0.0}],"is_beta":false,"boss_relics":[{"not_picked":["Tiny House","Empty Cage"],"picked":"Snecko Eye"},{"not_picked":["Pandora\u0027s Box","Busted Crown"],"picked":"SlaversCollar"}],"items_purged_floors":[20,37,53],"is_endless":false,"potions_floor_spawned":[7,12,18,21,23,31,40,42,45],"ascension_level":5}}