{"host":"vfg9szunmpjwj08o","time":1614210080,"event":{"mods":["Act Like it!","BaseMod","BetterRewards","Bossed Relics","Challenge The Spire","Colored Map","Colored Powertips","Dark Map","Highlight Path","Minty Spire (QoL Compilation)","Quick Restart","Relic Stats","StSLib","Waifu the Spire","everything is the same but u backflip on backflip"],"gold_per_floor":[113,128,148,4,14,47,47,62,142,162,28,40,71,91,91,187,187,198,113,113,124,17,17,30,30,30,42,42,42,60,89,89,185,185,201,218,218,267,142,142,158,158,158,158,178,203,223,223,223,223,223],"floor_reached":50,"language":"ENG","playtime":2431,"items_purged":["Strike_P","Defend_P","Decay"],"score":912,"play_id":"548e810a-cade-49d0-a82c-551346d9c5e3","local_time":"20210225004120","is_ascension_mode":true,"campfire_choices":[{"data":"Eruption","floor":15,"key":"SMITH"},{"floor":23,"key":"RECALL"},{"data":"Ragnarok","floor":28,"key":"SMITH"},{"data":"MentalFortress","floor":32,"key":"SMITH"},{"data":"TalkToTheHand","floor":40,"key":"SMITH"},{"data":"TalkToTheHand","floor":42,"key":"SMITH"},{"data":"Vengeance","floor":44,"key":"SMITH"},{"floor":49,"key":"REST"}],"circlet_count":0,"master_deck":["AscendersBane","Strike_P+1","Strike_P+1","Defend_P","Defend_P+1","Eruption+1","Vigilance+1","LessonLearned+1","EmptyBody+1","Wallop+1","Prostrate+1","WreathOfFlame+1","Vengeance+1","CutThroughFate+1","Sanctity+1","Tantrum+1","Ragnarok+1","TalkToTheHand+1","Prostrate+1","MentalFortress+1","TalkToTheHand+1","DeusExMachina+1","Adaptation+1"],"relics":["HolyWater","Singing Bowl","Letter Opener","Dead Branch","Empty Cage","Anchor","Lizard Tail","Pear","Gambling Chip","CeramicFish"],"acts_visited":["Exordium","TheCity","TheBeyond"],"potions_floor_usage":[13,18,30,30,31,33,50],"damage_taken":[{"damage":2,"enemies":"Jaw Worm","floor":1,"turns":3},{"damage":0,"enemies":"Cultist","floor":2,"turns":5},{"damage":0,"enemies":"2 Louse","floor":3,"turns":2},{"damage":5,"enemies":"2 Fungi Beasts","floor":5,"turns":4},{"damage":38,"enemies":"Lagavulin","floor":6,"turns":5},{"damage":0,"enemies":"Exordium Wildlife","floor":8,"turns":4},{"damage":0,"enemies":"3 Louse","floor":10,"turns":2},{"damage":5,"enemies":"Gremlin Gang","floor":12,"turns":5},{"damage":5,"enemies":"3 Sentries","floor":13,"turns":5},{"damage":1,"enemies":"Blue Slaver","floor":14,"turns":6},{"damage":0,"enemies":"Slime Boss","floor":16,"turns":3},{"damage":4,"enemies":"3 Byrds","floor":18,"turns":4},{"damage":0,"enemies":"Chosen","floor":21,"turns":3},{"damage":0,"enemies":"Centurion and Healer","floor":24,"turns":4},{"damage":6,"enemies":"Snecko","floor":27,"turns":5},{"damage":0,"enemies":"Chosen and Byrds","floor":30,"turns":3},{"damage":6,"enemies":"Gremlin Leader","floor":31,"turns":5},{"damage":101,"enemies":"Automaton","floor":33,"turns":8},{"damage":0,"enemies":"3 Darklings","floor":35,"turns":3},{"damage":7,"enemies":"3 Shapes","floor":36,"turns":3},{"damage":26,"enemies":"2 Orb Walkers","floor":38,"turns":4},{"damage":2,"enemies":"Maw","floor":41,"turns":6},{"damage":14,"enemies":"Jaw Worm Horde","floor":45,"turns":5},{"damage":13,"enemies":"Nemesis","floor":46,"turns":5},{"damage":16,"enemies":"4 Shapes","floor":47,"turns":4},{"damage":68,"enemies":"Donu and Deca","floor":50,"turns":4}],"seed_played":"3806045466828769849","potions_obtained":[{"floor":10,"key":"LiquidBronze"},{"floor":12,"key":"PowerPotion"},{"floor":13,"key":"Dexterity Potion"},{"floor":16,"key":"DuplicationPotion"},{"floor":24,"key":"PowerPotion"},{"floor":30,"key":"Fruit Juice"},{"floor":31,"key":"PowerPotion"},{"floor":33,"key":"Fire Potion"},{"floor":36,"key":"SkillPotion"},{"floor":41,"key":"BlessingOfTheForge"}],"is_trial":false,"path_per_floor":["M","M","M","$","M","E","?","M","T","M","$","M","E","M","R","B",null,"M","?","?","M","$","R","M","$","T","M","R","?","M","E","R","B",null,"M","M","?","?","$","R","M","R","T","R","M","E","M","?","R","B"],"character_chosen":"WATCHER","items_purchased":["WreathOfFlame","Sanctity","MentalFortress","TalkToTheHand"],"campfire_rested":1,"item_purchase_floors":[4,11,22,22],"current_hp_per_floor":[63,63,63,63,58,20,20,22,22,24,24,21,18,17,17,17,59,55,55,55,57,57,57,59,59,59,55,55,55,62,68,68,49,86,86,81,81,57,57,57,57,57,57,57,45,34,20,20,51,0,0],"gold":223,"neow_bonus":"THREE_RARE_CARDS","is_daily":false,"chose_seed":false,"campfire_upgraded":6,"win_rate":0.0,"timestamp":1614210080,"path_taken":["M","M","M","$","M","E","?","?","T","M","?","M","E","M","R","BOSS","M","?","?","M","$","R","M","?","T","M","R","?","M","E","R","BOSS","M","?","?","?","?","R","M","R","T","R","?","E","M","?","R","BOSS"],"items_purchased_type":["Card","Card","Card","Card"],"build_version":"2020-12-22","purchased_purges":3,"victory":false,"max_hp_per_floor":[65,65,65,65,65,65,65,67,67,69,69,71,73,73,73,73,73,73,73,73,75,75,75,77,77,77,79,79,79,86,98,98,98,98,98,100,95,97,97,97,99,99,99,99,101,103,105,105,105,105,105],"relic_stats":{"Lizard Tail":49,"Singing Bowl":30,"counters":[26,110],"Dead Branch":[102],"Gambling Chip":[7],"CeramicFish":0,"Letter Opener":[261],"obtain_stats":[{"Anchor":19,"Lizard Tail":26,"Pear":31,"Singing Bowl":6,"Dead Branch":13,"Gambling Chip":38,"CeramicFish":46,"HolyWater":34,"Letter Opener":9,"PureWater":0,"Empty Cage":17},{"Anchor":12,"Lizard Tail":14,"Pear":17,"Singing Bowl":5,"Dead Branch":9,"Gambling Chip":21,"CeramicFish":24,"HolyWater":18,"Letter Opener":6,"PureWater":0,"Empty Cage":11},{"Anchor":48,"Lizard Tail":55,"Pear":68,"Singing Bowl":19,"Dead Branch":35,"Gambling Chip":86,"CeramicFish":102,"HolyWater":76,"Letter Opener":23,"PureWater":0,"Empty Cage":44}]},"card_choices":[{"not_picked":["Omniscience","DeusExMachina"],"picked":"LessonLearned","floor":0},{"not_picked":["Prostrate","CarveReality"],"picked":"EmptyBody","floor":1},{"not_picked":["Swivel","Collect"],"picked":"Wallop","floor":2},{"not_picked":["JustLucky","Weave"],"picked":"Prostrate","floor":3},{"not_picked":["ClearTheMind","FollowUp"],"picked":"Vengeance","floor":5},{"not_picked":["Protect","Perseverance"],"picked":"CutThroughFate","floor":6},{"not_picked":["ReachHeaven","ClearTheMind","Consecrate"],"picked":"Singing Bowl","floor":8},{"not_picked":["EmptyFist","ReachHeaven","JustLucky"],"picked":"Singing Bowl","floor":10},{"not_picked":["LikeWater","EmptyFist","Sanctity"],"picked":"Singing Bowl","floor":12},{"not_picked":["Wireheading","ReachHeaven","EmptyMind"],"picked":"Singing Bowl","floor":13},{"not_picked":["SignatureMove","Consecrate"],"picked":"Tantrum","floor":14},{"not_picked":["LessonLearned","Judgement"],"picked":"Ragnarok","floor":16},{"not_picked":["FearNoEvil","Consecrate"],"picked":"TalkToTheHand","floor":18},{"not_picked":["Wireheading+1","Prostrate","Consecrate"],"picked":"Singing Bowl","floor":21},{"not_picked":["Worship","BowlingBash","Wallop"],"picked":"Singing Bowl","floor":24},{"not_picked":["Prostrate+1","SignatureMove+1","FlurryOfBlows"],"picked":"Singing Bowl","floor":27},{"not_picked":["Crescendo","PathToVictory","ClearTheMind"],"picked":"Singing Bowl","floor":30},{"not_picked":["SandsOfTime","EmptyFist","Pray+1"],"picked":"Singing Bowl","floor":31},{"not_picked":["Establishment","Judgement"],"picked":"DeusExMachina","floor":33},{"not_picked":["BowlingBash+1","FlurryOfBlows+1"],"picked":"Adaptation+1","floor":35},{"not_picked":["SandsOfTime+1","FollowUp","DeceiveReality"],"picked":"Singing Bowl","floor":36},{"not_picked":["Protect","ReachHeaven+1","Perseverance+1"],"picked":"Singing Bowl","floor":38},{"not_picked":["SashWhip+1","FollowUp","CrushJoints"],"picked":"Singing Bowl","floor":41},{"not_picked":["MentalFortress+1","ClearTheMind","Adaptation+1"],"picked":"Singing Bowl","floor":45},{"not_picked":["WindmillStrike","Establishment","Halt+1"],"picked":"Singing Bowl","floor":46},{"not_picked":["Evaluate+1","ClearTheMind","Pray+1"],"picked":"Singing Bowl","floor":47}],"player_experience":1120345,"relics_obtained":[{"floor":6,"key":"Singing Bowl"},{"floor":9,"key":"Letter Opener"},{"floor":13,"key":"Dead Branch"},{"floor":26,"key":"Lizard Tail"},{"floor":31,"key":"Pear"},{"floor":38,"key":"Gambling Chip"},{"floor":46,"key":"CeramicFish"}],"event_choices":[{"damage_healed":0,"gold_gain":0,"player_choice":"Ignored","damage_taken":0,"max_hp_gain":0,"max_hp_loss":0,"event_name":"WeMeetAgain","floor":7,"gold_loss":0},{"damage_healed":0,"gold_gain":0,"player_choice":"Obtained Relic","damage_taken":0,"relics_obtained":["Anchor"],"max_hp_gain":0,"max_hp_loss":0,"event_name":"Addict","floor":19,"gold_loss":85},{"damage_healed":0,"gold_gain":0,"player_choice":"Read","damage_taken":0,"max_hp_gain":0,"max_hp_loss":0,"event_name":"The Library","floor":20,"gold_loss":0,"cards_obtained":["Prostrate"]},{"damage_healed":0,"gold_gain":0,"player_choice":"Cursed","damage_taken":0,"max_hp_gain":0,"max_hp_loss":0,"event_name":"Wheel of Change","floor":29,"gold_loss":0,"cards_obtained":["Decay"]},{"damage_healed":0,"gold_gain":0,"player_choice":"Max HP","damage_taken":0,"max_hp_gain":0,"max_hp_loss":5,"event_name":"Winding Halls","floor":37,"gold_loss":0},{"damage_healed":0,"gold_gain":0,"player_choice":"Fight","damage_taken":0,"max_hp_gain":0,"max_hp_loss":0,"event_name":"Mysterious Sphere","floor":38,"gold_loss":0},{"damage_healed":0,"gold_gain":0,"player_choice":"Ignored","damage_taken":0,"max_hp_gain":0,"max_hp_loss":0,"event_name":"Tomb of Lord Red Mask","floor":48,"gold_loss":0}],"is_beta":false,"boss_relics":[{"not_picked":["Runic Dome","Snecko Eye"],"picked":"Empty Cage"},{"not_picked":["Runic Pyramid","SacredBark"],"picked":"HolyWater"}],"items_purged_floors":[4,11,39],"is_endless":false,"potions_floor_spawned":[10,12,13,16,24,30,31,33,36,41,47],"killed_by":"Donu and Deca","ascension_level":11}}