{"host":"d73an99q9oevilk5","time":1614154670,"event":{"mods":["2.2 Compatiblity","AchievementEnabler","Act Like it!","Aspiration","BaseMod","Beaked The Cultist","Better Third Choice","BetterRewards","Colored Map","Colored Powertips","Conspire","Downfall","GifTheSpireLib","Halation","Hubris","Infinite Spire","Marisa????????","Mimic Mod","Minty Spire (QoL Compilation)","MostiFishMod","Quick Restart","Relic Sorter","Reliquary","Replay The Spire","Shop Mod","Spikes Relics","StSLib","Stuff the Spire","The Cursed","The Jungle","The Necromancer","The Saiyan","Waifu the Spire","egg","slay the spire mod where everything is the same but ironclad has a cowboy hat"],"gold_per_floor":[113,113,113,113,113,113,140,140,167,178,178,213,6,18,18,123,123,140,140,140,140,150,178,194,194,194,206,206,131,131,165,165,263,263,280,194,194,78,97,131,131,145,168,186,236,236,252,23,23,23],"floor_reached":51,"language":"ENG","playtime":1373,"items_purged":["hubris:Gluttony","Regret"],"score":969,"play_id":"d8702e02-810e-4138-b995-7077ed097852","local_time":"20210224011750","is_ascension_mode":false,"campfire_choices":[{"data":"Zap","floor":6,"key":"SMITH"},{"data":"Self Repair","floor":8,"key":"SMITH"},{"data":"BasicCrystalCard","floor":15,"key":"SMITH"},{"data":"hubris:PowerSurge","floor":25,"key":"SMITH"},{"data":"Mirror Shield","floor":28,"key":"SMITH"},{"data":"Loop","floor":30,"key":"SMITH"},{"data":"StuffTheSpire:ShieldGenerator","floor":32,"key":"SMITH"},{"data":"Consume","floor":41,"key":"SMITH"}],"circlet_count":0,"master_deck":["Strike_B+1","Strike_B+1","Strike_B+1","Defend_B+1","Defend_B+1","Defend_B+1","Defend_B+1","Zap+1","Dualcast","Self Repair+1","Self Repair+1","BasicCrystalCard+1","Leap","Consume+1","BasicCrystalCard+1","Mirror Shield+1","Loop+1","Conserve Battery+1","hubris:PowerSurge+1","StuffTheSpire:ShieldGenerator+1","Hyperbeam+1","Redo+1","Rainbow+1","BasicCrystalCard+1","Capacitor+1","BasicCrystalCard+1","Defragment+1"],"relics":["Cracked Core","DaveBox","Civilization","Lizard Tail","halation:QuantumPhysicsTextbook","SynthV","Counterbalance","SynthV:TestCard","halation:EternalFortune","SynthV:C4","conspire:Dentures","hubris:TenFootPole","halation:Prosthetics","Replay:Bottled Flurry","Golden Egg","Empty Cage","MerchantsRug","halation:Jellyphish","Symbiotic Virus","aspiration:EnhancedActuators","hubris:MedicalManual","Raider\u0027s Mask","downfall:ExtraCursedKey","Prayer Wheel"],"acts_visited":["Exordium","TheCity","TheBeyond"],"potions_floor_usage":[50,50,50],"damage_taken":[{"damage":0,"enemies":"Small Slimes","floor":1,"turns":3},{"damage":5,"enemies":"Gremlin Nob","floor":7,"turns":3},{"damage":0,"enemies":"Jaw Worm","floor":10,"turns":2},{"damage":23,"enemies":"Lagavulin","floor":12,"turns":4},{"damage":0,"enemies":"2 Louse","floor":14,"turns":1},{"damage":1,"enemies":"Fading Forest","floor":16,"turns":11},{"damage":3,"enemies":"2 Thieves","floor":18,"turns":3},{"damage":0,"enemies":"Chosen","floor":22,"turns":2},{"damage":0,"enemies":"Book of Stabbing","floor":23,"turns":4},{"damage":0,"enemies":"Sentry and Sphere","floor":24,"turns":4},{"damage":0,"enemies":"Centurion and Healer","floor":27,"turns":4},{"damage":0,"enemies":"Gremlin Leader","floor":31,"turns":5},{"damage":15,"enemies":"hubris:MusketHawk","floor":33,"turns":6},{"damage":3,"enemies":"3 Darklings","floor":35,"turns":4},{"damage":0,"enemies":"Orb Walker","floor":39,"turns":2},{"damage":0,"enemies":"Giant Head","floor":40,"turns":7},{"damage":1,"enemies":"4 Shapes","floor":42,"turns":4},{"damage":0,"enemies":"Maw","floor":44,"turns":5},{"damage":0,"enemies":"Mind Bloom Boss Battle","floor":45,"turns":4},{"damage":0,"enemies":"Jaw Worm Horde","floor":47,"turns":3},{"damage":0,"enemies":"Replay:Hell Engine","floor":50,"turns":7}],"seed_played":"-4980636060538144804","potions_obtained":[{"floor":14,"key":"Weak Potion"},{"floor":16,"key":"Death Potion"},{"floor":22,"key":"Adrenaline Potion"},{"floor":39,"key":"Guardian:BlockOnCardUsePotion"},{"floor":42,"key":"SkillPotion"},{"floor":47,"key":"infinitespire:BlackPotion"}],"is_trial":false,"path_per_floor":["M","?","?","$","?","R","E","R","T","M","?","E","$","M","R_BF","B",null,"M","?","?","?","M","E","M","R","T","M","R","$","R","E","R","B",null,"M","$","?","$","M","E","R","M","T","M","?","?","M","$","R_BF","B",null],"character_chosen":"DEFECT","items_purchased":["Lizard Tail","SynthV","Self Repair","hubris:TenFootPole","BasicCrystalCard","BasicCrystalCard","Capacitor","MerchantsRug","halation:Jellyphish","Defragment","Raider\u0027s Mask"],"campfire_rested":0,"item_purchase_floors":[0,0,0,13,13,36,36,38,38,48,48],"current_hp_per_floor":[77,77,80,80,80,80,86,86,86,90,90,92,92,97,97,105,70,75,75,75,75,80,85,90,90,90,95,95,95,95,100,100,105,105,110,110,110,110,115,120,120,125,125,130,135,128,133,133,133,138],"gold":23,"neow_bonus":"","is_daily":false,"chose_seed":false,"campfire_upgraded":8,"win_rate":0.0,"timestamp":1614154670,"path_taken":["M","?","?","$","?","R","E","R","T","?","?","E","$","M","R_BF","BOSS","M","?","?","?","M","E","?","R","T","M","R","$","R","E","R","BOSS","M","$","?","?","?","E","R","M","T","M","?","?","M","?","R_BF","BOSS"],"items_purchased_type":["Relic","Relic","Card","Relic","Card","Card","Card","Relic","Relic","Card","Relic"],"build_version":"2020-12-22","purchased_purges":2,"victory":true,"max_hp_per_floor":[77,77,80,80,80,80,86,86,86,90,90,95,95,100,100,105,70,75,75,75,75,80,85,90,90,90,95,95,95,95,100,100,105,105,110,110,110,110,115,120,120,125,125,130,135,128,133,133,133,138],"card_choices":[{"not_picked":["Go for the Eyes","Beam Cell"],"picked":"BasicCrystalCard","floor":1},{"not_picked":["StuffTheSpire:CleanHardDrive","Heatsinks","Sweeping Beam","MostiFishMod:PushDownKick"],"picked":"Leap","floor":7},{"not_picked":["StuffTheSpire:NuclearReactor","Redo","RefreshScreen","Scrape","Stack"],"picked":"SKIP","floor":10},{"not_picked":["MostiFishMod:Nova","StuffTheSpire:Rend","ReplayTheSpireMod:Dual Polarity","Static Discharge"],"picked":"Consume","floor":12},{"not_picked":["Redo","Beam Cell","Gash","Ball Lightning","Rebound"],"picked":"SKIP","floor":14},{"not_picked":["Machine Learning","StuffTheSpire:EventHorizon","hubris:SpecializedCircuitry","MostiFishMod:Exploitation"],"picked":"Mirror Shield","floor":16},{"not_picked":["Rebound","Gash","Barrage","Stack"],"picked":"Loop","floor":18},{"not_picked":["infinitespire:SealOfDarkness+","hubris:InfiniteBlow"],"picked":"infinitespire:Fortify","floor":20},{"not_picked":["Rebound","Barrage","Static Discharge","Ball Lightning","StuffTheSpire:Rend"],"picked":"SKIP","floor":22},{"not_picked":["StuffTheSpire:Plugnplay","StuffTheSpire:GlassShard+1","Seek","ReplayTheSpireMod:Reroute Power+1"],"picked":"Conserve Battery+1","floor":23},{"not_picked":["Barrage","Heatsinks","Ball Lightning+1","conspire:SharedLibrary+1"],"picked":"hubris:PowerSurge","floor":24},{"not_picked":["Hologram","Gash","Ball Lightning","Steam","Crystallizer"],"picked":"SKIP","floor":27},{"not_picked":["Stack","MostiFishMod:PushDownKick","Compile Driver","Leap"],"picked":"StuffTheSpire:ShieldGenerator","floor":31},{"not_picked":["MostiFishMod:IntelligentEquipment","MostiFishMod:TalkingToTheRain","Echo Form","ReplayTheSpireMod:Fabricate Wheel"],"picked":"Hyperbeam","floor":33},{"not_picked":["Sunder+1","Streamline","Barrage","Scrape+1"],"picked":"Redo+1","floor":35},{"not_picked":["Conserve Battery","Turbo","Ball Lightning+1","Leap+1"],"picked":"Rainbow","floor":35},{"not_picked":["Turbo+1","Steam","Leap","StuffTheSpire:CleanHardDrive","Panic Button+1"],"picked":"SKIP","floor":39},{"not_picked":["MostiFishMod:PushDownKick+1","Streamline","MostiFishMod:LinkProtocol","Leap+1","Lockon"],"picked":"SKIP","floor":40},{"not_picked":["ReplaySolidLightProjector","hubris:Prefetch","Go for the Eyes","Darkness","Leap+1"],"picked":"SKIP","floor":42},{"not_picked":["Doom and Gloom+1","MostiFishMod:LinkProtocol","Stack+1","conspire:SharedLibrary"],"picked":"BasicCrystalCard+1","floor":44},{"not_picked":["Darkness","StuffTheSpire:Plugnplay","Leap+1","MostiFishMod:FluxCapactior+1","Go for the Eyes"],"picked":"SKIP","floor":47}],"player_experience":1987854,"relics_obtained":[{"floor":1,"key":"SynthV:TestCard"},{"floor":7,"key":"halation:EternalFortune"},{"floor":7,"key":"reliquary:TatteredRug"},{"floor":9,"key":"SynthV:C4"},{"floor":12,"key":"conspire:Dentures"},{"floor":23,"key":"Replay:Bottled Flurry"},{"floor":26,"key":"Golden Egg"},{"floor":31,"key":"Anchor"},{"floor":40,"key":"Symbiotic Virus"},{"floor":43,"key":"aspiration:EnhancedActuators"},{"floor":45,"key":"hubris:MedicalManual"}],"event_choices":[{"damage_healed":0,"gold_gain":0,"player_choice":"Grow","damage_taken":0,"max_hp_gain":0,"max_hp_loss":0,"event_name":"Living Wall","floor":2,"gold_loss":0,"cards_upgraded":["BasicCrystalCard"]},{"damage_healed":0,"gold_gain":0,"player_choice":"Simplicity","damage_taken":0,"max_hp_gain":0,"max_hp_loss":8,"event_name":"betterThird:BetterWriting","floor":19,"gold_loss":0},{"cards_removed":["infinitespire:Fortify"],"damage_healed":0,"gold_gain":0,"player_choice":"Took Card","damage_taken":0,"max_hp_gain":0,"max_hp_loss":0,"event_name":"NoteForYourself","floor":37,"gold_loss":0,"cards_obtained":["Regret"]},{"damage_healed":0,"gold_gain":0,"player_choice":"Fight","damage_taken":0,"max_hp_gain":0,"max_hp_loss":0,"event_name":"MindBloom","floor":45,"gold_loss":0},{"damage_healed":0,"gold_gain":0,"player_choice":"Max HP","damage_taken":0,"max_hp_gain":0,"max_hp_loss":7,"event_name":"Winding Halls","floor":46,"gold_loss":0}],"is_beta":false,"boss_relics":[{"not_picked":["Honey Jar","GreenFoldingFan"],"picked":"halation:Prosthetics"},{"not_picked":["halation:Risk","halation:SmartPhone"],"picked":"Empty Cage"}],"items_purged_floors":[29,38],"is_endless":false,"potions_floor_spawned":[14,16,22,23,31,39,42,47],"ascension_level":0}}