{"host":"nx6k9gttpbkpebht","time":1614160077,"event":{"mods":["BaseMod","Colored Map","Colored Powertips","DeckTracker","Downfall","Googly Eyes","Minty Spire (QoL Compilation)","StSLib"],"gold_per_floor":[115,115,115,115,40,68,68,68,68,68,79,79,110,129,129,229,229,239,239,69,57,68,101,101,101,101,131,182,182,202,221,221,221,221],"floor_reached":33,"language":"ENG","playtime":1685,"items_purged":["Strike_B","Strike_B"],"score":291,"play_id":"8e9f0dfa-366f-4632-8035-46d956ce655b","local_time":"20210224104757","is_ascension_mode":false,"campfire_choices":[{"data":"Zap","floor":7,"key":"SMITH"},{"floor":10,"key":"REST"},{"floor":12,"key":"REST"},{"data":"Conserve Battery","floor":15,"key":"SMITH"},{"data":"Redo","floor":24,"key":"SMITH"},{"data":"Redo","floor":29,"key":"SMITH"},{"data":"Machine Learning","floor":32,"key":"SMITH"}],"circlet_count":0,"master_deck":["Strike_B+1","Defend_B","Defend_B","Defend_B","Defend_B","Zap+1","Dualcast+1","Gash","Gash","Redo+1","Conserve Battery+1","Rainbow","Darkness","Self Repair","Redo+1","Machine Learning+1","Conserve Battery"],"relics":["FrozenCore","PreservedInsect","Bag of Marbles","Blood Vial","Meat on the Bone","Bottled Flame","Juzu Bracelet","Eternal Feather","Dream Catcher","Bag of Preparation"],"acts_visited":["Exordium","TheCity"],"potions_floor_usage":[16,23,23,30],"damage_taken":[{"damage":3,"enemies":"2 Louse","floor":1,"turns":3},{"damage":27,"enemies":"Gremlin Nob","floor":6,"turns":4},{"damage":1,"enemies":"Jaw Worm","floor":11,"turns":2},{"damage":12,"enemies":"3 Sentries","floor":13,"turns":5},{"damage":0,"enemies":"Small Slimes","floor":14,"turns":2},{"damage":22,"enemies":"The Guardian","floor":16,"turns":14},{"damage":12,"enemies":"Chosen","floor":18,"turns":5},{"damage":18,"enemies":"2 Thieves","floor":21,"turns":4},{"damage":16,"enemies":"Snake Plant","floor":22,"turns":4},{"damage":19,"enemies":"Book of Stabbing","floor":23,"turns":6},{"damage":28,"enemies":"Slavers","floor":27,"turns":6},{"damage":6,"enemies":"3 Cultists","floor":30,"turns":5},{"damage":8,"enemies":"Sentry and Sphere","floor":31,"turns":6},{"damage":82,"enemies":"Collector","floor":33,"turns":9}],"seed_played":"7008824757529737484","potions_obtained":[{"floor":11,"key":"FearPotion"},{"floor":16,"key":"SpeedPotion"},{"floor":18,"key":"FearPotion"},{"floor":27,"key":"AttackPotion"},{"floor":31,"key":"SneckoOil"}],"is_trial":false,"path_per_floor":["M","?","?","?","$","E","R","?","T","R","M","R","E","M","R","B",null,"M","?","$","M","M","E","R","$","T","E","T","R","M","M","R","B"],"character_chosen":"DEFECT","items_purchased":["Self Repair"],"campfire_rested":2,"item_purchase_floors":[20],"current_hp_per_floor":[72,72,65,58,58,31,31,16,16,38,39,61,51,53,53,45,75,63,56,56,47,52,54,54,54,54,47,47,56,59,60,69,0,0],"gold":221,"neow_bonus":"RANDOM_COMMON_RELIC","is_daily":false,"chose_seed":false,"campfire_upgraded":5,"win_rate":0.0,"timestamp":1614160077,"path_taken":["M","?","?","?","$","E","R","?","T","R","?","R","E","M","R","BOSS","M","?","$","?","M","E","R","$","T","E","?","R","M","M","R","BOSS"],"items_purchased_type":["Card"],"build_version":"2020-12-22","purchased_purges":2,"victory":false,"max_hp_per_floor":[75,75,75,75,75,75,75,75,75,75,75,75,75,75,75,75,75,75,75,75,75,75,75,75,75,75,75,75,75,75,75,75,75,75],"card_choices":[{"not_picked":["Coolheaded","Cold Snap"],"picked":"Gash","floor":1},{"not_picked":["Redo","Blizzard"],"picked":"Gash","floor":6},{"not_picked":["Compile Driver","Beam Cell"],"picked":"Redo","floor":11},{"not_picked":["Stack","Compile Driver","Tempest"],"picked":"SKIP","floor":13},{"not_picked":["Cold Snap","Rip and Tear"],"picked":"Conserve Battery","floor":14},{"not_picked":["All For One","Fission"],"picked":"Rainbow","floor":16},{"not_picked":["Compile Driver+1","Consume"],"picked":"Darkness","floor":18},{"not_picked":["Streamline","Sweeping Beam+1","Darkness+1"],"picked":"SKIP","floor":21},{"not_picked":["Steam+1","Go for the Eyes","Consume"],"picked":"SKIP","floor":22},{"not_picked":["Hologram","Blizzard"],"picked":"Redo","floor":23},{"not_picked":["Hologram+1","Steam+1"],"picked":"Machine Learning","floor":27},{"not_picked":["Aggregate","Ball Lightning","Hologram"],"picked":"SKIP","floor":30},{"not_picked":["Sweeping Beam","Ball Lightning"],"picked":"Conserve Battery","floor":31}],"player_experience":56291,"relics_obtained":[{"floor":6,"key":"Blood Vial"},{"floor":9,"key":"Meat on the Bone"},{"floor":13,"key":"Bottled Flame"},{"floor":23,"key":"Juzu Bracelet"},{"floor":26,"key":"Eternal Feather"},{"floor":27,"key":"Dream Catcher"},{"floor":28,"key":"Bag of Preparation"}],"event_choices":[{"damage_healed":0,"gold_gain":0,"player_choice":"Ignored","damage_taken":0,"max_hp_gain":0,"max_hp_loss":0,"event_name":"Golden Idol","floor":2,"gold_loss":0},{"cards_removed":["Strike_B"],"damage_healed":0,"gold_gain":0,"player_choice":"Card Removal","damage_taken":7,"max_hp_gain":0,"max_hp_loss":0,"event_name":"Golden Wing","floor":3,"gold_loss":0},{"damage_healed":0,"gold_gain":0,"player_choice":"Success","damage_taken":7,"relics_obtained":["Bag of Marbles"],"max_hp_gain":0,"max_hp_loss":0,"event_name":"Scrap Ooze","floor":4,"gold_loss":0},{"damage_healed":0,"gold_gain":0,"player_choice":"Entered Light","damage_taken":15,"max_hp_gain":0,"max_hp_loss":0,"event_name":"Shining Light","floor":8,"gold_loss":0,"cards_upgraded":["Strike_B","Dualcast"]},{"damage_healed":0,"gold_gain":0,"player_choice":"Damaged","damage_taken":7,"max_hp_gain":0,"max_hp_loss":0,"event_name":"Wheel of Change","floor":19,"gold_loss":0}],"is_beta":false,"boss_relics":[{"not_picked":["Snecko Eye","Tiny House"],"picked":"FrozenCore"}],"items_purged_floors":[5,20],"is_endless":false,"potions_floor_spawned":[11,16,18,27,31],"killed_by":"Collector","ascension_level":0}}