{"host":"s229x1smnerk6mew","time":1614149698,"event":{"mods":["BaseMod","Bestiary","Minty Spire (QoL Compilation)","Relic Stats"],"gold_per_floor":[114,114,130,182,182,182,216,216,216,216,231,261,24,56,56,135,135,147,161,177,102,184,218,231,266,266,300,318,318,338,338,338,412,412,423,36,36,55,71,104,104,104,104,136,136,163,176,203,203,203,203,203,203,65,98,98],"floor_reached":57,"language":"ENG","playtime":6347,"items_purged":["Pain","Strike_G","Strike_G"],"score":3142,"play_id":"03358a25-7bfa-4e40-ac56-14f039db0bf9","local_time":"20210224175458","is_ascension_mode":true,"campfire_choices":[{"data":"Dagger Spray","floor":6.0,"key":"SMITH"},{"data":"Blade Dance","floor":10.0,"key":"SMITH"},{"data":"Calculated Gamble","floor":15.0,"key":"SMITH"},{"data":"Footwork","floor":29.0,"key":"SMITH"},{"data":"Concentrate","floor":32.0,"key":"SMITH"},{"floor":41.0,"key":"RECALL"},{"floor":49.0,"key":"REST"},{"floor":53.0,"key":"REST"}],"circlet_count":0,"master_deck":["AscendersBane","Strike_G+1","Strike_G+1","Defend_G","Defend_G","Defend_G","Defend_G","Defend_G","Survivor","Neutralize","Dagger Throw","Dagger Spray+1","Blade Dance+1","Blade Dance","Acrobatics","Calculated Gamble+1","Venomology","Footwork+1","Leg Sweep+1","PiercingWail","Tactician+1","Endless Agony+1","Concentrate+1","After Image","Die Die Die+1","Madness","Madness","Dagger Throw+1","Dodge and Roll+1","Accuracy+1","Malaise"],"relics":["Ring of the Snake","Tiny Chest","WarpedTongs","MealTicket","Whetstone","Happy Flower","InkBottle","White Beast Statue","Nunchaku","Potion Belt","Runic Pyramid","Question Card","Regal Pillow","Shuriken","Meat on the Bone","Molten Egg 2","Nilry\u0027s Codex","Fusion Hammer","Frozen Egg 2","Vajra","Blue Candle","Smiling Mask","Ice Cream","Bronze Scales","Orichalcum"],"acts_visited":["Exordium","TheCity","TheBeyond","TheEnding"],"potions_floor_usage":[56,56,56,56,56,56,56,56,56],"damage_taken":[{"damage":8.0,"enemies":"Small Slimes","floor":1.0,"turns":3.0},{"damage":4.0,"enemies":"Cultist","floor":3.0,"turns":5.0},{"damage":40.0,"enemies":"Lagavulin","floor":7.0,"turns":11.0},{"damage":1.0,"enemies":"2 Louse","floor":11.0,"turns":2.0},{"damage":10.0,"enemies":"3 Sentries","floor":12.0,"turns":4.0},{"damage":5.0,"enemies":"Gremlin Nob","floor":14.0,"turns":3.0},{"damage":0.0,"enemies":"The Guardian","floor":16.0,"turns":17.0},{"damage":4.0,"enemies":"Chosen","floor":18.0,"turns":4.0},{"damage":1.0,"enemies":"Spheric Guardian","floor":19.0,"turns":4.0},{"damage":0.0,"enemies":"3 Cultists","floor":20.0,"turns":4.0},{"damage":0.0,"enemies":"Gremlin Leader","floor":23.0,"turns":8.0},{"damage":10.0,"enemies":"Snake Plant","floor":24.0,"turns":7.0},{"damage":5.0,"enemies":"Book of Stabbing","floor":25.0,"turns":6.0},{"damage":0.0,"enemies":"Gremlin Leader","floor":27.0,"turns":4.0},{"damage":0.0,"enemies":"Centurion and Healer","floor":28.0,"turns":5.0},{"damage":4.0,"enemies":"Shelled Parasite and Fungi","floor":30.0,"turns":5.0},{"damage":10.0,"enemies":"Automaton","floor":33.0,"turns":9.0},{"damage":0.0,"enemies":"3 Shapes","floor":35.0,"turns":7.0},{"damage":0.0,"enemies":"Orb Walker","floor":38.0,"turns":4.0},{"damage":0.0,"enemies":"Spire Growth","floor":39.0,"turns":4.0},{"damage":0.0,"enemies":"Reptomancer","floor":40.0,"turns":5.0},{"damage":0.0,"enemies":"Giant Head","floor":44.0,"turns":5.0},{"damage":7.0,"enemies":"Reptomancer","floor":46.0,"turns":5.0},{"damage":28.0,"enemies":"4 Shapes","floor":47.0,"turns":7.0},{"damage":1.0,"enemies":"Nemesis","floor":48.0,"turns":5.0},{"damage":38.0,"enemies":"Time Eater","floor":50.0,"turns":7.0},{"damage":2.0,"enemies":"Awakened One","floor":51.0,"turns":12.0},{"damage":33.0,"enemies":"Shield and Spear","floor":55.0,"turns":6.0},{"damage":41,"enemies":"The Heart","floor":56,"turns":9}],"seed_played":"6731595665291495131","potions_obtained":[{"floor":7.0,"key":"Block Potion"},{"floor":12.0,"key":"AttackPotion"},{"floor":14.0,"key":"SpeedPotion"},{"floor":16.0,"key":"SpeedPotion"},{"floor":18.0,"key":"Weak Potion"},{"floor":19.0,"key":"DistilledChaos"},{"floor":23.0,"key":"PowerPotion"},{"floor":25.0,"key":"DistilledChaos"},{"floor":28.0,"key":"SpeedPotion"},{"floor":39.0,"key":"SkillPotion"},{"floor":47.0,"key":"DuplicationPotion"},{"floor":55.0,"key":"Poison Potion"}],"is_trial":false,"path_per_floor":["M","?","M","T","T","R","E","?","T","R","M","E","$","E","R","B",null,"M","M","M","?","T","E","M","E","T","E","M","R","M","?","R","B",null,"M","$","?","M","M","E","R","T","T","E","?","E","M","E","R","B","B",null,"R","$","E","B",null],"character_chosen":"THE_SILENT","items_purchased":["Nunchaku","Frozen Egg 2","Accuracy+1"],"campfire_rested":2,"item_purchase_floors":[13,36,54],"current_hp_per_floor":[51,51,47,47,47,47,7,29,29,29,28,18,33,28,28,28,57,53,52,52,52,52,52,42,37,37,37,37,37,45,24,24,26,56,56,66,66,66,66,66,66,66,66,66,54,47,31,42,66,40,38,59,66,66,45,16],"gold":98,"neow_bonus":"RANDOM_COMMON_RELIC","is_daily":false,"chose_seed":false,"campfire_upgraded":5,"win_rate":0.0,"timestamp":1614149698,"path_taken":["M","?","?","?","?","R","E","?","T","R","?","E","$","E","R","BOSS","M","M","M","?","?","E","M","E","T","E","?","R","M","?","R","BOSS","M","$","?","M","M","E","R","?","T","E","?","E","M","E","R","BOSS","BOSS","R","$","E","BOSS"],"items_purchased_type":["Relic","Relic","Card"],"build_version":"2020-12-22","purchased_purges":3,"victory":true,"max_hp_per_floor":[66,66,66,66,66,66,66,66,66,66,66,66,66,66,66,66,66,66,66,66,66,66,66,66,66,66,66,66,66,66,66,66,66,66,66,66,66,66,66,66,66,66,66,66,66,66,66,66,66,66,66,66,66,66,66,66],"relic_stats":{"Regal Pillow":5,"Happy Flower":[52],"counters":[29,177],"Blue Candle":[0],"Whetstone":["Strike_G","Strike_G"],"Orichalcum":[12],"Question Card":16,"Smiling Mask":75,"WarpedTongs":[168],"Nunchaku":[57],"Shuriken":[101],"Bronze Scales":[207],"Tiny Chest":3,"MealTicket":25,"obtain_stats":[{"Ice Cream":46,"Regal Pillow":23,"Nilry\u0027s Codex":31,"Vajra":40,"Whetstone":5,"Smiling Mask":44,"Nunchaku":13,"Tiny Chest":0,"MealTicket":4,"Fusion Hammer":34,"InkBottle":9,"Ring of the Snake":0,"Runic Pyramid":17,"Potion Belt":14,"Happy Flower":7,"Blue Candle":43,"Frozen Egg 2":36,"Orichalcum":55,"Question Card":22,"White Beast Statue":12,"WarpedTongs":2,"Shuriken":25,"Bronze Scales":48,"Molten Egg 2":27,"Meat on the Bone":26},{"Ice Cream":23,"Regal Pillow":11,"Nilry\u0027s Codex":16,"Vajra":21,"Whetstone":2,"Smiling Mask":22,"Nunchaku":5,"Tiny Chest":0,"MealTicket":2,"Fusion Hammer":17,"InkBottle":3,"Ring of the Snake":0,"Runic Pyramid":7,"Potion Belt":6,"Happy Flower":3,"Blue Candle":21,"Frozen Egg 2":18,"Orichalcum":28,"Question Card":10,"White Beast Statue":5,"WarpedTongs":1,"Shuriken":13,"Bronze Scales":25,"Molten Egg 2":14,"Meat on the Bone":13},{"Ice Cream":131,"Regal Pillow":65,"Nilry\u0027s Codex":92,"Vajra":121,"Whetstone":8,"Smiling Mask":126,"Nunchaku":25,"Tiny Chest":0,"MealTicket":8,"Fusion Hammer":101,"InkBottle":19,"Ring of the Snake":0,"Runic Pyramid":45,"Potion Belt":28,"Happy Flower":19,"Blue Candle":121,"Frozen Egg 2":108,"Orichalcum":168,"Question Card":57,"White Beast Statue":25,"WarpedTongs":3,"Shuriken":78,"Bronze Scales":143,"Molten Egg 2":82,"Meat on the Bone":78}],"InkBottle":[106],"Ring of the Snake":[59],"Meat on the Bone":84},"card_choices":[{"not_picked":["Cloak And Dagger","Flying Knee"],"picked":"Dagger Throw","floor":1.0},{"not_picked":["PiercingWail","Blur"],"picked":"Dagger Spray","floor":3.0},{"not_picked":["Deflect","Envenom"],"picked":"Blade Dance","floor":7.0},{"not_picked":["Heel Hook","Noxious Fumes"],"picked":"Blade Dance","floor":11.0},{"not_picked":["Bouncing Flask","Escape Plan"],"picked":"Acrobatics","floor":12.0},{"not_picked":["Dagger Spray","Slice"],"picked":"Calculated Gamble","floor":14.0},{"not_picked":["Bullet Time","Corpse Explosion"],"picked":"Venomology","floor":16.0},{"not_picked":["Bouncing Flask","Cloak And Dagger"],"picked":"Footwork","floor":18.0},{"not_picked":["Tactician","Catalyst"],"picked":"Leg Sweep+1","floor":19.0},{"not_picked":["Leg Sweep+1","Calculated Gamble"],"picked":"PiercingWail","floor":20.0},{"not_picked":["Bouncing Flask","Acrobatics","Eviscerate","Riddle With Holes"],"picked":"SKIP","floor":23.0},{"not_picked":["Dodge and Roll","Expertise","Noxious Fumes"],"picked":"Caltrops+1","floor":24.0},{"not_picked":["Skewer+1","Choke","Leg Sweep+1","Flying Knee"],"picked":"SKIP","floor":25.0},{"not_picked":["Reflex","Escape Plan","Slice+1"],"picked":"Tactician+1","floor":27.0},{"not_picked":["Flying Knee+1","Cloak And Dagger","Bane+1"],"picked":"Endless Agony+1","floor":28.0},{"not_picked":["Endless Agony+1","Dodge and Roll","Flechettes+1"],"picked":"Concentrate","floor":30.0},{"not_picked":["Burst","A Thousand Cuts","Doppelganger"],"picked":"After Image","floor":33.0},{"not_picked":["Acrobatics","Deadly Poison","Dodge and Roll","PiercingWail"],"picked":"SKIP","floor":35.0},{"not_picked":["Quick Slash+1","Concentrate","Calculated Gamble","Infinite Blades+1"],"picked":"SKIP","floor":38.0},{"not_picked":["Blur","Escape Plan","All Out Attack+1","Dash+1"],"picked":"SKIP","floor":39.0},{"not_picked":["Deflect","Blade Dance+1","Quick Slash+1","All Out Attack+1"],"picked":"SKIP","floor":40.0},{"not_picked":["Deflect+1","Bane+1","Well Laid Plans+1"],"picked":"Die Die Die+1","floor":44.0},{"not_picked":["Slice+1","Deflect","Calculated Gamble","Cloak And Dagger"],"picked":"SKIP","floor":46.0},{"not_picked":["Expertise","Deflect","Quick Slash+1"],"picked":"Dagger Throw+1","floor":47.0},{"not_picked":["Predator+1","Deadly Poison","Caltrops+1"],"picked":"Dodge and Roll+1","floor":48.0},{"not_picked":["Quick Slash+1","Dagger Throw+1","PiercingWail+1"],"picked":"Malaise","floor":55.0}],"player_experience":2101920,"relics_obtained":[{"floor":4.0,"key":"MealTicket"},{"floor":5.0,"key":"Whetstone"},{"floor":7.0,"key":"Happy Flower"},{"floor":9.0,"key":"InkBottle"},{"floor":12.0,"key":"White Beast Statue"},{"floor":14.0,"key":"Potion Belt"},{"floor":22.0,"key":"Question Card"},{"floor":23.0,"key":"Regal Pillow"},{"floor":25.0,"key":"Shuriken"},{"floor":26.0,"key":"Meat on the Bone"},{"floor":27.0,"key":"Molten Egg 2"},{"floor":31.0,"key":"Nilry\u0027s Codex"},{"floor":40.0,"key":"Vajra"},{"floor":43.0,"key":"Blue Candle"},{"floor":44.0,"key":"Smiling Mask"},{"floor":46.0,"key":"Ice Cream"},{"floor":48.0,"key":"Bronze Scales"},{"floor":55.0,"key":"Orichalcum"}],"event_choices":[{"damage_healed":0.0,"max_hp_gain":0.0,"max_hp_loss":0.0,"gold_gain":0.0,"event_name":"Accursed Blacksmith","player_choice":"Rummage","floor":2.0,"gold_loss":0.0,"damage_taken":0.0,"relics_obtained":["WarpedTongs"],"cards_obtained":["Pain"]},{"damage_healed":22.0,"max_hp_gain":0.0,"max_hp_loss":0.0,"gold_gain":0.0,"event_name":"Big Fish","player_choice":"Banana","floor":8.0,"gold_loss":0.0,"damage_taken":0.0},{"cards_removed":["Strike_G"],"damage_healed":0.0,"max_hp_gain":0.0,"max_hp_loss":0.0,"gold_gain":0.0,"event_name":"Beggar","player_choice":"Gave Gold","floor":21.0,"gold_loss":75.0,"damage_taken":0.0},{"damage_healed":0.0,"max_hp_gain":0.0,"max_hp_loss":0.0,"gold_gain":0.0,"event_name":"Cursed Tome","player_choice":"Obtained Book","floor":31.0,"gold_loss":0.0,"damage_taken":21.0},{"cards_removed":["Caltrops"],"damage_healed":0.0,"max_hp_gain":0.0,"max_hp_loss":0.0,"gold_gain":0.0,"event_name":"Falling","player_choice":"Removed Power","floor":37.0,"gold_loss":0.0,"damage_taken":0.0},{"damage_healed":0.0,"max_hp_gain":0.0,"max_hp_loss":0.0,"gold_gain":0.0,"event_name":"Winding Halls","player_choice":"Embrace Madness","floor":45.0,"gold_loss":0.0,"damage_taken":12.0,"cards_obtained":["Madness","Madness"]}],"is_beta":false,"boss_relics":[{"not_picked":["Busted Crown","Ectoplasm"],"picked":"Runic Pyramid"},{"not_picked":["Astrolabe","Calling Bell"],"picked":"Fusion Hammer"}],"items_purged_floors":[13,36,54],"is_endless":false,"potions_floor_spawned":[7,12,14,16,18,19,20,23,24,25,27,28,30,33,35,38,39,40,44,46,47,48,55],"ascension_level":20}}