{"host":"2zq1cv117yq1teno","time":1614133127,"event":{"mods":["BaseMod","Downfall","Friendly Minions","Hermit","Hero for Fun","Highlight Path","Marisa????????","Minty Spire (QoL Compilation)","Quick Restart","Replay The Spire","StSLib","SuperFastMode","The Bug Knight","The Cursed","The Disciple","The Necromancer","The Servant 0.9.4"],"gold_per_floor":[118,118,193,193,211,211,240,256,256,291,311,346,346,379,379,475,475,492,272,285,235,253,253,265,265,334,363,380,380,397,431,431,532,532,552,624,624,635,44,44,72,89,89,108,143,155,170,204,204,204],"floor_reached":51,"language":"ENG","playtime":2913,"items_purged":["Strike_G","Strike_G"],"score":1375,"play_id":"f191b7be-cd83-4481-a5c5-fe1ef89b90dd","local_time":"20210223211847","is_ascension_mode":true,"campfire_choices":[{"data":"Noxious Fumes","floor":6.0,"key":"SMITH"},{"floor":13.0,"key":"REST"},{"floor":15.0,"key":"REST"},{"data":"Noxious Fumes","floor":23.0,"key":"SMITH"},{"data":"Footwork","floor":25.0,"key":"SMITH"},{"data":"Noxious Fumes","floor":29.0,"key":"SMITH"},{"data":"Strike_G","floor":32.0,"key":"PURGE"},{"data":"Neutralize","floor":40.0,"key":"SMITH"},{"data":"Pot Of Greed","floor":49,"key":"SMITH"}],"circlet_count":0,"master_deck":["Strike_G","Strike_G","Defend_G+1","Defend_G+1","Defend_G+1","Defend_G+1","Defend_G+1","Survivor","Neutralize+1","Poisoned Stab","Noxious Fumes+1","Dodge and Roll","Bouncing Flask","Pot Of Greed+1","Pot Of Greed","Bane","Noxious Fumes+1","Noxious Fumes+1","Dodge and Roll+1","Footwork+1","downfall:Haunted","Crippling Poison+1","Sneak Up+1","Pot Of Greed","Backflip","Backflip+1","Voices","Parasite"],"relics":["Ring of the Snake","NeowsBlessing","Quantum Egg","Bottled Flame","Grinning Jar","ReplayTheSpireMod:TigerMarble","Replay:Rubber Ducky","Cursed Key","Art of War","White Beast Statue","Orichalcum","HollowMod:StagPassRelic","SlaversCollar","Bag of Marbles","Replay:Bottled Eggs","HornCleat","PreservedInsect","Nunchaku","Smiling Mask","Pen Nib"],"acts_visited":["Exordium","TheCity","TheBeyond"],"potions_floor_usage":[48],"damage_taken":[{"damage":0.0,"enemies":"2 Louse","floor":1.0,"turns":1.0},{"damage":0.0,"enemies":"Jaw Worm","floor":5.0,"turns":1.0},{"damage":0.0,"enemies":"Lagavulin","floor":7.0,"turns":1.0},{"damage":13.0,"enemies":"Small Slimes","floor":8.0,"turns":5.0},{"damage":28.0,"enemies":"Gremlin Nob","floor":10.0,"turns":5.0},{"damage":8.0,"enemies":"3 Louse","floor":11.0,"turns":3.0},{"damage":5.0,"enemies":"Lagavulin","floor":12.0,"turns":6.0},{"damage":23.0,"enemies":"Gremlin Nob","floor":14.0,"turns":4.0},{"damage":14.0,"enemies":"The Guardian","floor":16.0,"turns":9.0},{"damage":2.0,"enemies":"Spheric Guardian","floor":18.0,"turns":4.0},{"damage":6.0,"enemies":"Chosen","floor":20.0,"turns":5.0},{"damage":12.0,"enemies":"3 Cultists","floor":22.0,"turns":5.0},{"damage":8.0,"enemies":"Snake Plant","floor":24.0,"turns":4.0},{"damage":6.0,"enemies":"Book of Stabbing","floor":27.0,"turns":5.0},{"damage":0.0,"enemies":"Centurion and Healer","floor":28.0,"turns":5.0},{"damage":13.0,"enemies":"Cultist and Chosen","floor":30.0,"turns":5.0},{"damage":0.0,"enemies":"Replay:Snechameleon","floor":31.0,"turns":5.0},{"damage":5.0,"enemies":"Pondfish","floor":33.0,"turns":8.0},{"damage":0.0,"enemies":"Orb Walker","floor":35.0,"turns":5.0},{"damage":0.0,"enemies":"3 Darklings","floor":38.0,"turns":5.0},{"damage":9.0,"enemies":"Giant Head","floor":41.0,"turns":10.0},{"damage":0.0,"enemies":"Spire Growth","floor":42.0,"turns":6.0},{"damage":0.0,"enemies":"Sphere and 2 Shapes","floor":44.0,"turns":4.0},{"damage":0.0,"enemies":"Reptomancer","floor":45.0,"turns":6.0},{"damage":3,"enemies":"Transient","floor":46,"turns":5},{"damage":4,"enemies":"Writhing Mass","floor":47,"turns":6},{"damage":0,"enemies":"Nemesis","floor":48,"turns":7},{"damage":10,"enemies":"Awakened One","floor":50,"turns":18}],"seed_played":"-1259902360128282900","potions_obtained":[{"floor":7.0,"key":"ColorlessPotion"},{"floor":10.0,"key":"Adrenaline Potion"},{"floor":11.0,"key":"hexamod:SoulburnPotion"},{"floor":12.0,"key":"Adrenaline Potion"},{"floor":18.0,"key":"ColorlessPotion"},{"floor":20.0,"key":"ColorlessPotion"},{"floor":27.0,"key":"Strength Potion"},{"floor":28.0,"key":"DuplicationPotion"},{"floor":30.0,"key":"Guardian:BlockOnCardUsePotion"},{"floor":31.0,"key":"ColorlessPotion"},{"floor":33.0,"key":"AttackPotion"},{"floor":35.0,"key":"Fruit Juice"},{"floor":36.0,"key":"sneckomod:MuddlingPotion"},{"floor":36.0,"key":"Swift Potion"},{"floor":38.0,"key":"sneckomod:MuddlingPotion"},{"floor":41.0,"key":"Toxic Potion"},{"floor":44.0,"key":"Languid Potion"},{"floor":45.0,"key":"Explosive Potion"},{"floor":46,"key":"Energy Potion"},{"floor":48,"key":"ColorlessPotion"}],"is_trial":false,"path_per_floor":["M","?","?","?","M","R","E","M","T","E","M","E","R","E","R","B",null,"M","$","M","?","M","R","M","R","T","E","M","R","M","E","R","B",null,"M","?","?","M","$","R","E","M","T","M","E","M","M","E","R","B",null],"character_chosen":"THE_SILENT","items_purchased":["Art of War","Replay:Bottled Eggs","HornCleat"],"campfire_rested":2,"item_purchase_floors":[19,39,39],"current_hp_per_floor":[70,70,59,59,59,59,59,46,46,18,10,5,26,3,24,10,70,68,68,62,62,50,50,42,42,42,36,36,36,23,23,23,18,70,75,75,75,75,75,75,66,66,66,66,66,63,59,59,59,49],"gold":204,"neow_bonus":"THREE_ENEMY_KILL","is_daily":false,"chose_seed":false,"campfire_upgraded":6,"win_rate":0.0,"timestamp":1614133127,"path_taken":["M","?","?","?","M","R","E","M","T","E","?","E","R","E","R","BOSS","M","$","M","?","M","R","?","R","T","E","M","R","M","E","R","BOSS","M","?","?","M","$","R","E","M","T","M","E","?","M","E","R","BOSS"],"items_purchased_type":["Relic","Relic","Relic"],"build_version":"2020-12-22","purchased_purges":2,"victory":true,"max_hp_per_floor":[70,70,70,70,70,70,70,70,70,70,70,70,70,70,70,70,70,70,70,70,70,70,70,70,70,70,70,70,70,70,70,70,70,70,75,75,75,75,75,75,75,75,75,75,75,75,75,75,75,75],"card_choices":[{"not_picked":["Endless Agony","Hidden Blade"],"picked":"Poisoned Stab","floor":1.0},{"not_picked":["Dagger Spray","Draining Mist"],"picked":"Dodge and Roll","floor":5.0},{"not_picked":["Expertise","Venomology"],"picked":"Bouncing Flask","floor":7.0},{"not_picked":["Accuracy","Dash","ReplayTheSpireMod:The Works"],"picked":"SKIP","floor":8.0},{"not_picked":["Choke","Toxin Wave"],"picked":"Bane","floor":10.0},{"not_picked":["Crippling Poison","Bane"],"picked":"Noxious Fumes","floor":11.0},{"not_picked":["Caltrops","Dagger Throw","Flying Knee"],"picked":"SKIP","floor":12.0},{"not_picked":["Blade Dance","Fluid Movement","Dagger Spray"],"picked":"SKIP","floor":14.0},{"not_picked":["Blade Dance+1","Dagger Throw","Predator+1"],"picked":"SKIP","floor":18.0},{"not_picked":["Deflect","Dagger Throw+1"],"picked":"Noxious Fumes","floor":20.0},{"not_picked":["Deflect","Flechettes"],"picked":"Dodge and Roll+1","floor":22.0},{"not_picked":["Unload","ReplayTheSpireMod:Tripwire"],"picked":"Footwork","floor":24.0},{"not_picked":["Quick Slash","Flechettes+1"],"picked":"Crippling Poison+1","floor":27.0},{"not_picked":["Flying Knee","Hidden Blade","Quick Slash"],"picked":"SKIP","floor":28.0},{"not_picked":["Draining Mist","Poisoned Stab","Dash"],"picked":"SKIP","floor":30.0},{"not_picked":["Flying Knee","Bane+1","Prepared"],"picked":"SKIP","floor":31.0},{"not_picked":["Blade Dance+1","All Out Attack"],"picked":"Sneak Up","floor":35.0},{"not_picked":["Dodge and Roll+1","Poisoned Stab"],"picked":"Backflip","floor":36.0},{"not_picked":["Toxin Wave","Quick Slash","PiercingWail"],"picked":"SKIP","floor":38.0},{"not_picked":["Cloak And Dagger","Deflect"],"picked":"Backflip+1","floor":41.0},{"not_picked":["PiercingWail+1","Quick Slash","Blade Dance"],"picked":"SKIP","floor":42.0},{"not_picked":["Backstab+1","ReplayTheSpireMod:Necrosis","ReplayTheSpireMod:Tripwire"],"picked":"SKIP","floor":44.0},{"not_picked":["Cloak And Dagger","Prepared","Dash"],"picked":"SKIP","floor":45.0},{"not_picked":["ReplayTheSpireMod:The Works+1","Deflect+1","Poisoned Stab"],"picked":"SKIP","floor":46},{"not_picked":["Blur","Outmaneuver+1","Acrobatics+1"],"picked":"SKIP","floor":47},{"not_picked":["Replay:Poison Smokescreen","ReplayTheSpireMod:The Works+1","Deadly Poison"],"picked":"SKIP","floor":48}],"player_experience":87562,"relics_obtained":[{"floor":7.0,"key":"Quantum Egg"},{"floor":9.0,"key":"Bottled Flame"},{"floor":10.0,"key":"Grinning Jar"},{"floor":12.0,"key":"ReplayTheSpireMod:TigerMarble"},{"floor":14.0,"key":"Replay:Rubber Ducky"},{"floor":26.0,"key":"White Beast Statue"},{"floor":27.0,"key":"Orichalcum"},{"floor":31.0,"key":"HollowMod:StagPassRelic"},{"floor":36.0,"key":"Bag of Marbles"},{"floor":41.0,"key":"PreservedInsect"},{"floor":43.0,"key":"Nunchaku"},{"floor":45.0,"key":"Smiling Mask"},{"floor":48,"key":"Pen Nib"}],"event_choices":[{"damage_healed":0.0,"max_hp_gain":0.0,"max_hp_loss":0.0,"gold_gain":75.0,"event_name":"World of Goop","player_choice":"Gather Gold","floor":3.0,"gold_loss":0.0,"damage_taken":11.0},{"damage_healed":0.0,"max_hp_gain":0.0,"max_hp_loss":0.0,"gold_gain":0.0,"event_name":"Match and Keep!","player_choice":"1 cards matched","floor":4.0,"gold_loss":0.0,"damage_taken":0.0,"cards_obtained":["Noxious Fumes"]},{"damage_healed":0.0,"max_hp_gain":0.0,"max_hp_loss":0.0,"gold_gain":0.0,"event_name":"The Joust","player_choice":"Bet on Murderer","floor":21.0,"gold_loss":50.0,"damage_taken":0.0},{"damage_healed":0.0,"max_hp_gain":0.0,"max_hp_loss":0.0,"gold_gain":0.0,"event_name":"Accursed Blacksmith","player_choice":"Forge","floor":37.0,"gold_loss":0.0,"damage_taken":0.0,"cards_upgraded":["Sneak Up"]}],"is_beta":false,"boss_relics":[{"not_picked":["Kintsugi","Tiny House"],"picked":"Cursed Key"},{"not_picked":["Pandora\u0027s Box","Replay:Ancient Bell"],"picked":"SlaversCollar"}],"items_purged_floors":[19,39],"is_endless":false,"potions_floor_spawned":[7,10,11,12,18,20,27,28,30,31,33,35,38,41,42,44,45,46,47,48],"ascension_level":2}}