{"host":"ia9e4s524g7bamk7","time":1614173117,"event":{"mods":["AchievementEnabler","BaseMod","Colored Map","Minty Spire (QoL Compilation)","Permanent Neow","Slay-I","slay the spire mod where everything is the same but ironclad has a cowboy hat"],"gold_per_floor":[130,188,222,18,18,18,98,200,225,225,312,371,371,371,371,467,467,527,21,58,101,101,186,186,241,241,266,266],"floor_reached":27,"language":"ENG","playtime":2258,"items_purged":["Strike_G"],"score":375,"play_id":"ddaed8bd-7e35-4406-801a-dcc3f1222968","local_time":"20210224142517","is_ascension_mode":true,"campfire_choices":[{"data":"HandOfGreed","floor":6.0,"key":"SMITH"},{"data":"Survivor","floor":13.0,"key":"SMITH"},{"data":"Neutralize","floor":15.0,"key":"SMITH"}],"circlet_count":0,"master_deck":["Strike_G","Strike_G","Strike_G","Defend_G","Defend_G","Defend_G","Defend_G","Defend_G","Survivor+1","Neutralize+1","HandOfGreed+1","Noxious Fumes","Dash","Backflip","Backflip","Well Laid Plans","Backflip","Venomology","Adrenaline","Predator","Catalyst","Conserve Battery+1","Footwork","Backflip"],"relics":["Ring of the Snake","Bag of Preparation","Odd Mushroom","Juzu Bracelet","Pen Nib","FossilizedHelix","Eternal Feather","Snecko Eye","Akabeko","PrismaticShard","Strawberry","Pear"],"acts_visited":["Exordium","TheCity"],"potions_floor_usage":[25,25],"damage_taken":[{"damage":6.0,"enemies":"Cultist","floor":1.0,"turns":3.0},{"damage":4.0,"enemies":"Small Slimes","floor":2.0,"turns":5.0},{"damage":0.0,"enemies":"Jaw Worm","floor":3.0,"turns":5.0},{"damage":17.0,"enemies":"The Mushroom Lair","floor":7.0,"turns":5.0},{"damage":5.0,"enemies":"3 Sentries","floor":8.0,"turns":10.0},{"damage":0.0,"enemies":"3 Louse","floor":11.0,"turns":7.0},{"damage":5.0,"enemies":"Lagavulin","floor":12.0,"turns":7.0},{"damage":1.0,"enemies":"The Guardian","floor":16.0,"turns":13.0},{"damage":11.0,"enemies":"2 Thieves","floor":18.0,"turns":5.0},{"damage":0.0,"enemies":"Shell Parasite","floor":20.0,"turns":7.0},{"damage":0.0,"enemies":"Snecko","floor":21.0,"turns":5.0},{"damage":32.0,"enemies":"Slavers","floor":23.0,"turns":8.0},{"damage":6,"enemies":"Book of Stabbing","floor":25,"turns":5},{"damage":29,"enemies":"Slavers","floor":27,"turns":2}],"seed_played":"-5465357103859247312","potions_obtained":[{"floor":8.0,"key":"GamblersBrew"},{"floor":11.0,"key":"LiquidBronze"},{"floor":12.0,"key":"Swift Potion"},{"floor":16.0,"key":"BlessingOfTheForge"},{"floor":20.0,"key":"CultistPotion"},{"floor":23.0,"key":"AttackPotion"}],"is_trial":false,"path_per_floor":["M","M","M","$","?","R","?","E","T","?","M","E","R","?","R","B",null,"M","$","M","M","?","E","?","E","T","E"],"character_chosen":"THE_SILENT","items_purchased":["Bag of Preparation","BlessingOfTheForge","Akabeko","PrismaticShard","Predator","Catalyst"],"campfire_rested":0,"item_purchase_floors":[4,4,19,19,19,19],"current_hp_per_floor":[57,53,53,53,53,53,36,31,31,24,24,19,31,31,43,42,58,47,47,47,47,47,22,22,26,26,0,0],"gold":266,"neow_bonus":"RANDOM_COLORLESS_2","is_daily":false,"chose_seed":false,"campfire_upgraded":3,"win_rate":0.0,"timestamp":1614173117,"path_taken":["M","M","M","$","?","R","?","E","T","?","M","E","R","?","R","BOSS","M","$","M","M","?","E","?","E","T","E"],"items_purchased_type":["Relic","Potion","Relic","Relic","Card","Card"],"build_version":"2020-12-22","purchased_purges":1,"victory":false,"max_hp_per_floor":[63,63,63,63,63,63,63,63,63,63,63,63,63,63,63,63,63,63,63,63,63,63,70,70,80,80,80,80],"card_choices":[{"not_picked":["Violence","Apotheosis"],"picked":"HandOfGreed","floor":0.0},{"not_picked":["Blade Dance","Quick Slash"],"picked":"Noxious Fumes","floor":1.0},{"not_picked":["PiercingWail","Finisher"],"picked":"Dash","floor":2.0},{"not_picked":["Flechettes","Dagger Spray"],"picked":"Backflip","floor":3.0},{"not_picked":["Dagger Spray","Cloak And Dagger"],"picked":"Backflip","floor":7.0},{"not_picked":["Underhanded Strike","Poisoned Stab"],"picked":"Well Laid Plans","floor":8.0},{"not_picked":["Sucker Punch","All Out Attack"],"picked":"Backflip","floor":11.0},{"not_picked":["Terror","Sucker Punch"],"picked":"Venomology","floor":12.0},{"not_picked":["Tools of the Trade","Die Die Die"],"picked":"Adrenaline","floor":16.0},{"not_picked":["Underhanded Strike","Flechettes","Heel Hook"],"picked":"SKIP","floor":18.0},{"not_picked":["ClearTheMind","Headbutt"],"picked":"Conserve Battery+1","floor":20.0},{"not_picked":["Purity","Swift Strike"],"picked":"Footwork","floor":21.0},{"not_picked":["Masterful Stab","Poisoned Stab","Combust"],"picked":"SKIP","floor":23.0},{"not_picked":["Tactician","Headbutt"],"picked":"Backflip","floor":25}],"player_experience":421010,"relics_obtained":[{"floor":7.0,"key":"Odd Mushroom"},{"floor":8.0,"key":"Juzu Bracelet"},{"floor":9.0,"key":"Pen Nib"},{"floor":12.0,"key":"Eternal Feather"},{"floor":23.0,"key":"Strawberry"},{"floor":25,"key":"Pear"}],"event_choices":[{"damage_healed":0.0,"max_hp_gain":0.0,"max_hp_loss":0.0,"gold_gain":0.0,"event_name":"Liars Game","player_choice":"Ignored","floor":5.0,"gold_loss":0.0,"damage_taken":0.0},{"damage_healed":0.0,"max_hp_gain":0.0,"max_hp_loss":0.0,"gold_gain":0.0,"event_name":"Mushrooms","player_choice":"Fought Mushrooms","floor":7.0,"gold_loss":0.0,"damage_taken":0.0},{"damage_healed":0.0,"max_hp_gain":0.0,"max_hp_loss":0.0,"gold_gain":0.0,"event_name":"Scrap Ooze","player_choice":"Success","floor":10.0,"gold_loss":0.0,"damage_taken":7.0,"relics_obtained":["FossilizedHelix"]},{"damage_healed":0.0,"max_hp_gain":0.0,"max_hp_loss":0.0,"gold_gain":0.0,"event_name":"Dead Adventurer","player_choice":"Searched \u00270\u0027 times","floor":14.0,"gold_loss":0.0,"damage_taken":0.0},{"cards_removed":["Strike_G"],"damage_healed":0.0,"max_hp_gain":0.0,"max_hp_loss":0.0,"gold_gain":0.0,"event_name":"Purifier","player_choice":"Purged","floor":22.0,"gold_loss":0.0,"damage_taken":0.0},{"damage_healed":0.0,"max_hp_gain":0.0,"max_hp_loss":0.0,"gold_gain":0.0,"event_name":"The Mausoleum","player_choice":"Ignored","floor":24.0,"gold_loss":0.0,"damage_taken":0.0}],"is_beta":false,"boss_relics":[{"not_picked":["WristBlade","Sozu"],"picked":"Snecko Eye"}],"items_purged_floors":[19],"is_endless":false,"potions_floor_spawned":[8,11,12,16,20,21,23],"killed_by":"Slavers","ascension_level":7}}