{"host":"daa8jqyg4gqfaysm","time":1614199520,"event":{"mods":["BaseMod","Colored Powertips","Minty Spire (QoL Compilation)","StSLib"],"gold_per_floor":[110,129,129,144,219,219,144,144,144,144,179,191,221,221,221,314,314,334,249,30,45,45,45,45],"floor_reached":23,"language":"ENG","playtime":575,"items_purged":["Strike_R"],"score":494,"play_id":"874f4130-c261-4a92-a54d-bf810e5c1817","local_time":"20210224154520","is_ascension_mode":true,"campfire_choices":[{"floor":6,"key":"REST"},{"data":"Bash","floor":8,"key":"SMITH"},{"data":"Demon Form","floor":15,"key":"SMITH"}],"circlet_count":0,"master_deck":["AscendersBane","Defend_R","Defend_R","Defend_R","Defend_R","Bash+1","Burning Pact","Sword Boomerang","Shrug It Off","Demon Form+1","Shrug It Off","Flame Barrier","Impervious","Sentinel+1","Evolve+1","Berserk+1","Shrug It Off","Dropkick+1","Ghostly","Ghostly","Ghostly"],"relics":["Runic Dome","StrikeDummy","Question Card","Bottled Flame","Singing Bowl","Golden Idol","Astrolabe","Dream Catcher"],"acts_visited":["Exordium","TheCity"],"potions_floor_usage":[11,16,16,23],"damage_taken":[{"damage":6,"enemies":"Cultist","floor":1,"turns":4},{"damage":4,"enemies":"Jaw Worm","floor":2,"turns":4},{"damage":5,"enemies":"Small Slimes","floor":4,"turns":3},{"damage":32,"enemies":"3 Sentries","floor":11,"turns":9},{"damage":1,"enemies":"Looter","floor":12,"turns":2},{"damage":9,"enemies":"Lagavulin","floor":13,"turns":7},{"damage":0,"enemies":"Slime Boss","floor":16,"turns":7},{"damage":11,"enemies":"Chosen","floor":18,"turns":6},{"damage":4,"enemies":"3 Byrds","floor":21,"turns":8},{"damage":44,"enemies":"Slavers","floor":23,"turns":5}],"seed_played":"-6639089097132496326","potions_obtained":[{"floor":1,"key":"Explosive Potion"},{"floor":12,"key":"SteroidPotion"},{"floor":13,"key":"DistilledChaos"}],"is_trial":false,"path_per_floor":["M","M","?","M","?","R","?","R","T","T","E","M","E","?","R","B",null,"M","?","$","M","?","E"],"character_chosen":"IRONCLAD","items_purchased":["Shrug It Off","DistilledChaos"],"campfire_rested":1,"item_purchase_floors":[20,20],"current_hp_per_floor":[62,58,63,58,47,71,71,71,71,71,39,38,29,29,29,29,61,52,52,52,48,37,0,0],"gold":45,"neow_bonus":"BOSS_RELIC","is_daily":false,"chose_seed":false,"campfire_upgraded":2,"win_rate":0.0,"timestamp":1614199520,"path_taken":["M","M","?","M","?","R","?","R","T","?","E","?","E","?","R","BOSS","M","?","$","M","?","E"],"items_purchased_type":["Card","Potion"],"build_version":"2020-12-22","purchased_purges":1,"victory":false,"max_hp_per_floor":[75,75,80,80,80,80,80,80,80,80,80,80,80,72,72,72,72,74,74,74,74,37,37,37],"card_choices":[{"not_picked":["Sword Boomerang","Havoc"],"picked":"Burning Pact","floor":1},{"not_picked":["Fire Breathing","Anger"],"picked":"Sword Boomerang","floor":2},{"not_picked":["True Grit","Thunderclap"],"picked":"Shrug It Off","floor":4},{"not_picked":["Iron Wave","Pummel","Flex"],"picked":"Demon Form","floor":11},{"not_picked":["True Grit","Searing Blow","Burning Pact"],"picked":"Shrug It Off","floor":12},{"not_picked":["Iron Wave","Sword Boomerang","Hemokinesis"],"picked":"Flame Barrier","floor":13},{"not_picked":["Brutality","Demon Form","Offering"],"picked":"Impervious","floor":16},{"not_picked":["Armaments","Sword Boomerang","Ghostly Armor+1","Clothesline"],"picked":"Singing Bowl","floor":18},{"not_picked":["Flex","Thunderclap","Shockwave"],"picked":"Dropkick+1","floor":21}],"player_experience":880351,"relics_obtained":[{"floor":9,"key":"StrikeDummy"},{"floor":10,"key":"Question Card"},{"floor":11,"key":"Bottled Flame"},{"floor":13,"key":"Singing Bowl"}],"event_choices":[{"damage_healed":0,"gold_gain":0,"player_choice":"Donut","damage_taken":0,"max_hp_gain":5,"max_hp_loss":0,"event_name":"Big Fish","floor":3,"gold_loss":0},{"damage_healed":0,"gold_gain":75,"player_choice":"Gather Gold","damage_taken":11,"max_hp_gain":0,"max_hp_loss":0,"event_name":"World of Goop","floor":5,"gold_loss":0},{"cards_removed":["Strike_R"],"damage_healed":0,"gold_gain":0,"player_choice":"Card Removal","damage_taken":0,"max_hp_gain":0,"max_hp_loss":0,"event_name":"The Cleric","floor":7,"gold_loss":75},{"damage_healed":0,"gold_gain":0,"player_choice":"Lose Max HP","damage_taken":0,"relics_obtained":["Golden Idol"],"max_hp_gain":0,"max_hp_loss":8,"event_name":"Golden Idol","floor":14,"gold_loss":0},{"damage_healed":0,"gold_gain":0,"player_choice":"Obtained Relic","damage_taken":0,"relics_obtained":["Dream Catcher"],"max_hp_gain":0,"max_hp_loss":0,"event_name":"Addict","floor":19,"gold_loss":85},{"damage_healed":0,"gold_gain":0,"player_choice":"Became a Ghost","damage_taken":0,"max_hp_gain":0,"max_hp_loss":37,"event_name":"Ghosts","floor":22,"gold_loss":0,"cards_obtained":["Ghostly","Ghostly","Ghostly"]}],"is_beta":false,"boss_relics":[{"not_picked":["Coffee Dripper","Ectoplasm"],"picked":"Astrolabe"}],"items_purged_floors":[20],"is_endless":false,"potions_floor_spawned":[1,12,13],"killed_by":"Slavers","ascension_level":20}}