{"host":"597bhbb8x3urrkc4","time":1614128190,"event":{"mods":["Aspiration","Astrologer","Bard","BaseMod","Beaked The Cultist","Better Altar","Better Match","Better Sensory Stone","Better Skull","Better Third Choice","Challenge The Spire","Clockwork Mod","Conspire","DeckTracker","GifTheSpireLib","GungeonMod","Hermit","HexUI Lib","Highlight Path","Hubris","Infinite Spire","Mad Scientist","Minty Spire (QoL Compilation)","Random Character Button","Replay The Spire","Reworked Bosses","Shade Mod","Somnambulant","StSLib","The Blackbeard","The Construct","The Cursed","The Forsaken","The Gatherer","The Hayseed","The Hierophant","The Judge","The Jungle","The Problem Sleuth","The Runesmith","The Servant 0.9.4","The Spell Scribe","The Valiant","TheBandit","TheFirefly","Wandering Minibosses","thorton"],"gold_per_floor":[119,119,137,137,149,178,190,190,272,272,297,297,308,334,334,432,532,545,644,682,682,701,734,734,753,753,778,778,810,822,478,478,578,578,592,592,650,670,682,707,707,736,763,780,791,791,822,822,822,822,822,822,417,452,452],"floor_reached":56,"language":"ENG","playtime":8802,"items_purged":["somnambulantmod: Pinch","conspire:Blindness","somnambulantmod: HorrificThought+1"],"score":1676,"play_id":"806a7ae2-3334-4d36-a537-ba5de47cc457","local_time":"20210223185630","is_ascension_mode":true,"campfire_choices":[{"data":"somnambulantmod: PrimingPunch","floor":8,"key":"SMITH"},{"floor":15,"key":"RECALL"},{"data":"somnambulantmod: Refracture","floor":24,"key":"SMITH"},{"data":"somnambulantmod: DeeperSleep","floor":28,"key":"SMITH"},{"data":"somnambulantmod: QuickNap","floor":32,"key":"SMITH"},{"data":"somnambulantmod: Withdraw","floor":41,"key":"SMITH"},{"floor":46,"key":"REST"},{"floor":49,"key":"REST"},{"data":"somnambulantmod: Hush","floor":52,"key":"SMITH"}],"circlet_count":0,"master_deck":["conspire:GhostlyStrike","conspire:GhostlyStrike","conspire:GhostlyStrike","conspire:GhostlyStrike","conspire:GhostlyDefend","conspire:GhostlyDefend","conspire:GhostlyDefend","conspire:GhostlyDefend","somnambulantmod: PrimingPunch+1","somnambulantmod: DeeperSleep+1","somnambulantmod: ImpenetrableMind","somnambulantmod: ImpenetrableMind","somnambulantmod: TrepanningBlow","somnambulantmod: BrainFeeder+1","somnambulantmod: Refracture+1","somnambulantmod: Blink+1","somnambulantmod: ImpenetrableMind","somnambulantmod: Hush+1","somnambulantmod: Withdraw+1","theForsaken:PlagueCurse","infinitespire:Oblivion+1","ReplayTheSpireMod:Splinters","somnambulantmod: BrainFeeder+1","somnambulantmod: TrepanningBlow+1","somnambulantmod: Hush+1","somnambulantmod: ImpenetrableMind+1"],"relics":["Snecko Eye","aspiration:AnachronicSnailShell","conspire:DeflatedDodgeball","Ancient Tea Set","Runesmith:Nanobots","wanderingMiniBosses:CarrionFlame","infinitespire:Satchel","Replay:Wanted Poster","Smiling Mask","infinitespire:Beetle Shell","infinitespire:WardingShard","Pet Ghost","Blue Doll","infinitespire:BottledMercury","Kintsugi","Ginger","aspiration:TomeofQuesting","infinitespire:Broken Mirror","Gremlin Food","Anchor","conspire:GlowingRock","Replay:Arrowhead"],"acts_visited":["Exordium","TheCity","TheBeyond","TheEnding"],"potions_floor_usage":[7,11,20,23,29,55,55],"damage_taken":[{"damage":0,"enemies":"2 Louse","floor":1,"turns":6},{"damage":0,"enemies":"Cultist","floor":3,"turns":4},{"damage":1,"enemies":"Jaw Worm","floor":5,"turns":5},{"damage":6,"enemies":"Gremlin Nob","floor":6,"turns":7},{"damage":0,"enemies":"Looter","floor":7,"turns":3},{"damage":0,"enemies":"3 Sentries","floor":11,"turns":5},{"damage":0,"enemies":"Exordium Wildlife","floor":13,"turns":5},{"damage":0,"enemies":"Lagavulin","floor":14,"turns":3},{"damage":0,"enemies":"The Guardian","floor":16,"turns":14},{"damage":0,"enemies":"Chosen","floor":18,"turns":3},{"damage":0,"enemies":"conspire:MimicChest","floor":20,"turns":5},{"damage":4,"enemies":"Shell Parasite","floor":22,"turns":4},{"damage":0,"enemies":"Gremlin Leader","floor":23,"turns":5},{"damage":0,"enemies":"Centurion and Healer","floor":25,"turns":6},{"damage":6,"enemies":"Book of Stabbing","floor":27,"turns":4},{"damage":14,"enemies":"Slavers","floor":29,"turns":3},{"damage":0,"enemies":"3 Cultists","floor":30,"turns":1},{"damage":11,"enemies":"bossMod:newCollector","floor":33,"turns":8},{"damage":0,"enemies":"3 Shapes","floor":35,"turns":3},{"damage":0,"enemies":"3 Darklings","floor":38,"turns":3},{"damage":3,"enemies":"Maw","floor":39,"turns":6},{"damage":3,"enemies":"Nightmare","floor":40,"turns":8},{"damage":0,"enemies":"Giant Head","floor":42,"turns":4},{"damage":25,"enemies":"4 Shapes","floor":44,"turns":3},{"damage":5,"enemies":"Transient","floor":45,"turns":5},{"damage":0,"enemies":"Reptomancer","floor":47,"turns":4},{"damage":21,"enemies":"conspire:OrnateMirror","floor":50,"turns":7},{"damage":0,"enemies":"Shield and Spear","floor":54,"turns":6},{"damage":35,"enemies":"The Heart","floor":55,"turns":7}],"seed_played":"4245944636899404596","potions_obtained":[{"floor":3,"key":"SmokeBomb"},{"floor":5,"key":"Elixir"},{"floor":6,"key":"ColorlessPotion"},{"floor":16,"key":"Energy Potion"},{"floor":22,"key":"SkillPotion"},{"floor":25,"key":"Explosive Potion"},{"floor":29,"key":"Dexterity Potion"},{"floor":33,"key":"EssenceOfSteel"},{"floor":37,"key":"FearPotion"},{"floor":38,"key":"Strength Potion"},{"floor":39,"key":"Elixir"}],"is_trial":false,"path_per_floor":["M","?","M","?","M","E","M","R","T","?","E","?","M","E","R","B",null,"M","?","?","?","M","E","R","M","T","E","R","E","M","$","R","B",null,"M","AVR","?","M","M","NM","R","E","T","M","M","R","E","?","R","B",null,"R","$","E","B",null],"character_chosen":"THE_SOMNAMBULANT","items_purchased":["somnambulantmod: Hush+1","infinitespire:BottledMercury","somnambulantmod: ImpenetrableMind+1","conspire:GlowingRock"],"campfire_rested":2,"item_purchase_floors":[31,31,53,53],"current_hp_per_floor":[70,70,70,70,69,63,63,63,63,63,63,63,63,63,63,63,70,70,70,70,70,66,66,66,66,66,60,60,46,46,46,46,35,70,70,70,70,70,67,64,64,64,64,39,34,55,55,55,70,49,70,70,70,70,35],"gold":452,"neow_bonus":"BOSS_RELIC","is_daily":false,"chose_seed":false,"campfire_upgraded":6,"win_rate":0.0,"timestamp":1614128190,"path_taken":["M","?","?","?","M","E","M","R","T","?","E","?","M","E","R","BOSS","M","?","?","?","M","E","R","M","T","E","R","E","?","$","R","BOSS","M","AVR","?","M","M","NM","R","E","T","M","M","R","E","?","R","BOSS","R","$","E","BOSS"],"items_purchased_type":["Card","Relic","Card","Relic"],"build_version":"2020-12-22","purchased_purges":3,"victory":true,"max_hp_per_floor":[70,70,70,70,70,70,70,70,70,70,70,70,70,70,70,70,70,70,70,70,70,70,70,70,70,70,70,70,70,70,70,70,70,70,70,70,70,70,70,70,70,70,70,70,70,70,70,70,70,70,70,70,70,70,70],"card_choices":[{"not_picked":["somnambulantmod: Bruise","somnambulantmod: RecurringDream"],"picked":"somnambulantmod: DeeperSleep","floor":1},{"not_picked":["somnambulantmod: Sleepyhead","somnambulantmod: Repression"],"picked":"somnambulantmod: ImpenetrableMind","floor":3},{"not_picked":["somnambulantmod: Nosebleed","somnambulantmod: Bruise"],"picked":"somnambulantmod: TrepanningBlow","floor":5},{"not_picked":["somnambulantmod: NightHaunts","somnambulantmod: DeeperSleep"],"picked":"somnambulantmod: BrainFeeder","floor":6},{"not_picked":["somnambulantmod: Trauma","somnambulantmod: HeadSmack","somnambulantmod: HappyThoughts"],"picked":"SKIP","floor":7},{"not_picked":["somnambulantmod: ShimmeringVeil","somnambulantmod: Cower","somnambulantmod: HorrificThought"],"picked":"SKIP","floor":11},{"not_picked":["somnambulantmod: Cower","somnambulantmod: SickeningSwathe","somnambulantmod: Pinch"],"picked":"SKIP","floor":13},{"not_picked":["somnambulantmod: HeadSmack","somnambulantmod: RecurringDream","somnambulantmod: ViralIdea"],"picked":"SKIP","floor":14},{"not_picked":["somnambulantmod: Mindlessness","somnambulantmod: Amnausea"],"picked":"somnambulantmod: Refracture","floor":16},{"not_picked":["somnambulantmod: Trauma","somnambulantmod: RacingThoughts"],"picked":"somnambulantmod: Blink+1","floor":18},{"not_picked":["somnambulantmod: OpeningUp","somnambulantmod: ViralIdea"],"picked":"somnambulantmod: Pinch","floor":20},{"not_picked":["somnambulantmod: RacingThoughts+1","somnambulantmod: Wake+1","somnambulantmod: Blink"],"picked":"SKIP","floor":22},{"not_picked":["somnambulantmod: Stimulus","somnambulantmod: Hush"],"picked":"somnambulantmod: OpeningUp","floor":23},{"not_picked":["somnambulantmod: LeechFears","somnambulantmod: SnuggleUp"],"picked":"somnambulantmod: Unmake","floor":25},{"not_picked":["somnambulantmod: Trauma","somnambulantmod: NightmareFuel"],"picked":"somnambulantmod: OpeningUp","floor":27},{"not_picked":["somnambulantmod: MindWave","somnambulantmod: SleepParalysis","somnambulantmod: Relive"],"picked":"SKIP","floor":29},{"not_picked":["somnambulantmod: SnuggleUp","somnambulantmod: RecurringDream+1","somnambulantmod: BadIdea"],"picked":"SKIP","floor":30},{"not_picked":["somnambulantmod: RuthlessStudy","somnambulantmod: Reinterpret"],"picked":"somnambulantmod: Withdraw","floor":33},{"not_picked":["somnambulantmod: Trauma+1","somnambulantmod: LeechFears","somnambulantmod: RacingThoughts+1"],"picked":"SKIP","floor":35},{"not_picked":["somnambulantmod: InLimbo","somnambulantmod: RecurringDream+1"],"picked":"somnambulantmod: BrainFeeder+1","floor":37},{"not_picked":["somnambulantmod: Repression","somnambulantmod: Pinch","somnambulantmod: Extract"],"picked":"SKIP","floor":38},{"not_picked":["somnambulantmod: RecurringDream+1","somnambulantmod: HeadSmack"],"picked":"somnambulantmod: HorrificThought+1","floor":39},{"not_picked":["somnambulantmod: HeavyLids+1","somnambulantmod: UnthoughtKnown+1","somnambulantmod: Nosebleed+1"],"picked":"SKIP","floor":40},{"not_picked":["somnambulantmod: OpeningUp+1","somnambulantmod: Repression","somnambulantmod: SnuggleUp+1"],"picked":"SKIP","floor":42},{"not_picked":["somnambulantmod: OpeningUp+1","somnambulantmod: Repression","somnambulantmod: SnuggleUp+1"],"picked":"SKIP","floor":42},{"not_picked":["somnambulantmod: HorrificThought+1","somnambulantmod: Sleepyhead"],"picked":"somnambulantmod: TrepanningBlow+1","floor":44},{"not_picked":["somnambulantmod: Harden+1","somnambulantmod: SnuggleUp","somnambulantmod: ViralIdea"],"picked":"SKIP","floor":45},{"not_picked":["somnambulantmod: Nosebleed+1","somnambulantmod: Relive"],"picked":"somnambulantmod: Hush","floor":47},{"not_picked":["somnambulantmod: Repression+1","somnambulantmod: Nosebleed","somnambulantmod: Unknow+1"],"picked":"SKIP","floor":54}],"player_experience":1032956,"relics_obtained":[{"floor":6,"key":"aspiration:AnachronicSnailShell"},{"floor":9,"key":"conspire:DeflatedDodgeball"},{"floor":11,"key":"Ancient Tea Set"},{"floor":13,"key":"wanderingMiniBosses:CarrionFlame"},{"floor":14,"key":"infinitespire:Satchel"},{"floor":20,"key":"Smiling Mask"},{"floor":23,"key":"infinitespire:Beetle Shell"},{"floor":26,"key":"infinitespire:WardingShard"},{"floor":27,"key":"Pet Ghost"},{"floor":29,"key":"Blue Doll"},{"floor":37,"key":"aspiration:TomeofQuesting"},{"floor":40,"key":"infinitespire:Broken Mirror"},{"floor":42,"key":"Gremlin Food"},{"floor":47,"key":"Anchor"},{"floor":54,"key":"Replay:Arrowhead"}],"event_choices":[{"damage_healed":0,"gold_gain":0,"cards_transformed":["somnambulantmod: Defend_Somnambulant"],"player_choice":"Transformed","damage_taken":0,"max_hp_gain":0,"max_hp_loss":0,"event_name":"Transmorgrifier","floor":2,"gold_loss":0,"cards_obtained":["somnambulantmod: ImpenetrableMind"]},{"damage_healed":0,"gold_gain":0,"player_choice":"Agree","damage_taken":0,"max_hp_gain":0,"max_hp_loss":0,"event_name":"conspire:LoneGhost","floor":10,"gold_loss":0},{"damage_healed":0,"gold_gain":0,"player_choice":"Gave Potion","damage_taken":0,"relics_obtained":["Runesmith:Nanobots"],"max_hp_gain":0,"max_hp_loss":0,"event_name":"WeMeetAgain","floor":12,"gold_loss":0},{"damage_healed":0,"gold_gain":99,"player_choice":"Steal","damage_taken":0,"max_hp_gain":0,"max_hp_loss":0,"event_name":"betterThird:BetterNest","floor":19,"gold_loss":0},{"damage_healed":0,"gold_gain":0,"player_choice":"Copied","damage_taken":0,"max_hp_gain":0,"max_hp_loss":0,"event_name":"Duplicator","floor":21,"gold_loss":0,"cards_obtained":["somnambulantmod: ImpenetrableMind"]},{"damage_healed":0,"gold_gain":0,"player_choice":"Ignored","damage_taken":0,"max_hp_gain":0,"max_hp_loss":0,"event_name":"Tomb of Lord Red Mask","floor":48,"gold_loss":0}],"is_beta":false,"boss_relics":[{"not_picked":["Runesmith:UraniumAnvil","Replay:Fungal Core"],"picked":"Replay:Wanted Poster"},{"not_picked":["aspiration:ScribeSkillbook","aspiration:SecretTechniqueScroll"],"picked":"Kintsugi"}],"items_purged_floors":[31,36,53],"is_endless":false,"potions_floor_spawned":[3,5,6,16,22,25,29,33,38,39,40,45,54],"ascension_level":1}}