{"host":"30tpnd8k54vb8fl5","time":1614184318,"event":{"mods":["BaseMod","Colored Powertips","Downfall","Minty Spire (QoL Compilation)","Quick Restart","Replay The Spire","StSLib","The Bladedancer","The Senshi"],"gold_per_floor":[99,99,24,124,124,74,124,159,109,109,59,77,62,93,103,198,198,148,158,158,170,181,131,155,155,171,198,48,148,208,258,274,377,377,127,145,195,206,256,206,275,287,384,394,344,407,457,476,496,496,496,523,14,14,14,14],"floor_reached":57,"language":"ZHS","playtime":2758,"items_purged":["Slimebound:Strike_Slimebound"],"score":1330,"play_id":"6ab15c72-cf30-43f0-9b4d-971b7e298cb2","local_time":"20210225003158","is_ascension_mode":false,"campfire_choices":[{"data":"Slimebound:Split","floor":1.0,"key":"SMITH"},{"data":"Slimebound:LeadByExample","floor":6.0,"key":"SMITH"},{"data":"Slimebound:SpikyOuterGoop","floor":9.0,"key":"SMITH"},{"data":"Slimebound:Equalize","floor":11.0,"key":"SMITH"},{"data":"Slimebound:OneTwoCombo","floor":18.0,"key":"SMITH"},{"data":"Slimebound:OneTwoCombo","floor":23.0,"key":"SMITH"},{"floor":28.0,"key":"RECALL"},{"data":"Slimebound:MassRepurpose","floor":35.0,"key":"SMITH"},{"data":"Slimebound:Repurpose","floor":40.0,"key":"SMITH"},{"data":"Slimebound:SlimeBrawl","floor":45.0,"key":"SMITH"},{"data":"Slimebound:OozeBath","floor":54.0,"key":"SMITH"}],"circlet_count":0,"master_deck":["Slimebound:Strike_Slimebound+1","Slimebound:Tackle","Slimebound:Defend_Slimebound+1","Slimebound:Defend_Slimebound+1","Slimebound:Defend_Slimebound","Slimebound:Defend_Slimebound+1","Slimebound:Split+1","Slimebound:CorrosiveSpit+1","Slimebound:LeadByExample+1","Slimebound:Equalize+1","Slimebound:SpikyOuterGoop+1","downfall:Malfunctioning","Slimebound:Repurpose+1","Slimebound:OneTwoCombo+1","Slimebound:SlimeTap","Slimebound:OneTwoCombo+1","Slimebound:LevelUp+1","Slimebound:SplitBruiser+1","Slimebound:SplitAcid+1","Slimebound:Schlurp+1","Slimebound:MassRepurpose+1","Slimebound:HauntingLick+1","Slimebound:SlimeBrawl+1","Slimebound:SplitLeeching+1","Slimebound:SamplingLick+1","Slimebound:LeechEnergy+1","Slimebound:OozeBath+1"],"relics":["Slimebound:AbsorbEndCombat","downfall:HeartsMalice","Slimebound:GreedOozeRelic","War Paint","Singing Bowl","Bag of Preparation","Sozu","PreservedInsect","downfall:HeartBlessingGreen","downfall:CloakOfManyFaces","CultistMask","FaceOfCleric","NlothsMask","GremlinMask","SsserpentHead","SlaversCollar","downfall:HeartBlessingRed","downfall:HeartBlessingBlue","Ice Cream","The Courier","Pantograph","Sling","Slimebound:MaxSlimesRelic","Bag of Marbles"],"acts_visited":[],"potions_floor_usage":[56],"damage_taken":[{"damage":0.0,"enemies":"Jaw Worm","floor":2.0,"turns":1.0},{"damage":0.0,"enemies":"Small Slimes","floor":5.0,"turns":1.0},{"damage":0.0,"enemies":"Lagavulin","floor":8.0,"turns":1.0},{"damage":7.0,"enemies":"2 Louse","floor":12.0,"turns":2.0},{"damage":5.0,"enemies":"downfall:FleeingMerchant","floor":13.0,"turns":4.0},{"damage":22.0,"enemies":"3 Sentries","floor":14.0,"turns":5.0},{"damage":3.0,"enemies":"Large Slime","floor":15.0,"turns":3.0},{"damage":27.0,"enemies":"WA_ARCHETYPE_RETAIN","floor":16.0,"turns":5.0},{"damage":13.0,"enemies":"downfall:LooterAlt2","floor":19.0,"turns":3.0},{"damage":5.0,"enemies":"Chosen","floor":21.0,"turns":3.0},{"damage":12.0,"enemies":"Centurion and Healer","floor":22.0,"turns":4.0},{"damage":2.0,"enemies":"Cultist and Chosen","floor":26.0,"turns":3.0},{"damage":5.0,"enemies":"Book of Stabbing","floor":27.0,"turns":3.0},{"damage":1.0,"enemies":"downfall:FaceTrader","floor":29.0,"turns":3.0},{"damage":3.0,"enemies":"3 Cultists","floor":30.0,"turns":2.0},{"damage":12.0,"enemies":"Centurion and Healer","floor":32.0,"turns":3.0},{"damage":46.0,"enemies":"DF_ARCHETYPE_CLAW","floor":33.0,"turns":6.0},{"damage":7.0,"enemies":"Orb Walker","floor":36.0,"turns":3.0},{"damage":9.0,"enemies":"3 Darklings","floor":38.0,"turns":2.0},{"damage":21.0,"enemies":"Writhing Mass","floor":42.0,"turns":2.0},{"damage":32.0,"enemies":"2 Orb Walkers","floor":43.0,"turns":3.0},{"damage":0.0,"enemies":"Sphere and 2 Shapes","floor":44.0,"turns":3.0},{"damage":13.0,"enemies":"3 Darklings","floor":46.0,"turns":3.0},{"damage":0.0,"enemies":"Spire Growth","floor":48.0,"turns":2.0},{"damage":10.0,"enemies":"4 Shapes","floor":49.0,"turns":3.0},{"damage":21.0,"enemies":"SI_POISON_ARCHETYPE","floor":50.0,"turns":6.0},{"damage":0.0,"enemies":"downfall:CharBossMerchant","floor":52.0,"turns":3.0},{"damage":0,"enemies":"downfall:NeowBoss","floor":55,"turns":9},{"damage":79,"enemies":"downfall:NeowBossFinal","floor":56,"turns":7}],"seed_played":"-2394528529069994887","potions_obtained":[{"floor":8.0,"key":"champ:CounterPotion"},{"floor":12.0,"key":"Fire Potion"}],"is_trial":false,"path_per_floor":["R","M","?","?","M","R","T","E","R","?","R","M","$","E","M","B",null,"R","M","?","M","M","R","T","?","M","E","R","?","M","?","M","B",null,"R","M","?","M","?","R","T","M","?","M","R","M","T","M","M","B",null,"E","$","R","B","B",null],"character_chosen":"SLIMEBOUND","items_purchased":["Sling","Slimebound:MaxSlimesRelic","Bag of Marbles"],"campfire_rested":0,"item_purchase_floors":[53,53,53],"current_hp_per_floor":[65,65,65,65,65,65,65,65,65,65,65,58,57,43,44,31,67,67,56,56,59,57,57,57,45,47,52,52,69,71,71,62,31,83,93,87,87,83,83,83,83,81,70,71,71,65,65,74,67,57,108,109,109,109,110,38],"gold":14,"neow_bonus":"THREE_ENEMY_KILL","is_daily":false,"chose_seed":false,"campfire_upgraded":10,"win_rate":0.0,"timestamp":1614184318,"path_taken":["R","M","?","?","M","R","T","E","R","?","R","M","$","E","M","BOSS","R","M","?","M","?","R","T","?","M","E","R","?","?","?","M","BOSS","R","M","?","M","?","R","T","M","?","M","R","?","?","M","M","BOSS","E","$","R","BOSS","BOSS"],"items_purchased_type":["Relic","Relic","Relic"],"build_version":"2020-12-22","purchased_purges":1,"victory":true,"max_hp_per_floor":[65,65,65,65,65,65,65,65,65,65,65,65,65,65,67,67,67,67,67,67,69,69,69,69,74,76,78,78,78,81,81,82,83,83,93,94,94,97,97,97,97,98,99,100,100,101,101,104,107,108,108,109,109,109,110,111],"card_choices":[{"not_picked":["Slimebound:ComboTackle","Slimebound:FormOfPuddle"],"picked":"Slimebound:LeadByExample","floor":2.0},{"not_picked":["Slimebound:SlimeTap","Slimebound:LivingWall"],"picked":"Slimebound:Equalize","floor":5.0},{"not_picked":["Slimebound:ComboTackle","Slimebound:LivingWall"],"picked":"Slimebound:SpikyOuterGoop","floor":8.0},{"not_picked":["Slimebound:MegaLick","Slimebound:Nibble"],"picked":"Slimebound:Repurpose","floor":12.0},{"not_picked":["Slimebound:ItLooksTasty","Slimebound:LivingWall"],"picked":"Slimebound:OneTwoCombo","floor":13.0},{"not_picked":["Slimebound:SamplingLick","Slimebound:SlimeBrawl"],"picked":"Slimebound:SlimeTap","floor":14.0},{"not_picked":["Slimebound:ForwardTackle","Slimebound:AcidTongue","Slimebound:SlimeSpikes"],"picked":"Singing Bowl","floor":15.0},{"not_picked":["Slimebound:Overexert","Slimebound:Teamwork"],"picked":"Slimebound:OneTwoCombo","floor":16.0},{"not_picked":["Slimebound:Schlurp","Slimebound:SplitAcid"],"picked":"Slimebound:LevelUp+1","floor":19.0},{"not_picked":["Slimebound:LeechEnergy","Slimebound:RollThrough","Slimebound:AcidTongue+1"],"picked":"Singing Bowl","floor":21.0},{"not_picked":["Slimebound:PressTheAttack","Slimebound:FlameTackle"],"picked":"Slimebound:SplitBruiser+1","floor":22.0},{"not_picked":["Slimebound:RollThrough","Slimebound:ComboTackle","Slimebound:ForwardTackle+1"],"picked":"Singing Bowl","floor":26.0},{"not_picked":["Slimebound:Nibble","Slimebound:DisruptingSlam+1","Slimebound:RainOfGoop"],"picked":"Singing Bowl","floor":27.0},{"not_picked":["Slimebound:WasteNot","Slimebound:ComboTackle"],"picked":"Slimebound:SplitAcid+1","floor":29.0},{"not_picked":["Slimebound:RollThrough+1","Slimebound:AcidTongue","Slimebound:Prepare+1"],"picked":"Singing Bowl","floor":30.0},{"not_picked":["Slimebound:SplitBruiser","Slimebound:FlameTackle"],"picked":"Slimebound:Schlurp+1","floor":32.0},{"not_picked":["Slimebound:Teamwork","Slimebound:RallyTheTroops"],"picked":"Slimebound:MassRepurpose","floor":33.0},{"not_picked":["Slimebound:SplitMire","Slimebound:ProtectTheBoss"],"picked":"Slimebound:HauntingLick+1","floor":36.0},{"not_picked":["Slimebound:Gluttony+1","Slimebound:FinishingTackle+1","Slimebound:GoopTackle"],"picked":"Singing Bowl","floor":38.0},{"not_picked":["Slimebound:LeechingTouch","Slimebound:LivingWall+1"],"picked":"Slimebound:SlimeBrawl","floor":42.0},{"not_picked":["Slimebound:ForwardTackle+1","Slimebound:BestDefense"],"picked":"Slimebound:SplitLeeching+1","floor":43.0},{"not_picked":["Slimebound:GoopTackle","Slimebound:Prepare"],"picked":"Slimebound:SamplingLick+1","floor":44.0},{"not_picked":["Slimebound:LivingWall+1","Slimebound:SlimeSpikes+1"],"picked":"Slimebound:LeechEnergy+1","floor":46.0},{"not_picked":["Slimebound:Teamwork","Slimebound:SplitAcid","Slimebound:FinishingTackle"],"picked":"Singing Bowl","floor":48.0},{"not_picked":["Slimebound:GoopTackle","Slimebound:SplitAcid+1","Slimebound:ForwardTackle"],"picked":"Singing Bowl","floor":49.0},{"not_picked":["Slimebound:SlimeTap","Slimebound:Grow+1"],"picked":"Slimebound:OozeBath","floor":52.0}],"player_experience":522405,"relics_obtained":[{"floor":7.0,"key":"War Paint"},{"floor":8.0,"key":"Singing Bowl"},{"floor":14.0,"key":"Bag of Preparation"},{"floor":27.0,"key":"PreservedInsect"},{"floor":29.0,"key":"downfall:CloakOfManyFaces"},{"floor":43.0,"key":"Ice Cream"},{"floor":47.0,"key":"The Courier"},{"floor":52.0,"key":"Pantograph"}],"event_choices":[{"damage_healed":0.0,"max_hp_gain":0.0,"max_hp_loss":0.0,"gold_gain":0.0,"event_name":"NoteForYourself","player_choice":"Ignored","floor":20.0,"gold_loss":0.0,"damage_taken":0.0},{"cards_removed":["Slimebound:Strike_Slimebound"],"damage_healed":0.0,"max_hp_gain":0.0,"max_hp_loss":0.0,"gold_gain":0.0,"event_name":"Falling","player_choice":"Removed Attack","floor":37.0,"gold_loss":0.0,"damage_taken":0.0},{"damage_healed":0.0,"max_hp_gain":0.0,"max_hp_loss":0.0,"gold_gain":0.0,"event_name":"Mysterious Sphere","player_choice":"Fight","floor":43.0,"gold_loss":0.0,"damage_taken":0.0}],"is_beta":false,"boss_relics":[{"not_picked":["Slimebound:TarBlob","Empty Cage"],"picked":"Sozu"},{"not_picked":["Tiny House","Astrolabe"],"picked":"SlaversCollar"}],"items_purged_floors":[53],"is_endless":false,"potions_floor_spawned":[8,12,19,29,30,42,44,46,49,52],"ascension_level":0}}