{"host":"rm0ctv8qd8mnbkg1","time":1614169636,"event":{"mods":["Act Like it!","Aspiration","BaseMod","Beaked The Cultist","BetterRewards","Colored Map","DNKmod","Dark Map","Defuse TimeMaze Blight","Friendly Minions","Gensokyo","Hubris","Library of Ruina","Library of Ruina Extra","Marisa????????","Minty Spire (QoL Compilation)","MostiFishMod","Permanent Neow","Rare Cards Sparkle","Relic Sorter","Reliquary","Replay The Spire","Ruina","RumiaBox-????????","Shade Mod","Shop Mod","Spicy Shops","Spire Arcade","StSLib","The Animator","The Construct","The Servant 0.9.4","TheVacant","Wandering Minibosses","??????REMEMod"],"gold_per_floor":[10027,10202,9236,9236,7771,7955,8007,8046,8046,8046,8046,8085,8140,8229,8229,8482,8482,8557,8645,8550,8577,8626,8626,8626,8626,8626,8691,8691,8863,8167,8268,8268,8481,8481,8532,8532,8532,7146,7195,7270,7270,7331,7356,7356,7602,7646,7646,7682,7682,7766,7909],"floor_reached":52,"language":"ENG","playtime":2136,"items_purged":[],"score":1025,"play_id":"505eabc1-ace4-4bfe-8fa0-5d9d89543f22","local_time":"20210224122716","is_ascension_mode":false,"campfire_choices":[{"data":"animator:Nanami","floor":11,"key":"SMITH"},{"data":"animator:Aqua","floor":15,"key":"SMITH"},{"data":"animator:HigakiRinne","floor":23,"key":"SMITH"},{"data":"animator:Greed","floor":25,"key":"SMITH"},{"data":"animator:GazelDwargon","floor":28,"key":"SMITH"},{"data":"animator:EmiyaShirou","floor":32,"key":"SMITH"},{"data":"animator:Shichika","floor":41,"key":"SMITH"},{"data":"animator:Hans","floor":47,"key":"SMITH"}],"circlet_count":0,"master_deck":["animator:Strike_Elsword+1","animator:Defend_Elsword+1","animator:Strike+1","animator:Strike+1","animator:Strike+1","animator:Defend+1","animator:Defend+1","animator:Defend+1","animator:Chung","animator:Raven","theVacant:PitOfDespair+1","animator:Assassin","animator:Azekura+1","animator:Chung","animator:Caster","animator:Pride","animator:Priestess","animator:Nanami+1","animator:Shichika+1","animator:Priestess","animator:Souei","animator:Rimuru","animator:Shuna","animator:Lancer","animator:CowGirl","animator:Shichika","animator:EmiyaShirou+1","animator:ElricEdward","animator:Aqua+1","animator:Greed+1","animator:HigakiRinne+1","animator:Envy+1","animator:Laby","animator:Laby","animator:GazelDwargon+1","animator:SwordMaiden+1","animator:TsurugaMeisai+1","animator:Urushihara","animator:Urushihara","animator:Elsword","animator:Hans+1","animator:Chris+1","animator:HigakiRinne+1","animator:Kagari","animator:Millim+1","animator:Ciel+1","animator:Gilgamesh+2","animator:RinTohsaka+1","animator:UneriGinkaku"],"relics":["animator:LivingPicture","animator:TheMissingPiece","REME_ComplimentaryCards","DaveBox","The Courier","Vajra","Replay:Bandana","REME_ArchaeologicalTools","PageOfWayBackHome","Spirit Poop","animator:Buoy","War Paint","Chemical X","Meat on the Bone","DianDianMeat","animator:OldCoffin","Pantograph","Tiny Chest","PageOfBigBadWolf","Replay:Multitool","FeatherPendant","Red Mask","Whetstone","Toxic Egg 2","Orichalcum","wanderingMiniBosses:AbyssPearl","PageOfNothingThere","PageOfFairyFestival","hubris:TenFootPole","REME_HourglassOfDeath","Black Star","Brimstone","hubris:FunFungus","reliquary:TridentHead","Potion Belt","animator:WornHelmet","PageOfWrath","PageOfLaetitia","PageOfTodaysShyLook","PageOfTheQueenOfHatred","PageOfTheKnightOfDespair","GodSword5","PageOfGreed","PageOfNihil"],"acts_visited":["Exordium","TheCity","TheBeyond"],"potions_floor_usage":[19],"damage_taken":[{"damage":0,"enemies":"Jaw Worm","floor":1,"turns":2},{"damage":0,"enemies":"3 Sentries","floor":6,"turns":7},{"damage":0,"enemies":"Cultist","floor":7,"turns":1},{"damage":0,"enemies":"2 Louse","floor":8,"turns":3},{"damage":0,"enemies":"Looter","floor":12,"turns":2},{"damage":0,"enemies":"Blue Slaver","floor":13,"turns":4},{"damage":0,"enemies":"Lagavulin","floor":14,"turns":3},{"damage":0,"enemies":"Slime Boss","floor":16,"turns":11},{"damage":0,"enemies":"Shell Parasite","floor":18,"turns":2},{"damage":0,"enemies":"Masked Bandits","floor":19,"turns":1},{"damage":0,"enemies":"3 Byrds","floor":22,"turns":3},{"damage":0,"enemies":"Gremlin Leader","floor":27,"turns":1},{"damage":0,"enemies":"Snake Plant","floor":29,"turns":4},{"damage":0,"enemies":"Slavers","floor":31,"turns":2},{"damage":0,"enemies":"RedHoodMercenary","floor":33,"turns":2},{"damage":0,"enemies":"3 Shapes","floor":35,"turns":2},{"damage":0,"enemies":"Reptomancer","floor":40,"turns":3},{"damage":0,"enemies":"3 Darklings","floor":42,"turns":1},{"damage":0,"enemies":"Nemesis","floor":45,"turns":4},{"damage":0,"enemies":"Jaw Worm Horde","floor":46,"turns":1},{"damage":0,"enemies":"3 Darklings","floor":48,"turns":2},{"damage":0,"enemies":"Replay:Hell Engine","floor":50,"turns":3},{"damage":0,"enemies":"Replay:Hell Engine","floor":51,"turns":3}],"seed_played":"-3411508031429567718","potions_obtained":[{"floor":6,"key":"animator:FalseLifePotion"},{"floor":7,"key":"BlessingOfTheForge"},{"floor":8,"key":"Explosive Potion"},{"floor":33,"key":"BlessingOfTheForge"}],"is_trial":false,"path_per_floor":["M","?","$","?","$","E","M","M","T","?","R","M","M","E","R","B",null,"M","?","$","T","M","R","?","R","T","E","R","M","$","E","R","B",null,"M","?","?","$","T","E","R","M","T","?","E","M","R","M","R","B",null,null],"character_chosen":"THE_ANIMATOR","items_purchased":["Vajra","Replay:Bandana","animator:Chung","animator:Caster","animator:Pride","animator:Priestess","animator:Nanami","animator:Shichika","REME_ArchaeologicalTools","PageOfWayBackHome","animator:Buoy","War Paint","Chemical X","Meat on the Bone","DianDianMeat","animator:OldCoffin","Pantograph","animator:Priestess","animator:Souei","animator:Rimuru","animator:Shuna","animator:Laby","animator:Laby","animator:Urushihara","animator:Urushihara","PageOfNothingThere","PageOfFairyFestival","hubris:TenFootPole","Brimstone","hubris:FunFungus","reliquary:TridentHead","Potion Belt","animator:WornHelmet","PageOfWrath","PageOfLaetitia","PageOfTodaysShyLook","animator:Millim"],"campfire_rested":0,"item_purchase_floors":[3,3,3,3,3,3,3,3,3,3,5,5,5,5,5,5,5,5,5,5,5,20,20,30,30,30,30,30,38,38,38,38,38,38,38,38,38],"current_hp_per_floor":[1000,1000,1000,1000,1010,1015,1021,1028,1028,1028,1028,1036,1045,1055,1055,1067,1067,1080,1093,1122,1122,1138,1138,1138,1138,1138,1155,1155,1173,1212,1233,1233,1255,1255,1278,1222,1247,1273,1273,1316,1316,1358,1358,1358,1438,1468,1468,1500,1500,1500,1500],"gold":7909,"neow_bonus":"THREE_CARDS","is_daily":false,"chose_seed":false,"campfire_upgraded":8,"win_rate":0.0,"timestamp":1614169636,"path_taken":["M","?","$","?","$","E","?","M","T","?","R","M","M","E","R","BOSS","M","?","$","?","M","R","?","R","T","E","R","M","$","E","R","BOSS","M","?","?","$","?","E","R","M","T","?","E","M","R","M","R","BOSS"],"items_purchased_type":["Relic","Relic","Card","Card","Card","Card","Card","Card","Relic","Relic","Relic","Relic","Relic","Relic","Relic","Relic","Relic","Card","Card","Card","Card","Card","Card","Card","Card","Relic","Relic","Relic","Relic","Relic","Relic","Relic","Relic","Relic","Relic","Relic","Card"],"build_version":"2020-12-22","purchased_purges":0,"victory":true,"max_hp_per_floor":[1000,1000,1000,1000,1010,1015,1021,1028,1028,1028,1028,1036,1045,1055,1055,1067,1067,1080,1093,1122,1122,1138,1138,1138,1138,1138,1155,1155,1173,1212,1233,1233,1255,1255,1278,1302,1327,1353,1353,1381,1381,1409,1409,1409,1438,1468,1468,1500,1500,1500,1500],"card_choices":[{"not_picked":["animator:ElricAlphonse","animator:Berserker"],"picked":"animator:Assassin","floor":0},{"not_picked":["animator:MaesHughes","animator:Benimaru"],"picked":"animator:Azekura","floor":1},{"not_picked":["animator:Archer","animator:Verdia"],"picked":"animator:Lancer","floor":6},{"not_picked":["animator:Pride","animator:LizardPriest"],"picked":"animator:CowGirl","floor":7},{"not_picked":["animator:Togame","animator:Konayuki"],"picked":"animator:Shichika","floor":8},{"not_picked":["animator:Raven","animator:Togame"],"picked":"animator:EmiyaShirou","floor":12},{"not_picked":["animator:Berserker","animator:Hakurou"],"picked":"animator:ElricEdward","floor":13},{"not_picked":["animator:RoyMustang","animator:Hitei"],"picked":"animator:Aqua","floor":14},{"not_picked":["animator:Eris","animator:Shizu"],"picked":"animator:Greed","floor":16},{"not_picked":["animator:ZankiKiguchi","animator:Konayuki"],"picked":"animator:HigakiRinne","floor":18},{"not_picked":["animator:TsurugaMeisai","animator:Sloth"],"picked":"animator:Envy","floor":19},{"not_picked":["animator:Azekura","animator:UneriGinkaku+1"],"picked":"animator:GazelDwargon","floor":22},{"not_picked":["animator:Benimaru+1","animator:Rider+1"],"picked":"animator:SwordMaiden+1","floor":27},{"not_picked":["animator:Emonzaemon","animator:ZankiKiguchi+1"],"picked":"animator:TsurugaMeisai+1","floor":29},{"not_picked":["animator:Add+1","animator:Lu"],"picked":"animator:Elsword","floor":31},{"not_picked":["animator:Envy","animator:Father+1"],"picked":"animator:Hans","floor":33},{"not_picked":["animator:Gluttony+1","animator:GuildGirl"],"picked":"animator:Chris+1","floor":35},{"not_picked":["animator:Patchouli","animator:Kuroyukihime+1"],"picked":"animator:Kagari","floor":37},{"not_picked":["animator:Spearman","animator:Raven+1"],"picked":"animator:Ciel+1","floor":40},{"not_picked":["animator:Rider+1","animator:SakuraMatou+1"],"picked":"animator:Gilgamesh","floor":42},{"not_picked":["animator:Alexander","animator:Illya+1"],"picked":"animator:RinTohsaka+1","floor":45},{"not_picked":["animator:Megumin+1","animator:Scar"],"picked":"animator:Millim","floor":46},{"not_picked":["animator:Chung+1","animator:Shichika+1"],"picked":"animator:UneriGinkaku","floor":48}],"player_experience":299762,"relics_obtained":[{"floor":6,"key":"Tiny Chest"},{"floor":9,"key":"PageOfBigBadWolf"},{"floor":14,"key":"Replay:Multitool"},{"floor":19,"key":"Red Mask"},{"floor":21,"key":"Whetstone"},{"floor":26,"key":"Toxic Egg 2"},{"floor":27,"key":"Orichalcum"},{"floor":29,"key":"wanderingMiniBosses:AbyssPearl"},{"floor":31,"key":"REME_HourglassOfDeath"},{"floor":39,"key":"PageOfTheQueenOfHatred"},{"floor":40,"key":"PageOfTheKnightOfDespair"},{"floor":40,"key":"GodSword5"},{"floor":43,"key":"PageOfGreed"},{"floor":45,"key":"PageOfNihil"}],"event_choices":[{"damage_healed":0,"gold_gain":175,"player_choice":"AGREE","damage_taken":0,"max_hp_gain":0,"max_hp_loss":0,"event_name":"Liars Game","floor":2,"gold_loss":0,"cards_obtained":["Doubt"]},{"cards_removed":["Doubt"],"damage_healed":0,"gold_gain":0,"player_choice":"Offered Curse","damage_taken":0,"relics_obtained":["Spirit Poop"],"max_hp_gain":0,"max_hp_loss":0,"event_name":"Bonfire Elementals","floor":4,"gold_loss":0},{"damage_healed":0,"gold_gain":0,"player_choice":"Fought Bandits","damage_taken":0,"max_hp_gain":0,"max_hp_loss":0,"event_name":"Masked Bandits","floor":19,"gold_loss":0},{"damage_healed":0,"gold_gain":0,"player_choice":"Simplicity","damage_taken":0,"max_hp_gain":0,"max_hp_loss":0,"event_name":"Back to Basics","floor":24,"gold_loss":0,"cards_upgraded":["animator:Strike_Elsword","animator:Defend_Elsword","animator:Strike","animator:Strike","animator:Defend","animator:Defend"]},{"damage_healed":0,"gold_gain":0,"player_choice":"Embrace Madness","damage_taken":160,"max_hp_gain":0,"max_hp_loss":0,"event_name":"Winding Halls","floor":36,"gold_loss":0,"cards_obtained":["animator:HigakiRinne"]},{"damage_healed":0,"gold_gain":0,"player_choice":"Memory 1","damage_taken":0,"max_hp_gain":0,"max_hp_loss":0,"event_name":"SensoryStone","floor":37,"gold_loss":0},{"damage_healed":0,"gold_gain":0,"player_choice":"Ignored","damage_taken":0,"max_hp_gain":0,"max_hp_loss":0,"event_name":"Duplicator","floor":44,"gold_loss":0}],"is_beta":false,"boss_relics":[{"not_picked":["ChiXiaoBlade","reliquary:WritOfMandamus"],"picked":"FeatherPendant"},{"not_picked":["aspiration:SilentSkillbook","REME_ChargedStone"],"picked":"Black Star"}],"items_purged_floors":[],"is_endless":false,"potions_floor_spawned":[6,7,8,12,29,31,33,40,48],"ascension_level":0}}