{"host":"sav7uxregyirlf69","time":1614145484,"event":{"mods":["AchievementEnabler","BaseMod","Colored Map","DeckTracker","Keyboard Shortcuts","Minty Spire (QoL Compilation)","READ ME - Guardian Mod","StSLib","SuperFastMode"],"gold_per_floor":[20,70,87,98,117,117,135,165,165,165,90,165,165,181,181,257,257,275,275,275,175,155,188,188,216,285,296,296,306,306,306,306,379,429,442,461,461,474,62,62,72,102,152,168,180,180,192,211,211,211,211,211],"floor_reached":51,"language":"KOR","playtime":1307,"items_purged":["Strike_R","Strike_R","Strike_R"],"score":1388,"play_id":"c05ae7e0-e8b0-4a93-b9f0-1e13d633ad83","local_time":"20210224144444","is_ascension_mode":true,"campfire_choices":[{"floor":6.0,"key":"DIG"},{"data":"Evolve","floor":10.0,"key":"SMITH"},{"data":"Fire Breathing","floor":13.0,"key":"SMITH"},{"data":"Whirlwind","floor":15,"key":"SMITH"},{"data":"Fiend Fire","floor":24,"key":"SMITH"},{"floor":28,"key":"REST"},{"floor":30,"key":"DIG"},{"floor":32,"key":"DIG"},{"data":"Shockwave","floor":40,"key":"SMITH"},{"floor":49,"key":"RECALL"}],"circlet_count":0,"master_deck":["AscendersBane","Strike_R","Strike_R","Defend_R+1","Defend_R","Defend_R","Defend_R","Bash","Iron Wave","Whirlwind+1","Evolve+1","Reckless Charge","Shrug It Off+1","Fire Breathing+1","Fiend Fire+1","Wild Strike+1","Power Through","Barricade","Body Slam","Corruption","Uppercut","Shockwave+1","Feel No Pain+1","Shrug It Off+1","Burning Pact+1","Double Tap","Ghostly Armor","Rage","Sentinel+1","True Grit","Ghostly Armor+1","Shrug It Off"],"relics":["Burning Blood","Shovel","Centennial Puzzle","War Paint","Bag of Preparation","Snecko Eye","Art of War","The Courier","Boot","Pantograph","Nunchaku","Tiny House","Potion Belt","Lantern"],"acts_visited":["Exordium","TheCity","TheBeyond"],"potions_floor_usage":[23,25,29,35,50],"damage_taken":[{"damage":1.0,"enemies":"Cultist","floor":1.0,"turns":3.0},{"damage":4.0,"enemies":"2 Louse","floor":3.0,"turns":3.0},{"damage":9.0,"enemies":"Jaw Worm","floor":4.0,"turns":4.0},{"damage":2.0,"enemies":"Looter","floor":5.0,"turns":4.0},{"damage":7.0,"enemies":"2 Fungi Beasts","floor":7.0,"turns":3.0},{"damage":12.0,"enemies":"3 Sentries","floor":8.0,"turns":4.0},{"damage":0.0,"enemies":"Gremlin Gang","floor":14.0,"turns":1.0},{"damage":25,"enemies":"Slime Boss","floor":16,"turns":6},{"damage":14,"enemies":"Spheric Guardian","floor":18,"turns":4},{"damage":8,"enemies":"Slavers","floor":23,"turns":3},{"damage":26,"enemies":"Book of Stabbing","floor":25,"turns":5},{"damage":0,"enemies":"Chosen","floor":27,"turns":3},{"damage":0,"enemies":"Centurion and Healer","floor":29,"turns":6},{"damage":17,"enemies":"Collector","floor":33,"turns":8},{"damage":0,"enemies":"3 Shapes","floor":35,"turns":1},{"damage":6,"enemies":"Orb Walker","floor":36,"turns":3},{"damage":19,"enemies":"Sphere and 2 Shapes","floor":38,"turns":5},{"damage":0,"enemies":"Maw","floor":41,"turns":7},{"damage":24,"enemies":"Reptomancer","floor":42,"turns":6},{"damage":0,"enemies":"Transient","floor":44,"turns":6},{"damage":0,"enemies":"4 Shapes","floor":45,"turns":4},{"damage":0,"enemies":"Maw","floor":47,"turns":6},{"damage":3,"enemies":"Sphere and 2 Shapes","floor":48,"turns":4},{"damage":43,"enemies":"Awakened One","floor":50,"turns":10},{"damage":69,"enemies":"Donu and Deca","floor":51,"turns":11}],"seed_played":"813270805689776256","potions_obtained":[{"floor":4.0,"key":"DuplicationPotion"},{"floor":5.0,"key":"Block Potion"},{"floor":16,"key":"Swift Potion"},{"floor":23,"key":"Swift Potion"},{"floor":29,"key":"DuplicationPotion"},{"floor":34,"key":"FearPotion"},{"floor":38,"key":"BlessingOfTheForge"},{"floor":42,"key":"FearPotion"},{"floor":44,"key":"Fire Potion"},{"floor":45,"key":"Strength Potion"}],"is_trial":false,"path_per_floor":["M","?","M","M","M","R","M","E","T","R","$","?","R","M","R","B",null,"M","?","?","$","?","E","R","E","T","M","R","M","R","T","R","B",null,"M","M","?","M","$","R","M","E","T","M","M","?","M","M","R","B","B"],"character_chosen":"IRONCLAD","items_purchased":["Double Tap","Ghostly Armor","Potion Belt"],"campfire_rested":1,"item_purchase_floors":[39,39,39],"current_hp_per_floor":[73,73,75,72,75,75,74,68,68,68,68,57,57,63,63,44,67,59,59,59,59,59,57,57,37,37,43,65,71,71,71,71,64,77,80,80,80,67,67,67,73,55,55,61,67,67,73,76,76,43,0,0],"gold":211,"neow_bonus":"ONE_RARE_RELIC","is_daily":false,"chose_seed":false,"campfire_upgraded":5,"win_rate":0.0,"timestamp":1614145484,"path_taken":["M","?","M","M","?","R","M","E","T","R","?","?","R","M","R","BOSS","M","?","?","$","?","E","R","E","T","M","R","?","R","?","R","BOSS","M","?","?","?","$","R","M","E","T","M","M","?","M","M","R","BOSS","BOSS"],"items_purchased_type":["Card","Card","Relic"],"build_version":"2020-12-22","purchased_purges":3,"victory":false,"max_hp_per_floor":[75,75,75,75,75,75,75,75,75,75,75,75,75,75,75,75,75,75,75,75,75,75,75,75,75,75,75,75,75,75,75,75,75,80,80,80,80,80,80,80,80,80,80,80,80,80,80,80,80,80,80,80],"card_choices":[{"not_picked":["Thunderclap","Power Through"],"picked":"Iron Wave","floor":1.0},{"not_picked":["Flame Barrier","Rage"],"picked":"Whirlwind","floor":3.0},{"not_picked":["Heavy Blade","Sever Soul"],"picked":"Evolve","floor":4.0},{"not_picked":["Twin Strike","Sever Soul"],"picked":"Reckless Charge","floor":5.0},{"not_picked":["Rage","Demon Form"],"picked":"Shrug It Off","floor":7.0},{"not_picked":["Heavy Blade","Combust"],"picked":"Fire Breathing","floor":8.0},{"not_picked":["Body Slam","Hemokinesis","Dropkick"],"picked":"SKIP","floor":14.0},{"not_picked":["Impervious","Berserk"],"picked":"Fiend Fire","floor":16},{"not_picked":["Rage","Metallicize"],"picked":"Wild Strike","floor":18},{"not_picked":["Body Slam","Exhume","Twin Strike"],"picked":"SKIP","floor":23},{"not_picked":["Clothesline","Hemokinesis+1"],"picked":"Barricade","floor":25},{"not_picked":["Hemokinesis","Headbutt+1"],"picked":"Body Slam","floor":27},{"not_picked":["Reckless Charge","Clash","Bloodletting"],"picked":"SKIP","floor":29},{"not_picked":["Barricade","Bludgeon"],"picked":"Corruption","floor":33},{"not_picked":["Wild Strike","Heavy Blade"],"picked":"Uppercut","floor":34},{"not_picked":["Burning Pact","Seeing Red"],"picked":"Shockwave","floor":35},{"not_picked":["Uppercut","Heavy Blade"],"picked":"Feel No Pain+1","floor":36},{"not_picked":["Armaments","Thunderclap"],"picked":"Burning Pact","floor":38},{"not_picked":["Pummel+1","Wild Strike"],"picked":"Rage","floor":41},{"not_picked":["Thunderclap","Havoc"],"picked":"Sentinel+1","floor":42},{"not_picked":["Sword Boomerang","Iron Wave","Anger"],"picked":"SKIP","floor":44},{"not_picked":["Perfected Strike","Havoc"],"picked":"True Grit","floor":45},{"not_picked":["Shockwave","Limit Break"],"picked":"Ghostly Armor+1","floor":47},{"not_picked":["Power Through","Pummel"],"picked":"Shrug It Off","floor":48}],"player_experience":1683812,"relics_obtained":[{"floor":6.0,"key":"Centennial Puzzle"},{"floor":8.0,"key":"War Paint"},{"floor":9.0,"key":"Bag of Preparation"},{"floor":25,"key":"Art of War"},{"floor":26,"key":"The Courier"},{"floor":30,"key":"Boot"},{"floor":31,"key":"Pantograph"},{"floor":32,"key":"Nunchaku"},{"floor":42,"key":"Lantern"}],"event_choices":[{"damage_healed":0.0,"max_hp_gain":0.0,"max_hp_loss":0.0,"gold_gain":50.0,"event_name":"Golden Shrine","player_choice":"Pray","floor":2.0,"gold_loss":0.0,"damage_taken":0.0},{"damage_healed":0.0,"max_hp_gain":0.0,"max_hp_loss":0.0,"gold_gain":75.0,"event_name":"World of Goop","player_choice":"Gather Gold","floor":12.0,"gold_loss":0.0,"damage_taken":11.0},{"damage_healed":0,"gold_gain":0,"player_choice":"Read","damage_taken":0,"max_hp_gain":0,"max_hp_loss":0,"event_name":"The Library","floor":19,"gold_loss":0,"cards_obtained":["Power Through"]},{"damage_healed":0,"gold_gain":0,"player_choice":"Ignored","damage_taken":0,"max_hp_gain":0,"max_hp_loss":0,"event_name":"Ghosts","floor":20,"gold_loss":0},{"damage_healed":0,"gold_gain":0,"player_choice":"Bought 1 Potion","damage_taken":0,"max_hp_gain":0,"max_hp_loss":0,"event_name":"The Woman in Blue","floor":22,"gold_loss":0},{"damage_healed":0,"gold_gain":0,"player_choice":"Copied","damage_taken":0,"max_hp_gain":0,"max_hp_loss":0,"event_name":"Duplicator","floor":37,"gold_loss":0,"cards_obtained":["Shrug It Off"]},{"damage_healed":0,"gold_gain":0,"player_choice":"Upgraded","damage_taken":0,"max_hp_gain":0,"max_hp_loss":0,"event_name":"Upgrade Shrine","floor":46,"gold_loss":0,"cards_upgraded":["Burning Pact"]}],"is_beta":false,"boss_relics":[{"not_picked":["SlaversCollar","SacredBark"],"picked":"Snecko Eye"},{"not_picked":["Runic Pyramid","Runic Dome"],"picked":"Tiny House"}],"items_purged_floors":[11,21,39],"is_endless":false,"potions_floor_spawned":[4,5,16,18,23,29,38,42,44,45],"killed_by":"Donu and Deca","ascension_level":20}}