{"host":"n3r7007bx0xr1slw","time":1614127396,"event":{"mods":["BaseMod","Colored Powertips","DeckTracker","Googly Eyes","Highlight Path","Minty Spire (QoL Compilation)","Relic Stats","StSLib"],"gold_per_floor":[109,184,184,184,459,459,470,481,508,508,540,540,128,160,160,160,160],"floor_reached":16,"language":"ENG","playtime":425,"items_purged":["Regret"],"score":138,"play_id":"cb6cb732-b025-435a-abdf-540664cfc9df","local_time":"20210223194316","is_ascension_mode":true,"campfire_choices":[{"data":"Defend_R","floor":6,"key":"SMITH"},{"data":"Infernal Blade","floor":10,"key":"SMITH"},{"data":"Hemokinesis","floor":12,"key":"SMITH"},{"data":"1","floor":15,"key":"LIFT"}],"circlet_count":0,"master_deck":["Strike_R","Strike_R","Strike_R","Strike_R","Strike_R","Defend_R","Defend_R","Defend_R","Defend_R+1","Infernal Blade+1","Hemokinesis+1","Pommel Strike","Body Slam"],"relics":["Burning Blood","NeowsBlessing","StoneCalendar","Vajra","Red Skull","Girya","Boot"],"acts_visited":["Exordium"],"potions_floor_usage":[16],"damage_taken":[{"damage":0,"enemies":"Cultist","floor":1,"turns":1},{"damage":0,"enemies":"Jaw Worm","floor":7,"turns":1},{"damage":0,"enemies":"2 Louse","floor":8,"turns":1},{"damage":45,"enemies":"Lagavulin","floor":11,"turns":7},{"damage":15,"enemies":"3 Sentries","floor":14,"turns":5},{"damage":25,"enemies":"Hexaghost","floor":16,"turns":4}],"seed_played":"-6659301291704623532","potions_obtained":[{"floor":11,"key":"PowerPotion"}],"is_trial":false,"path_per_floor":["M","?","T","?","?","R","M","M","T","R","E","R","$","E","R","B"],"character_chosen":"IRONCLAD","items_purchased":["Girya","Pommel Strike"],"campfire_rested":0,"item_purchase_floors":[13,13],"current_hp_per_floor":[78,67,67,60,60,60,66,72,72,72,33,33,33,24,24,0,0],"gold":160,"neow_bonus":"THREE_ENEMY_KILL","is_daily":false,"chose_seed":false,"campfire_upgraded":3,"win_rate":0.0,"timestamp":1614127396,"path_taken":["M","?","?","?","?","R","?","?","T","R","E","R","$","E","R","BOSS"],"items_purchased_type":["Relic","Card"],"build_version":"2020-12-22","purchased_purges":1,"victory":false,"max_hp_per_floor":[80,80,80,80,80,80,80,80,80,80,80,80,80,80,80,80,80],"relic_stats":{"counters":[6,19],"StoneCalendar":[31],"Boot":[0],"obtain_stats":[{"Girya":13,"NeowsBlessing":0,"Vajra":9,"StoneCalendar":3,"Boot":14,"Burning Blood":0,"Red Skull":11},{"Girya":4,"NeowsBlessing":0,"Vajra":3,"StoneCalendar":1,"Boot":5,"Burning Blood":0,"Red Skull":4},{"Girya":10,"NeowsBlessing":0,"Vajra":3,"StoneCalendar":1,"Boot":15,"Burning Blood":0,"Red Skull":10}],"Burning Blood":30},"card_choices":[{"not_picked":["Warcry","Twin Strike","Cleave"],"picked":"SKIP","floor":1},{"not_picked":["Wild Strike","Battle Trance"],"picked":"Infernal Blade","floor":7},{"not_picked":["Iron Wave","Cleave","Headbutt"],"picked":"SKIP","floor":8},{"not_picked":["Clothesline","Rampage"],"picked":"Hemokinesis","floor":11},{"not_picked":["Shockwave","Bludgeon"],"picked":"Body Slam","floor":14}],"player_experience":168771,"relics_obtained":[{"floor":3,"key":"StoneCalendar"},{"floor":9,"key":"Vajra"},{"floor":11,"key":"Red Skull"},{"floor":14,"key":"Boot"}],"event_choices":[{"damage_healed":0,"gold_gain":75,"player_choice":"Gather Gold","damage_taken":11,"max_hp_gain":0,"max_hp_loss":0,"event_name":"World of Goop","floor":2,"gold_loss":0},{"cards_removed":["Bash"],"damage_healed":0,"gold_gain":0,"player_choice":"Card Removal","damage_taken":7,"max_hp_gain":0,"max_hp_loss":0,"event_name":"Golden Wing","floor":4,"gold_loss":0},{"damage_healed":0,"gold_gain":275,"player_choice":"Desecrate","damage_taken":0,"max_hp_gain":0,"max_hp_loss":0,"event_name":"Golden Shrine","floor":5,"gold_loss":0,"cards_obtained":["Regret"]}],"is_beta":false,"boss_relics":[],"items_purged_floors":[13],"is_endless":false,"potions_floor_spawned":[11],"killed_by":"Hexaghost","ascension_level":6}}