{"host":"4i5my69dv6e41930","time":1614153042,"event":{"mods":["AchievementEnabler","BaseMod","Minty Spire (QoL Compilation)","Relic Stats"],"gold_per_floor":[113,113,123,139,139,166,166,191,191,29,47,77,111,121,121,193,193,203,203,218,233,249,283,283,311,384,384,396,396,161,196,196,267,267,277,277,277],"floor_reached":36,"language":"ENG","playtime":2211,"items_purged":["Strike_G","Strike_G"],"score":934,"play_id":"275d86b0-8d89-4b9f-8628-354edd36f148","local_time":"20210224025042","is_ascension_mode":true,"campfire_choices":[{"floor":7.0,"key":"REST"},{"data":"Blade Dance","floor":15.0,"key":"SMITH"},{"data":"Wraith Form v2","floor":24.0,"key":"SMITH"},{"data":"Blade Dance","floor":27.0,"key":"SMITH"},{"data":"Finisher","floor":32.0,"key":"SMITH"}],"circlet_count":0,"master_deck":["AscendersBane","Defend_G","Defend_G","Defend_G","Defend_G","Defend_G","Survivor","Neutralize+1","Dash+1","Terror","Blade Dance+1","Predator","Dash","Footwork","Cloak And Dagger","PiercingWail","Blade Dance+1","Finisher+1","Wraith Form v2+1","Deflect","PiercingWail","Deflect","Backflip","Ghostly","Ghostly","Ghostly","Accuracy+1","Venomology","Wraith Form v2+1"],"relics":["Ring of the Snake","Ornamental Fan","Eternal Feather","Mummified Hand","Matryoshka","Odd Mushroom","Omamori","SlaversCollar","Potion Belt","Bottled Flame","Ninja Scroll","Frozen Egg 2","Lantern","Empty Cage"],"acts_visited":["Exordium","TheCity","TheBeyond"],"potions_floor_usage":[],"damage_taken":[{"damage":7.0,"enemies":"Jaw Worm","floor":1.0,"turns":5.0},{"damage":0.0,"enemies":"Small Slimes","floor":3.0,"turns":3.0},{"damage":0.0,"enemies":"Cultist","floor":4.0,"turns":3.0},{"damage":4.0,"enemies":"Lagavulin","floor":6.0,"turns":8.0},{"damage":0.0,"enemies":"Gremlin Nob","floor":8.0,"turns":3.0},{"damage":0.0,"enemies":"2 Fungi Beasts","floor":11.0,"turns":3.0},{"damage":16.0,"enemies":"The Mushroom Lair","floor":12.0,"turns":6.0},{"damage":3.0,"enemies":"Lagavulin","floor":13.0,"turns":8.0},{"damage":0.0,"enemies":"Looter","floor":14.0,"turns":3.0},{"damage":13.0,"enemies":"Slime Boss","floor":16.0,"turns":10.0},{"damage":0.0,"enemies":"Chosen","floor":18.0,"turns":3.0},{"damage":3.0,"enemies":"Shell Parasite","floor":20.0,"turns":8.0},{"damage":6.0,"enemies":"Snake Plant","floor":21.0,"turns":6.0},{"damage":11.0,"enemies":"3 Cultists","floor":22.0,"turns":7.0},{"damage":21.0,"enemies":"Book of Stabbing","floor":23.0,"turns":5.0},{"damage":8.0,"enemies":"Slavers","floor":25.0,"turns":9.0},{"damage":1.0,"enemies":"Snecko","floor":28.0,"turns":4.0},{"damage":1.0,"enemies":"Book of Stabbing","floor":31.0,"turns":5.0},{"damage":29.0,"enemies":"Automaton","floor":33.0,"turns":7.0},{"damage":9,"enemies":"3 Shapes","floor":35,"turns":8},{"damage":28,"enemies":"3 Darklings","floor":36,"turns":3}],"seed_played":"1316363928141450356","potions_obtained":[{"floor":1.0,"key":"Explosive Potion"},{"floor":8.0,"key":"Ancient Potion"},{"floor":13.0,"key":"Ancient Potion"},{"floor":14.0,"key":"DistilledChaos"},{"floor":16.0,"key":"AttackPotion"},{"floor":20.0,"key":"Ancient Potion"},{"floor":21.0,"key":"SteroidPotion"},{"floor":22.0,"key":"Strength Potion"}],"is_trial":false,"path_per_floor":["M","?","M","M","?","E","R","E","T","$","M","?","E","M","R","B",null,"M","?","M","M","M","E","R","E","T","R","M","?","$","E","R","B",null,"M","M"],"character_chosen":"THE_SILENT","items_purchased":["Footwork","Accuracy+1","SteroidPotion"],"campfire_rested":1,"item_purchase_floors":[10,30,30],"current_hp_per_floor":[52,52,52,52,17,13,41,41,41,41,41,25,22,22,34,21,55,55,55,52,46,35,14,26,18,18,33,32,32,32,31,33,4,26,17,0,0],"gold":277,"neow_bonus":"UPGRADE_CARD","is_daily":false,"chose_seed":false,"campfire_upgraded":4,"win_rate":0.0,"timestamp":1614153042,"path_taken":["M","?","M","M","?","E","R","E","T","?","?","?","E","M","R","BOSS","M","?","?","M","M","E","R","E","T","R","M","?","$","E","R","BOSS","M","M"],"items_purchased_type":["Card","Card","Potion"],"build_version":"2020-12-22","purchased_purges":2,"victory":false,"max_hp_per_floor":[66,66,66,66,66,66,66,66,66,66,66,66,66,66,66,66,66,66,66,66,66,66,66,66,66,66,66,66,33,33,33,33,33,33,33,33,33],"relic_stats":{"counters":[21,117],"Ornamental Fan":[252],"Mummified Hand":[24],"Eternal Feather":50,"obtain_stats":[{"Potion Belt":23,"Lantern":31,"Eternal Feather":6,"Omamori":13,"Odd Mushroom":12,"Frozen Egg 2":26,"Empty Cage":34,"SlaversCollar":17,"Bottled Flame":25,"Matryoshka":9,"Ornamental Fan":5,"Mummified Hand":8,"Ninja Scroll":26,"Ring of the Snake":0},{"Potion Belt":15,"Lantern":18,"Eternal Feather":4,"Omamori":8,"Odd Mushroom":7,"Frozen Egg 2":16,"Empty Cage":19,"SlaversCollar":10,"Bottled Flame":16,"Matryoshka":5,"Ornamental Fan":3,"Mummified Hand":5,"Ninja Scroll":16,"Ring of the Snake":0},{"Potion Belt":81,"Lantern":99,"Eternal Feather":19,"Omamori":39,"Odd Mushroom":31,"Frozen Egg 2":90,"Empty Cage":106,"SlaversCollar":52,"Bottled Flame":90,"Matryoshka":22,"Ornamental Fan":11,"Mummified Hand":22,"Ninja Scroll":90,"Ring of the Snake":0}],"Ring of the Snake":[42]},"card_choices":[{"not_picked":["Escape Plan","Quick Slash"],"picked":"Dash","floor":1.0},{"not_picked":["Backflip","Acrobatics"],"picked":"Terror","floor":3.0},{"not_picked":["Escape Plan","Backflip"],"picked":"Blade Dance","floor":4.0},{"not_picked":["Dodge and Roll","Reflex"],"picked":"Predator","floor":6.0},{"not_picked":["Heel Hook","Calculated Gamble"],"picked":"Dash","floor":8.0},{"not_picked":["Acrobatics","Blur"],"picked":"Cloak And Dagger","floor":11.0},{"not_picked":["Infinite Blades","Outmaneuver"],"picked":"PiercingWail","floor":12.0},{"not_picked":["Prepared","Flying Knee"],"picked":"Blade Dance","floor":13.0},{"not_picked":["Deflect","Dodge and Roll"],"picked":"Finisher","floor":14.0},{"not_picked":["Corpse Explosion","Envenom"],"picked":"Wraith Form v2","floor":16.0},{"not_picked":["Blur","Cloak And Dagger","Deflect"],"picked":"SKIP","floor":18.0},{"not_picked":["Outmaneuver","Expertise","Slice"],"picked":"SKIP","floor":20.0},{"not_picked":["Poisoned Stab","Outmaneuver"],"picked":"Deflect","floor":21.0},{"not_picked":["Terror","Slice","Dagger Spray"],"picked":"SKIP","floor":22.0},{"not_picked":["Bane","Underhanded Strike"],"picked":"PiercingWail","floor":23.0},{"not_picked":["Deadly Poison","Quick Slash"],"picked":"Deflect","floor":25.0},{"not_picked":["Dash","Flying Knee"],"picked":"Backflip","floor":28.0},{"not_picked":["Poisoned Stab","Cloak And Dagger"],"picked":"Venomology","floor":31.0},{"not_picked":["Glass Knife","Grand Finale"],"picked":"Wraith Form v2+1","floor":33.0},{"not_picked":["Outmaneuver","Predator","Sucker Punch"],"picked":"SKIP","floor":35}],"player_experience":144166,"relics_obtained":[{"floor":6.0,"key":"Eternal Feather"},{"floor":8.0,"key":"Mummified Hand"},{"floor":9.0,"key":"Matryoshka"},{"floor":12.0,"key":"Odd Mushroom"},{"floor":13.0,"key":"Omamori"},{"floor":23.0,"key":"Potion Belt"},{"floor":25.0,"key":"Bottled Flame"},{"floor":26.0,"key":"Ninja Scroll"},{"floor":26.0,"key":"Frozen Egg 2"},{"floor":31.0,"key":"Lantern"}],"event_choices":[{"damage_healed":0.0,"max_hp_gain":0.0,"max_hp_loss":0.0,"gold_gain":0.0,"event_name":"Living Wall","player_choice":"Grow","floor":2.0,"gold_loss":0.0,"damage_taken":0.0,"cards_upgraded":["Dash"]},{"damage_healed":0.0,"max_hp_gain":0.0,"max_hp_loss":0.0,"gold_gain":0.0,"event_name":"Scrap Ooze","player_choice":"Success","floor":5.0,"gold_loss":0.0,"damage_taken":35.0,"relics_obtained":["Ornamental Fan"]},{"damage_healed":0.0,"max_hp_gain":0.0,"max_hp_loss":0.0,"gold_gain":0.0,"event_name":"Mushrooms","player_choice":"Fought Mushrooms","floor":12.0,"gold_loss":0.0,"damage_taken":0.0},{"cards_removed":["Strike_G"],"damage_healed":0.0,"max_hp_gain":0.0,"max_hp_loss":0.0,"gold_gain":0.0,"event_name":"Purifier","player_choice":"Purged","floor":19.0,"gold_loss":0.0,"damage_taken":0.0},{"damage_healed":0.0,"max_hp_gain":0.0,"max_hp_loss":33.0,"gold_gain":0.0,"event_name":"Ghosts","player_choice":"Became a Ghost","floor":29.0,"gold_loss":0.0,"damage_taken":0.0,"cards_obtained":["Ghostly","Ghostly","Ghostly"]}],"is_beta":false,"boss_relics":[{"not_picked":["Velvet Choker","Pandora\u0027s Box"],"picked":"SlaversCollar"},{"not_picked":["Runic Dome","Ring of the Serpent"],"picked":"Empty Cage"}],"items_purged_floors":[10,30],"is_endless":false,"potions_floor_spawned":[1,8,13,14,16,20,21,22],"killed_by":"3 Darklings","ascension_level":20}}