{"host":"sav7uxregyirlf69","time":1614151763,"event":{"mods":["AchievementEnabler","BaseMod","Colored Map","DeckTracker","Keyboard Shortcuts","Minty Spire (QoL Compilation)","READ ME - Guardian Mod","StSLib","SuperFastMode"],"gold_per_floor":[150,186,186,60,110,110,173,173,199,199,267,306,342,417,417,501,501,554,594,209,209,285,374,38,38,38,38,38],"floor_reached":27,"language":"KOR","playtime":516,"items_purged":["Writhe","Strike_R","Strike_R"],"score":516,"play_id":"42cc54cd-8a21-47a1-b14e-67566f5f0317","local_time":"20210224162923","is_ascension_mode":true,"campfire_choices":[{"data":"HandOfGreed","floor":6.0,"key":"SMITH"},{"data":"Fiend Fire","floor":8.0,"key":"SMITH"},{"data":"Power Through","floor":15.0,"key":"SMITH"},{"data":"Feel No Pain","floor":25,"key":"SMITH"}],"circlet_count":0,"master_deck":["AscendersBane","Strike_R","Strike_R","Strike_R","Defend_R","Defend_R","Defend_R","Defend_R","Bash","HandOfGreed+1","Pommel Strike+1","Power Through+1","Shrug It Off","Fiend Fire+1","Second Wind","Impervious","Seeing Red","Fire Breathing","Body Slam","Feel No Pain+1","Warcry"],"relics":["Burning Blood","Pen Nib","CeramicFish","Coffee Dripper","Question Card"],"acts_visited":["Exordium","TheCity"],"potions_floor_usage":[27],"damage_taken":[{"damage":10.0,"enemies":"Small Slimes","floor":1.0,"turns":3.0},{"damage":6.0,"enemies":"Cultist","floor":2.0,"turns":4.0},{"damage":6.0,"enemies":"2 Louse","floor":5.0,"turns":5.0},{"damage":7.0,"enemies":"Large Slime","floor":7.0,"turns":7.0},{"damage":1.0,"enemies":"Exordium Wildlife","floor":11.0,"turns":4.0},{"damage":0.0,"enemies":"Lagavulin","floor":12.0,"turns":4.0},{"damage":0.0,"enemies":"2 Fungi Beasts","floor":13.0,"turns":4.0},{"damage":41.0,"enemies":"The Guardian","floor":16.0,"turns":14.0},{"damage":8.0,"enemies":"Chosen","floor":18.0,"turns":7.0},{"damage":0.0,"enemies":"Spheric Guardian","floor":19.0,"turns":3.0},{"damage":33.0,"enemies":"Shelled Parasite and Fungi","floor":22.0,"turns":7.0},{"damage":27.0,"enemies":"Slavers","floor":23.0,"turns":6.0},{"damage":47,"enemies":"Book of Stabbing","floor":27,"turns":6}],"seed_played":"2713403234900399330","potions_obtained":[{"floor":2.0,"key":"Block Potion"},{"floor":11.0,"key":"EntropicBrew"},{"floor":23.0,"key":"Block Potion"}],"is_trial":false,"path_per_floor":["M","M","?","$","M","R","M","R","T","?","M","E","M","?","R","B",null,"M","M","$","?","M","E","$","R","T","E"],"character_chosen":"IRONCLAD","items_purchased":["Shrug It Off","Question Card","Feel No Pain","Warcry","FairyPotion"],"campfire_rested":0,"item_purchase_floors":[4,20,24,24,24],"current_hp_per_floor":[64,64,64,64,64,64,63,63,63,63,68,74,75,64,64,29,64,62,68,68,68,41,20,20,20,20,0,0],"gold":38,"neow_bonus":"RANDOM_COLORLESS_2","is_daily":false,"chose_seed":false,"campfire_upgraded":4,"win_rate":0.0,"timestamp":1614151763,"path_taken":["M","M","?","$","M","R","M","R","T","?","M","E","?","?","R","BOSS","M","M","$","?","M","E","$","R","T","E"],"items_purchased_type":["Card","Relic","Card","Card","Potion"],"build_version":"2020-12-22","purchased_purges":3,"victory":false,"max_hp_per_floor":[75,75,75,75,75,75,75,75,75,75,75,75,75,75,75,75,75,75,75,75,75,75,75,75,75,75,75,75],"card_choices":[{"not_picked":["Sadistic Nature","Mayhem"],"picked":"HandOfGreed","floor":0.0},{"not_picked":["Body Slam","Flex"],"picked":"Pommel Strike","floor":1.0},{"not_picked":["True Grit","Wild Strike"],"picked":"Power Through","floor":2.0},{"not_picked":["Metallicize","Perfected Strike","Shrug It Off"],"picked":"SKIP","floor":5.0},{"not_picked":["Heavy Blade","Body Slam"],"picked":"Fiend Fire","floor":7.0},{"not_picked":["Dropkick","Flex","Spot Weakness"],"picked":"SKIP","floor":11.0},{"not_picked":["Heavy Blade","Shrug It Off"],"picked":"Second Wind","floor":12.0},{"not_picked":["Shrug It Off","Sever Soul","True Grit"],"picked":"SKIP","floor":13.0},{"not_picked":["Fiend Fire","Double Tap"],"picked":"Impervious","floor":16.0},{"not_picked":["Rupture","Sever Soul"],"picked":"Seeing Red","floor":18.0},{"not_picked":["Heavy Blade","Pommel Strike","Bloodletting"],"picked":"SKIP","floor":19.0},{"not_picked":["Dropkick","Uppercut","Blood for Blood"],"picked":"Fire Breathing","floor":22.0},{"not_picked":["Armaments","Dropkick","Headbutt"],"picked":"Body Slam","floor":23.0}],"player_experience":1685119,"relics_obtained":[{"floor":9.0,"key":"Pen Nib"},{"floor":12.0,"key":"CeramicFish"}],"event_choices":[{"damage_healed":0.0,"max_hp_gain":0.0,"max_hp_loss":0.0,"gold_gain":0.0,"event_name":"Liars Game","player_choice":"Ignored","floor":3.0,"gold_loss":0.0,"damage_taken":0.0},{"damage_healed":0.0,"max_hp_gain":0.0,"max_hp_loss":0.0,"gold_gain":0.0,"event_name":"Accursed Blacksmith","player_choice":"Forge","floor":10.0,"gold_loss":0.0,"damage_taken":0.0,"cards_upgraded":["Pommel Strike"]},{"damage_healed":0.0,"max_hp_gain":0.0,"max_hp_loss":0.0,"gold_gain":75.0,"event_name":"World of Goop","player_choice":"Gather Gold","floor":14.0,"gold_loss":0.0,"damage_taken":11.0},{"damage_healed":0.0,"max_hp_gain":0.0,"max_hp_loss":0.0,"gold_gain":0.0,"event_name":"Ghosts","player_choice":"Ignored","floor":21.0,"gold_loss":0.0,"damage_taken":0.0}],"is_beta":false,"boss_relics":[{"not_picked":["Empty Cage","SlaversCollar"],"picked":"Coffee Dripper"}],"items_purged_floors":[4,20,24],"is_endless":false,"potions_floor_spawned":[2,11,12,18,23],"killed_by":"Book of Stabbing","ascension_level":20}}