{"host":"0luxfixkkfk9wck3","time":1614203166,"event":{"mods":["BaseMod","DeckTracker","Downfall","Highlight Path","Minty Spire (QoL Compilation)","StSLib"],"gold_per_floor":[99,117,136,46,46,46,94,40,58,74,74,87,97,124,138,212,212,212,223,243,255,255,83,156,156,156,156,156],"floor_reached":26,"language":"ENG","playtime":7066,"items_purged":["sneckomod:Strike"],"score":368,"play_id":"06851654-81c6-4abd-ab17-c3abb9799737","local_time":"20210224154606","is_ascension_mode":true,"campfire_choices":[{"data":"sneckomod:TailWhip","floor":1.0,"key":"SMITH"},{"floor":11,"key":"REST"},{"data":"Metallicize","floor":18,"key":"SMITH"},{"floor":25,"key":"REST"}],"circlet_count":0,"master_deck":["AscendersBane","sneckomod:Strike","sneckomod:Strike","sneckomod:Defend","sneckomod:Defend","sneckomod:Defend","sneckomod:TailWhip+1","sneckomod:SnekBite","sneckomod:Unknown","sneckomod:SoulExchange","sneckomod:PureSnecko","sneckomod:Rotation","sneckomod:SoulExchange","Slimebound:MegaLick","sneckomod:MasterEye","sneckomod:UnknownStrength","sneckomod:ImprovisedGuard","sneckomod:SnakeSap","sneckomod:Nope","sneckomod:UnknownRareSkill","sneckomod:UnlimitedRolls","sneckomod:UnknownBlock","sneckomod:SerpentMind","Metallicize+1","sneckomod:TrashToTreasure","sneckomod:Unknown1Cost","Pride","sneckomod:UnknownDraw"],"relics":["sneckomod:SuperSneckoSoul","Nunchaku","Art of War","Pear","MealTicket","Matryoshka"],"acts_visited":["Exordium","TheCity"],"potions_floor_usage":[21,21],"damage_taken":[{"damage":8.0,"enemies":"Small Slimes","floor":2.0,"turns":4.0},{"damage":0.0,"enemies":"Cultist","floor":3.0,"turns":2.0},{"damage":10.0,"enemies":"downfall:FleeingMerchant","floor":4.0,"turns":4.0},{"damage":2,"enemies":"downfall:FleeingMerchant","floor":8,"turns":4},{"damage":0,"enemies":"2 Louse","floor":9,"turns":2},{"damage":15,"enemies":"Exordium Thugs","floor":10,"turns":5},{"damage":9,"enemies":"2 Fungi Beasts","floor":12,"turns":4},{"damage":8,"enemies":"Large Slime","floor":13,"turns":7},{"damage":12,"enemies":"Lagavulin","floor":14,"turns":4},{"damage":8,"enemies":"Gremlin Gang","floor":15,"turns":5},{"damage":12,"enemies":"WA_ARCHETYPE_RETAIN","floor":16,"turns":10},{"damage":15,"enemies":"Shell Parasite","floor":19,"turns":5},{"damage":36,"enemies":"Chosen","floor":20,"turns":7},{"damage":15,"enemies":"Centurion and Healer","floor":21,"turns":7},{"damage":8,"enemies":"downfall:FleeingMerchant","floor":23,"turns":4},{"damage":33,"enemies":"Slavers","floor":26,"turns":3}],"seed_played":"-1723019515982521889","potions_obtained":[{"floor":2.0,"key":"SpeedPotion"},{"floor":3.0,"key":"SteroidPotion"},{"floor":14,"key":"PowerPotion"}],"is_trial":false,"path_per_floor":["R","M","M","$","?","R","T","$","M","M","R","M","M","E","M","B",null,"R","M","M","M","?","$","T","R","E"],"character_chosen":"THE_SNECKO","items_purchased":["sneckomod:UnknownStrength","MealTicket"],"campfire_rested":2,"item_purchase_floors":[8,23],"current_hp_per_floor":[75,67,67,57,57,57,57,59,59,44,68,59,51,39,31,19,67,67,52,16,1,11,3,3,30,0,0,0],"gold":156,"neow_bonus":"ONE_RANDOM_RARE_CARD","is_daily":false,"chose_seed":false,"campfire_upgraded":2,"win_rate":0.0,"timestamp":1614203166,"path_taken":["R","M","M","$","?","R","T","$","M","M","R","?","M","E","M","BOSS","R","M","M","?","?","?","T","R","E"],"items_purchased_type":["Card","Relic"],"build_version":"2020-12-22","purchased_purges":1,"victory":false,"max_hp_per_floor":[83,83,83,83,83,83,83,83,83,83,83,83,83,83,83,83,83,83,83,83,83,93,93,93,93,93,93,93],"card_choices":[{"not_picked":["sneckomod:WideSting","sneckomod:QuickBite"],"picked":"sneckomod:PureSnecko","floor":2.0},{"not_picked":["sneckomod:RainOfDice","sneckomod:DefensiveFlair"],"picked":"sneckomod:Rotation","floor":3.0},{"not_picked":["sneckomod:SerpentIdol","sneckomod:PureSnecko"],"picked":"sneckomod:UnknownBlock","floor":4.0},{"not_picked":["sneckomod:UnknownBlock","sneckomod:SoulDraw"],"picked":"sneckomod:MasterEye","floor":8},{"not_picked":["sneckomod:SoulDraw","sneckomod:UnknownClassSLIMEBOUND"],"picked":"sneckomod:ImprovisedGuard","floor":9},{"not_picked":["sneckomod:CheapStock","sneckomod:ImprovisedGuard"],"picked":"sneckomod:SnakeSap","floor":10},{"not_picked":["sneckomod:Unknown0Cost","sneckomod:MasterEye"],"picked":"sneckomod:Nope","floor":12},{"not_picked":["sneckomod:UnknownBlock","sneckomod:IronFang"],"picked":"sneckomod:UnknownRareSkill","floor":13},{"not_picked":["sneckomod:TrashToTreasure","sneckomod:UnknownStrike"],"picked":"sneckomod:UnlimitedRolls","floor":14},{"not_picked":["sneckomod:UnknownDraw","sneckomod:DiceCrush"],"picked":"sneckomod:UnknownBlock","floor":15},{"not_picked":["sneckomod:UnknownRareSkill","sneckomod:UnlimitedRolls"],"picked":"sneckomod:SerpentMind","floor":16},{"not_picked":["sneckomod:UnknownClassRED","sneckomod:UnknownCommonAttack"],"picked":"sneckomod:TrashToTreasure","floor":19},{"not_picked":["sneckomod:ImprovisedAttack","sneckomod:Rotation","sneckomod:UnknownCommonSkill"],"picked":"SKIP","floor":20},{"not_picked":["sneckomod:SoulRoll","sneckomod:SnekBeam"],"picked":"sneckomod:Unknown1Cost","floor":21},{"not_picked":["sneckomod:DiceCrush+1","sneckomod:Unknown1Cost"],"picked":"sneckomod:UnknownDraw","floor":23}],"player_experience":12097117,"relics_obtained":[{"floor":7.0,"key":"Nunchaku"},{"floor":14,"key":"Art of War"},{"floor":24,"key":"Matryoshka"}],"event_choices":[{"damage_healed":0,"gold_gain":0,"player_choice":"Stole Relic","damage_taken":0,"relics_obtained":["Pear"],"max_hp_gain":0,"max_hp_loss":0,"event_name":"Addict","floor":22,"gold_loss":0,"cards_obtained":["Pride"]}],"is_beta":false,"boss_relics":[{"not_picked":["Runic Pyramid","Velvet Choker"],"picked":"sneckomod:SuperSneckoSoul"}],"items_purged_floors":[4],"is_endless":false,"potions_floor_spawned":[2,3,13,14,19],"killed_by":"Slavers","ascension_level":15}}