{"host":"pu1pmxeu7vyxsds8","time":1614137468,"event":{"mods":["Act Like it!","BaseMod","Block Reminder","Minty Spire (QoL Compilation)","Permanent Neow","Quick Restart","Relic Stats"],"gold_per_floor":[111,111,61,71,146,176,176,176,176],"floor_reached":8,"language":"SPA","playtime":462,"items_purged":[],"score":62,"play_id":"311dec16-da5f-476f-abc0-63cc948c7151","local_time":"20210224003108","is_ascension_mode":true,"campfire_choices":[{"data":"Poisoned Stab","floor":7,"key":"SMITH"}],"circlet_count":0,"master_deck":["Strike_G","Strike_G","Strike_G","Strike_G","Defend_G","Defend_G","Defend_G","Defend_G","Defend_G","Survivor","Neutralize","Poisoned Stab+1","Cloak And Dagger","Acrobatics","Eviscerate"],"relics":["Ring of the Snake","Meat on the Bone"],"acts_visited":["Exordium"],"potions_floor_usage":[],"damage_taken":[{"damage":0,"enemies":"Cultist","floor":1,"turns":4},{"damage":0,"enemies":"Jaw Worm","floor":4,"turns":5},{"damage":30,"enemies":"3 Sentries","floor":6,"turns":15},{"damage":37,"enemies":"Gremlin Nob","floor":8,"turns":4}],"seed_played":"-5993426946451574603","potions_obtained":[{"floor":6,"key":"BlessingOfTheForge"}],"is_trial":false,"path_per_floor":["M","?","?","M","?","E","R","E"],"character_chosen":"THE_SILENT","items_purchased":[],"campfire_rested":0,"item_purchase_floors":[],"current_hp_per_floor":[70,75,75,75,64,34,34,0,0],"gold":176,"neow_bonus":"THREE_CARDS","is_daily":false,"chose_seed":false,"campfire_upgraded":1,"win_rate":0.0,"timestamp":1614137468,"path_taken":["M","?","?","M","?","E","R","E"],"items_purchased_type":[],"build_version":"2020-12-22","purchased_purges":0,"victory":false,"max_hp_per_floor":[70,75,75,75,75,75,75,75,75],"relic_stats":{"counters":[4,28],"obtain_stats":[{"Ring of the Snake":0,"Meat on the Bone":6},{"Ring of the Snake":0,"Meat on the Bone":3},{"Ring of the Snake":0,"Meat on the Bone":24}],"Ring of the Snake":[8],"Meat on the Bone":0},"card_choices":[{"not_picked":["Outmaneuver","Deflect"],"picked":"Poisoned Stab","floor":0},{"not_picked":["Backflip","Caltrops"],"picked":"Cloak And Dagger","floor":1},{"not_picked":["Deflect","Finisher"],"picked":"Acrobatics","floor":4},{"not_picked":["Backstab","Concentrate"],"picked":"Eviscerate","floor":6}],"player_experience":66366,"relics_obtained":[{"floor":6,"key":"Meat on the Bone"}],"event_choices":[{"damage_healed":0,"gold_gain":0,"player_choice":"Donut","damage_taken":0,"max_hp_gain":5,"max_hp_loss":0,"event_name":"Big Fish","floor":2,"gold_loss":0},{"cards_removed":["Strike_G"],"damage_healed":0,"gold_gain":0,"player_choice":"Card Removal","damage_taken":0,"max_hp_gain":0,"max_hp_loss":0,"event_name":"The Cleric","floor":3,"gold_loss":50},{"damage_healed":0,"gold_gain":75,"player_choice":"Gather Gold","damage_taken":11,"max_hp_gain":0,"max_hp_loss":0,"event_name":"World of Goop","floor":5,"gold_loss":0}],"is_beta":false,"boss_relics":[],"items_purged_floors":[],"is_endless":false,"potions_floor_spawned":[6],"killed_by":"Gremlin Nob","ascension_level":3}}