{"host":"za9ilm1uiwmpmin1","time":1614171442,"event":{"mods":["AchievementEnabler","Act Like it!","BaseMod","Friendly Minions","Gensokyo","KomeijiMod","Library of Ruina","Library of Ruina Extra","Lobotomy","Minty Spire (QoL Compilation)","MostiFishMod","StSLib","TestMod","Waifu the Spire"],"gold_per_floor":[212,137,137,137,153,153,186,186,211,223,253,8,27,352,352,450,450,466,366,0,0,0,0,26,45,90,90,120,120,145,162,162,259,259,276,276,292,4,13,343,366,579,579,579,594,608,608,1007,1007,1007,1007,1007,1007,582,611,611],"floor_reached":57,"language":"ZHS","playtime":2602,"items_purged":["LightAttack","LightAttack","LightAttack+1"],"score":2063,"play_id":"0e80fa50-3d23-4ba8-96a3-a8d96663d74d","local_time":"20210224205722","is_ascension_mode":true,"campfire_choices":[{"data":"FrontalAssault","floor":6.0,"key":"SMITH"},{"data":"FocusedStrikes","floor":8.0,"key":"SMITH"},{"data":"Faith","floor":15.0,"key":"SMITH"},{"data":"CoordinatedAssault","floor":23.0,"key":"SMITH"},{"data":"LightDefense","floor":27.0,"key":"SMITH"},{"data":"LightDefense","floor":29.0,"key":"SMITH"},{"floor":32.0,"key":"RECALL"},{"data":"LightDefense","floor":47,"key":"SMITH"},{"data":"LightAttack","floor":49,"key":"SMITH"},{"floor":53,"key":"REST"}],"circlet_count":0,"master_deck":["Dodge+1","LightDefense+1","LightDefense+1","LightDefense+1","LightDefense+1","ChargeAndCover+1","FocusedStrikes+1","CoordinatedAssault+1","FrontalAssault+1","Faith+1","Tttonst+1","UnavoidableGaze+1","LeRegole+1","ExtractFuel+1","Lonely","Doubt","DriedUp+1","SenseQuarry+1"],"relics":["PageOfLibrarian","testmod-TestBox","testmod-Alchemist","SynthV:C4","SynthV:TestCard","Happy Flower","PageOfPunishingBird","PageOfBigBadWolf","BrkXgEgg","testmod-ArcanaOfDestiny","RhineSuit","PageOfAspirationHeart","testmod-Charity","SynthV:MejaisSoulstealer","Bag of Preparation","PageOfPorccubus","testmod-TurbochargingSystem","PageOfTheKnightOfDespair","PageOfTheQueenOfHatred","Cursed Key","testmod-CrystalShield","Civilization","War Paint","PageOfGreed","PageOfWrath","PageOfJudgementBird","PageOfNihil","Toxic Egg 2","PageOfGreed","Blood Vial"],"acts_visited":["Exordium","Gensokyo:Gensokyo","Gensokyo:Gensokyoer","TheEnding"],"potions_floor_usage":[56,56,56,56],"damage_taken":[{"damage":6.0,"enemies":"Gensokyo:Gryphon","floor":1.0,"turns":5.0},{"damage":0.0,"enemies":"Gensokyo:3_Fairies","floor":5.0,"turns":4.0},{"damage":11.0,"enemies":"Gensokyo:Cirno","floor":7.0,"turns":9.0},{"damage":0.0,"enemies":"Gensokyo:2_Kodama","floor":10.0,"turns":2.0},{"damage":5.0,"enemies":"Gensokyo:Aya","floor":11.0,"turns":4.0},{"damage":9.0,"enemies":"Gensokyo:VengefulSpirit","floor":13.0,"turns":6.0},{"damage":8.0,"enemies":"Gensokyo:Mamizou","floor":14.0,"turns":6.0},{"damage":6.0,"enemies":"Gensokyo:Kokoro","floor":16.0,"turns":12.0},{"damage":3.0,"enemies":"Gensokyo:3_Dogs","floor":18.0,"turns":6.0},{"damage":0.0,"enemies":"Gensokyo:Tenshi","floor":24.0,"turns":3.0},{"damage":0.0,"enemies":"Gensokyo:Chomper","floor":25.0,"turns":1.0},{"damage":0.0,"enemies":"Gensokyo:Koishi","floor":28.0,"turns":2.0},{"damage":0.0,"enemies":"Gensokyo:Tenshi","floor":30.0,"turns":1.0},{"damage":0.0,"enemies":"Gensokyo:Slime_Group","floor":31.0,"turns":2.0},{"damage":0.0,"enemies":"Gensokyo:Kaguya","floor":33.0,"turns":6.0},{"damage":0.0,"enemies":"Gensokyo:AncientGuardian","floor":35.0,"turns":1.0},{"damage":0.0,"enemies":"Gensokyo:3_Boulders","floor":37.0,"turns":5.0},{"damage":0.0,"enemies":"Gensokyo:Sharpion","floor":39.0,"turns":4.0},{"damage":0.0,"enemies":"Gensokyo:Marisa","floor":40.0,"turns":4.0},{"damage":19,"enemies":"Gensokyo:Kasen","floor":42,"turns":6},{"damage":0,"enemies":"Gensokyo:4_Bats","floor":45,"turns":3},{"damage":0,"enemies":"Gensokyo:Sharpion","floor":46,"turns":3},{"damage":0,"enemies":"Gensokyo:Yuyuko","floor":50,"turns":2},{"damage":0,"enemies":"Shield and Spear","floor":55,"turns":4},{"damage":0,"enemies":"The Heart","floor":56,"turns":4}],"seed_played":"-8389961412516161784","potions_obtained":[{"floor":1.0,"key":"SteroidPotion"},{"floor":10.0,"key":"Ancient Potion"},{"floor":13.0,"key":"Dexterity Potion"},{"floor":25.0,"key":"ColorlessPotion"},{"floor":28.0,"key":"Ancient Potion"},{"floor":37.0,"key":"PowerPotion"}],"is_trial":false,"path_per_floor":["M","$","?","?","M","R","E","R","T","M","E","COS","M","E","R","B",null,"M","$","COS","?","?","R","E","M","T","R","E","R","E","M","R","B",null,"M","?","M","COS","M","E","T","E","T","?","M","M","R","?","R","B",null,null,"R","$","E","B",null],"character_chosen":"Librarian","items_purchased":["PageOfGreed","Block Potion"],"campfire_rested":1,"item_purchase_floors":[54,54],"current_hp_per_floor":[54,54,45,45,45,45,34,34,34,34,29,29,20,12,12,6,62,68,68,68,71,71,71,72,73,74,74,75,75,76,77,77,78,78,79,47,55,55,63,75,76,98,98,98,107,114,114,115,115,115,115,134,134,134,140,145],"gold":611,"neow_bonus":"HUNDRED_GOLD","is_daily":false,"chose_seed":false,"campfire_upgraded":8,"win_rate":0.0,"timestamp":1614171442,"path_taken":["M","?","?","?","M","R","E","R","T","M","E","COS","M","E","R","BOSS","M","?","COS","?","?","R","E","M","T","R","E","R","E","M","R","BOSS","M","?","M","COS","?","E","?","E","T","?","M","?","R","?","R","BOSS","R","$","E","BOSS"],"items_purchased_type":["Relic","Potion"],"build_version":"2020-12-22","purchased_purges":3,"victory":true,"max_hp_per_floor":[62,62,62,62,62,62,62,62,62,62,62,62,62,62,62,62,62,71,71,71,71,71,71,72,73,74,74,75,75,76,77,77,78,78,87,87,88,88,90,94,95,102,102,102,108,128,128,129,129,134,134,134,134,134,140,145],"card_choices":[{"not_picked":["ScatteringSlash","PinpointShot","Diversion","MultiHit","QuickSuppression","SmokingPipe","Tttonst","ViolentFlame"],"picked":"CoordinatedAssault","floor":1.0},{"not_picked":["GrazeTheGrass","CumulusWall","TheRedNotes","EnergyShield","ButterflySlash","Reload","UndertakePrescript","KeepItFresh","SnakesPrey","Preparation"],"picked":"FrontalAssault","floor":5.0},{"not_picked":["GatherIntel","Slice_lor","QuickAttack","YoureAHindrance","FierceCharge","IdentifyWeakpoint","SweepTheBackstreets","StrikeDown","AutonomousRush","Unlock1","CoordinatedAssault"],"picked":"SKIP","floor":7.0},{"not_picked":["LossOfSenses","HeavyPeaks","Clone","VioletBlade","PinpointShot","ClassAndRespect","BiAn","Feast","BackAttack","Unlock1","Gigigig"],"picked":"SKIP","floor":10.0},{"not_picked":["FleetFootsteps","TheArtOfRapidSteps","Outburst","FeatherShield","WillBeTasty","SharpenedBlade","ElectricShock","SnakesPrey","ShockRound","Wallop_lor","SharpNails"],"picked":"SKIP","floor":11.0},{"not_picked":["Tailoring","UnavoidableGaze","Cruelty+1","QuickSuppression","DesperateStruggle","SinglePointStab","QuickAttack","Faith","AssaultOrder","Standoff","TendonChords"],"picked":"SKIP","floor":13.0},{"not_picked":["Tailoring","UnavoidableGaze","Cruelty+1","QuickSuppression","DesperateStruggle","SinglePointStab","QuickAttack","AssaultOrder","Standoff","TendonChords"],"picked":"Faith","floor":13.0},{"not_picked":["YoureAHindrance","SuanNi+1","Parry2","DevastatingThrash","SturdyDefense","StrongStrike","Standoff","BlazingStrike+1","SmokingPipe","ChargeUp+1","Parry"],"picked":"SKIP","floor":14.0},{"not_picked":["SuanNi+1","SavageMode+1","RagingStormLove+1","Cruelty+1"],"picked":"Tttonst+1","floor":16.0},{"not_picked":["Reload+1","Wallop_lor+1","DesperateStruggle+1","StructuralAnalysis","RipSpace+1","AsThePrescriptOrders","SharpSwipe","Overcharge","FrontalAssault","FleetEdge+1"],"picked":"UnavoidableGaze+1","floor":18.0},{"not_picked":["EnergyShield+1","Track","EnergyStrike+1","FeelinGood+1","SuppressingShot+1","StrikeDown","BiAn+1","ProselytesBlade","AutonomousRush","Struggle","FierceOnslaught"],"picked":"SKIP","floor":24.0},{"not_picked":["FaintMemories","Overcharge+1","IllEndYou+1","Tailoring+1","Outburst","NightInTheBackstreets","DarkCloud","Endure+1","SerpentineBarrier+1","CoordinatedAssault","Thrust"],"picked":"SKIP","floor":25.0},{"not_picked":["GuardingStance+1","StructuralAnalysis","NightInTheBackstreets","Eliminate","Juggling","AutonomousRush","ICanCookAnything","GreatSerpentsImpact+1","FierceCharge","ChiWen"],"picked":"LeRegole+1","floor":28.0},{"not_picked":["ClassAndRespect+1","MultiHit","FormingStorm+1","BiAn+1","YourShield","Zzzzzap+1","JiaoTu+1","TrimTheIngredients","Multislash","FierceCharge","ViolentFlame"],"picked":"SKIP","floor":30.0},{"not_picked":["Transpierce+1","BiXi","EnergyShield","QuickSuppression","BizarreAttack","Mutilate+1","FierceOnslaught","Faith","Pound","UncannyStrike","Reload"],"picked":"SKIP","floor":31.0},{"not_picked":["SparkingSpear","FaintMemories","NightInTheBackstreets+1","BackAttack","GuardingStance+1","Suppress+1","WillOfThePrescript","BiXi","SunsetBlade+1","Eliminate","QuickAttack+1"],"picked":"SKIP","floor":35.0},{"not_picked":["FlyingSword","Rewind+1","CrackOfDawn+1","SweepTheBackstreets","IdentifyWeakpoint","HandlingWork+1","QuickSuppression+1","InhaleSmoke","SparkingSpear+1","Pound","Multislash+1"],"picked":"SKIP","floor":37.0},{"not_picked":["Diversion","HeavyPeaks+1","SmokingPipe+1","EndlessBattle","Gamble","UpbeatPerformance","AbsorbImpact+1","BizarreAttack","PinpointShot+1","EnergyStrike+1"],"picked":"ExtractFuel+1","floor":39.0},{"not_picked":["Pound","PinpointShot","BladeWhirl","EnergyStrike","HandlingWork+1","DesperateStruggle","GuardingStance","FlamingDragonFist+1","StayCalm+1","Reload+1","EndlessBattle+1"],"picked":"SKIP","floor":40.0},{"not_picked":["Gigigig+1","FleetEdge+1","IllEndYou","HeavyPeaks+1","Rewind+1","WildCard","UnavoidableGaze","CookingPrep+1","Unlock1","FlowOfTheSword+1","Faith+1"],"picked":"SKIP","floor":42},{"not_picked":["HiddenBlade+1","StartinOutLightly+1","SilentNight+1","Duel_lor","QuickAttack","ICanCookAnything","BiteOff","MindWhip","FervidEmotions+1","HardRehearsal+1","HighKick+1"],"picked":"SKIP","floor":45},{"not_picked":["AbsorbImpact+1","ViolentFlame+1","SerpentineBarrier+1","FlowOfTheSword","SmokingPipe+1","HiddenBlade+1","FleetFootsteps+1","SturdyDefense+1","VenomousFangs","ShockRound+1"],"picked":"DriedUp+1","floor":46},{"not_picked":["SilentMist","Slice_lor+1","BiAn+1","Crush+1","FeatherShield+1","SmokingPipe+1","EnergyBeam+1","RatsGuideToSurvival+1","ClassAndRespect+1","EndlessBattle"],"picked":"SenseQuarry+1","floor":55}],"player_experience":894819,"relics_obtained":[{"floor":1.0,"key":"SynthV:TestCard"},{"floor":7.0,"key":"PageOfPunishingBird"},{"floor":11.0,"key":"PageOfBigBadWolf"},{"floor":14.0,"key":"testmod-ArcanaOfDestiny"},{"floor":24.0,"key":"Bag of Preparation"},{"floor":26.0,"key":"PageOfPorccubus"},{"floor":28.0,"key":"testmod-TurbochargingSystem"},{"floor":30.0,"key":"PageOfTheQueenOfHatred"},{"floor":40.0,"key":"PageOfGreed"},{"floor":41.0,"key":"PageOfWrath"},{"floor":42,"key":"PageOfNihil"},{"floor":43,"key":"Toxic Egg 2"},{"floor":55,"key":"Blood Vial"}],"event_choices":[{"damage_healed":0,"gold_gain":400,"player_choice":"Sell","damage_taken":0,"max_hp_gain":0,"max_hp_loss":0,"event_name":"¶÷ÂåË¹µÄÅÌ×Ó","floor":48,"relics_lost":["DaveBox"],"gold_loss":0}],"is_beta":false,"boss_relics":[{"not_picked":["Black Star","JellyFishMachine"],"picked":"RhineSuit"},{"not_picked":["testmod-StringDisintegrator","testmod-TimeTraveler"],"picked":"Cursed Key"}],"items_purged_floors":[2,19,54],"is_endless":false,"potions_floor_spawned":[1,10,13,25,28,37,39,46],"ascension_level":4}}