{"host":"nptej036rrbiurf5","time":1614133326,"event":{"mods":["BaseMod","Colored Map","Colored Powertips","DeckTracker","Minty Spire (QoL Compilation)","StSLib","SuperFastMode"],"gold_per_floor":[117,136,151,166,166,166,201,201,201,44,57,69,100,119,119,119,119],"floor_reached":16,"language":"KOR","playtime":418,"items_purged":["Strike_P"],"score":228,"play_id":"1b1a2814-8275-4e9c-940a-82c271ba93f0","local_time":"20210224112206","is_ascension_mode":true,"campfire_choices":[{"data":"CrushJoints","floor":6.0,"key":"SMITH"},{"floor":8,"key":"REST"},{"floor":15,"key":"REST"}],"circlet_count":0,"master_deck":["AscendersBane","Strike_P","Strike_P","Strike_P","Defend_P","Defend_P","Defend_P","Defend_P","Eruption+1","Vigilance","EmptyBody","Swivel","CrushJoints+1","Adaptation","ForeignInfluence","EmptyFist","SignatureMove","Perseverance","Halt","Scrawl"],"relics":["PureWater","Omamori","Darkstone Periapt","HornCleat"],"acts_visited":["Exordium"],"potions_floor_usage":[7,13,16,16],"damage_taken":[{"damage":0.0,"enemies":"Jaw Worm","floor":1.0,"turns":3.0},{"damage":20.0,"enemies":"2 Louse","floor":2.0,"turns":3.0},{"damage":1.0,"enemies":"Small Slimes","floor":3.0,"turns":4.0},{"damage":1.0,"enemies":"Blue Slaver","floor":4.0,"turns":5.0},{"damage":37,"enemies":"Lagavulin","floor":7,"turns":8},{"damage":9,"enemies":"3 Louse","floor":11,"turns":4},{"damage":7,"enemies":"Exordium Wildlife","floor":12,"turns":3},{"damage":2,"enemies":"3 Sentries","floor":13,"turns":5},{"damage":0,"enemies":"2 Fungi Beasts","floor":14,"turns":3},{"damage":31,"enemies":"Hexaghost","floor":16,"turns":5}],"seed_played":"1132472030084175766","potions_obtained":[{"floor":4.0,"key":"DistilledChaos"},{"floor":11,"key":"AttackPotion"},{"floor":13,"key":"Explosive Potion"}],"is_trial":false,"path_per_floor":["M","M","M","M","?","R","E","R","T","$","M","M","E","M","R","B"],"character_chosen":"WATCHER","items_purchased":["EmptyFist","Fire Potion"],"campfire_rested":2,"item_purchase_floors":[10,10],"current_hp_per_floor":[67,47,46,45,45,45,8,30,30,30,21,14,12,12,34,3,3],"gold":119,"neow_bonus":"TEN_PERCENT_HP_BONUS","is_daily":false,"chose_seed":false,"campfire_upgraded":1,"win_rate":0.0,"timestamp":1614133326,"path_taken":["M","M","M","M","?","R","E","R","T","$","M","M","E","M","R","BOSS"],"items_purchased_type":["Card","Potion"],"build_version":"2020-12-22","purchased_purges":1,"victory":false,"max_hp_per_floor":[74,74,74,74,74,74,74,74,74,74,74,74,74,74,74,74,74],"card_choices":[{"not_picked":["Prostrate","Evaluate"],"picked":"EmptyBody","floor":1.0},{"not_picked":["ClearTheMind","Prostrate"],"picked":"Swivel","floor":2.0},{"not_picked":["BowlingBash","FollowUp"],"picked":"CrushJoints","floor":3.0},{"not_picked":["EmptyBody","Evaluate"],"picked":"Adaptation","floor":4.0},{"not_picked":["Pray","Prostrate"],"picked":"ForeignInfluence","floor":7},{"not_picked":["Crescendo","FollowUp"],"picked":"SignatureMove","floor":11},{"not_picked":["WreathOfFlame","Vengeance"],"picked":"Perseverance","floor":12},{"not_picked":["Perseverance","PathToVictory"],"picked":"Halt","floor":13},{"not_picked":["Weave","Perseverance"],"picked":"Scrawl","floor":14}],"player_experience":1020448,"relics_obtained":[{"floor":7,"key":"Omamori"},{"floor":9,"key":"Darkstone Periapt"},{"floor":13,"key":"HornCleat"}],"event_choices":[{"damage_healed":0.0,"max_hp_gain":0.0,"max_hp_loss":0.0,"gold_gain":0.0,"event_name":"Living Wall","player_choice":"Grow","floor":5.0,"gold_loss":0.0,"damage_taken":0.0,"cards_upgraded":["Eruption"]}],"is_beta":false,"boss_relics":[],"items_purged_floors":[10],"is_endless":false,"potions_floor_spawned":[4,11,13,14],"killed_by":"Hexaghost","ascension_level":20}}