{"host":"254qdhpnbonm8z0p","time":1614165419,"event":{"mods":["AchievementEnabler","BaseMod","Block Reminder","Colored Map","Colored Powertips","Minty Spire (QoL Compilation)","SuperFastMode","ojb\u0027s Better Paths Mod"],"gold_per_floor":[109,119,138,153,170,170,170,170,170],"floor_reached":8,"language":"ENG","playtime":596,"items_purged":[],"score":75,"play_id":"e1ccd283-4928-4b6d-8771-4fe4780f3bff","local_time":"20210224031659","is_ascension_mode":false,"campfire_choices":[{"data":"Ghostly Armor","floor":7,"key":"SMITH"}],"circlet_count":0,"master_deck":["Strike_R","Strike_R","Strike_R","Strike_R","Strike_R","Defend_R","Defend_R","Defend_R","Defend_R","Bash","Decay","Clash","Ghostly Armor+1","Pommel Strike","Clash"],"relics":["Burning Blood","Golden Idol"],"acts_visited":["Exordium"],"potions_floor_usage":[],"damage_taken":[{"damage":3,"enemies":"Cultist","floor":1,"turns":4},{"damage":6,"enemies":"2 Louse","floor":2,"turns":4},{"damage":11,"enemies":"Small Slimes","floor":3,"turns":5},{"damage":20,"enemies":"3 Louse","floor":4,"turns":6},{"damage":0,"enemies":"Exordium Thugs","floor":5,"turns":5},{"damage":19,"enemies":"3 Sentries","floor":8,"turns":7}],"seed_played":"-2628371291696274980","potions_obtained":[{"floor":5,"key":"BloodPotion"}],"is_trial":false,"path_per_floor":["M","M","M","M","M","?","R","E"],"character_chosen":"IRONCLAD","items_purchased":[],"campfire_rested":0,"item_purchase_floors":[],"current_hp_per_floor":[96,96,91,77,83,59,59,40,40],"gold":170,"neow_bonus":"TWENTY_PERCENT_HP_BONUS","is_daily":false,"chose_seed":false,"campfire_upgraded":1,"win_rate":0.0,"timestamp":1614165419,"path_taken":["M","M","M","?","?","?","R","E"],"items_purchased_type":[],"build_version":"2020-12-22","purchased_purges":0,"victory":false,"max_hp_per_floor":[96,96,96,96,96,96,96,96,96],"card_choices":[{"not_picked":["Havoc","Cleave"],"picked":"Clash","floor":1},{"not_picked":["Havoc","Sentinel","Reckless Charge"],"picked":"SKIP","floor":2},{"not_picked":["Iron Wave","Wild Strike"],"picked":"Ghostly Armor","floor":3},{"not_picked":["Flame Barrier","Cleave"],"picked":"Pommel Strike","floor":4},{"not_picked":["Thunderclap","Evolve"],"picked":"Clash","floor":5}],"player_experience":161637,"relics_obtained":[],"event_choices":[{"damage_healed":0,"gold_gain":0,"player_choice":"Take Damage","damage_taken":24,"relics_obtained":["Golden Idol"],"max_hp_gain":0,"max_hp_loss":0,"event_name":"Golden Idol","floor":6,"gold_loss":0}],"is_beta":false,"boss_relics":[],"items_purged_floors":[],"is_endless":false,"potions_floor_spawned":[5],"killed_by":"3 Sentries","ascension_level":0}}