{"host":"hxbbrccw7ig68b38","time":1614150631,"event":{"mods":["BaseMod","Hermit","Minty Spire (QoL Compilation)","StSLib","The Cursed"],"gold_per_floor":[109,109,128,128,144,182,469,491,503,515,527,168,182,32,32,135,185,198,214,214,214,214,214,214,225,248,248,248,248,258,270,270,367,367,383,1382,1396,600,600,600,243,285,285,285,345,12,21,21,21,21],"floor_reached":51,"language":"KOR","playtime":2609,"items_purged":["TheCursedMod:ReleasedKnowledge","TheCursedMod:RavingStaff","TheCursedMod:SmokeScreen"],"score":844,"play_id":"685f7e2f-b4e8-4d1a-a490-5981339e1d69","local_time":"20210224161031","daily_mods":["Insanity","Vintage","Colorless Cards","Time Dilation","Flight"],"is_ascension_mode":false,"campfire_choices":[{"floor":15,"key":"REST"},{"floor":23,"key":"REST"},{"floor":29,"key":"REST"},{"data":"Master of Strategy","floor":32,"key":"SMITH"},{"data":"Dramatic Entrance","floor":40,"key":"SMITH"},{"data":"TheCursedMod:StunningStrike","floor":49,"key":"SMITH"}],"circlet_count":0,"master_deck":["TheCursedMod:WearCloak","TheCursedMod:Obscuration","Enlightenment","Bandage Up","TheCursedMod:AshesToAshes","TheCursedMod:CursedShiv","TheCursedMod:SpitefulStrike+1","TheCursedMod:CursedShiv","TheCursedMod:RapidMovement","TheCursedMod:HellfireBreathing","TheCursedMod:Hemoplague","TheCursedMod:Stretching","TheCursedMod:CursedAmulet","TheCursedMod:SpitefulPlan","Panacea","TheCursedMod:ManaBullet","TheCursedMod:VitalStrike","TheCursedMod:RavingStaff","TheCursedMod:SaltUponWound","TheCursedMod:SpreadPlague","Dark Shackles","TheCursedMod:CircleOfCorruption","TheCursedMod:Torture","TheCursedMod:VitalStrike","TheCursedMod:SmokeScreen","TheCursedMod:SurpriseAttack","TheCursedMod:SpitefulPray","TheCursedMod:FleshFromBone","TheCursedMod:Stigma","TheCursedMod:LuckyCharm","TheCursedMod:CursedShiv","TheCursedMod:Obscuration","TheCursedMod:RapidMovement","TheCursedMod:WearCloak","TheCursedMod:TacticalStrike","TheCursedMod:CursedMace","TheCursedMod:AshesToAshes","TheCursedMod:CircleOfCorruption","TheCursedMod:Stigma","TheCursedMod:DoubleShield","TheCursedMod:TacticalStrike","Regret","Master of Strategy+1","TheCursedMod:TacticalStrike","TheCursedMod:HellfireBreathing+1","TheCursedMod:ReleasedStrength","TheCursedMod:UltimatePain","TheCursedMod:Mangle","TheCursedMod:CursedBlade","J.A.X.","TheCursedMod:StunningStrike+1","TheCursedMod:CircleOfAbyss+1","TheCursedMod:SaltUponWound+1","TheCursedMod:DemonicPact+1","Normality","Normality","TheCursedMod:SurpriseAttack","Dramatic Entrance+1","Flash of Steel","TheCursedMod:HellfireBreathing+1","TheCursedMod:CursedAmulet","Good Instincts","TheCursedMod:StingEye","TheCursedMod:Stigma+1","TheCursedMod:SurpriseAttack","Writhe"],"relics":["TheCursedMod:BlackMagic101","Bag of Marbles","Frozen Egg 2","MawBank","Blue Candle","StrikeDummy","Toy Ornithopter","Oddly Smooth Stone","Orichalcum","Tiny House","PreservedInsect","Pen Nib","Enchiridion","Ornamental Fan","Bird Faced Urn","Juzu Bracelet","TheCursedMod:CrystalBall","InkBottle","Astrolabe","Boot","MealTicket","Gremlin Horn","Strawberry","Lee\u0027s Waffle","CeramicFish","TheCursedMod:BloodyHarpoon","Torii","Turnip"],"acts_visited":["Exordium","TheCity","TheBeyond"],"potions_floor_usage":[16,16,30,42,45,45],"damage_taken":[{"damage":0,"enemies":"Small Slimes","floor":1,"turns":3},{"damage":5,"enemies":"2 Louse","floor":3,"turns":2},{"damage":0,"enemies":"Cultist","floor":5,"turns":2},{"damage":9,"enemies":"3 Sentries","floor":6,"turns":4},{"damage":9,"enemies":"Blue Slaver","floor":8,"turns":2},{"damage":3,"enemies":"Lots of Slimes","floor":13,"turns":2},{"damage":29,"enemies":"Hexaghost","floor":16,"turns":8},{"damage":2,"enemies":"Spheric Guardian","floor":18,"turns":4},{"damage":14,"enemies":"2 Thieves","floor":19,"turns":4},{"damage":26,"enemies":"Snake Plant","floor":25,"turns":3},{"damage":10,"enemies":"Colosseum Slavers","floor":28,"turns":4},{"damage":15,"enemies":"Sentry and Sphere","floor":30,"turns":5},{"damage":0,"enemies":"Snecko","floor":31,"turns":2},{"damage":44,"enemies":"Automaton","floor":33,"turns":10},{"damage":17,"enemies":"3 Shapes","floor":35,"turns":2},{"damage":11,"enemies":"3 Darklings","floor":37,"turns":4},{"damage":16,"enemies":"Reptomancer","floor":42,"turns":3},{"damage":1,"enemies":"2 Orb Walkers","floor":45,"turns":3},{"damage":82,"enemies":"Time Eater","floor":50,"turns":11}],"seed_played":"6099675345417933556","potions_obtained":[{"floor":6,"key":"Dexterity Potion"},{"floor":16,"key":"FairyPotion"},{"floor":17,"key":"Explosive Potion"},{"floor":35,"key":"Block Potion"},{"floor":42,"key":"Explosive Potion"},{"floor":45,"key":"Block Potion"}],"is_trial":true,"path_per_floor":["M","?","M","?","M","E","?","M","T","?","?","$","M","$","R","B",null,"M","M","?","?","?","R","?","M","T","?","?","R","M","M","R","B",null,"M","?","M","$","?","R","$","E","T","?","?","$","?","$","R","B",null],"character_chosen":"THE_CURSED","items_purchased":["TheCursedMod:TacticalStrike","TheCursedMod:HellfireBreathing+1","Oddly Smooth Stone","TheCursedMod:ReleasedStrength","BlessingOfTheForge","LiquidBronze","Gremlin Horn","Strawberry","Lee\u0027s Waffle","TheCursedMod:SurpriseAttack","Dramatic Entrance","TheCursedMod:HellfireBreathing+1","TheCursedMod:CursedAmulet","Good Instincts","Turnip","TheCursedMod:SurpriseAttack"],"campfire_rested":3,"item_purchase_floors":[12,12,12,12,12,14,38,38,38,38,38,41,41,41,46,46],"current_hp_per_floor":[75,80,75,80,80,71,71,66,66,66,66,66,63,63,80,65,85,83,73,73,73,57,82,82,60,60,60,56,81,76,78,78,49,85,68,68,69,99,99,99,99,83,83,83,99,99,99,99,99,29],"gold":21,"neow_bonus":"","is_daily":false,"chose_seed":false,"campfire_upgraded":3,"win_rate":0.0,"timestamp":1614150631,"path_taken":["M","?","M","?","?","E","?","?","T","?","?","$","?","?","R","BOSS","M","M","?","?","?","R","?","?","T","?","?","R","M","M","R","BOSS","M","?","M","$","?","R","$","E","T","?","?","$","?","?","R","BOSS"],"items_purchased_type":["Card","Card","Relic","Card","Potion","Potion","Relic","Relic","Relic","Card","Card","Card","Card","Card","Relic","Card"],"build_version":"2020-12-22","purchased_purges":3,"victory":true,"max_hp_per_floor":[75,80,80,80,80,80,80,80,80,80,80,80,80,80,80,80,85,85,85,85,85,85,85,85,85,85,85,85,85,85,85,85,85,85,85,85,85,99,99,99,99,99,99,99,99,99,99,99,99,99],"card_choices":[{"not_picked":["TheCursedMod:Obscuration","TheCursedMod:Neurasthenia"],"picked":"TheCursedMod:TacticalStrike","floor":6},{"not_picked":["Chrysalis","TheCursedMod:ManaCirculation+1"],"picked":"TheCursedMod:UltimatePain","floor":16},{"not_picked":["TheCursedMod:AshesToAshes","TheCursedMod:Obscuration"],"picked":"TheCursedMod:Mangle","floor":17},{"not_picked":["TheCursedMod:ManaCirculation+1","Sadistic Nature+1"],"picked":"TheCursedMod:StunningStrike","floor":33},{"not_picked":["Dark Shackles","Chrysalis"],"picked":"Flash of Steel","floor":39},{"not_picked":["TheCursedMod:Stretching","TheCursedMod:Torture"],"picked":"TheCursedMod:StingEye","floor":42},{"not_picked":["Purity+1","TheCursedMod:TacticalStrike"],"picked":"TheCursedMod:Stigma+1","floor":45}],"player_experience":91259,"relics_obtained":[{"floor":1,"key":"Bag of Marbles"},{"floor":3,"key":"Frozen Egg 2"},{"floor":5,"key":"MawBank"},{"floor":6,"key":"Blue Candle"},{"floor":8,"key":"StrikeDummy"},{"floor":9,"key":"Toy Ornithopter"},{"floor":13,"key":"Orichalcum"},{"floor":18,"key":"PreservedInsect"},{"floor":19,"key":"Pen Nib"},{"floor":22,"key":"Enchiridion"},{"floor":25,"key":"Bird Faced Urn"},{"floor":26,"key":"Juzu Bracelet"},{"floor":30,"key":"TheCursedMod:CrystalBall"},{"floor":31,"key":"InkBottle"},{"floor":35,"key":"Boot"},{"floor":37,"key":"MealTicket"},{"floor":42,"key":"CeramicFish"},{"floor":43,"key":"TheCursedMod:BloodyHarpoon"},{"floor":45,"key":"Torii"}],"event_choices":[{"damage_healed":0,"gold_gain":0,"player_choice":"Donut","damage_taken":0,"max_hp_gain":5,"max_hp_loss":0,"event_name":"Big Fish","floor":2,"gold_loss":0},{"cards_removed":["TheCursedMod:CircleOfFocus"],"damage_healed":5,"gold_gain":0,"player_choice":"Offered Uncommon","damage_taken":0,"max_hp_gain":0,"max_hp_loss":0,"event_name":"Bonfire Elementals","floor":4,"gold_loss":0},{"damage_healed":0,"gold_gain":275,"player_choice":"Desecrate","damage_taken":0,"max_hp_gain":0,"max_hp_loss":0,"event_name":"Golden Shrine","floor":7,"gold_loss":0,"cards_obtained":["Regret"]},{"damage_healed":0,"gold_gain":0,"player_choice":"Leave","damage_taken":0,"max_hp_gain":0,"max_hp_loss":0,"event_name":"The Cleric","floor":10,"gold_loss":0},{"damage_healed":0,"gold_gain":0,"cards_transformed":["TheCursedMod:CircleOfCorruption"],"player_choice":"Transformed","damage_taken":0,"max_hp_gain":0,"max_hp_loss":0,"event_name":"Transmorgrifier","floor":11,"gold_loss":0,"cards_obtained":["Master of Strategy"]},{"damage_healed":0,"gold_gain":0,"player_choice":"Read","damage_taken":0,"max_hp_gain":0,"max_hp_loss":0,"event_name":"The Library","floor":20,"gold_loss":0,"cards_obtained":["TheCursedMod:CursedBlade"]},{"cards_removed":["TheCursedMod:FleshFromBone"],"damage_healed":0,"gold_gain":0,"player_choice":"Elegance","damage_taken":0,"max_hp_gain":0,"max_hp_loss":0,"event_name":"Back to Basics","floor":21,"gold_loss":0},{"damage_healed":0,"gold_gain":0,"player_choice":"Obtained Book","damage_taken":16,"max_hp_gain":0,"max_hp_loss":0,"event_name":"Cursed Tome","floor":22,"gold_loss":0},{"cards_removed":["TheCursedMod:Obscuration"],"damage_healed":0,"gold_gain":0,"player_choice":"Gave Card","damage_taken":0,"relics_obtained":["Ornamental Fan"],"max_hp_gain":0,"max_hp_loss":0,"event_name":"WeMeetAgain","floor":24,"gold_loss":0},{"damage_healed":0,"gold_gain":0,"player_choice":"Obtain J.A.X.","damage_taken":0,"max_hp_gain":0,"max_hp_loss":0,"event_name":"Drug Dealer","floor":27,"gold_loss":0,"cards_obtained":["J.A.X."]},{"damage_healed":0,"gold_gain":0,"player_choice":"Fight","damage_taken":0,"max_hp_gain":0,"max_hp_loss":0,"event_name":"Colosseum","floor":28,"gold_loss":0},{"damage_healed":0,"gold_gain":0,"player_choice":"Fled From Nobs","damage_taken":0,"max_hp_gain":0,"max_hp_loss":0,"event_name":"Colosseum","floor":28,"gold_loss":0},{"damage_healed":0,"gold_gain":999,"player_choice":"Gold","damage_taken":0,"max_hp_gain":0,"max_hp_loss":0,"event_name":"MindBloom","floor":36,"gold_loss":0,"cards_obtained":["Normality","Normality"]},{"damage_healed":0,"gold_gain":0,"player_choice":"Memory 1","damage_taken":0,"max_hp_gain":0,"max_hp_loss":0,"event_name":"SensoryStone","floor":39,"gold_loss":0},{"damage_healed":0,"gold_gain":0,"player_choice":"Ignored","damage_taken":0,"max_hp_gain":0,"max_hp_loss":0,"event_name":"Tomb of Lord Red Mask","floor":44,"gold_loss":0},{"damage_healed":0,"gold_gain":0,"player_choice":"Fight","damage_taken":0,"max_hp_gain":0,"max_hp_loss":0,"event_name":"Mysterious Sphere","floor":45,"gold_loss":0},{"damage_healed":25,"gold_gain":0,"player_choice":"Writhe","damage_taken":0,"max_hp_gain":0,"max_hp_loss":0,"event_name":"Winding Halls","floor":47,"gold_loss":0,"cards_obtained":["Writhe"]}],"is_beta":false,"boss_relics":[{"not_picked":["Coffee Dripper","SlaversCollar"],"picked":"Tiny House"},{"not_picked":["Empty Cage","Runic Pyramid"],"picked":"Astrolabe"}],"items_purged_floors":[14,38,41],"is_endless":false,"potions_floor_spawned":[6,16,25,28,35,42,45],"ascension_level":0}}