{"host":"1a8lb11wemezctea","time":1614201743,"event":{"mods":["BaseMod","Colored Powertips","Highlight Path","Minty Spire (QoL Compilation)"],"gold_per_floor":[110,130,130,145,21,21,36,36,36,89,123,143,176,194,194,194,194],"floor_reached":16,"language":"ENG","playtime":660,"items_purged":[],"score":185,"play_id":"7064e2a9-1bbd-46c8-8129-9b4a9c44a6b4","local_time":"20210224162223","is_ascension_mode":true,"campfire_choices":[{"data":"Pray","floor":6,"key":"SMITH"},{"floor":15,"key":"REST"}],"circlet_count":0,"master_deck":["Strike_P","Strike_P","Strike_P","Strike_P","Defend_P","Defend_P","Defend_P","Defend_P","Eruption","Vigilance","MasterReality","CrushJoints","CutThroughFate","Pray+1","Worship","Consecrate","FlyingSleeves","Wireheading","Prostrate","SpiritShield","ThirdEye"],"relics":["PureWater","Nunchaku","Ornamental Fan","Pen Nib","Question Card","Omamori"],"acts_visited":["Exordium"],"potions_floor_usage":[11,11,13],"damage_taken":[{"damage":12,"enemies":"2 Louse","floor":1,"turns":4},{"damage":6,"enemies":"Small Slimes","floor":2,"turns":3},{"damage":0,"enemies":"Jaw Worm","floor":4,"turns":2},{"damage":22,"enemies":"Exordium Thugs","floor":7,"turns":5},{"damage":0,"enemies":"Lagavulin","floor":11,"turns":4},{"damage":3,"enemies":"Blue Slaver","floor":12,"turns":3},{"damage":14,"enemies":"3 Sentries","floor":13,"turns":4},{"damage":0,"enemies":"2 Fungi Beasts","floor":14,"turns":2},{"damage":0,"enemies":"Slime Boss","floor":16,"turns":3}],"seed_played":"6460495174380966981","potions_obtained":[{"floor":2,"key":"ColorlessPotion"},{"floor":4,"key":"Strength Potion"},{"floor":11,"key":"AttackPotion"}],"is_trial":false,"path_per_floor":["M","M","?","M","$","R","M","?","T","T","E","M","E","M","R","B"],"character_chosen":"WATCHER","items_purchased":["Worship","Consecrate"],"campfire_rested":1,"item_purchase_floors":[5,5],"current_hp_per_floor":[53,47,40,40,40,40,18,18,18,18,18,15,1,1,22,22,22],"gold":194,"neow_bonus":"ONE_RANDOM_RARE_CARD","is_daily":false,"chose_seed":false,"campfire_upgraded":1,"win_rate":0.0,"timestamp":1614201743,"path_taken":["M","M","?","M","$","R","M","?","T","?","E","M","E","M","R","BOSS"],"items_purchased_type":["Card","Card"],"build_version":"2020-12-22","purchased_purges":0,"victory":false,"max_hp_per_floor":[72,72,72,72,72,72,72,72,72,72,72,72,72,72,72,72,72],"card_choices":[{"not_picked":["SashWhip","PathToVictory"],"picked":"CrushJoints","floor":1},{"not_picked":["JustLucky","FlurryOfBlows"],"picked":"CutThroughFate","floor":2},{"not_picked":["Consecrate","Tantrum"],"picked":"Pray","floor":4},{"not_picked":["FearNoEvil","WreathOfFlame"],"picked":"FlyingSleeves","floor":7},{"not_picked":["WaveOfTheHand","FollowUp"],"picked":"Wireheading","floor":11},{"not_picked":["EmptyFist","CutThroughFate","FlurryOfBlows"],"picked":"Prostrate","floor":12},{"not_picked":["CutThroughFate","SandsOfTime","WindmillStrike"],"picked":"SpiritShield","floor":13},{"not_picked":["BowlingBash","FlyingSleeves","WaveOfTheHand"],"picked":"ThirdEye","floor":14}],"player_experience":329819,"relics_obtained":[{"floor":9,"key":"Ornamental Fan"},{"floor":10,"key":"Pen Nib"},{"floor":11,"key":"Question Card"},{"floor":13,"key":"Omamori"}],"event_choices":[{"damage_healed":0,"gold_gain":0,"player_choice":"Success","damage_taken":7,"relics_obtained":["Nunchaku"],"max_hp_gain":0,"max_hp_loss":0,"event_name":"Scrap Ooze","floor":3,"gold_loss":0},{"damage_healed":0,"gold_gain":0,"player_choice":"Ignored","damage_taken":0,"max_hp_gain":0,"max_hp_loss":0,"event_name":"Liars Game","floor":8,"gold_loss":0}],"is_beta":false,"boss_relics":[],"items_purged_floors":[],"is_endless":false,"potions_floor_spawned":[2,4,11],"killed_by":"Slime Boss","ascension_level":7}}