{"host":"j9610sde00vfp93k","time":1614158989,"event":{"mods":["AchievementEnabler","BaseMod","Gold Saver","Minty Spire (QoL Compilation)","Permanent Neow","Rare Cards Sparkle","Spire Arcade","StSLib","SuperFastMode","The Marked"],"gold_per_floor":[112,124,124,138,155,155,175,175,175,175,195,224,224,241,241,241,241],"floor_reached":16,"language":"ENG","playtime":671,"items_purged":[],"score":104,"play_id":"3a6c9fc5-959e-47e2-923a-6906f1f7e843","local_time":"20210224172949","is_ascension_mode":false,"campfire_choices":[{"data":"theMarked:SoldierOfQuellstein","floor":6,"key":"SMITH"},{"data":"theMarked:Reabsorb","floor":8,"key":"SMITH"},{"data":"theMarked:BiggerThanFate","floor":15,"key":"SMITH"}],"circlet_count":0,"master_deck":["theMarked:Strike","theMarked:Strike","theMarked:Strike","theMarked:Strike","theMarked:Strike","theMarked:Defend","theMarked:Defend","theMarked:Defend","theMarked:Defend","theMarked:SoldierOfQuellstein+1","theMarked:Improvise","theMarked:ElectricStrings","theMarked:Aftermath","theMarked:ParalyzingBlade","theMarked:Reabsorb+1","theMarked:BiggerThanFate+1","theMarked:Determination","theMarked:Parry"],"relics":["theMarked:ArtifactOfAir","Bag of Marbles","Letter Opener","Lantern"],"acts_visited":["Exordium"],"potions_floor_usage":[14,16],"damage_taken":[{"damage":3,"enemies":"Jaw Worm","floor":1,"turns":3},{"damage":0,"enemies":"Cultist","floor":2,"turns":2},{"damage":0,"enemies":"2 Louse","floor":4,"turns":2},{"damage":13,"enemies":"Gremlin Gang","floor":5,"turns":4},{"damage":9,"enemies":"3 Louse","floor":7,"turns":3},{"damage":0,"enemies":"Looter","floor":11,"turns":2},{"damage":25,"enemies":"Lagavulin","floor":12,"turns":6},{"damage":2,"enemies":"Blue Slaver","floor":14,"turns":3},{"damage":29,"enemies":"The Guardian","floor":16,"turns":9}],"seed_played":"-496617461169100362","potions_obtained":[{"floor":2,"key":"SkillPotion"},{"floor":5,"key":"SpeedPotion"},{"floor":7,"key":"Regen Potion"}],"is_trial":false,"path_per_floor":["M","M","?","M","M","R","M","R","T","?","M","E","?","M","R","B"],"character_chosen":"THE_DEFAULT","items_purchased":[],"campfire_rested":0,"item_purchase_floors":[],"current_hp_per_floor":[69,69,69,69,56,56,47,47,47,47,47,22,22,29,29,0,0],"gold":241,"neow_bonus":"RANDOM_COMMON_RELIC","is_daily":false,"chose_seed":false,"campfire_upgraded":3,"win_rate":0.0,"timestamp":1614158989,"path_taken":["M","M","?","?","M","R","M","R","T","?","?","E","?","M","R","BOSS"],"items_purchased_type":[],"build_version":"2020-12-22","purchased_purges":0,"victory":false,"max_hp_per_floor":[72,72,72,72,72,72,72,72,72,72,72,72,72,72,72,72,72],"card_choices":[{"not_picked":["theMarked:HeightenedSenses","theMarked:Pokerface"],"picked":"theMarked:Improvise","floor":1},{"not_picked":["theMarked:ChainLightning","theMarked:Improvise"],"picked":"theMarked:ElectricStrings","floor":2},{"not_picked":["theMarked:ChannelForce","theMarked:Parkour"],"picked":"theMarked:Aftermath","floor":4},{"not_picked":["theMarked:Parkour","theMarked:Frustration"],"picked":"theMarked:ParalyzingBlade","floor":5},{"not_picked":["theMarked:TwofoldDefense","theMarked:Aftermath"],"picked":"theMarked:Reabsorb","floor":7},{"not_picked":["theMarked:ChainLightning","theMarked:TwofoldDefense"],"picked":"theMarked:BiggerThanFate","floor":11},{"not_picked":["theMarked:Frustration","theMarked:TwofoldDefense"],"picked":"theMarked:Determination","floor":12},{"not_picked":["theMarked:ElectricStrings","theMarked:TwofoldDefense"],"picked":"theMarked:Parry","floor":14}],"player_experience":231922,"relics_obtained":[{"floor":9,"key":"Letter Opener"},{"floor":12,"key":"Lantern"}],"event_choices":[{"damage_healed":0,"gold_gain":0,"player_choice":"Ignored","damage_taken":0,"max_hp_gain":0,"max_hp_loss":0,"event_name":"Purifier","floor":3,"gold_loss":0},{"damage_healed":0,"gold_gain":0,"player_choice":"Ignored","damage_taken":0,"max_hp_gain":0,"max_hp_loss":0,"event_name":"NoteForYourself","floor":10,"gold_loss":0},{"damage_healed":0,"gold_gain":0,"player_choice":"Bought 0 Potions","damage_taken":0,"max_hp_gain":0,"max_hp_loss":0,"event_name":"The Woman in Blue","floor":13,"gold_loss":0}],"is_beta":false,"boss_relics":[],"items_purged_floors":[],"is_endless":false,"potions_floor_spawned":[2,5,7],"killed_by":"The Guardian","ascension_level":0}}