{"host":"5dk97cf2ubw2v967","time":1614163220,"event":{"mods":["AlwaysNeverKeys","BaseMod","Better Altar","Better Vampires","Block Reminder","Card Filter","Colored Powertips","Downfall","Googly Eyes","Highlight Path","Minty Spire (QoL Compilation)","Permanent Neow","Potion Indicator Mod","Quick Restart","Relic Filter","Relic Stats","Say the Spire","Spicy Shops","StSLib","Waifu the Spire","everything is the same but u backflip on backflip"],"gold_per_floor":[114,114,139,153,78,78,118,118,172,222,222,246,298,298,298,403,403,428,39,55,105,128,128,176,176,176,70,100,100,100,100],"floor_reached":30,"language":"ENG","playtime":801,"items_purged":["Strike_R","Strike_R"],"score":557,"play_id":"2c2d30d4-a801-44ac-b46d-b5ea280f0534","local_time":"20210224104020","is_ascension_mode":true,"campfire_choices":[{"data":"Bludgeon","floor":6,"key":"SMITH"},{"data":"Fire Breathing","floor":8,"key":"SMITH"},{"data":"Shrug It Off","floor":11,"key":"SMITH"},{"data":"Evolve","floor":15,"key":"SMITH"},{"floor":23,"key":"REST"}],"circlet_count":0,"master_deck":["AscendersBane","Strike_R","Strike_R","Defend_R","Defend_R","Defend_R","Bash","Bludgeon+1","Shrug It Off+1","Evolve+1","Second Wind","Fire Breathing+1","Shrug It Off","Warcry","Metallicize","Immolate","Fire Breathing","Shrug It Off","Fire Breathing+1","Shrug It Off","Power Through"],"relics":["Burning Blood","Golden Idol","Red Skull","Smiling Mask","CeramicFish","Bag of Marbles","Runic Cube","DollysMirror","White Beast Statue","Question Card"],"acts_visited":["Exordium","TheCity"],"potions_floor_usage":[7,13,22,22,24,28,30],"damage_taken":[{"damage":7,"enemies":"Jaw Worm","floor":1,"turns":2},{"damage":4,"enemies":"2 Louse","floor":3,"turns":4},{"damage":0,"enemies":"Small Slimes","floor":4,"turns":2},{"damage":19,"enemies":"Lagavulin","floor":7,"turns":5},{"damage":8,"enemies":"Gremlin Nob","floor":10,"turns":3},{"damage":6,"enemies":"2 Fungi Beasts","floor":12,"turns":3},{"damage":8,"enemies":"3 Sentries","floor":13,"turns":4},{"damage":26,"enemies":"Slime Boss","floor":16,"turns":6},{"damage":40,"enemies":"Spheric Guardian","floor":18,"turns":7},{"damage":12,"enemies":"Chosen","floor":20,"turns":3},{"damage":0,"enemies":"Snecko","floor":22,"turns":3},{"damage":32,"enemies":"Slavers","floor":24,"turns":3},{"damage":10,"enemies":"Centurion and Healer","floor":28,"turns":6},{"damage":11,"enemies":"3 Cultists","floor":30,"turns":2}],"seed_played":"2108939402600073008","potions_obtained":[{"floor":3,"key":"Dexterity Potion"},{"floor":4,"key":"Weak Potion"},{"floor":7,"key":"Explosive Potion"},{"floor":16,"key":"Fire Potion"},{"floor":18,"key":"Fire Potion"},{"floor":22,"key":"Weak Potion"},{"floor":28,"key":"Dexterity Potion"}],"is_trial":false,"path_per_floor":["M","?","M","M","?","R","E","R","T","E","R","M","E","?","R","B",null,"M","$","M","?","M","R","E","?","T","$","M","?","M"],"character_chosen":"IRONCLAD","items_purchased":["Fire Breathing","Shrug It Off","DollysMirror","Block Potion"],"campfire_rested":1,"item_purchase_floors":[19,19,19,27],"current_hp_per_floor":[49,49,51,57,57,57,44,44,44,42,42,42,40,33,33,13,54,20,20,14,14,20,40,14,14,14,14,10,10,0,0],"gold":100,"neow_bonus":"THREE_RARE_CARDS","is_daily":false,"chose_seed":false,"campfire_upgraded":4,"win_rate":0.0,"timestamp":1614163220,"path_taken":["M","?","M","M","?","R","E","R","T","E","R","M","E","?","R","BOSS","M","$","M","?","M","R","E","?","T","?","M","?","M"],"items_purchased_type":["Card","Card","Relic","Potion"],"build_version":"2020-12-22","purchased_purges":2,"victory":false,"max_hp_per_floor":[75,68,68,68,68,68,68,68,68,68,68,68,68,68,68,68,68,68,68,68,68,68,68,68,68,68,68,68,68,68,68],"relic_stats":{"counters":[14,53],"Golden Idol":80,"CeramicFish":81,"Smiling Mask":75,"Question Card":1,"obtain_stats":[{"Golden Idol":2,"DollysMirror":19,"CeramicFish":10,"Bag of Marbles":13,"Smiling Mask":9,"Question Card":26,"Burning Blood":0,"Red Skull":7,"White Beast Statue":24,"Runic Cube":17},{"Golden Idol":1,"DollysMirror":9,"CeramicFish":5,"Bag of Marbles":7,"Smiling Mask":4,"Question Card":12,"Burning Blood":0,"Red Skull":4,"White Beast Statue":12,"Runic Cube":8},{"Golden Idol":2,"DollysMirror":36,"CeramicFish":16,"Bag of Marbles":23,"Smiling Mask":13,"Question Card":45,"Burning Blood":0,"Red Skull":13,"White Beast Statue":45,"Runic Cube":29}],"Burning Blood":78,"Runic Cube":[12]},"card_choices":[{"not_picked":["Feed","Barricade"],"picked":"Bludgeon","floor":0},{"not_picked":["Whirlwind","Iron Wave"],"picked":"Shrug It Off","floor":1},{"not_picked":["Dark Embrace","Twin Strike"],"picked":"Evolve","floor":3},{"not_picked":["Perfected Strike","Ghostly Armor"],"picked":"Second Wind","floor":4},{"not_picked":["Sword Boomerang","Heavy Blade"],"picked":"Fire Breathing","floor":7},{"not_picked":["Bludgeon","Cleave"],"picked":"Shrug It Off","floor":10},{"not_picked":["Body Slam","Dropkick"],"picked":"Warcry","floor":12},{"not_picked":["Exhume","Bloodletting"],"picked":"Metallicize","floor":13},{"not_picked":["Bludgeon","Reaper"],"picked":"Immolate","floor":16},{"not_picked":["Pommel Strike","Thunderclap","Bloodletting"],"picked":"SKIP","floor":18},{"not_picked":["Iron Wave","Cleave","Heavy Blade"],"picked":"SKIP","floor":20},{"not_picked":["Perfected Strike","Rupture","Cleave"],"picked":"SKIP","floor":22},{"not_picked":["Intimidate","Carnage+1"],"picked":"Shrug It Off","floor":24},{"not_picked":["Body Slam","Iron Wave","Anger+1"],"picked":"Power Through","floor":28}],"player_experience":1349932,"relics_obtained":[{"floor":7,"key":"Red Skull"},{"floor":9,"key":"Smiling Mask"},{"floor":10,"key":"CeramicFish"},{"floor":13,"key":"Bag of Marbles"},{"floor":24,"key":"White Beast Statue"},{"floor":26,"key":"Question Card"}],"event_choices":[{"damage_healed":0,"gold_gain":0,"player_choice":"Lose Max HP","damage_taken":0,"relics_obtained":["Golden Idol"],"max_hp_gain":0,"max_hp_loss":7,"event_name":"Golden Idol","floor":2,"gold_loss":0},{"cards_removed":["Defend_R"],"damage_healed":0,"gold_gain":0,"player_choice":"Card Removal","damage_taken":0,"max_hp_gain":0,"max_hp_loss":0,"event_name":"The Cleric","floor":5,"gold_loss":75},{"cards_removed":["Strike_R"],"damage_healed":0,"gold_gain":0,"player_choice":"Card Removal","damage_taken":7,"max_hp_gain":0,"max_hp_loss":0,"event_name":"Golden Wing","floor":14,"gold_loss":0},{"damage_healed":0,"gold_gain":50,"player_choice":"Stole From Cult","damage_taken":0,"max_hp_gain":0,"max_hp_loss":0,"event_name":"Nest","floor":21,"gold_loss":0},{"damage_healed":0,"gold_gain":0,"player_choice":"Ignored","damage_taken":0,"max_hp_gain":0,"max_hp_loss":0,"event_name":"Cursed Tome","floor":25,"gold_loss":0},{"damage_healed":0,"gold_gain":0,"player_choice":"Ignored","damage_taken":0,"max_hp_gain":0,"max_hp_loss":0,"event_name":"Vampires","floor":29,"gold_loss":0}],"is_beta":false,"boss_relics":[{"not_picked":["Runic Pyramid","Empty Cage"],"picked":"Runic Cube"}],"items_purged_floors":[19,27],"is_endless":false,"potions_floor_spawned":[3,4,7,16,18,22,28],"killed_by":"3 Cultists","ascension_level":20}}