{"host":"684z1xpuwaoqmmh1","time":1614165062,"event":{"mods":["BaseMod","CatGirl Mod","Downfall","Hermit","Jorbs\u0027s Wanderer Trilogy","Marisa????????","Minty Spire (QoL Compilation)","Robot Space Explorer","Shade Mod","Shapeshifter Mod","StSLib","The Bug Knight","The Clintock","The Dragon Tamer","The Elementalist","The Hayseed","The Hierophant","The Marked","The Mystic","The Poker Player","The Runesmith","The Sage","The Saiyan","The Showman","The Spell Scribe","The Valiant","The Vixen","TheBandit","TheFirefly","TheVacant"],"gold_per_floor":[116,291,308,210,228,228,253,271,271,341,361,408,408,438,438,560,560,580,148,179,179,179,179,179,222,249,249,296,10,33,57,57,73,73],"floor_reached":33,"language":"ENG","playtime":1870,"items_purged":["Doubt","StSShapeShifter:ShapeShifter_Strike"],"score":393,"play_id":"561745f5-4efa-4658-b421-209a45c0557c","local_time":"20210224131102","is_ascension_mode":true,"campfire_choices":[{"data":"StSShapeShifter:EmbraceTheCycle","floor":6,"key":"SMITH"},{"data":"StSShapeShifter:Sap_Burst","floor":15,"key":"SMITH"},{"floor":23,"key":"REST"},{"floor":27,"key":"REST"},{"data":"StSShapeShifter:RitualOfTheElders","floor":32,"key":"SMITH"}],"circlet_count":0,"master_deck":["StSShapeShifter:ShapeShifter_Strike","StSShapeShifter:ShapeShifter_Strike","StSShapeShifter:ShapeShifter_Strike","StSShapeShifter:ShapeShifter_Strike","StSShapeShifter:ShapeShifter_Defend","StSShapeShifter:ShapeShifter_Defend","StSShapeShifter:ShapeShifter_Defend","StSShapeShifter:ShapeShifter_Defend","StSShapeShifter:ShapeShifter_Defend","StSShapeShifter:Tortoise_Form","StSShapeShifter:Lynx_Form+1","StSShapeShifter:PoisonIvy","StSShapeShifter:EmbraceTheCycle+1","StSShapeShifter:SquirrelForm","StSShapeShifter:BaskInBloom","StSShapeShifter:Sap_Burst+1","StSShapeShifter:FoxForm","StSShapeShifter:BearForm","StSShapeShifter:MysticalSeed+1","StSShapeShifter:MonkeyForm","StSShapeShifter:RitualOfTheElders+1","StSShapeShifter:BladeOfGrass+1","StSShapeShifter:SkullBash+1","StSShapeShifter:Efflorescence","Necronomicurse","Shame","StSShapeShifter:WolfForm","StSShapeShifter:BarkSkin"],"relics":["StSShapeShifter:AnimalHeart","StSShapeShifter:TheShapeShiftersMagnolia","Happy Flower","Art of War","Blue Candle","Molten Egg 2","Unceasing Top","Black Star","TheAbacus","Necronomicon","PreservedInsect","Blood Vial","Gambling Chip","StSShapeShifter:DruidicMedallion","MealTicket","champ:DeflectingBracers","Thread and Needle"],"acts_visited":["Exordium","TheCity"],"potions_floor_usage":[8,12,25,28],"damage_taken":[{"damage":1,"enemies":"Cultist","floor":1,"turns":3},{"damage":2,"enemies":"Jaw Worm","floor":3,"turns":3},{"damage":0,"enemies":"Small Slimes","floor":5,"turns":3},{"damage":19,"enemies":"3 Sentries","floor":7,"turns":7},{"damage":1,"enemies":"Looter","floor":8,"turns":2},{"damage":7,"enemies":"Blue Slaver","floor":11,"turns":4},{"damage":12,"enemies":"Lagavulin","floor":12,"turns":12},{"damage":21,"enemies":"Exordium Wildlife","floor":14,"turns":6},{"damage":4,"enemies":"Hexaghost","floor":16,"turns":11},{"damage":56,"enemies":"Spheric Guardian","floor":18,"turns":10},{"damage":5,"enemies":"3 Byrds","floor":20,"turns":7},{"damage":22,"enemies":"Slavers","floor":25,"turns":4},{"damage":10,"enemies":"HollowMod:Nosk","floor":28,"turns":6},{"damage":1,"enemies":"Centurion and Healer","floor":30,"turns":16},{"damage":8,"enemies":"Cultist and Chosen","floor":31,"turns":6},{"damage":73,"enemies":"Automaton","floor":33,"turns":12}],"seed_played":"-1974977268638530579","potions_obtained":[{"floor":7,"key":"AttackPotion"},{"floor":8,"key":"SpeedPotion"},{"floor":11,"key":"Swift Potion"},{"floor":14,"key":"CultistPotion"},{"floor":20,"key":"SkillPotion"},{"floor":25,"key":"DistilledChaos"},{"floor":28,"key":"Ancient Potion"}],"is_trial":false,"path_per_floor":["M","?","M","$","M","R","E","M","T","T","M","E","?","M","R","B",null,"M","$","M","T","?","R","?","E","T","R","E","$","M","M","R","B"],"character_chosen":"SHAPESHIFTER","items_purchased":["StSShapeShifter:SquirrelForm","StSShapeShifter:SkullBash+1","TheAbacus","DistilledChaos","Thread and Needle"],"campfire_rested":2,"item_purchase_floors":[4,19,19,19,29],"current_hp_per_floor":[77,77,75,75,75,75,56,55,55,55,48,36,36,15,15,11,78,24,24,21,21,5,29,29,9,9,34,28,43,66,62,62,0,0],"gold":73,"neow_bonus":"UPGRADE_CARD","is_daily":false,"chose_seed":false,"campfire_upgraded":3,"win_rate":0.0,"timestamp":1614165062,"path_taken":["M","?","M","$","M","R","E","M","T","?","M","E","?","M","R","BOSS","M","$","M","?","?","R","?","E","T","R","E","?","M","?","R","BOSS"],"items_purchased_type":["Card","Card","Relic","Potion","Relic"],"build_version":"2020-12-22","purchased_purges":2,"victory":false,"max_hp_per_floor":[78,78,78,78,78,78,78,78,78,78,78,78,78,78,78,78,78,80,80,82,82,82,82,82,84,84,84,86,86,88,90,90,93,93],"card_choices":[{"not_picked":["StSShapeShifter:ShiftingStrike","StSShapeShifter:FlowerShield"],"picked":"StSShapeShifter:PoisonIvy","floor":1},{"not_picked":["StSShapeShifter:EntForm","StSShapeShifter:DeerForm"],"picked":"StSShapeShifter:EmbraceTheCycle","floor":3},{"not_picked":["StSShapeShifter:ReplenishingNectar","StSShapeShifter:WaspSwarmForm"],"picked":"StSShapeShifter:BaskInBloom","floor":5},{"not_picked":["StSShapeShifter:AdaptiveStrikes","StSShapeShifter:PorcupineForm"],"picked":"StSShapeShifter:Sap_Burst","floor":7},{"not_picked":["StSShapeShifter:Maul","StSShapeShifter:Wildfire2"],"picked":"StSShapeShifter:FoxForm","floor":8},{"not_picked":["StSShapeShifter:TopazSkin","StSShapeShifter:EagleForm"],"picked":"StSShapeShifter:BearForm","floor":11},{"not_picked":["StSShapeShifter:MagicMushrooms","StSShapeShifter:Synchronicity"],"picked":"StSShapeShifter:MysticalSeed+1","floor":12},{"not_picked":["StSShapeShifter:FlowerShield","StSShapeShifter:ThornToss+1"],"picked":"StSShapeShifter:MonkeyForm","floor":14},{"not_picked":["StSShapeShifter:Tornado","StSShapeShifter:Earthquake+1"],"picked":"StSShapeShifter:RitualOfTheElders","floor":16},{"not_picked":["StSShapeShifter:SquirrelForm","StSShapeShifter:BarkSkin"],"picked":"StSShapeShifter:BladeOfGrass+1","floor":18},{"not_picked":["StSShapeShifter:SunflowerShuriken+1","StSShapeShifter:WolfForm"],"picked":"StSShapeShifter:Efflorescence","floor":20},{"not_picked":["StSShapeShifter:Maul+1","StSShapeShifter:EmbraceTheCycle+1"],"picked":"StSShapeShifter:WolfForm","floor":25},{"not_picked":["StSShapeShifter:OwlForm+1","StSShapeShifter:VileMushroom+1","StSShapeShifter:VineHandcuffs"],"picked":"SKIP","floor":28},{"not_picked":["StSShapeShifter:ShiftingStrike+1","StSShapeShifter:Roar","StSShapeShifter:Sapling+1"],"picked":"SKIP","floor":30},{"not_picked":["StSShapeShifter:MonkeyForm","StSShapeShifter:Ensconce"],"picked":"StSShapeShifter:BarkSkin","floor":31}],"player_experience":3149949,"relics_obtained":[{"floor":7,"key":"Happy Flower"},{"floor":9,"key":"Art of War"},{"floor":10,"key":"Blue Candle"},{"floor":12,"key":"Molten Egg 2"},{"floor":22,"key":"Necronomicon"},{"floor":25,"key":"Blood Vial"},{"floor":25,"key":"Gambling Chip"},{"floor":26,"key":"StSShapeShifter:DruidicMedallion"},{"floor":28,"key":"MealTicket"},{"floor":28,"key":"champ:DeflectingBracers"}],"event_choices":[{"damage_healed":0,"gold_gain":175,"player_choice":"AGREE","damage_taken":0,"max_hp_gain":0,"max_hp_loss":0,"event_name":"Liars Game","floor":2,"gold_loss":0,"cards_obtained":["Doubt"]},{"damage_healed":0,"gold_gain":0,"player_choice":"Gave Potion","damage_taken":0,"relics_obtained":["Unceasing Top"],"max_hp_gain":0,"max_hp_loss":0,"event_name":"WeMeetAgain","floor":13,"gold_loss":0},{"damage_healed":0,"gold_gain":0,"player_choice":"Obtained Book","damage_taken":16,"max_hp_gain":0,"max_hp_loss":0,"event_name":"Cursed Tome","floor":22,"gold_loss":0},{"damage_healed":0,"gold_gain":0,"player_choice":"Stole Relic","damage_taken":0,"relics_obtained":["PreservedInsect"],"max_hp_gain":0,"max_hp_loss":0,"event_name":"Addict","floor":24,"gold_loss":0,"cards_obtained":["Shame"]}],"is_beta":false,"boss_relics":[{"not_picked":["Velvet Choker","SacredBark"],"picked":"Black Star"}],"items_purged_floors":[4,19],"is_endless":false,"potions_floor_spawned":[7,8,11,14,20,25,28],"killed_by":"Automaton","ascension_level":3}}