{"host":"w14xfy17z3c5mpoi","time":1614143142,"event":{"mods":["AchievementEnabler","BaseMod","Minty Spire (QoL Compilation)","Relic Stats"],"gold_per_floor":[113,128,140,160,172,197,207,219,219,239,256,274,274,284,284,356,356,370,420,438,454,404,436,436,470,516,516,535,251,262,14,14,90,90,100,116,136,136,136,136],"floor_reached":39,"language":"ENG","playtime":2608,"items_purged":["Shame"],"score":847,"play_id":"a914f6a4-343d-476b-8866-a8d9156bca12","local_time":"20210224000542","is_ascension_mode":true,"campfire_choices":[{"floor":13,"key":"REST"},{"floor":15,"key":"REST"},{"floor":24,"key":"REST"},{"floor":27,"key":"REST"},{"floor":32,"key":"REST"}],"circlet_count":0,"master_deck":["AscendersBane","Survivor","Neutralize","Predator","Quick Slash","Terror","Dagger Throw","Eviscerate","Eviscerate","Dagger Spray","Sucker Punch","Prepared","Acrobatics","Dash","Tools of the Trade","Die Die Die","Leg Sweep","Quick Slash","Acrobatics","Escape Plan","Eviscerate","Die Die Die","Dagger Spray","Outmaneuver","All Out Attack","Underhanded Strike","Prepared+1","Underhanded Strike+1","Well Laid Plans","Glass Knife","PiercingWail"],"relics":["Cursed Key","Blood Vial","Pandora\u0027s Box","Happy Flower","Letter Opener","Akabeko","Cauldron","Frozen Eye","Black Star"],"acts_visited":["Exordium","TheCity","TheBeyond"],"potions_floor_usage":[6,7,14,14,23,23,25,33,39,39],"damage_taken":[{"damage":9,"enemies":"Jaw Worm","floor":1,"turns":5},{"damage":0,"enemies":"Cultist","floor":2,"turns":3},{"damage":0,"enemies":"Small Slimes","floor":3,"turns":3},{"damage":6,"enemies":"3 Louse","floor":4,"turns":4},{"damage":6,"enemies":"Blue Slaver","floor":5,"turns":3},{"damage":16,"enemies":"Gremlin Nob","floor":6,"turns":3},{"damage":9,"enemies":"Red Slaver","floor":7,"turns":2},{"damage":12,"enemies":"2 Fungi Beasts","floor":8,"turns":3},{"damage":4,"enemies":"Looter","floor":10,"turns":3},{"damage":0,"enemies":"Large Slime","floor":11,"turns":3},{"damage":9,"enemies":"Red Slaver","floor":12,"turns":3},{"damage":4,"enemies":"Exordium Wildlife","floor":14,"turns":6},{"damage":18,"enemies":"Slime Boss","floor":16,"turns":11},{"damage":4,"enemies":"Chosen","floor":18,"turns":4},{"damage":22,"enemies":"Shell Parasite","floor":20,"turns":3},{"damage":34,"enemies":"Snake Plant","floor":21,"turns":4},{"damage":0,"enemies":"Gremlin Leader","floor":23,"turns":3},{"damage":34,"enemies":"Book of Stabbing","floor":25,"turns":5},{"damage":4,"enemies":"Centurion and Healer","floor":28,"turns":3},{"damage":2,"enemies":"Snecko","floor":30,"turns":3},{"damage":46,"enemies":"Champ","floor":33,"turns":8},{"damage":0,"enemies":"3 Shapes","floor":35,"turns":1},{"damage":27,"enemies":"3 Darklings","floor":36,"turns":2},{"damage":31,"enemies":"Spire Growth","floor":37,"turns":3},{"damage":23,"enemies":"Maw","floor":39,"turns":6}],"seed_played":"-208059093919297964","potions_obtained":[{"floor":2,"key":"FearPotion"},{"floor":5,"key":"Fruit Juice"},{"floor":7,"key":"Regen Potion"},{"floor":10,"key":"FearPotion"},{"floor":11,"key":"AttackPotion"},{"floor":18,"key":"Swift Potion"},{"floor":21,"key":"Energy Potion"},{"floor":23,"key":"Weak Potion"},{"floor":29,"key":"PowerPotion"},{"floor":29,"key":"Swift Potion"},{"floor":33,"key":"EssenceOfSteel"},{"floor":35,"key":"Swift Potion"}],"is_trial":false,"path_per_floor":["M","M","M","M","M","E","M","M","T","M","M","M","R","M","R","B",null,"M","?","M","M","?","E","R","E","T","R","M","$","M","$","R","B",null,"M","M","M","?","M"],"character_chosen":"THE_SILENT","items_purchased":["Well Laid Plans","Cauldron","Regen Potion","Frozen Eye"],"campfire_rested":5,"item_purchase_floors":[29,29,31,31],"current_hp_per_floor":[50,50,50,44,38,22,20,10,10,8,10,3,24,37,58,42,64,62,62,42,10,10,12,33,1,1,22,20,20,20,20,41,12,56,58,33,4,4,0,0],"gold":136,"neow_bonus":"BOSS_RELIC","is_daily":false,"chose_seed":false,"campfire_upgraded":0,"win_rate":0.0,"timestamp":1614143142,"path_taken":["M","M","M","M","M","E","M","M","T","M","M","M","R","M","R","BOSS","M","?","M","M","?","E","R","E","T","R","?","$","M","$","R","BOSS","M","M","M","?","M"],"items_purchased_type":["Card","Relic","Potion","Relic"],"build_version":"2020-12-22","purchased_purges":1,"victory":false,"max_hp_per_floor":[66,66,66,66,66,66,71,71,71,71,71,71,71,71,71,71,71,71,71,71,71,71,71,71,71,71,71,71,71,71,71,71,71,71,71,71,71,71,71,71],"relic_stats":{"Blood Vial":38,"Happy Flower":[10],"counters":[25,97],"Pandora\u0027s Box":["Leg Sweep","Quick Slash","Acrobatics","Escape Plan","Eviscerate","Die Die Die","Die Die Die","Dagger Spray","Outmaneuver","All Out Attack"],"Black Star":0,"Letter Opener":[40],"Cursed Key":1,"obtain_stats":[{"Blood Vial":6,"Cauldron":29,"Frozen Eye":31,"Happy Flower":23,"Pandora\u0027s Box":17,"Black Star":34,"Letter Opener":25,"Cursed Key":0,"Akabeko":26,"Ring of the Snake":0},{"Blood Vial":6,"Cauldron":19,"Frozen Eye":20,"Happy Flower":17,"Pandora\u0027s Box":13,"Black Star":21,"Letter Opener":18,"Cursed Key":0,"Akabeko":18,"Ring of the Snake":0},{"Blood Vial":21,"Cauldron":74,"Frozen Eye":77,"Happy Flower":66,"Pandora\u0027s Box":52,"Black Star":85,"Letter Opener":71,"Cursed Key":0,"Akabeko":71,"Ring of the Snake":0}]},"card_choices":[{"not_picked":["Deflect","Dagger Throw"],"picked":"Predator","floor":1},{"not_picked":["Infinite Blades","Bane"],"picked":"Quick Slash","floor":2},{"not_picked":["Dagger Throw","Leg Sweep"],"picked":"Terror","floor":3},{"not_picked":["Reflex","Caltrops"],"picked":"Dagger Throw","floor":4},{"not_picked":["Infinite Blades","Bane"],"picked":"Eviscerate","floor":5},{"not_picked":["Crippling Poison","Flechettes"],"picked":"Eviscerate","floor":6},{"not_picked":["Crippling Poison","Endless Agony"],"picked":"Dagger Spray","floor":7},{"not_picked":["Quick Slash","Tactician"],"picked":"Sucker Punch","floor":8},{"not_picked":["Deflect","Flechettes"],"picked":"Prepared","floor":10},{"not_picked":["Flying Knee","Slice"],"picked":"Acrobatics","floor":11},{"not_picked":["Cloak And Dagger","Bouncing Flask"],"picked":"Dash","floor":12},{"not_picked":["Setup","Underhanded Strike"],"picked":"Tools of the Trade","floor":14},{"not_picked":["Grand Finale","Malaise"],"picked":"Die Die Die","floor":16},{"not_picked":["Dagger Throw","Acrobatics"],"picked":"Underhanded Strike","floor":18},{"not_picked":["Dagger Spray","Flying Knee"],"picked":"Prepared+1","floor":20},{"not_picked":["Sucker Punch","Crippling Poison"],"picked":"Underhanded Strike+1","floor":21},{"not_picked":["Choke","Underhanded Strike","Bane"],"picked":"SKIP","floor":23},{"not_picked":["Underhanded Strike","Grand Finale","Endless Agony"],"picked":"SKIP","floor":25},{"not_picked":["Catalyst","Escape Plan","Finisher"],"picked":"SKIP","floor":28},{"not_picked":["Quick Slash","Cloak And Dagger","Slice"],"picked":"SKIP","floor":30},{"not_picked":["Envenom","Burst"],"picked":"Glass Knife","floor":33},{"not_picked":["Dodge and Roll","Backflip","Caltrops"],"picked":"SKIP","floor":35},{"not_picked":["Flying Knee","Dodge and Roll"],"picked":"PiercingWail","floor":36},{"not_picked":["Predator","Heel Hook+1","Blade Dance"],"picked":"SKIP","floor":37}],"player_experience":799051,"relics_obtained":[{"floor":6,"key":"Blood Vial"},{"floor":23,"key":"Happy Flower"},{"floor":25,"key":"Letter Opener"},{"floor":26,"key":"Akabeko"}],"event_choices":[{"damage_healed":0,"gold_gain":50,"player_choice":"Stole From Cult","damage_taken":0,"max_hp_gain":0,"max_hp_loss":0,"event_name":"Nest","floor":19,"gold_loss":0},{"damage_healed":0,"gold_gain":0,"player_choice":"Bet on Murderer","damage_taken":0,"max_hp_gain":0,"max_hp_loss":0,"event_name":"The Joust","floor":22,"gold_loss":50},{"cards_removed":["Die Die Die"],"damage_healed":0,"gold_gain":0,"player_choice":"Removed Attack","damage_taken":0,"max_hp_gain":0,"max_hp_loss":0,"event_name":"Falling","floor":38,"gold_loss":0}],"is_beta":false,"boss_relics":[{"not_picked":["Fusion Hammer","Runic Dome"],"picked":"Pandora\u0027s Box"},{"not_picked":["Tiny House","SlaversCollar"],"picked":"Black Star"}],"items_purged_floors":[29],"is_endless":false,"potions_floor_spawned":[2,5,7,10,11,18,21,23,33,35],"killed_by":"Maw","ascension_level":17}}