{"host":"mi0eibewekhugwl1","time":1614180980,"event":{"mods":["AchievementEnabler","BaseMod","Colored Map","Colored Powertips","DeckTracker","Keyboard Shortcuts","Minty Spire (QoL Compilation)","Quick Restart","Rare Cards Sparkle","Relic Stats","StSLib","SuperFastMode","everything is the same but u backflip on backflip"],"gold_per_floor":[114,114,114,39,64,64,96,118,118,133,145,25,36,48,48,48,48],"floor_reached":16,"language":"KOR","playtime":706,"items_purged":[],"score":250,"play_id":"de527239-2e60-4b4f-b2ee-37b478d9d375","local_time":"20210225003620","is_ascension_mode":true,"campfire_choices":[{"data":"Dualcast","floor":6,"key":"SMITH"},{"data":"Defragment","floor":15,"key":"SMITH"}],"circlet_count":0,"master_deck":["AscendersBane","Strike_B","Strike_B","Strike_B","Defend_B","Defend_B","Defend_B+1","Defend_B","Zap+1","Dualcast+1","FTL","Conserve Battery","Chill","Ball Lightning","Defragment+1","Sweeping Beam","Creative AI","Turbo"],"relics":["Cracked Core","NeowsBlessing","Gremlin Horn","Lantern","Question Card","Odd Mushroom","Matryoshka"],"acts_visited":["Exordium"],"potions_floor_usage":[],"damage_taken":[{"damage":0,"enemies":"Jaw Worm","floor":1,"turns":1},{"damage":0,"enemies":"3 Sentries","floor":7,"turns":2},{"damage":0,"enemies":"The Mushroom Lair","floor":8,"turns":1},{"damage":3,"enemies":"Small Slimes","floor":10,"turns":3},{"damage":0,"enemies":"2 Louse","floor":11,"turns":2},{"damage":0,"enemies":"Looter","floor":13,"turns":3},{"damage":0,"enemies":"2 Fungi Beasts","floor":14,"turns":4},{"damage":30,"enemies":"Hexaghost","floor":16,"turns":7}],"seed_played":"1957543721741633024","potions_obtained":[{"floor":1,"key":"SteroidPotion"},{"floor":8,"key":"PowerPotion"}],"is_trial":false,"path_per_floor":["M","?","?","?","T","R","E","?","T","M","M","$","M","M","R","B"],"character_chosen":"DEFECT","items_purchased":["Defragment","Sweeping Beam"],"campfire_rested":0,"item_purchase_floors":[12,12],"current_hp_per_floor":[64,53,32,32,32,32,32,32,32,29,29,29,29,29,29,0,0],"gold":48,"neow_bonus":"THREE_ENEMY_KILL","is_daily":false,"chose_seed":false,"campfire_upgraded":2,"win_rate":0.0,"timestamp":1614180980,"path_taken":["M","?","?","?","?","R","E","?","T","M","M","$","?","M","R","BOSS"],"items_purchased_type":["Card","Card"],"build_version":"2020-12-22","purchased_purges":0,"victory":false,"max_hp_per_floor":[71,71,71,71,71,71,71,71,71,71,71,71,71,71,71,71,71],"relic_stats":{"Gremlin Horn":[7,7],"counters":[8,23],"Question Card":5,"obtain_stats":[{"Lantern":5,"Matryoshka":9,"NeowsBlessing":0,"Gremlin Horn":2,"Odd Mushroom":8,"Cracked Core":0,"Question Card":7},{"Lantern":1,"Matryoshka":3,"NeowsBlessing":0,"Gremlin Horn":1,"Odd Mushroom":3,"Cracked Core":0,"Question Card":2},{"Lantern":1,"Matryoshka":4,"NeowsBlessing":0,"Gremlin Horn":1,"Odd Mushroom":4,"Cracked Core":0,"Question Card":3}]},"card_choices":[{"not_picked":["Reinforced Body","Hello World","Double Energy"],"picked":"SKIP","floor":1},{"not_picked":["Compile Driver","Melter"],"picked":"FTL","floor":7},{"not_picked":["Fusion","Hologram","Heatsinks"],"picked":"Conserve Battery","floor":8},{"not_picked":["Steam","Hello World","Gash"],"picked":"Chill","floor":10},{"not_picked":["Reinforced Body","Heatsinks","Rebound"],"picked":"Ball Lightning","floor":11},{"not_picked":["Go for the Eyes","Genetic Algorithm","Barrage"],"picked":"Creative AI","floor":13},{"not_picked":["Go for the Eyes","Stack","Rebound"],"picked":"Turbo","floor":14}],"player_experience":1825648,"relics_obtained":[{"floor":5,"key":"Lantern"},{"floor":7,"key":"Question Card"},{"floor":8,"key":"Odd Mushroom"},{"floor":9,"key":"Matryoshka"}],"event_choices":[{"damage_healed":0,"gold_gain":0,"player_choice":"Success","damage_taken":11,"relics_obtained":["Gremlin Horn"],"max_hp_gain":0,"max_hp_loss":0,"event_name":"Scrap Ooze","floor":2,"gold_loss":0},{"damage_healed":0,"gold_gain":0,"player_choice":"Entered Light","damage_taken":21,"max_hp_gain":0,"max_hp_loss":0,"event_name":"Shining Light","floor":3,"gold_loss":0,"cards_upgraded":["Zap","Defend_B"]},{"cards_removed":["Strike_B"],"damage_healed":0,"gold_gain":0,"player_choice":"Card Removal","damage_taken":0,"max_hp_gain":0,"max_hp_loss":0,"event_name":"The Cleric","floor":4,"gold_loss":75},{"damage_healed":0,"gold_gain":0,"player_choice":"Fought Mushrooms","damage_taken":0,"max_hp_gain":0,"max_hp_loss":0,"event_name":"Mushrooms","floor":8,"gold_loss":0}],"is_beta":false,"boss_relics":[],"items_purged_floors":[],"is_endless":false,"potions_floor_spawned":[1,8,10],"killed_by":"Hexaghost","ascension_level":20}}