{"host":"j6f6v8ly7ajbjvlz","time":1614179858,"event":{"mods":["ATMod(阿瑾Mod)","Act Like it!","Arknights","BaseMod","Colored Powertips","Friendly Minions","Gensokyo","HumanHunterMod(怪物杀人mod)","KinomotoSakuraMod(木之本樱)","Kiyohime（清姬）","Library of Ruina","Library of Ruina Extra","Minty Spire (QoL Compilation)","Relic Stats","RumiaBox-露米娅的神秘盒子","Spicy Shops","StSLib","Yakumo Yukari mod","【功能Mod】混沌之环修复补丁","【遗物卡牌】REMEMod","篝火指南"],"gold_per_floor":[110,177,177,192,367,70,70,97,97,197,197],"floor_reached":10,"language":"ZHS","playtime":401,"items_purged":["Doubt"],"score":70,"play_id":"167d65f5-bf3b-4400-a802-30a3f157b7ad","local_time":"20210224231738","is_ascension_mode":true,"campfire_choices":[],"circlet_count":0,"master_deck":["ClowCardTheSword","ClowCardTheSword","ClowCardTheSword","ClowCardTheSword","ClowCardTheShield","ClowCardTheShield","ClowCardTheShield","ClowCardTheShield","SpellCardSeal","SpellCardRelease","ClowCardTheGlow","AT_KneejerkReflex","ClowCardTheFloat","ClowCardTheStorm","ClowCardTheMist"],"relics":["KSMOD_SealedBook","KSMOD_SealedWand","AT_ATBox","REME_ComplimentaryCards","Turnip","ClockworkSouvenir","AT_SunfireAegis","KSMOD_TomoyosHeart","AT_TheCollector","KSMOD_Yue"],"acts_visited":["Exordium"],"potions_floor_usage":[10],"damage_taken":[{"damage":4,"enemies":"Small Slimes","floor":1,"turns":4},{"damage":28,"enemies":"Jaw Worm","floor":4,"turns":6},{"damage":13,"enemies":"Lagavulin","floor":8,"turns":8},{"damage":22,"enemies":"3 Sentries","floor":10,"turns":4}],"seed_played":"-5577065257515066462","potions_obtained":[{"floor":1,"key":"Block Potion"},{"floor":8,"key":"Swift Potion"}],"is_trial":false,"path_per_floor":["M","?","T","M","?","R","?","E","T","E"],"character_chosen":"KINOMOTOSAKURA","items_purchased":["ClockworkSouvenir","AT_SunfireAegis"],"campfire_rested":0,"item_purchase_floors":[6,6],"current_hp_per_floor":[66,66,66,38,38,38,35,22,22,0,0],"gold":197,"neow_bonus":"THREE_CARDS","is_daily":false,"chose_seed":false,"campfire_upgraded":0,"win_rate":0.0,"timestamp":1614179858,"path_taken":["M","?","?","M","?","R","?","E","T","E"],"items_purchased_type":["Relic","Relic"],"build_version":"2020-12-22","purchased_purges":1,"victory":false,"max_hp_per_floor":[70,70,70,70,70,70,70,70,70,70,70],"relic_stats":{"counters":[4,22],"Turnip":[0],"obtain_stats":[{"AT_ATBox":0,"KSMOD_TomoyosHeart":7,"KSMOD_Yue":9,"KSMOD_SealedBook":0,"AT_TheCollector":8,"KSMOD_SealedWand":0,"Turnip":3,"AT_SunfireAegis":6,"REME_ComplimentaryCards":0,"ClockworkSouvenir":6},{"AT_ATBox":0,"KSMOD_TomoyosHeart":2,"KSMOD_Yue":3,"KSMOD_SealedBook":0,"AT_TheCollector":3,"KSMOD_SealedWand":0,"Turnip":1,"AT_SunfireAegis":2,"REME_ComplimentaryCards":0,"ClockworkSouvenir":2},{"AT_ATBox":0,"KSMOD_TomoyosHeart":10,"KSMOD_Yue":18,"KSMOD_SealedBook":0,"AT_TheCollector":18,"KSMOD_SealedWand":0,"Turnip":4,"AT_SunfireAegis":10,"REME_ComplimentaryCards":0,"ClockworkSouvenir":10}]},"card_choices":[{"not_picked":["ClowCardTheLittle","ClowCardTheShadow"],"picked":"ClowCardTheGlow","floor":0},{"not_picked":["ClowCardTheCloud","ClowCardTheFirey"],"picked":"ClowCardTheFloat","floor":1},{"not_picked":["ClowCardTheFlower","ClowCardTheSweet"],"picked":"ClowCardTheStorm","floor":4},{"not_picked":["ClowCardTheLight","ClowCardTheChange"],"picked":"ClowCardTheMist","floor":8}],"player_experience":82426,"relics_obtained":[{"floor":3,"key":"Turnip"},{"floor":8,"key":"AT_TheCollector"},{"floor":9,"key":"KSMOD_Yue"}],"event_choices":[{"damage_healed":0,"gold_gain":67,"player_choice":"Gained Gold","damage_taken":0,"max_hp_gain":0,"max_hp_loss":0,"event_name":"Golden Wing","floor":2,"gold_loss":0},{"damage_healed":0,"gold_gain":175,"player_choice":"AGREE","damage_taken":0,"max_hp_gain":0,"max_hp_loss":0,"event_name":"Liars Game","floor":5,"gold_loss":0,"cards_obtained":["Doubt"]},{"damage_healed":0,"gold_gain":0,"player_choice":"Success","damage_taken":3,"relics_obtained":["KSMOD_TomoyosHeart"],"max_hp_gain":0,"max_hp_loss":0,"event_name":"Scrap Ooze","floor":7,"gold_loss":0}],"is_beta":false,"boss_relics":[],"items_purged_floors":[6],"is_endless":false,"potions_floor_spawned":[1,8],"killed_by":"3 Sentries","ascension_level":2}}