{"host":"yqztwemefsbhfep8","time":1614129411,"event":{"mods":["BaseMod","Downfall","Hermit","Minty Spire (QoL Compilation)","StSLib"],"gold_per_floor":[113,186,34,95,95,130,177,198,198,221,221,245,264,308,308,308,308],"floor_reached":16,"language":"ENG","playtime":498,"items_purged":["hermit:Showdown"],"score":110,"play_id":"5065100f-8a33-4b3f-9f04-fcceadf11832","local_time":"20210223171651","is_ascension_mode":false,"campfire_choices":[{"floor":11,"key":"REST"},{"floor":15,"key":"REST"}],"circlet_count":0,"master_deck":["hermit:Strike_Hermit","hermit:Strike_Hermit","hermit:Strike_Hermit","hermit:Strike_Hermit","hermit:Defend_Hermit","hermit:Defend_Hermit","hermit:Defend_Hermit","hermit:Defend_Hermit","hermit:Snapshot","hermit:Covet","hermit:Showdown+1","Injury","hermit:HighCaliber+1","hermit:WideOpen+1","hermit:HighCaliber+1","hermit:Enervate+1","hermit:RoundhouseKick+1","hermit:CalledShot+1"],"relics":["hermit:Momento","Tiny Chest","Molten Egg 2","Golden Idol","Frozen Egg 2","FossilizedHelix","Juzu Bracelet"],"acts_visited":["Exordium"],"potions_floor_usage":[16,16,16],"damage_taken":[{"damage":0,"enemies":"Cultist","floor":1,"turns":3},{"damage":40,"enemies":"Lagavulin","floor":6,"turns":7},{"damage":0,"enemies":"2 Louse","floor":8,"turns":2},{"damage":0,"enemies":"Jaw Worm","floor":10,"turns":1},{"damage":4,"enemies":"Exordium Wildlife","floor":12,"turns":3},{"damage":0,"enemies":"Blue Slaver","floor":13,"turns":2},{"damage":9,"enemies":"3 Sentries","floor":14,"turns":4},{"damage":68,"enemies":"The Guardian","floor":16,"turns":9}],"seed_played":"-3633250974595866562","potions_obtained":[{"floor":1,"key":"bronze:BurnAndBuffPotion"},{"floor":8,"key":"Guardian:BlockOnCardUsePotion"},{"floor":13,"key":"hermit:Tonic"}],"is_trial":false,"path_per_floor":["M","T","$","?","?","E","T","M","T","M","R","M","M","E","R","B"],"character_chosen":"HERMIT","items_purchased":["hermit:Showdown+1"],"campfire_rested":2,"item_purchase_floors":[3],"current_hp_per_floor":[75,75,75,75,75,35,35,35,35,35,57,53,53,44,66,0,0],"gold":308,"neow_bonus":"RANDOM_COMMON_RELIC","is_daily":false,"chose_seed":false,"campfire_upgraded":0,"win_rate":0.0,"timestamp":1614129411,"path_taken":["M","?","$","?","?","E","?","M","T","M","R","?","M","E","R","BOSS"],"items_purchased_type":["Card"],"build_version":"2020-12-22","purchased_purges":1,"victory":false,"max_hp_per_floor":[75,75,75,75,75,75,75,75,75,75,75,75,75,75,75,75,75],"card_choices":[{"not_picked":["hermit:Manifest","hermit:Vantage"],"picked":"hermit:Showdown","floor":1},{"not_picked":["hermit:Enervate+1","hermit:Vantage"],"picked":"hermit:HighCaliber+1","floor":6},{"not_picked":["hermit:Glare","hermit:BodyArmor"],"picked":"hermit:WideOpen+1","floor":8},{"not_picked":["hermit:Horror","hermit:Headshot+1"],"picked":"hermit:HighCaliber+1","floor":10},{"not_picked":["hermit:HighCaliber+1","hermit:Gestalt"],"picked":"hermit:Enervate+1","floor":12},{"not_picked":["hermit:Deadeye+1","hermit:Glare"],"picked":"hermit:RoundhouseKick+1","floor":13},{"not_picked":["hermit:HeroicBravado","hermit:Desperado+1"],"picked":"hermit:CalledShot+1","floor":14}],"player_experience":359836,"relics_obtained":[{"floor":2,"key":"Molten Egg 2"},{"floor":6,"key":"Frozen Egg 2"},{"floor":9,"key":"FossilizedHelix"},{"floor":14,"key":"Juzu Bracelet"}],"event_choices":[{"damage_healed":0,"gold_gain":61,"player_choice":"Gained Gold","damage_taken":0,"max_hp_gain":0,"max_hp_loss":0,"event_name":"Golden Wing","floor":4,"gold_loss":0},{"damage_healed":0,"gold_gain":0,"player_choice":"Take Wound","damage_taken":0,"relics_obtained":["Golden Idol"],"max_hp_gain":0,"max_hp_loss":0,"event_name":"Golden Idol","floor":5,"gold_loss":0,"cards_obtained":["Injury"]}],"is_beta":false,"boss_relics":[],"items_purged_floors":[3],"is_endless":false,"potions_floor_spawned":[1,8,13],"killed_by":"The Guardian","ascension_level":0}}