{"host":"gfxjwtol062e9znw","time":1614157596,"event":{"mods":["BaseMod","Colored Map","Minty Spire (QoL Compilation)","Rare Cards Sparkle","StSLib"],"gold_per_floor":[118,134,150,150,169,169,200,213,239,249,249,283,283,299,299,395,395,407,422,422,372,391,391,391,391],"floor_reached":24,"language":"ENG","playtime":912,"items_purged":[],"score":336,"play_id":"7550f198-979f-457c-9f8a-7b322549abcc","local_time":"20210224200636","is_ascension_mode":true,"campfire_choices":[{"floor":6.0,"key":"REST"},{"floor":11.0,"key":"REST"},{"data":"Demon Form","floor":13.0,"key":"SMITH"},{"floor":15.0,"key":"REST"},{"floor":23,"key":"REST"}],"circlet_count":0,"master_deck":["AscendersBane","Strike_R+1","Strike_R","Strike_R","Strike_R","Strike_R","Defend_R","Defend_R","Defend_R","Defend_R","Bash+1","Pommel Strike","Carnage+1","Battle Trance","Armaments","Demon Form+1","True Grit","Heavy Blade","Disarm","Sword Boomerang","Bludgeon","Flame Barrier","Inflame+1","Shrug It Off"],"relics":["Burning Blood","Red Skull","Regal Pillow","Whetstone","Black Star"],"acts_visited":["Exordium","TheCity"],"potions_floor_usage":[22,24],"damage_taken":[{"damage":4.0,"enemies":"2 Louse","floor":1.0,"turns":3.0},{"damage":9.0,"enemies":"Jaw Worm","floor":2.0,"turns":3.0},{"damage":5.0,"enemies":"Small Slimes","floor":3.0,"turns":4.0},{"damage":31.0,"enemies":"Exordium Thugs","floor":5.0,"turns":5.0},{"damage":30.0,"enemies":"Lagavulin","floor":7.0,"turns":5.0},{"damage":18.0,"enemies":"Exordium Wildlife","floor":8.0,"turns":4.0},{"damage":0.0,"enemies":"3 Louse","floor":10.0,"turns":3.0},{"damage":30.0,"enemies":"3 Sentries","floor":12.0,"turns":5.0},{"damage":11.0,"enemies":"Blue Slaver","floor":14.0,"turns":3.0},{"damage":37.0,"enemies":"Hexaghost","floor":16.0,"turns":8.0},{"damage":22.0,"enemies":"2 Thieves","floor":18.0,"turns":4.0},{"damage":20,"enemies":"Chosen","floor":19,"turns":5},{"damage":16,"enemies":"Snake Plant","floor":22,"turns":4},{"damage":75,"enemies":"Gremlin Leader","floor":24,"turns":6}],"seed_played":"8285439557197513125","potions_obtained":[{"floor":2.0,"key":"Swift Potion"},{"floor":3.0,"key":"Explosive Potion"},{"floor":7.0,"key":"LiquidMemories"},{"floor":14.0,"key":"GamblersBrew"},{"floor":16.0,"key":"AttackPotion"},{"floor":22,"key":"Dexterity Potion"}],"is_trial":false,"path_per_floor":["M","M","M","?","M","R","E","M","T","M","R","E","R","M","R","B",null,"M","M","?","?","M","R","E"],"character_chosen":"IRONCLAD","items_purchased":[],"campfire_rested":4,"item_purchase_floors":[],"current_hp_per_floor":[74,71,72,72,47,71,47,35,35,41,80,56,56,51,80,49,72,56,42,42,42,32,71,0,0],"gold":391,"neow_bonus":"UPGRADE_CARD","is_daily":false,"chose_seed":false,"campfire_upgraded":1,"win_rate":0.0,"timestamp":1614157596,"path_taken":["M","M","M","?","M","R","E","M","T","M","R","E","R","M","R","BOSS","M","M","?","?","M","R","E"],"items_purchased_type":[],"build_version":"2020-12-22","purchased_purges":0,"victory":false,"max_hp_per_floor":[80,80,80,80,80,80,80,80,80,80,80,80,80,80,80,80,80,80,80,80,80,80,80,80,80],"card_choices":[{"not_picked":["Anger","Dropkick"],"picked":"Pommel Strike","floor":1.0},{"not_picked":["Anger","Pommel Strike"],"picked":"Carnage","floor":2.0},{"not_picked":["Headbutt","Carnage"],"picked":"Battle Trance","floor":3.0},{"not_picked":["Flex","Pummel"],"picked":"Armaments","floor":5.0},{"not_picked":["Rampage","Wild Strike"],"picked":"Demon Form","floor":7.0},{"not_picked":["Havoc","Pommel Strike"],"picked":"True Grit","floor":8.0},{"not_picked":["Iron Wave","Feel No Pain"],"picked":"Heavy Blade","floor":10.0},{"not_picked":["Sword Boomerang","Armaments"],"picked":"Disarm","floor":12.0},{"not_picked":["Rupture","Cleave"],"picked":"Sword Boomerang","floor":14.0},{"not_picked":["Brutality","Corruption"],"picked":"Bludgeon","floor":16.0},{"not_picked":["Shockwave","Burning Pact"],"picked":"Flame Barrier","floor":18.0},{"not_picked":["Metallicize","Dropkick"],"picked":"Inflame+1","floor":19},{"not_picked":["Burning Pact","Twin Strike"],"picked":"Shrug It Off","floor":22}],"player_experience":207220,"relics_obtained":[{"floor":7.0,"key":"Red Skull"},{"floor":9.0,"key":"Regal Pillow"},{"floor":12.0,"key":"Whetstone"}],"event_choices":[{"damage_healed":0.0,"max_hp_gain":0.0,"max_hp_loss":0.0,"gold_gain":0.0,"event_name":"Liars Game","player_choice":"Ignored","floor":4.0,"gold_loss":0.0,"damage_taken":0.0},{"damage_healed":0,"gold_gain":0,"player_choice":"Ignored","damage_taken":0,"max_hp_gain":0,"max_hp_loss":0,"event_name":"Ghosts","floor":20,"gold_loss":0},{"damage_healed":0,"gold_gain":0,"player_choice":"Bet on Murderer","damage_taken":0,"max_hp_gain":0,"max_hp_loss":0,"event_name":"The Joust","floor":21,"gold_loss":50}],"is_beta":false,"boss_relics":[{"not_picked":["Calling Bell","Busted Crown"],"picked":"Black Star"}],"items_purged_floors":[],"is_endless":false,"potions_floor_spawned":[2,3,7,14,16,22],"killed_by":"Gremlin Leader","ascension_level":12}}