{"host":"7fyy23rucerupe6i","time":1614128796,"event":{"mods":["AchievementEnabler","Act Like it!","Aspiration","BaseMod","Better Note","BetterRewards","Colored Map","Colored Powertips","Conspire","Curses Come First","Custom Start","Downfall","Googly Eyes","Marisa£®ÏF”Í°°ƒß¿Ì…≥£©","Minty Spire (QoL Compilation)","Quick Restart","Relic Stats","Shop Mod","ShortenTheSpire","Spicy Shops","StSLib","SuperFastMode","The Blackbeard","The Construct","The Cursed","The Senshi","The Servant 0.9.4"],"gold_per_floor":[124,124,138,184,31,96,96,151,204,253,291,291,355,392,392,528,528,563,563,563],"floor_reached":18,"language":"ZHS","playtime":5228,"items_purged":["blackbeard:BlackbeardStrike"],"score":199,"play_id":"de9d9d4c-78f1-4f45-aa70-51a7cdd4fb34","local_time":"20210224090636","is_ascension_mode":false,"campfire_choices":[{"data":"blackbeard:Boarding","floor":7,"key":"SMITH"},{"data":"blackbeard:Cutlass","floor":15,"key":"SMITH"}],"circlet_count":0,"master_deck":["blackbeard:BlackbeardStrike","blackbeard:BlackbeardStrike","blackbeard:IntimidatingStrike","blackbeard:BlackbeardDefend","blackbeard:BlackbeardDefend","blackbeard:BlackbeardDefend","blackbeard:Cutlass+1","blackbeard:Boarding+1","blackbeard:BuriedTreasure","blackbeard:BrownPants","blackbeard:Sword+1","blackbeard:BuriedTreasure+1","blackbeard:SwordDance+1","blackbeard:GoldenDefense+1","blackbeard:PowderKeg+1","blackbeard:Revenge","blackbeard:GoldenCannonball","blackbeard:Salvager"],"relics":["blackbeard:LoadTheCannons","Meat on the Bone","Toxic Egg 2","Happy Flower","Membership Card","Pocketwatch","Blood Vial","Omamori","blackbeard:Karategi"],"acts_visited":["Exordium","TheCity"],"potions_floor_usage":[16],"damage_taken":[{"damage":1,"enemies":"Cultist","floor":1,"turns":3},{"damage":4,"enemies":"2 Louse","floor":3,"turns":2},{"damage":0,"enemies":"Small Slimes","floor":4,"turns":3},{"damage":22,"enemies":"Lagavulin","floor":6,"turns":5},{"damage":2,"enemies":"Exordium Thugs","floor":8,"turns":2},{"damage":11,"enemies":"Blue Slaver","floor":10,"turns":3},{"damage":0,"enemies":"2 Fungi Beasts","floor":11,"turns":1},{"damage":0,"enemies":"3 Sentries","floor":13,"turns":2},{"damage":0,"enemies":"3 Louse","floor":14,"turns":1},{"damage":36,"enemies":"The Guardian","floor":16,"turns":8},{"damage":16,"enemies":"Shell Parasite","floor":18,"turns":5}],"seed_played":"1169490670058741514","potions_obtained":[{"floor":1,"key":"Dexterity Potion"},{"floor":4,"key":"Fire Potion"},{"floor":6,"key":"conspire:TimeTravelPotion"},{"floor":16,"key":"Strength Potion"}],"is_trial":false,"path_per_floor":["M","?","M","M","$","E","R","M","T","M","M","?","E","M","R","B",null,"M"],"character_chosen":"BLACKBEARD_CLASS","items_purchased":["blackbeard:Boarding","Meat on the Bone","blackbeard:BuriedTreasure","Toxic Egg 2","blackbeard:BrownPants","Happy Flower","Membership Card"],"campfire_rested":0,"item_purchase_floors":[0,0,0,0,0,0,5],"current_hp_per_floor":[39,39,47,47,47,37,37,47,47,38,40,40,42,44,44,22,75,59,59,59],"gold":563,"neow_bonus":"","is_daily":false,"chose_seed":false,"campfire_upgraded":2,"win_rate":0.0,"timestamp":1614128796,"path_taken":["M","?","?","M","$","E","R","M","T","M","M","?","E","M","R","BOSS","M"],"items_purchased_type":["Card","Relic","Card","Relic","Card","Relic","Relic"],"build_version":"2020-12-22","purchased_purges":1,"victory":false,"max_hp_per_floor":[75,75,75,75,75,75,75,75,75,75,75,75,75,75,75,75,75,75,75,75],"relic_stats":{"Blood Vial":10,"Happy Flower":[11],"counters":[11,35],"obtain_stats":[{"Happy Flower":0,"aspiration:Nostalgia":0,"blackbeard:LoadTheCannons":0,"Pen Nib":0,"Uniform":0,"Omamori":13,"Blood Vial":9,"blackbeard:Karategi":17,"Membership Card":5,"theSenshi:SailorFukuRelic":0,"Toxic Egg 2":0,"Meat on the Bone":0,"Pocketwatch":6},{"Happy Flower":0,"aspiration:Nostalgia":0,"blackbeard:LoadTheCannons":0,"Pen Nib":0,"Uniform":0,"Omamori":8,"Blood Vial":5,"blackbeard:Karategi":10,"Membership Card":3,"theSenshi:SailorFukuRelic":0,"Toxic Egg 2":0,"Meat on the Bone":0,"Pocketwatch":4},{"Happy Flower":0,"aspiration:Nostalgia":0,"blackbeard:LoadTheCannons":0,"Pen Nib":0,"Uniform":0,"Omamori":21,"Blood Vial":15,"blackbeard:Karategi":30,"Membership Card":8,"theSenshi:SailorFukuRelic":0,"Toxic Egg 2":0,"Meat on the Bone":0,"Pocketwatch":13}],"Meat on the Bone":48,"Pocketwatch":[12]},"card_choices":[{"not_picked":["blackbeard:DeadlyArsenal+1","blackbeard:ArmorUp+1"],"picked":"blackbeard:Sword+1","floor":1},{"not_picked":["blackbeard:PirateEarring","blackbeard:Recklessness+1"],"picked":"blackbeard:BuriedTreasure+1","floor":3},{"not_picked":["blackbeard:Sharpening+1","blackbeard:ChaoticDefense+1","blackbeard:Revenge"],"picked":"SKIP","floor":4},{"not_picked":["blackbeard:SmithingHammer+1","blackbeard:WoodenLeg"],"picked":"blackbeard:SwordDance+1","floor":6},{"not_picked":["blackbeard:Anchor+1","blackbeard:FieryDefense+1"],"picked":"blackbeard:GoldenDefense+1","floor":8},{"not_picked":["blackbeard:JollyRoger+1","blackbeard:GhostInTheRum+1"],"picked":"blackbeard:PowderKeg+1","floor":10},{"not_picked":["blackbeard:FieryDefense+1","blackbeard:Spear+1","blackbeard:RearmingStrike"],"picked":"SKIP","floor":11},{"not_picked":["blackbeard:DelayedPain+1","blackbeard:Sharpening+1"],"picked":"blackbeard:GoldenCannonball","floor":13},{"not_picked":["blackbeard:Revenge","blackbeard:Spear+1","blackbeard:TacticalRetreat+1"],"picked":"SKIP","floor":14},{"not_picked":["blackbeard:BoostMorale+1","blackbeard:Murder"],"picked":"blackbeard:Salvager","floor":16}],"player_experience":597144,"relics_obtained":[{"floor":6,"key":"Pocketwatch"},{"floor":9,"key":"Blood Vial"},{"floor":13,"key":"Omamori"}],"event_choices":[{"cards_removed":["blackbeard:BlackbeardDefend"],"damage_healed":0,"gold_gain":0,"player_choice":"Purged","damage_taken":0,"max_hp_gain":0,"max_hp_loss":0,"event_name":"Purifier","floor":2,"gold_loss":0},{"damage_healed":0,"gold_gain":0,"cards_transformed":["blackbeard:BlackbeardStrike"],"player_choice":"Change","damage_taken":0,"max_hp_gain":0,"max_hp_loss":0,"event_name":"Living Wall","floor":12,"gold_loss":0,"cards_obtained":["blackbeard:Revenge"]}],"is_beta":false,"boss_relics":[{"not_picked":["Sozu","Empty Cage"],"picked":"blackbeard:Karategi"}],"items_purged_floors":[0],"is_endless":false,"potions_floor_spawned":[1,4,6,13,16],"killed_by":"Shell Parasite","ascension_level":0}}