{"host":"cd25ms2o8pjhjp7m","time":1614159385,"event":{"mods":["Aspiration","BaseMod","Bestiary","Better Third Choice","BetterRewards","Conspire","Curses Come First","Friendly Minions","GifTheSpireLib","Hubris","Infinite Spire","Minty Spire (QoL Compilation)","Rare Cards Sparkle","Relic Stats","Reliquary","Replay The Spire","Robot Space Explorer","StSLib","The Poker Player","The Runesmith","Uncapped","[IsaacMod]????","??????REMEMod"],"gold_per_floor":[112,37,55,55,67,100,100,100,100,100,111,77,77,135,135,239,239,252,252,252,265,280,280,291,291,339,339,339,366,366,377,377,481,481,493,493,569,579,596,596,596,646,646,663,677,692,692,705,705,803,803,811,811,834,834,839,839,839,839,909,909,918,922,926,908,908],"floor_reached":65,"language":"DEU","playtime":2553,"items_purged":["Strike_R","Strike_R","Strike_R"],"score":772,"play_id":"49312339-33bb-48d6-8df3-dcbe17601675","local_time":"20210224103625","is_ascension_mode":false,"campfire_choices":[{"data":"Replay:Dark Deal","floor":8,"key":"SMITH"},{"data":"Finesse","floor":10,"key":"SMITH"},{"data":"Heavy Blade","floor":13,"key":"SMITH"},{"data":"ReplayTheSpireMod:Muscle Training","floor":15,"key":"SMITH"},{"data":"Inflame","floor":23,"key":"SMITH"},{"data":"Feel No Pain","floor":25,"key":"SMITH"},{"data":"Flex","floor":28,"key":"SMITH"},{"data":"Seeing Red","floor":30,"key":"SMITH"},{"floor":32,"key":"REST"},{"data":"Barricade","floor":40,"key":"SMITH"},{"data":"Limit Break","floor":49,"key":"SMITH"},{"data":"Inflame","floor":57,"key":"SMITH"},{"data":"Exhume","floor":59,"key":"SMITH"},{"floor":61,"key":"RECALL"}],"circlet_count":0,"master_deck":["Strike_R+1","Strike_R","Defend_R","Defend_R","Defend_R","Defend_R","Bash","Replay:Dark Deal+1","Finesse+1","Flex+1","Feel No Pain+1","Inflame+1","Bullet Time+1","Heavy Blade+1","Flex+1","ReplayTheSpireMod:Muscle Training+1","Exhume+1","conspire:Charge","hubris:NaturalOne","Juggernaut","True Grit+1","Seeing Red+1","Barricade+1","Evolve","Spot Weakness+1","ReplayTheSpireMod:Muscle Training","Limit Break+1","Parasite","Armaments+1","Ghostly Armor","Feed","Inflame+1","Heavy Blade","Rupture"],"relics":["Burning Blood","REME_ComplimentaryCards","HushsDoor","BookOfRevelations","Quantum Egg","Boot","aspiration:MobileForge","hubris:Icosahedron","MutagenicStrength","aspiration:SneckoTail","infinitespire:Burning Sword","DeathBook","conspire:Boomerang","hubris:Backtick","Ice Cream","SatanicBible","Pocketwatch","Counterbalance","reliquary:RedCape","GuppysTail","BelialBook","Odd Mushroom","PillsDrop"],"acts_visited":["Exordium","TheCity","TheBeyond","Exordium"],"potions_floor_usage":[16,16,21,31,46,46,50,50],"damage_taken":[{"damage":9,"enemies":"Cultist","floor":1,"turns":4},{"damage":7,"enemies":"2 Louse","floor":3,"turns":3},{"damage":5,"enemies":"Small Slimes","floor":5,"turns":4},{"damage":14,"enemies":"3 Sentries","floor":6,"turns":14},{"damage":3,"enemies":"Red Slaver","floor":11,"turns":5},{"damage":49,"enemies":"Fading Forest","floor":16,"turns":11},{"damage":0,"enemies":"3 Byrds","floor":18,"turns":2},{"damage":6,"enemies":"Chosen","floor":21,"turns":4},{"damage":26,"enemies":"3 Cultists","floor":22,"turns":6},{"damage":31,"enemies":"Snecko","floor":24,"turns":5},{"damage":0,"enemies":"Nightmare","floor":29,"turns":1},{"damage":26,"enemies":"Shelled Parasite and Fungi","floor":31,"turns":5},{"damage":41,"enemies":"Automaton","floor":33,"turns":8},{"damage":16,"enemies":"Orb Walker","floor":35,"turns":3},{"damage":7,"enemies":"3 Shapes","floor":38,"turns":3},{"damage":16,"enemies":"Jaw Worm Horde","floor":39,"turns":3},{"damage":19,"enemies":"Mind Bloom Boss Battle","floor":42,"turns":3},{"damage":2,"enemies":"Transient","floor":44,"turns":4},{"damage":10,"enemies":"Writhing Mass","floor":45,"turns":4},{"damage":19,"enemies":"Sphere and 2 Shapes","floor":46,"turns":4},{"damage":3,"enemies":"Transient","floor":48,"turns":5},{"damage":57,"enemies":"Donu and Deca","floor":50,"turns":5},{"damage":0,"enemies":"Cultist","floor":52,"turns":1},{"damage":13,"enemies":"The Mushroom Lair","floor":54,"turns":2},{"damage":2,"enemies":"2 Louse","floor":56,"turns":2},{"damage":0,"enemies":"Jaw Worm","floor":62,"turns":2},{"damage":0,"enemies":"2 Fungi Beasts","floor":63,"turns":1},{"damage":31,"enemies":"Exordium Wildlife","floor":64,"turns":3},{"damage":43,"enemies":"Nightmare","floor":65,"turns":4}],"seed_played":"-6976840557554673960","potions_obtained":[{"floor":14,"key":"SmokeBomb"},{"floor":14,"key":"Energy Potion"},{"floor":14,"key":"Regen Potion"},{"floor":16,"key":"AttackPotion"},{"floor":22,"key":"Elixir"},{"floor":24,"key":"BloodPotion"},{"floor":29,"key":"Dexterity Potion"},{"floor":35,"key":"AttackPotion"},{"floor":46,"key":"Fruit Juice"},{"floor":48,"key":"EntropicBrew"},{"floor":50,"key":"Venom Potion"},{"floor":64,"key":"Fire Potion"}],"is_trial":false,"path_per_floor":["M","$","M","?","M","E","?","R","T","R","M","$","R","?","R","B",null,"M","?","?","M","M","R","M","R","T","AVR","R","NM","R","M","R","B",null,"M","?","T","M","M","R","?","?","T","M","M","M","?","M","R","B",null,"M","?","?","?","M","R","?","R","T","R","M","M","M","NM"],"character_chosen":"IRONCLAD","items_purchased":["Flex+1","GuppysTail","BelialBook"],"campfire_rested":1,"item_purchase_floors":[12,51,51],"current_hp_per_floor":[77,77,76,76,77,69,69,69,69,69,72,72,72,40,40,22,80,80,80,80,80,60,60,50,50,50,50,50,56,56,36,60,25,80,70,70,70,69,59,59,59,46,46,50,61,53,53,56,56,22,60,60,60,53,58,62,62,62,62,62,62,68,68,43,0,0],"gold":908,"neow_bonus":"RANDOM_COLORLESS","is_daily":false,"chose_seed":false,"campfire_upgraded":12,"win_rate":0.0,"timestamp":1614159385,"path_taken":["M","$","M","?","M","E","?","R","T","R","M","$","R","?","R","BOSS","M","?","?","M","M","R","M","R","T","AVR","R","NM","R","M","R","BOSS","M","?","?","M","M","R","?","?","T","M","?","M","?","M","R","BOSS","M","?","?","?","?","R","?","R","T","R","M","M","?","NM"],"items_purchased_type":["Card","Relic","Relic"],"build_version":"2020-12-22","purchased_purges":3,"victory":false,"max_hp_per_floor":[80,80,80,80,80,80,80,80,80,80,80,80,80,80,80,80,80,80,80,80,80,80,80,80,80,80,80,80,80,80,80,80,80,80,80,80,80,80,80,80,80,80,80,80,80,85,85,85,85,85,60,60,60,60,65,65,65,65,65,65,65,68,68,68,68,68],"relic_stats":{"counters":[29,121],"Boot":[0],"obtain_stats":[{"Ice Cream":34,"GuppysTail":51,"aspiration:SneckoTail":27,"reliquary:RedCape":51,"Boot":6,"Burning Blood":0,"reliquary:FerryPass":26,"SatanicBible":37,"DeathBook":29,"hubris:Icosahedron":19,"hubris:Backtick":34,"aspiration:MobileForge":17,"PillsDrop":60,"KeepersGift":0,"Quantum Egg":4,"Counterbalance":43,"BookOfRevelations":0,"BelialBook":51,"conspire:Boomerang":33,"Odd Mushroom":54,"MutagenicStrength":20,"infinitespire:Burning Sword":27,"HushsDoor":0,"REME_ComplimentaryCards":0,"Pocketwatch":42},{"Ice Cream":13,"GuppysTail":22,"aspiration:SneckoTail":10,"reliquary:RedCape":22,"Boot":4,"Burning Blood":0,"reliquary:FerryPass":10,"SatanicBible":14,"DeathBook":11,"hubris:Icosahedron":7,"hubris:Backtick":13,"aspiration:MobileForge":6,"PillsDrop":25,"KeepersGift":0,"Quantum Egg":2,"Counterbalance":17,"BookOfRevelations":0,"BelialBook":22,"conspire:Boomerang":13,"Odd Mushroom":24,"MutagenicStrength":7,"infinitespire:Burning Sword":10,"HushsDoor":0,"REME_ComplimentaryCards":0,"Pocketwatch":17},{"Ice Cream":72,"GuppysTail":106,"aspiration:SneckoTail":58,"reliquary:RedCape":106,"Boot":25,"Burning Blood":0,"reliquary:FerryPass":58,"SatanicBible":75,"DeathBook":59,"hubris:Icosahedron":43,"hubris:Backtick":72,"aspiration:MobileForge":41,"PillsDrop":111,"KeepersGift":0,"Quantum Egg":7,"Counterbalance":84,"BookOfRevelations":0,"BelialBook":106,"conspire:Boomerang":72,"Odd Mushroom":109,"MutagenicStrength":43,"infinitespire:Burning Sword":58,"HushsDoor":0,"REME_ComplimentaryCards":0,"Pocketwatch":84}],"Burning Blood":147,"Pocketwatch":[9]},"card_choices":[{"not_picked":[],"picked":"SuicideKing","floor":0},{"not_picked":["Dark Shackles","REME_ShortnessOfBreath"],"picked":"Finesse","floor":0},{"not_picked":["ReplayTheSpireMod:Corrosion Curse","Run Through"],"picked":"Flex","floor":1},{"not_picked":["ReplayTheSpireMod:LeadingStrike","hubris:SharpeningStone","Clothesline"],"picked":"SKIP","floor":3},{"not_picked":["Heavy Blade","Ghostly Armor"],"picked":"Feel No Pain","floor":5},{"not_picked":["Rupture","Eclipse"],"picked":"Inflame","floor":6},{"not_picked":["hubris:ReadiedAction","Combust"],"picked":"Heavy Blade","floor":11},{"not_picked":["Iron Wave","Reckless Charge"],"picked":"ReplayTheSpireMod:Muscle Training","floor":14},{"not_picked":["REME_ACTH","Replay:Many Hands"],"picked":"Exhume","floor":16},{"not_picked":["Uppercut","Clothesline"],"picked":"conspire:Charge","floor":18},{"not_picked":["Wild Strike","Life Link","ReplayTheSpireMod:LeadingStrike+1"],"picked":"SKIP","floor":21},{"not_picked":["Clash","Whirlwind"],"picked":"Juggernaut","floor":22},{"not_picked":["Twin Strike","ReplayTheSpireMod:Strike From Hell"],"picked":"True Grit","floor":24},{"not_picked":["conspire:ExplosiveBarrier","Perfected Strike+1"],"picked":"Seeing Red","floor":29},{"not_picked":["Replay:Undeath\u0027s Touch","Searing Blow","ReplayReversal+1"],"picked":"SKIP","floor":31},{"not_picked":["Exhume","REME_ACTH"],"picked":"Barricade","floor":33},{"not_picked":["Replay:Undeath\u0027s Touch+1","Thunderclap"],"picked":"Evolve","floor":35},{"not_picked":["hubris:ReadiedAction+1","ReplayTheSpireMod:Strike From Hell+1"],"picked":"Spot Weakness+1","floor":38},{"not_picked":["Perfected Strike+1","ReplayTheSpireMod:Strike From Hell"],"picked":"ReplayTheSpireMod:Muscle Training","floor":39},{"not_picked":["Massacre","Iron Wave"],"picked":"Limit Break","floor":42},{"not_picked":["Run Through+1","Cleave+1","Clash+1"],"picked":"SKIP","floor":44},{"not_picked":["REME_SingleHolding","True Grit+1"],"picked":"Armaments+1","floor":45},{"not_picked":["Shrug It Off","Reckless Charge+1","Flex"],"picked":"SKIP","floor":46},{"not_picked":["Clothesline","Pummel"],"picked":"Ghostly Armor","floor":48},{"not_picked":["Juggernaut","Immolate"],"picked":"Feed","floor":50},{"not_picked":["Blood for Blood","Perfected Strike","Anger"],"picked":"SKIP","floor":52},{"not_picked":["Flex","Twin Strike"],"picked":"Inflame","floor":54},{"not_picked":["Shockwave","Barricade","Sword Boomerang"],"picked":"SKIP","floor":56},{"not_picked":["Twin Strike","Havoc","Sentinel"],"picked":"SKIP","floor":62},{"not_picked":["Pommel Strike","Thunderclap"],"picked":"Heavy Blade","floor":63},{"not_picked":["Dropkick","Feel No Pain"],"picked":"Rupture","floor":64}],"player_experience":506625,"relics_obtained":[{"floor":4,"key":"Quantum Egg"},{"floor":6,"key":"Boot"},{"floor":26,"key":"reliquary:FerryPass"},{"floor":29,"key":"DeathBook"},{"floor":33,"key":"conspire:Boomerang"},{"floor":37,"key":"SatanicBible"},{"floor":42,"key":"Pocketwatch"},{"floor":43,"key":"Counterbalance"},{"floor":54,"key":"Odd Mushroom"},{"floor":60,"key":"PillsDrop"}],"event_choices":[{"cards_removed":["SuicideKing"],"damage_healed":0,"gold_gain":0,"player_choice":"Took Card","damage_taken":0,"max_hp_gain":0,"max_hp_loss":0,"event_name":"NoteForYourself","floor":7,"gold_loss":0,"cards_obtained":["Bullet Time"]},{"damage_healed":0,"gold_gain":0,"player_choice":"Inject Mutagens","damage_taken":0,"relics_obtained":["MutagenicStrength"],"max_hp_gain":0,"max_hp_loss":0,"event_name":"Drug Dealer","floor":20,"gold_loss":0},{"damage_healed":0,"gold_gain":0,"player_choice":"Ignored","damage_taken":0,"max_hp_gain":0,"max_hp_loss":0,"event_name":"Tomb of Lord Red Mask","floor":41,"gold_loss":0},{"damage_healed":0,"gold_gain":0,"player_choice":"Fight","damage_taken":0,"max_hp_gain":0,"max_hp_loss":0,"event_name":"MindBloom","floor":42,"gold_loss":0},{"damage_healed":0,"gold_gain":0,"player_choice":"Fought Mushrooms","damage_taken":0,"max_hp_gain":0,"max_hp_loss":0,"event_name":"Mushrooms","floor":54,"gold_loss":0},{"damage_healed":0,"gold_gain":0,"player_choice":"Donut","damage_taken":0,"max_hp_gain":5,"max_hp_loss":0,"event_name":"Big Fish","floor":55,"gold_loss":0}],"is_beta":false,"boss_relics":[{"not_picked":["Coffee Dripper","Black Blood"],"picked":"aspiration:MobileForge"},{"not_picked":[]},{"not_picked":["aspiration:PoetsPen_weak","Empty Cage"],"picked":"hubris:Backtick"},{"not_picked":[]},{"not_picked":["reliquary:KinkedSpring","Pandora\u0027s Box"],"picked":"reliquary:RedCape"},{"not_picked":[]}],"items_purged_floors":[2,27,51],"is_endless":true,"potions_floor_spawned":[16,22,24,29,35,46,48,50,54,63,64],"killed_by":"Nightmare","ascension_level":0}}