{"host":"51f0ad793vly1w6u","time":1614177713,"event":{"mods":["BaseMod","Colored Map","DeckTracker","Minty Spire (QoL Compilation)","StSLib","SuperFastMode"],"gold_per_floor":[111,111,111,36,49,90,113,113,136,136,180,241,257,257,257,380,380,398,411,411,411,425,452,452,452,452,470,470,495,54,70,70,175,175,192,192,1191,674,691,720,720,739,739,739,792,792,792,792,792,792],"floor_reached":51,"language":"KOR","playtime":1159,"items_purged":["Pain","Normality"],"score":1062,"play_id":"e776f4b8-1006-4de3-bb56-41da281b940c","local_time":"20210224234153","is_ascension_mode":true,"campfire_choices":[{"data":"Capacitor","floor":8,"key":"SMITH"},{"floor":10,"key":"REST"},{"data":"Creative AI","floor":15,"key":"SMITH"},{"floor":24,"key":"REST"},{"floor":32,"key":"REST"},{"floor":41,"key":"REST"},{"floor":49,"key":"RECALL"}],"circlet_count":0,"master_deck":["Defend_B","Defend_B","Defend_B","Defend_B","Zap","Dualcast","Cold Snap","Hyperbeam","Capacitor+1","Creative AI+1","Streamline","Melter","Beam Cell","Auto Shields","Storm+1","Ball Lightning","Leap","Compile Driver","Biased Cognition","Defragment","Force Field","Double Energy","Thunder Strike","Aggregate+1","Writhe","Normality","Storm","Turbo","Dark Shackles","Heatsinks","Core Surge","Parasite","Coolheaded+1","Enlightenment","Panacea","White Noise"],"relics":["Cracked Core","Juzu Bracelet","Bloody Idol","WarpedTongs","Anchor","PreservedInsect","Meat on the Bone","MealTicket","Fusion Hammer","Du-Vu Doll","Shuriken","Nilry\u0027s Codex","Eternal Feather","Art of War","TungstenRod","Empty Cage","Medical Kit","White Beast Statue","Dead Branch","Emotion Chip"],"acts_visited":["Exordium","TheCity","TheBeyond"],"potions_floor_usage":[16,23,33,33,39],"damage_taken":[{"damage":2.0,"enemies":"Jaw Worm","floor":1.0,"turns":4.0},{"damage":0,"enemies":"2 Louse","floor":5,"turns":2},{"damage":26,"enemies":"Gremlin Nob","floor":6,"turns":5},{"damage":0,"enemies":"Cultist","floor":7,"turns":3},{"damage":2,"enemies":"3 Sentries","floor":11,"turns":2},{"damage":20,"enemies":"Gremlin Nob","floor":12,"turns":3},{"damage":1,"enemies":"Looter","floor":13,"turns":3},{"damage":34,"enemies":"Hexaghost","floor":16,"turns":8},{"damage":7,"enemies":"Shell Parasite","floor":18,"turns":4},{"damage":1,"enemies":"2 Thieves","floor":19,"turns":2},{"damage":0,"enemies":"Sentry and Sphere","floor":22,"turns":3},{"damage":13,"enemies":"Slavers","floor":23,"turns":3},{"damage":23,"enemies":"Centurion and Healer","floor":27,"turns":6},{"damage":39,"enemies":"Book of Stabbing","floor":29,"turns":5},{"damage":5,"enemies":"3 Cultists","floor":31,"turns":4},{"damage":32,"enemies":"Collector","floor":33,"turns":8},{"damage":32,"enemies":"3 Darklings","floor":35,"turns":4},{"damage":7,"enemies":"Orb Walker","floor":39,"turns":4},{"damage":5,"enemies":"Nemesis","floor":40,"turns":7},{"damage":11,"enemies":"Writhing Mass","floor":42,"turns":5},{"damage":52,"enemies":"2 Orb Walkers","floor":45,"turns":5},{"damage":18,"enemies":"Donu and Deca","floor":50,"turns":5}],"seed_played":"-3732800424658324731","potions_obtained":[{"floor":5,"key":"Fruit Juice"},{"floor":6,"key":"Dexterity Potion"},{"floor":13,"key":"Ancient Potion"},{"floor":19,"key":"PotionOfCapacity"},{"floor":22,"key":"SkillPotion"},{"floor":23,"key":"FearPotion"},{"floor":31,"key":"FairyPotion"},{"floor":33,"key":"Block Potion"},{"floor":39,"key":"FairyPotion"}],"is_trial":false,"path_per_floor":["M","?","?","$","M","E","M","R","T","R","E","?","M","?","R","B",null,"M","M","?","?","M","E","R","?","T","M","?","E","$","M","R","B",null,"M","?","?","$","M","E","R","M","T","?","?","?","?","?","R","B",null],"character_chosen":"DEFECT","items_purchased":["TungstenRod","Defragment","Force Field","Storm","Turbo","Medical Kit","Dark Shackles","FairyPotion"],"campfire_rested":4,"item_purchase_floors":[30,30,30,38,38,38,38,38],"current_hp_per_floor":[66,66,66,66,66,40,40,40,40,60,58,38,37,37,37,20,61,54,53,53,53,58,50,72,56,56,50,50,28,43,43,74,47,67,52,71,74,74,72,72,74,68,68,59,24,24,24,65,65,47],"gold":792,"neow_bonus":"RANDOM_COMMON_RELIC","is_daily":false,"chose_seed":false,"campfire_upgraded":2,"win_rate":0.0,"timestamp":1614177713,"path_taken":["M","?","?","$","M","E","M","R","T","R","E","?","M","?","R","BOSS","M","M","?","?","M","E","R","?","T","M","?","E","$","M","R","BOSS","M","?","?","$","M","E","R","M","T","?","?","?","?","?","R","BOSS"],"items_purchased_type":["Relic","Card","Card","Card","Card","Relic","Card","Potion"],"build_version":"2020-12-22","purchased_purges":2,"victory":true,"max_hp_per_floor":[75,69,69,69,69,69,69,69,69,69,69,69,69,69,69,74,74,74,74,74,74,74,74,74,74,74,74,74,74,74,74,74,74,74,74,74,74,74,74,74,74,74,74,74,74,74,74,65,65,65],"card_choices":[{"not_picked":["Compile Driver","White Noise"],"picked":"Gash","floor":1.0},{"not_picked":["Conserve Battery","Hologram"],"picked":"Cold Snap","floor":5},{"not_picked":["Steam","Cold Snap"],"picked":"Hyperbeam","floor":6},{"not_picked":["White Noise","Sweeping Beam"],"picked":"Capacitor","floor":7},{"not_picked":["Reprogram","Coolheaded"],"picked":"Creative AI","floor":11},{"not_picked":["Go for the Eyes","Reprogram"],"picked":"Streamline","floor":12},{"not_picked":["Streamline","Leap","Tempest"],"picked":"SKIP","floor":13},{"not_picked":["Rip and Tear","Sweeping Beam"],"picked":"Beam Cell","floor":18},{"not_picked":["Hello World","Cold Snap"],"picked":"Auto Shields","floor":19},{"not_picked":["Tempest+1","Steam"],"picked":"Storm","floor":22},{"not_picked":["Lockon","Sunder","Auto Shields"],"picked":"SKIP","floor":23},{"not_picked":["Steam","Steam Power"],"picked":"Ball Lightning","floor":27},{"not_picked":["Melter","Rip and Tear"],"picked":"Biased Cognition","floor":29},{"not_picked":["Rebound","Stack"],"picked":"Double Energy","floor":31},{"not_picked":["Amplify","Meteor Strike"],"picked":"Thunder Strike","floor":33},{"not_picked":["Storm","Streamline+1"],"picked":"Aggregate+1","floor":35},{"not_picked":["Turbo","Barrage+1"],"picked":"Heatsinks","floor":39},{"not_picked":["Steam","Rip and Tear+1"],"picked":"Core Surge","floor":40},{"not_picked":["Skim+1","Blizzard+1"],"picked":"Coolheaded+1","floor":42},{"not_picked":["Bandage Up","Jack Of All Trades"],"picked":"Enlightenment","floor":44},{"not_picked":["Chrysalis","Good Instincts"],"picked":"Panacea","floor":44},{"not_picked":["Streamline","Blizzard"],"picked":"White Noise","floor":45}],"player_experience":1471549,"relics_obtained":[{"floor":6,"key":"Anchor"},{"floor":9,"key":"PreservedInsect"},{"floor":11,"key":"Meat on the Bone"},{"floor":23,"key":"Shuriken"},{"floor":25,"key":"Nilry\u0027s Codex"},{"floor":26,"key":"Eternal Feather"},{"floor":29,"key":"Art of War"},{"floor":40,"key":"White Beast Statue"},{"floor":43,"key":"Dead Branch"},{"floor":45,"key":"Emotion Chip"}],"event_choices":[{"damage_healed":0.0,"max_hp_gain":0.0,"max_hp_loss":6.0,"gold_gain":0.0,"event_name":"Golden Idol","player_choice":"Lose Max HP","floor":2.0,"gold_loss":0.0,"damage_taken":0.0,"relics_obtained":["Golden Idol"]},{"damage_healed":0,"gold_gain":0,"player_choice":"Rummage","damage_taken":0,"relics_obtained":["WarpedTongs"],"max_hp_gain":0,"max_hp_loss":0,"event_name":"Accursed Blacksmith","floor":3,"gold_loss":0,"cards_obtained":["Pain"]},{"damage_healed":0,"gold_gain":30,"player_choice":"Searched \u00273\u0027 times","damage_taken":0,"relics_obtained":["MealTicket"],"max_hp_gain":0,"max_hp_loss":0,"event_name":"Dead Adventurer","floor":12,"gold_loss":0},{"damage_healed":0,"gold_gain":0,"cards_transformed":["Strike_B"],"player_choice":"Change","damage_taken":0,"max_hp_gain":0,"max_hp_loss":0,"event_name":"Living Wall","floor":14,"gold_loss":0,"cards_obtained":["Melter"]},{"damage_healed":0,"gold_gain":0,"player_choice":"Gave Idol","damage_taken":0,"relics_obtained":["Bloody Idol"],"max_hp_gain":0,"max_hp_loss":0,"event_name":"Forgotten Altar","floor":20,"relics_lost":["Golden Idol"],"gold_loss":0},{"damage_healed":0,"gold_gain":0,"player_choice":"Gave Potion","damage_taken":0,"relics_obtained":["Du-Vu Doll"],"max_hp_gain":0,"max_hp_loss":0,"event_name":"WeMeetAgain","floor":21,"gold_loss":0},{"damage_healed":0,"gold_gain":0,"player_choice":"Obtained Book","damage_taken":16,"max_hp_gain":0,"max_hp_loss":0,"event_name":"Cursed Tome","floor":25,"gold_loss":0},{"damage_healed":0,"gold_gain":0,"cards_transformed":["Gash","Strike_B"],"player_choice":"Became Test Subject","damage_taken":0,"max_hp_gain":0,"max_hp_loss":0,"event_name":"Drug Dealer","floor":28,"gold_loss":0,"cards_obtained":["Leap","Compile Driver"]},{"damage_healed":19,"gold_gain":0,"player_choice":"Writhe","damage_taken":0,"max_hp_gain":0,"max_hp_loss":0,"event_name":"Winding Halls","floor":36,"gold_loss":0,"cards_obtained":["Writhe"]},{"damage_healed":0,"gold_gain":999,"player_choice":"Gold","damage_taken":0,"max_hp_gain":0,"max_hp_loss":0,"event_name":"MindBloom","floor":37,"gold_loss":0,"cards_obtained":["Normality","Normality"]},{"damage_healed":0,"gold_gain":0,"player_choice":"Memory 3","damage_taken":10,"max_hp_gain":0,"max_hp_loss":0,"event_name":"SensoryStone","floor":44,"gold_loss":0},{"damage_healed":0,"gold_gain":0,"player_choice":"Fight","damage_taken":0,"max_hp_gain":0,"max_hp_loss":0,"event_name":"Mysterious Sphere","floor":45,"gold_loss":0},{"damage_healed":0,"gold_gain":0,"player_choice":"Ignored","damage_taken":0,"max_hp_gain":0,"max_hp_loss":0,"event_name":"Tomb of Lord Red Mask","floor":46,"gold_loss":0},{"damage_healed":0,"gold_gain":0,"player_choice":"Upgraded","damage_taken":0,"max_hp_gain":0,"max_hp_loss":0,"event_name":"Upgrade Shrine","floor":47,"gold_loss":0,"cards_upgraded":["Storm"]},{"damage_healed":65,"gold_gain":0,"player_choice":"Heal","damage_taken":0,"max_hp_gain":0,"max_hp_loss":9,"event_name":"The Moai Head","floor":48,"gold_loss":0}],"is_beta":false,"boss_relics":[{"not_picked":["Astrolabe","Cursed Key"],"picked":"Fusion Hammer"},{"not_picked":["SlaversCollar","Runic Dome"],"picked":"Empty Cage"}],"items_purged_floors":[4,38],"is_endless":false,"potions_floor_spawned":[5,6,13,19,22,23,31,33,39,42,45],"ascension_level":8}}