{"host":"mi0eibewekhugwl1","time":1614171212,"event":{"mods":["AchievementEnabler","BaseMod","Colored Map","Colored Powertips","DeckTracker","Keyboard Shortcuts","Minty Spire (QoL Compilation)","Quick Restart","Rare Cards Sparkle","Relic Stats","StSLib","SuperFastMode","everything is the same but u backflip on backflip"],"gold_per_floor":[119,119,130,142,117,117,10,10,10,28,28,44,44,63,63,140,140,151,164,183,199,199,199,199,209,209,223,223,223,238,256,256,256,256],"floor_reached":33,"language":"KOR","playtime":727,"items_purged":[],"score":515,"play_id":"6e3189ec-82a5-4f64-b6b5-fc91db982a13","local_time":"20210224215332","is_ascension_mode":true,"campfire_choices":[{"data":"Choke","floor":6,"key":"SMITH"},{"data":"Acrobatics","floor":8,"key":"SMITH"},{"data":"Tactician","floor":13,"key":"SMITH"},{"data":"Footwork","floor":15,"key":"SMITH"},{"floor":24,"key":"REST"},{"floor":29,"key":"REST"},{"floor":32,"key":"REST"}],"circlet_count":0,"master_deck":["AscendersBane","Strike_G+1","Strike_G+1","Strike_G+1","Strike_G+1","Strike_G+1","Defend_G+1","Defend_G+1","Defend_G+1","Defend_G+1","Defend_G+1","Survivor","Neutralize","Backstab","Tactician+1","Blade Dance","Choke+1","Cloak And Dagger","Acrobatics+1","Cloak And Dagger","Poisoned Stab","Footwork+1","Neutralize","Reflex","Wraith Form v2","Blade Dance","Cloak And Dagger+1","Doubt","Malaise","Accuracy","Cloak And Dagger"],"relics":["Ring of the Snake","NeowsBlessing","CultistMask","InkBottle","Cursed Key"],"acts_visited":["Exordium","TheCity"],"potions_floor_usage":[16,25,27,33],"damage_taken":[{"damage":0,"enemies":"Jaw Worm","floor":1,"turns":1},{"damage":0,"enemies":"Cultist","floor":3,"turns":1},{"damage":0,"enemies":"Small Slimes","floor":4,"turns":1},{"damage":15,"enemies":"Exordium Thugs","floor":5,"turns":4},{"damage":0,"enemies":"Large Slime","floor":10,"turns":4},{"damage":0,"enemies":"Exordium Wildlife","floor":12,"turns":3},{"damage":2,"enemies":"3 Louse","floor":14,"turns":3},{"damage":8,"enemies":"The Guardian","floor":16,"turns":14},{"damage":14,"enemies":"2 Thieves","floor":18,"turns":3},{"damage":6,"enemies":"Shell Parasite","floor":19,"turns":4},{"damage":8,"enemies":"Centurion and Healer","floor":20,"turns":10},{"damage":22,"enemies":"Shelled Parasite and Fungi","floor":21,"turns":6},{"damage":20,"enemies":"Snake Plant","floor":25,"turns":5},{"damage":8,"enemies":"3 Cultists","floor":27,"turns":6},{"damage":17,"enemies":"Cultist and Chosen","floor":30,"turns":9},{"damage":0,"enemies":"Centurion and Healer","floor":31,"turns":6},{"damage":56,"enemies":"Collector","floor":33,"turns":7}],"seed_played":"-1379944639686315518","potions_obtained":[{"floor":1,"key":"SteroidPotion"},{"floor":14,"key":"Regen Potion"},{"floor":16,"key":"SteroidPotion"},{"floor":25,"key":"Fire Potion"}],"is_trial":false,"path_per_floor":["M","?","M","M","M","R","$","R","T","M","?","M","R","M","R","B",null,"M","M","M","M","?","?","R","M","T","M","?","R","M","M","R","B"],"character_chosen":"THE_SILENT","items_purchased":["Cloak And Dagger","Acrobatics"],"campfire_rested":3,"item_purchase_floors":[7,7],"current_hp_per_floor":[59,59,59,59,44,44,44,44,44,44,44,44,44,42,42,34,58,44,38,30,8,8,8,27,7,7,13,13,32,15,15,34,0,0],"gold":256,"neow_bonus":"THREE_ENEMY_KILL","is_daily":false,"chose_seed":false,"campfire_upgraded":4,"win_rate":0.0,"timestamp":1614171212,"path_taken":["M","?","M","?","M","R","$","R","T","?","?","M","R","M","R","BOSS","M","M","M","M","?","?","R","?","T","M","?","R","M","M","R","BOSS"],"items_purchased_type":["Card","Card"],"build_version":"2020-12-22","purchased_purges":0,"victory":false,"max_hp_per_floor":[66,66,66,66,66,66,66,66,66,66,66,66,66,66,66,66,66,66,66,66,66,66,66,66,66,66,66,66,66,66,66,66,66,66],"relic_stats":{"counters":[17,87],"Cursed Key":1,"obtain_stats":[{"NeowsBlessing":0,"CultistMask":2,"Cursed Key":17,"InkBottle":9,"Ring of the Snake":0},{"NeowsBlessing":0,"CultistMask":1,"Cursed Key":8,"InkBottle":4,"Ring of the Snake":0},{"NeowsBlessing":0,"CultistMask":1,"Cursed Key":31,"InkBottle":7,"Ring of the Snake":0}],"InkBottle":[44],"Ring of the Snake":[34]},"card_choices":[{"not_picked":["Blade Dance","PiercingWail"],"picked":"Backstab","floor":1},{"not_picked":["Prepared","Slice"],"picked":"Tactician","floor":3},{"not_picked":["Dagger Throw","Sucker Punch"],"picked":"Blade Dance","floor":4},{"not_picked":["Blade Dance","Poisoned Stab"],"picked":"Choke","floor":5},{"not_picked":["Choke","Leg Sweep"],"picked":"Cloak And Dagger","floor":10},{"not_picked":["Eviscerate","PiercingWail"],"picked":"Reflex","floor":12},{"not_picked":["Caltrops","Slice","Deflect"],"picked":"SKIP","floor":14},{"not_picked":["Unload","Burst"],"picked":"Wraith Form v2","floor":16},{"not_picked":["Flying Knee","Outmaneuver","Bane"],"picked":"SKIP","floor":18},{"not_picked":["Poisoned Stab+1","Bane+1"],"picked":"Blade Dance","floor":19},{"not_picked":["Quick Slash","Dodge and Roll","Slice"],"picked":"SKIP","floor":20},{"not_picked":["Dodge and Roll","Poisoned Stab+1","Prepared"],"picked":"SKIP","floor":21},{"not_picked":["Dagger Throw","Terror"],"picked":"Cloak And Dagger+1","floor":25},{"not_picked":["Slice","Sucker Punch"],"picked":"Malaise","floor":27},{"not_picked":["Flying Knee","Backstab"],"picked":"Accuracy","floor":30},{"not_picked":["Riddle With Holes","Dagger Throw"],"picked":"Cloak And Dagger","floor":31}],"player_experience":1822420,"relics_obtained":[{"floor":9,"key":"InkBottle"}],"event_choices":[{"damage_healed":0,"gold_gain":0,"player_choice":"Trade","damage_taken":0,"relics_obtained":["CultistMask"],"max_hp_gain":0,"max_hp_loss":0,"event_name":"FaceTrader","floor":2,"gold_loss":0},{"damage_healed":0,"gold_gain":0,"player_choice":"3 cards matched","damage_taken":0,"max_hp_gain":0,"max_hp_loss":0,"event_name":"Match and Keep!","floor":11,"gold_loss":0,"cards_obtained":["Poisoned Stab","Footwork","Neutralize"]},{"damage_healed":0,"gold_gain":0,"player_choice":"Ignored","damage_taken":0,"max_hp_gain":0,"max_hp_loss":0,"event_name":"The Mausoleum","floor":22,"gold_loss":0},{"damage_healed":0,"gold_gain":0,"player_choice":"Ignored","damage_taken":0,"max_hp_gain":0,"max_hp_loss":0,"event_name":"Ghosts","floor":23,"gold_loss":0},{"damage_healed":0,"gold_gain":0,"player_choice":"Simplicity","damage_taken":0,"max_hp_gain":0,"max_hp_loss":0,"event_name":"Back to Basics","floor":28,"gold_loss":0,"cards_upgraded":["Strike_G","Strike_G","Strike_G","Strike_G","Strike_G","Defend_G","Defend_G","Defend_G","Defend_G","Defend_G"]}],"is_beta":false,"boss_relics":[{"not_picked":["Astrolabe","Ring of the Serpent"],"picked":"Cursed Key"}],"items_purged_floors":[],"is_endless":false,"potions_floor_spawned":[1,14,16,20,21,25],"killed_by":"Collector","ascension_level":20}}