{"host":"y9t3brv5y5t41vuj","time":1614168844,"event":{"mods":["AchievementEnabler","BaseMod","BetterRewards","Block Reminder","Colored Map","Colored Powertips","Conspire","Highlight Path","Hubris","Infinite Spire","Minty Spire (QoL Compilation)","Quick Restart","Replay The Spire","Shop Mod","StSLib","SuperFastMode","Unceasing Turn Reminder"],"gold_per_floor":[117,117,135,135,135,135,168,180,206,217,234,234,263,263,263,366,366,377,396,119,176,194,194,46,63,117,117,128,128,128,139,139,244,244,259,275,58,58,71,71,97,97,97,35,47,56,86,105,105,105],"floor_reached":51,"language":"ENG","playtime":1397,"items_purged":["Strike_G+1","Strike_G"],"score":1034,"play_id":"0670d597-d2dc-42aa-acfe-df4fbedda951","local_time":"20210224131404","is_ascension_mode":true,"campfire_choices":[{"floor":6,"key":"REST"},{"data":"After Image","floor":12,"key":"SMITH"},{"floor":15,"key":"REST"},{"data":"Footwork","floor":23,"key":"SMITH"},{"data":"Fluid Movement","floor":27,"key":"SMITH"},{"data":"Caltrops","floor":29,"key":"SMITH"},{"data":"After Image","floor":32,"key":"SMITH"},{"floor":40,"key":"REST"},{"floor":42,"key":"REST"},{"floor":49,"key":"REST"}],"circlet_count":0,"master_deck":["Strike_G","Defend_G","Defend_G+1","Defend_G","Defend_G","Defend_G+1","Survivor","Neutralize+1","Backstab+1","Outmaneuver+1","infinitespire:Collect+1","Deflect+1","After Image+1","Dagger Spray+1","Footwork","Footwork+1","Bandage Up","Slice+1","Leg Sweep+1","After Image+1","Fluid Movement+1","Caltrops+1","Adrenaline+1","Deflect+1","Flechettes+1"],"relics":["Ring of the Serpent","Paper Crane","Bronze Scales","Philosopher\u0027s Stone","MerchantsRug","PreservedInsect","Pen Nib","Fusion Hammer","Anchor","Bag of Preparation"],"acts_visited":["Exordium","TheCity","TheBeyond"],"potions_floor_usage":[13,33,33,50],"damage_taken":[{"damage":0,"enemies":"2 Louse","floor":1,"turns":3},{"damage":6,"enemies":"Jaw Worm","floor":3,"turns":4},{"damage":8,"enemies":"Gremlin Nob","floor":7,"turns":4},{"damage":1,"enemies":"Small Slimes","floor":8,"turns":3},{"damage":1,"enemies":"Red Slaver","floor":10,"turns":4},{"damage":2,"enemies":"Exordium Wildlife","floor":11,"turns":9},{"damage":26,"enemies":"Lagavulin","floor":13,"turns":10},{"damage":5,"enemies":"The Guardian","floor":16,"turns":13},{"damage":5,"enemies":"Chosen","floor":18,"turns":4},{"damage":4,"enemies":"Shell Parasite","floor":19,"turns":4},{"damage":0,"enemies":"conspire:MimicChest","floor":21,"turns":11},{"damage":0,"enemies":"Snecko","floor":22,"turns":6},{"damage":0,"enemies":"Cultist and Chosen","floor":25,"turns":6},{"damage":0,"enemies":"3 Cultists","floor":28,"turns":6},{"damage":4,"enemies":"Snake Plant","floor":31,"turns":4},{"damage":31,"enemies":"hubris:MusketHawk","floor":33,"turns":9},{"damage":0,"enemies":"3 Darklings","floor":35,"turns":4},{"damage":0,"enemies":"3 Shapes","floor":36,"turns":5},{"damage":0,"enemies":"Transient","floor":39,"turns":5},{"damage":0,"enemies":"Giant Head","floor":41,"turns":12},{"damage":5,"enemies":"4 Shapes","floor":45,"turns":8},{"damage":0,"enemies":"Nemesis","floor":47,"turns":5},{"damage":6,"enemies":"Jaw Worm Horde","floor":48,"turns":4},{"damage":28,"enemies":"infinitespire:MassOfShapes","floor":50,"turns":25}],"seed_played":"-4185745130045225541","potions_obtained":[{"floor":1,"key":"conspire:TimeTravelPotion"},{"floor":3,"key":"Adrenaline Potion"},{"floor":13,"key":"AttackPotion"},{"floor":25,"key":"GhostInAJar"},{"floor":30,"key":"Strength Potion"},{"floor":33,"key":"Elixir"},{"floor":36,"key":"SteroidPotion"},{"floor":47,"key":"Swift Potion"},{"floor":48,"key":"Block Potion"}],"is_trial":false,"path_per_floor":["M","?","M","?","?","R","E","M","T","M","M","R","E","?","R","B",null,"?","?","T","?","M","R","$","M","T","R","M","R","?","M","R","B",null,"M","M","$","?","M","R","E","R","T","$","M","$","E","M","R","B",null],"character_chosen":"THE_SILENT","items_purchased":["MerchantsRug","PreservedInsect","Footwork","Bandage Up","After Image","Anchor","War Paint","Bag of Preparation"],"campfire_rested":5,"item_purchase_floors":[20,20,20,20,24,37,44,44],"current_hp_per_floor":[70,70,64,47,47,68,60,59,59,58,56,56,30,30,51,46,64,59,55,55,59,63,63,63,67,67,67,70,70,70,66,66,39,62,68,70,70,70,70,70,70,70,70,70,65,65,69,64,70,42],"gold":105,"neow_bonus":"UPGRADE_CARD","is_daily":false,"chose_seed":false,"campfire_upgraded":5,"win_rate":0.0,"timestamp":1614168844,"path_taken":["M","?","M","?","?","R","E","M","T","M","M","R","E","?","R","BOSS","?","?","T","?","M","R","$","M","T","R","M","R","?","M","R","BOSS","M","M","?","?","?","R","E","R","T","$","M","$","E","M","R","BOSS"],"items_purchased_type":["Relic","Relic","Card","Card","Card","Relic","Relic","Relic"],"build_version":"2020-12-22","purchased_purges":2,"victory":true,"max_hp_per_floor":[70,70,70,70,70,70,70,70,70,70,70,70,70,70,70,70,70,70,70,70,70,70,70,70,70,70,70,70,70,70,70,70,70,70,70,70,70,70,70,70,70,70,70,70,70,70,70,70,70,70],"card_choices":[{"not_picked":["Acrobatics","Underhanded Strike"],"picked":"Backstab","floor":1},{"not_picked":["Well Laid Plans","Endless Agony","Dodge and Roll"],"picked":"SKIP","floor":3},{"not_picked":["infinitespire:DeathsTouch","ReplayTheSpireMod:Echoes of Time"],"picked":"infinitespire:Collect","floor":4},{"not_picked":["Flechettes","Outmaneuver","hubris:SlightOfHand"],"picked":"SKIP","floor":7},{"not_picked":["Bane","Flying Knee"],"picked":"Deflect","floor":8},{"not_picked":["Accuracy","Flying Knee"],"picked":"After Image","floor":10},{"not_picked":["Poisoned Stab","Outmaneuver","Calculated Gamble"],"picked":"SKIP","floor":11},{"not_picked":["Distraction","Flying Knee"],"picked":"Dagger Spray","floor":13},{"not_picked":["PiercingWail","Poisoned Stab","Quick Slash"],"picked":"SKIP","floor":18},{"not_picked":["ReplayTheSpireMod:Scrap Shanks+1","Hidden Blade+1"],"picked":"Footwork","floor":19},{"not_picked":["Backflip+1","Catalyst+1"],"picked":"Slice+1","floor":21},{"not_picked":["ReplayTheSpireMod:Tripwire","Flechettes"],"picked":"Leg Sweep+1","floor":22},{"not_picked":["Slice+1","Poisoned Stab+1"],"picked":"Fluid Movement","floor":25},{"not_picked":["Blade Dance+1","Sucker Punch"],"picked":"Caltrops","floor":28},{"not_picked":["Flying Knee+1","Cloak And Dagger","Outmaneuver"],"picked":"SKIP","floor":31},{"not_picked":["Die Die Die","Burst"],"picked":"Adrenaline","floor":33},{"not_picked":["Prepared+1","hubris:Sniper","Bouncing Flask+1"],"picked":"SKIP","floor":35},{"not_picked":["Bane+1","Outmaneuver+1"],"picked":"Deflect+1","floor":36},{"not_picked":["Bane","hubris:SlightOfHand","Wraith Form v2"],"picked":"SKIP","floor":39},{"not_picked":["hubris:Counter+1","Cloak And Dagger+1"],"picked":"Flechettes+1","floor":41},{"not_picked":["Acrobatics+1","hubris:Counter+1","Prepared"],"picked":"SKIP","floor":45},{"not_picked":["Dagger Throw+1","Dodge and Roll+1","Endless Agony+1"],"picked":"SKIP","floor":47},{"not_picked":["Underhanded Strike","Outmaneuver","Replay:Poison Smokescreen+1"],"picked":"SKIP","floor":48}],"player_experience":556775,"relics_obtained":[{"floor":5,"key":"Whetstone"},{"floor":7,"key":"Paper Crane"},{"floor":9,"key":"Gremlin Food"},{"floor":13,"key":"Bronze Scales"},{"floor":21,"key":"Mercury Hourglass"},{"floor":26,"key":"Pen Nib"},{"floor":41,"key":"Molten Egg 2"},{"floor":43,"key":"hubris:64BitClover"}],"event_choices":[{"damage_healed":0,"gold_gain":0,"player_choice":"Upgraded","damage_taken":0,"max_hp_gain":0,"max_hp_loss":0,"event_name":"Upgrade Shrine","floor":14,"gold_loss":0,"cards_upgraded":["infinitespire:Collect"]},{"damage_healed":0,"gold_gain":0,"player_choice":"Got Potions","damage_taken":0,"max_hp_gain":0,"max_hp_loss":0,"event_name":"Lab","floor":30,"gold_loss":0},{"cards_removed":["Strike_G"],"damage_healed":0,"gold_gain":0,"player_choice":"Offered Basic","damage_taken":0,"max_hp_gain":0,"max_hp_loss":0,"event_name":"Bonfire Elementals","floor":38,"gold_loss":0}],"is_beta":false,"boss_relics":[{"not_picked":["Replay:Drink Me","Runic Pyramid"],"picked":"Replay:Grab Bag"},{"not_picked":["Ectoplasm","ChewingGum"],"picked":"Philosopher\u0027s Stone"},{"not_picked":["conspire:SlowCooker","Cursed Key"],"picked":"Painkiller Herb"},{"not_picked":["Snecko Eye","hubris:BlackHole"],"picked":"Ring of the Serpent"},{"not_picked":["Pandora\u0027s Box","Velvet Choker"],"picked":"Fusion Hammer"}],"items_purged_floors":[20,37],"is_endless":false,"potions_floor_spawned":[1,3,13,25,28,33,36,47,48],"ascension_level":5}}