{"host":"6koe3tp991t999dm","time":1614198380,"event":{"mods":["100% Spire Juice","Act Like it!","Arknights","Astrologer","BaseMod","Better Third Choice","CapriCore","Colored Powertips","Downfall","Hubris","Infinite Spire","Koishi","Library of Ruina","Library of Ruina Extra","Lobotomy","LobotomyExtend","Marisa（霧雨　魔理沙）","Minty Spire (QoL Compilation)","Quick Restart","Relic Stats","Replay The Spire","RumiaBox-露米?的神秘盒子","StSLib","vexMod"],"gold_per_floor":[120,120,134,134,134,162,162],"floor_reached":6,"language":"ENG","playtime":245,"items_purged":[],"score":46,"play_id":"eaa8f1a7-45d0-41c5-b76e-bb42c5cd99c5","local_time":"20210224212620","is_ascension_mode":true,"campfire_choices":[],"circlet_count":0,"master_deck":["Dodge","LightAttack","LightAttack","LightAttack","LightDefense","LightDefense","ChargeAndCover","FocusedStrikes","BiteOff","Outburst","GreatSerpentsImpact"],"relics":["PageOfLibrarian","LetterFromLob","PrismaticShard","Toy Ornithopter"],"acts_visited":["Exordium"],"potions_floor_usage":[],"damage_taken":[{"damage":3,"enemies":"Small Slimes","floor":1,"turns":5},{"damage":0,"enemies":"Cultist","floor":3,"turns":3},{"damage":29,"enemies":"3 Sentries","floor":6,"turns":5}],"seed_played":"6637363757493716601","potions_obtained":[{"floor":1,"key":"Dexterity Potion"}],"is_trial":false,"path_per_floor":["M","?","M","$","?","E"],"character_chosen":"Librarian","items_purchased":[],"campfire_rested":0,"item_purchase_floors":[],"current_hp_per_floor":[57,57,57,57,57,28,28],"gold":162,"neow_bonus":"RANDOM_EVENT","is_daily":false,"chose_seed":false,"campfire_upgraded":0,"win_rate":0.0,"timestamp":1614198380,"path_taken":["M","?","M","?","?","E"],"items_purchased_type":[],"build_version":"2020-12-22","purchased_purges":0,"victory":false,"max_hp_per_floor":[63,63,68,68,68,68,68],"relic_stats":{"counters":[3,13],"obtain_stats":[{"PageOfLibrarian":0,"LetterFromLob":1,"PrismaticShard":5,"Toy Ornithopter":6},{"PageOfLibrarian":0,"LetterFromLob":1,"PrismaticShard":2,"Toy Ornithopter":3},{"PageOfLibrarian":0,"LetterFromLob":5,"PrismaticShard":8,"Toy Ornithopter":13}],"Toy Ornithopter":0},"card_choices":[{"not_picked":["Eject","Standoff","GreatSerpentsImpact","CoordinatedAssault","ElectricShock","SinglePointStab","StartinOutLightly","Retaliate"],"picked":"BiteOff","floor":1},{"not_picked":["Thrust","EnergyCycle","Guardian_lor","EnergyShield","IngredientHunt","SerpentSwordTechnique","SunsetBlade","GuardingStance"],"picked":"GreatSerpentsImpact","floor":3}],"player_experience":39805,"relics_obtained":[{"floor":1,"key":"LetterFromLob"},{"floor":6,"key":"Toy Ornithopter"}],"event_choices":[{"damage_healed":0,"gold_gain":0,"cards_transformed":["LightDefense"],"player_choice":"Transformed","damage_taken":0,"max_hp_gain":0,"max_hp_loss":0,"event_name":"Transmorgrifier","floor":2,"gold_loss":0,"cards_obtained":["Outburst"]}],"is_beta":false,"boss_relics":[],"items_purged_floors":[],"is_endless":false,"potions_floor_spawned":[1],"killed_by":"3 Sentries","ascension_level":1}}