{"host":"nx6k9gttpbkpebht","time":1614203182,"event":{"mods":["BaseMod","Colored Map","Colored Powertips","DeckTracker","Downfall","Googly Eyes","Minty Spire (QoL Compilation)","StSLib"],"gold_per_floor":[114,126,140,157,167,167,187,221,244,244,260,260,29,55,55,151,151,165,182,182,182,26,53,53,53,53,53,66,82,82,100,100,201,201,213,213,213,227,240,240,252,252,252,252,252,252,24,44,44,44],"floor_reached":51,"language":"ENG","playtime":2822,"items_purged":["Strike_G+1"],"score":679,"play_id":"799e87a2-afea-48da-9666-5df3934c68d8","local_time":"20210224224622","is_ascension_mode":false,"campfire_choices":[{"floor":6,"key":"REST"},{"floor":10,"key":"REST"},{"floor":15,"key":"REST"},{"floor":24,"key":"REST"},{"floor":30,"key":"REST"},{"floor":32,"key":"REST"},{"floor":40,"key":"REST"},{"floor":42,"key":"REST"},{"data":"After Image","floor":44,"key":"SMITH"},{"floor":49,"key":"REST"}],"circlet_count":0,"master_deck":["Strike_G+1","Strike_G+1","Defend_G+1","Defend_G+1","Defend_G+1","Defend_G+1","Defend_G+1","Survivor+1","Neutralize+1","Bouncing Flask+1","Flechettes+1","Outmaneuver+1","Noxious Fumes+1","Blade Dance+1","Dagger Throw+1","Infinite Blades+1","Infinite Blades+1","Footwork+1","Prepared+1","Envenom+1","Backflip+1","Infinite Blades+1","Backflip+1","Blade Dance+1","After Image+1"],"relics":["Ring of the Serpent","Shuriken","Dream Catcher","Lantern","Ninja Scroll","War Paint","Molten Egg 2","SlaversCollar","Ancient Tea Set","Mark of the Bloom","Snake Skull"],"acts_visited":["Exordium","TheCity","TheBeyond"],"potions_floor_usage":[8,8,8,19,23,31,31,33,38,50,50],"damage_taken":[{"damage":0.0,"enemies":"2 Louse","floor":1.0,"turns":3.0},{"damage":3.0,"enemies":"Jaw Worm","floor":2.0,"turns":5.0},{"damage":1.0,"enemies":"Cultist","floor":3.0,"turns":4.0},{"damage":33,"enemies":"Gremlin Gang","floor":4,"turns":5},{"damage":0,"enemies":"Looter","floor":5,"turns":4},{"damage":22,"enemies":"3 Louse","floor":7,"turns":5},{"damage":0,"enemies":"3 Sentries","floor":8,"turns":1},{"damage":5,"enemies":"Gremlin Gang","floor":11,"turns":5},{"damage":17,"enemies":"Gremlin Nob","floor":14,"turns":4},{"damage":24,"enemies":"Hexaghost","floor":16,"turns":6},{"damage":1,"enemies":"Chosen","floor":18,"turns":3},{"damage":1,"enemies":"Spheric Guardian","floor":19,"turns":3},{"damage":27,"enemies":"Book of Stabbing","floor":23,"turns":5},{"damage":16,"enemies":"Snecko","floor":28,"turns":4},{"damage":15,"enemies":"3 Cultists","floor":29,"turns":6},{"damage":12,"enemies":"Cultist and Chosen","floor":31,"turns":5},{"damage":24,"enemies":"Champ","floor":33,"turns":7},{"damage":12,"enemies":"Orb Walker","floor":35,"turns":4},{"damage":15,"enemies":"3 Darklings","floor":38,"turns":5},{"damage":37,"enemies":"Jaw Worm Horde","floor":39,"turns":5},{"damage":5,"enemies":"4 Shapes","floor":41,"turns":8},{"damage":17,"enemies":"3 Darklings","floor":48,"turns":4},{"damage":8,"enemies":"Donu and Deca","floor":50,"turns":7}],"seed_played":"-3647014859753607611","potions_obtained":[{"floor":1.0,"key":"Energy Potion"},{"floor":5,"key":"SkillPotion"},{"floor":7,"key":"Slimebound:ThreeZeroPotion"},{"floor":14,"key":"Ancient Potion"},{"floor":16,"key":"GhostInAJar"},{"floor":19,"key":"SpeedPotion"},{"floor":29,"key":"Poison Potion"},{"floor":31,"key":"DistilledChaos"},{"floor":33,"key":"BlessingOfTheForge"},{"floor":35,"key":"BlessingOfTheForge"},{"floor":39,"key":"CultistPotion"},{"floor":41,"key":"LiquidMemories"}],"is_trial":false,"path_per_floor":["M","M","M","M","M","R","M","E","T","R","M","?","$","E","R","B",null,"M","M","?","?","$","E","R","$","T","?","M","M","R","M","R","B",null,"M","?","?","M","M","R","M","R","T","R","?","?","$","M","R","B",null],"character_chosen":"THE_SILENT","items_purchased":["Lantern","Infinite Blades","Envenom","Snake Skull"],"campfire_rested":9,"item_purchase_floors":[13,13,22,47],"current_hp_per_floor":[70,67,66,33,33,54,32,32,32,53,48,48,48,31,52,28,70,69,68,55,55,55,28,50,50,50,50,34,19,41,29,51,27,75,63,63,63,48,11,33,28,50,50,50,50,50,50,33,33,25],"gold":44,"neow_bonus":"UPGRADE_CARD","is_daily":false,"chose_seed":false,"campfire_upgraded":1,"win_rate":0.0,"timestamp":1614203182,"path_taken":["M","M","M","M","M","R","M","E","T","R","M","?","$","E","R","BOSS","M","M","?","?","$","E","R","?","T","?","?","M","R","?","R","BOSS","M","?","?","?","M","R","M","R","T","R","?","?","?","M","R","BOSS"],"items_purchased_type":["Relic","Card","Card","Relic"],"build_version":"2020-12-22","purchased_purges":1,"victory":true,"max_hp_per_floor":[70,70,70,70,70,70,70,70,70,70,70,70,70,70,70,70,70,70,70,75,75,75,75,75,75,75,75,75,75,75,75,75,75,75,75,75,75,75,75,75,75,75,75,75,75,75,75,75,75,75],"card_choices":[{"not_picked":["Endless Agony","Bane"],"picked":"Bouncing Flask","floor":1.0},{"not_picked":["Dagger Throw","Underhanded Strike","Caltrops"],"picked":"SKIP","floor":2.0},{"not_picked":["Escape Plan","Dagger Spray","Terror"],"picked":"SKIP","floor":3.0},{"not_picked":["Quick Slash","Reflex"],"picked":"Flechettes","floor":4},{"not_picked":["Leg Sweep","Skewer","Expertise"],"picked":"SKIP","floor":5},{"not_picked":["All Out Attack","Acrobatics"],"picked":"Outmaneuver","floor":7},{"not_picked":["All Out Attack","Dagger Throw"],"picked":"Noxious Fumes","floor":8},{"not_picked":["Backstab","Prepared"],"picked":"Blade Dance","floor":10},{"not_picked":["Prepared","Flechettes"],"picked":"Dagger Throw","floor":11},{"not_picked":["Tactician","Endless Agony","Choke"],"picked":"SKIP","floor":14},{"not_picked":["Quick Slash","Footwork"],"picked":"Infinite Blades","floor":15},{"not_picked":["Escape Plan+1","Bane+1"],"picked":"Footwork+1","floor":18},{"not_picked":["All Out Attack","Dodge and Roll"],"picked":"Prepared","floor":19},{"not_picked":["Crippling Poison","Acrobatics"],"picked":"Backflip","floor":23},{"not_picked":["Underhanded Strike+1","Terror"],"picked":"Backflip","floor":28},{"not_picked":["Blur","Acrobatics","Leg Sweep+1"],"picked":"SKIP","floor":29},{"not_picked":["Sucker Punch+1","PiercingWail"],"picked":"Blade Dance","floor":31},{"not_picked":["Adrenaline","Malaise"],"picked":"After Image","floor":33},{"not_picked":["Prepared+1","Expertise+1","Caltrops"],"picked":"SKIP","floor":35},{"not_picked":["Predator+1","Deadly Poison","Endless Agony+1"],"picked":"SKIP","floor":38},{"not_picked":["Bouncing Flask+1","Poisoned Stab+1","Flying Knee+1"],"picked":"SKIP","floor":39},{"not_picked":["Dagger Throw+1","Bane+1","Blur"],"picked":"SKIP","floor":41},{"not_picked":["Flying Knee+1","Envenom","Underhanded Strike+1"],"picked":"SKIP","floor":48}],"player_experience":64697,"relics_obtained":[{"floor":8,"key":"Shuriken"},{"floor":9,"key":"Dream Catcher"},{"floor":14,"key":"Ninja Scroll"},{"floor":23,"key":"War Paint"},{"floor":26,"key":"Molten Egg 2"},{"floor":43,"key":"Ancient Tea Set"}],"event_choices":[{"damage_healed":0,"gold_gain":0,"player_choice":"Ignored","damage_taken":0,"max_hp_gain":0,"max_hp_loss":0,"event_name":"Golden Wing","floor":12,"gold_loss":0},{"damage_healed":0,"gold_gain":0,"player_choice":"Shed Blood","damage_taken":18,"max_hp_gain":5,"max_hp_loss":0,"event_name":"Forgotten Altar","floor":20,"gold_loss":0},{"damage_healed":0,"gold_gain":0,"player_choice":"Ignored","damage_taken":0,"max_hp_gain":0,"max_hp_loss":0,"event_name":"Cursed Tome","floor":21,"gold_loss":0},{"damage_healed":0,"gold_gain":0,"player_choice":"Copied","damage_taken":0,"max_hp_gain":0,"max_hp_loss":0,"event_name":"Duplicator","floor":27,"gold_loss":0,"cards_obtained":["Infinite Blades"]},{"damage_healed":0,"gold_gain":0,"player_choice":"Ignored","damage_taken":0,"max_hp_gain":0,"max_hp_loss":0,"event_name":"Tomb of Lord Red Mask","floor":36,"gold_loss":0},{"cards_removed":["Strike_G"],"damage_healed":0,"gold_gain":0,"player_choice":"Offered Basic","damage_taken":0,"max_hp_gain":0,"max_hp_loss":0,"event_name":"Bonfire Elementals","floor":37,"gold_loss":0},{"cards_removed":["Strike_G"],"damage_healed":0,"gold_gain":0,"player_choice":"Removed Attack","damage_taken":0,"max_hp_gain":0,"max_hp_loss":0,"event_name":"Falling","floor":45,"gold_loss":0},{"damage_healed":0,"gold_gain":0,"player_choice":"Upgrade","damage_taken":0,"relics_obtained":["Mark of the Bloom"],"max_hp_gain":0,"max_hp_loss":0,"event_name":"MindBloom","floor":46,"gold_loss":0,"cards_upgraded":["Strike_G","Strike_G","Strike_G","Defend_G","Defend_G","Defend_G","Defend_G","Neutralize","Flechettes","Outmaneuver","Noxious Fumes","Blade Dance","Dagger Throw","Infinite Blades","Infinite Blades","Prepared","Envenom","Backflip","Infinite Blades","Backflip","Blade Dance"]}],"is_beta":false,"boss_relics":[{"not_picked":["Ectoplasm","Astrolabe"],"picked":"Ring of the Serpent"},{"not_picked":["Calling Bell","Snecko Eye"],"picked":"SlaversCollar"}],"items_purged_floors":[47],"is_endless":false,"potions_floor_spawned":[1,5,7,14,16,19,29,31,33,35,39,41],"ascension_level":0}}