{"host":"yqw1zpryoutrnocq","time":1614182747,"event":{"mods":["2.2 Compatiblity","AchievementEnabler","BaseMod","Colored Map","Custom Start","DeckTracker","Minty Spire (QoL Compilation)","Replay The Spire","StSLib","SuperFastMode"],"gold_per_floor":[112,287,314,3,3,22,22,22,22,22,50,77,93,123,123,223,323,336,16,16,51,51,51],"floor_reached":22,"language":"KOR","playtime":860,"items_purged":["Doubt","Strike_R"],"score":341,"play_id":"839142ba-07b4-45a1-86b3-32e5c5feb6a5","local_time":"20210224100547","is_ascension_mode":true,"campfire_choices":[{"data":"Dark Embrace","floor":7,"key":"SMITH"},{"data":"Bash","floor":10,"key":"SMITH"},{"data":"Body Slam","floor":15,"key":"SMITH"}],"circlet_count":0,"master_deck":["AscendersBane","Strike_R","Strike_R","Strike_R","Defend_R","Defend_R+2","Defend_R+1","Defend_R+1","Bash+1","Run Through","Battle Trance","Dark Embrace+1","Body Slam+1","ReplayTheSpireMod:Stacked","Defy Death","Demonic Infusion","Thunderclap","Replay:Sssssssssshield","Carnage","Carnage","ReplayTheSpireMod:Limb From Limb"],"relics":["Burning Blood","Simple Rune","Akabeko","Pet Ghost","The Courier","Odd Mushroom","Mercury Hourglass","War Paint","Replay:Wanted Poster","Oddly Smooth Stone","Enchiridion"],"acts_visited":["Exordium","TheCity"],"potions_floor_usage":[],"damage_taken":[{"damage":6.0,"enemies":"Cultist","floor":1.0,"turns":4.0},{"damage":4,"enemies":"Jaw Worm","floor":6,"turns":2},{"damage":16,"enemies":"The Mushroom Lair","floor":11,"turns":6},{"damage":20,"enemies":"3 Sentries","floor":12,"turns":10},{"damage":6,"enemies":"Small Slimes","floor":13,"turns":3},{"damage":0,"enemies":"Replay:BlueRogue","floor":14,"turns":7},{"damage":33,"enemies":"Hexaghost","floor":16,"turns":10},{"damage":2,"enemies":"Shell Parasite","floor":18,"turns":3},{"damage":28,"enemies":"3 Byrds","floor":22,"turns":2}],"seed_played":"-3082497472269803224","potions_obtained":[{"floor":16,"key":"FearPotion"},{"floor":18,"key":"SpeedPotion"}],"is_trial":false,"path_per_floor":["M","?","T","$","T","M","R","$","T","R","?","E","M","E","R_BF","B",null,"M","$","?","?","M"],"character_chosen":"IRONCLAD","items_purchased":["Akabeko","Battle Trance","Oddly Smooth Stone","Replay:Sssssssssshield","Carnage"],"campfire_rested":0,"item_purchase_floors":[4,4,19,19,19],"current_hp_per_floor":[72,72,72,72,72,74,74,74,74,74,64,50,50,56,56,29,67,71,71,55,35,7,7],"gold":51,"neow_bonus":"RANDOM_EVENT","is_daily":false,"chose_seed":false,"campfire_upgraded":3,"win_rate":0.0,"timestamp":1614182747,"path_taken":["M","?","?","$","?","M","R","$","T","R","?","E","M","E","R_BF","BOSS","M","$","?","?","M"],"items_purchased_type":["Relic","Card","Relic","Card","Card"],"build_version":"2020-12-22","purchased_purges":2,"victory":false,"max_hp_per_floor":[80,80,80,80,80,80,80,80,80,80,80,80,80,80,80,80,80,80,80,80,80,80,80],"card_choices":[{"not_picked":["Iron Wave","True Grit"],"picked":"Run Through","floor":1.0},{"not_picked":["Clash","Armaments"],"picked":"Dark Embrace","floor":6},{"not_picked":["Cleave","Headbutt"],"picked":"Body Slam","floor":11},{"not_picked":["Run Through","Iron Wave","Cleave"],"picked":"SKIP","floor":12},{"not_picked":["Seeing Red","Armaments"],"picked":"ReplayTheSpireMod:Stacked","floor":13},{"not_picked":["Twin Strike","Demonic Infusion"],"picked":"Defy Death","floor":14},{"not_picked":["Berserk","Demon Form"],"picked":"Demonic Infusion","floor":16},{"not_picked":["Iron Wave","Flex"],"picked":"Thunderclap","floor":18},{"not_picked":["ReplayTheSpireMod:Corrosion Curse","Bloodletting"],"picked":"ReplayTheSpireMod:Limb From Limb","floor":21}],"player_experience":365414,"relics_obtained":[{"floor":3,"key":"Simple Rune"},{"floor":5,"key":"Pet Ghost"},{"floor":9,"key":"The Courier"},{"floor":11,"key":"Odd Mushroom"},{"floor":12,"key":"Mercury Hourglass"},{"floor":14,"key":"War Paint"},{"floor":20,"key":"Enchiridion"}],"event_choices":[{"damage_healed":0,"gold_gain":175,"player_choice":"AGREE","damage_taken":0,"max_hp_gain":0,"max_hp_loss":0,"event_name":"Liars Game","floor":2,"gold_loss":0,"cards_obtained":["Doubt"]},{"damage_healed":0,"gold_gain":0,"player_choice":"Fought Mushrooms","damage_taken":0,"max_hp_gain":0,"max_hp_loss":0,"event_name":"Mushrooms","floor":11,"gold_loss":0},{"damage_healed":0,"gold_gain":0,"player_choice":"Obtained Book","damage_taken":16,"max_hp_gain":0,"max_hp_loss":0,"event_name":"Cursed Tome","floor":20,"gold_loss":0}],"is_beta":false,"boss_relics":[{"not_picked":["SacredBark","Ooze Armor"],"picked":"Replay:Wanted Poster"}],"items_purged_floors":[4,19],"is_endless":false,"potions_floor_spawned":[16,18],"killed_by":"3 Byrds","ascension_level":12}}