{"host":"y9t3brv5y5t41vuj","time":1614182360,"event":{"mods":["AchievementEnabler","BaseMod","BetterRewards","Block Reminder","Colored Map","Colored Powertips","Conspire","Highlight Path","Hubris","Infinite Spire","Minty Spire (QoL Compilation)","Quick Restart","Replay The Spire","Shop Mod","StSLib","SuperFastMode","Unceasing Turn Reminder"],"gold_per_floor":[110,126,66,84,98,98,133,46,46,46,74,74,87,122,122,127,127,52,52,79,89,109,109,127,141,141,141,159,194,194,29,29,124,124,137,137,137,137,157,190,190,65,65,92,137,137,9,9,9,9],"floor_reached":51,"language":"ENG","playtime":1549,"items_purged":["Strike_G","Strike_G","Strike_G","Defend_G","Strike_G"],"score":998,"play_id":"7ef4819c-575a-45bf-a9ce-bc2cf9169a79","local_time":"20210224165920","is_ascension_mode":true,"campfire_choices":[{"floor":6,"key":"REST"},{"floor":10,"key":"REST"},{"floor":12,"key":"REST"},{"floor":15,"key":"REST"},{"floor":23,"key":"REST"},{"data":"Caltrops","floor":30,"key":"SMITH"},{"floor":32,"key":"REST"},{"data":"Specialist","floor":41,"key":"SMITH"},{"data":"Caltrops","floor":49,"key":"SMITH"}],"circlet_count":0,"master_deck":["Strike_G+1","Defend_G","Defend_G+1","Defend_G","Defend_G+1","Neutralize+1","Fluid Movement+1","Noxious Fumes","Deflect","Caltrops+1","Heel Hook+1","Crippling Poison+1","Leg Sweep","After Image","Fluid Movement+1","Specialist+1","Tools of the Trade","Prepared","Well Laid Plans","Footwork","Reflex","Caltrops+1"],"relics":["Ring of the Snake","MerchantsRug","Gremlin Food","Replay:Wax Seal","infinitespire:WardingShard","hubris:Zylophone","hubris:SphereOfDissonance","conspire:GlowingRock","Sozu","conspire:SpecialSausage","hubris:GlazedTorus","Anchor","Snake Skull","HoveringKite","StrikeDummy","Oddly Smooth Stone","MealTicket","Pen Nib","Smiling Mask","Replay:Rubber Ducky"],"acts_visited":["Exordium","TheCity","TheBeyond"],"potions_floor_usage":[7,8,11,13,29],"damage_taken":[{"damage":4,"enemies":"Jaw Worm","floor":1,"turns":7},{"damage":0,"enemies":"Cultist","floor":2,"turns":5},{"damage":11,"enemies":"Small Slimes","floor":4,"turns":4},{"damage":0,"enemies":"Exordium Wildlife","floor":5,"turns":5},{"damage":23,"enemies":"Lagavulin","floor":7,"turns":8},{"damage":7,"enemies":"conspire:2 RoseBushes","floor":8,"turns":5},{"damage":9,"enemies":"Gremlin Nob","floor":11,"turns":4},{"damage":34,"enemies":"Gremlin Gang","floor":13,"turns":4},{"damage":34,"enemies":"The Guardian","floor":16,"turns":10},{"damage":0,"enemies":"2 Thieves","floor":18,"turns":5},{"damage":0,"enemies":"Chosen","floor":19,"turns":6},{"damage":27,"enemies":"Sentry and Sphere","floor":21,"turns":7},{"damage":0,"enemies":"Shelled Parasite and Fungi","floor":22,"turns":7},{"damage":0,"enemies":"Snake Plant","floor":24,"turns":4},{"damage":0,"enemies":"Sentry and Sphere","floor":25,"turns":6},{"damage":0,"enemies":"Centurion and Healer","floor":28,"turns":10},{"damage":3,"enemies":"conspire:SneckoGhost","floor":29,"turns":9},{"damage":20,"enemies":"hubris:MusketHawk","floor":33,"turns":10},{"damage":0,"enemies":"Orb Walker","floor":35,"turns":4},{"damage":1,"enemies":"3 Darklings","floor":39,"turns":7},{"damage":10,"enemies":"R_Hoarder","floor":40,"turns":8},{"damage":0,"enemies":"Giant Head","floor":44,"turns":11},{"damage":11,"enemies":"Replay:Hell Engine","floor":50,"turns":12}],"seed_played":"-4935280213765090068","potions_obtained":[{"floor":1,"key":"Reflective Coating"},{"floor":4,"key":"Swift Potion"},{"floor":7,"key":"conspire:TimeTravelPotion"},{"floor":8,"key":"Poison Potion"},{"floor":13,"key":"Flashbang"},{"floor":16,"key":"Energy Potion"}],"is_trial":false,"path_per_floor":["M","M","$","M","M","R","E","M","T","R","E","R","M","$","R","B",null,"M","M","$","M","M","R","M","M","T","?","M","E","R","$","R","B",null,"M","?","T","$","M","E","R","$","T","E","T","?","$","?","R","B",null],"character_chosen":"THE_SILENT","items_purchased":["Peace Pipe","Fluid Movement+1","MerchantsRug","Noxious Fumes","Gremlin Food","Replay:Wax Seal","Deflect","infinitespire:WardingShard","Snake Skull","Specialist","Oddly Smooth Stone","Caltrops"],"campfire_rested":6,"item_purchase_floors":[0,0,0,0,0,0,0,3,31,31,38,47],"current_hp_per_floor":[27,27,27,16,16,37,14,7,7,28,19,40,28,28,49,15,56,56,56,56,29,29,50,50,50,50,50,50,47,47,47,68,48,65,65,65,65,50,49,43,43,58,58,58,58,58,70,70,70,59],"gold":9,"neow_bonus":"","is_daily":false,"chose_seed":false,"campfire_upgraded":3,"win_rate":0.0,"timestamp":1614182360,"path_taken":["M","M","$","M","M","R","E","M","T","R","E","R","M","$","R","BOSS","M","M","$","M","M","R","M","M","T","?","?","E","R","$","R","BOSS","M","?","?","?","M","E","R","$","T","E","?","?","$","?","R","BOSS"],"items_purchased_type":["Relic","Card","Relic","Card","Relic","Relic","Card","Relic","Relic","Card","Relic","Card"],"build_version":"2020-12-22","purchased_purges":5,"victory":true,"max_hp_per_floor":[70,70,70,70,70,70,70,70,70,70,70,70,70,70,70,70,70,70,70,70,70,70,70,70,70,70,70,70,70,70,70,70,70,70,70,70,70,70,70,70,70,70,70,70,70,70,70,70,70,70],"card_choices":[{"not_picked":["Hidden Blade","Distraction"],"picked":"Caltrops","floor":1},{"not_picked":["ReplayTheSpireMod:Tripwire","Slice"],"picked":"Heel Hook","floor":2},{"not_picked":["Outmaneuver","Distraction","Cloak And Dagger"],"picked":"SKIP","floor":4},{"not_picked":["Quick Slash","Prepared","Masterful Stab"],"picked":"SKIP","floor":5},{"not_picked":["ReplayTheSpireMod:Shiv Toss","Toxin Wave","Finisher"],"picked":"SKIP","floor":7},{"not_picked":["ReplayTheSpireMod:Scrap Shanks","All Out Attack"],"picked":"Crippling Poison","floor":8},{"not_picked":["Sneak Up","Poisoned Stab","Flechettes"],"picked":"SKIP","floor":11},{"not_picked":["Crippling Poison","Deadly Poison"],"picked":"Leg Sweep","floor":13},{"not_picked":["Die Die Die","Replay:Bag of Tricks"],"picked":"After Image","floor":16},{"not_picked":["ReplayTheSpireMod:Scrap Shanks+1","Choke","Poisoned Stab"],"picked":"SKIP","floor":18},{"not_picked":["Bane","hubris:Sniper+1","Masterful Stab"],"picked":"SKIP","floor":19},{"not_picked":["Dagger Throw+1","Poisoned Stab"],"picked":"Leg Sweep","floor":21},{"not_picked":["Quick Slash","Hidden Blade","Blade Dance"],"picked":"SKIP","floor":22},{"not_picked":["Backflip","Predator"],"picked":"Fluid Movement+1","floor":24},{"not_picked":["Draining Mist","Sucker Punch","Bane"],"picked":"SKIP","floor":25},{"not_picked":["Wraith Form v2","PiercingWail","Poisoned Stab"],"picked":"SKIP","floor":28},{"not_picked":["Unload","Bane","Dagger Spray"],"picked":"SKIP","floor":29},{"not_picked":["Glass Knife","Poison Darts"],"picked":"Tools of the Trade","floor":33},{"not_picked":["Heel Hook","Setup+1"],"picked":"Prepared","floor":35},{"not_picked":["Dagger Spray","Quick Slash"],"picked":"Well Laid Plans","floor":39},{"not_picked":["Underhanded Strike+1","Quick Slash+1"],"picked":"Footwork","floor":40},{"not_picked":["Sucker Punch+1","Backflip+1"],"picked":"Reflex","floor":44}],"player_experience":558610,"relics_obtained":[{"floor":7,"key":"hubris:Zylophone"},{"floor":9,"key":"hubris:SphereOfDissonance"},{"floor":11,"key":"conspire:GlowingRock"},{"floor":26,"key":"hubris:GlazedTorus"},{"floor":29,"key":"Anchor"},{"floor":37,"key":"StrikeDummy"},{"floor":40,"key":"MealTicket"},{"floor":43,"key":"Pen Nib"},{"floor":44,"key":"Smiling Mask"},{"floor":45,"key":"Replay:Rubber Ducky"}],"event_choices":[{"damage_healed":0,"gold_gain":0,"player_choice":"Got Potions","damage_taken":0,"max_hp_gain":0,"max_hp_loss":0,"event_name":"Lab","floor":27,"gold_loss":0},{"cards_removed":["Leg Sweep"],"damage_healed":0,"gold_gain":0,"player_choice":"Removed Skill","damage_taken":0,"max_hp_gain":0,"max_hp_loss":0,"event_name":"Falling","floor":46,"gold_loss":0},{"cards_removed":["Survivor"],"damage_healed":0,"gold_gain":0,"player_choice":"Offered Basic","damage_taken":0,"max_hp_gain":0,"max_hp_loss":0,"event_name":"Bonfire Elementals","floor":48,"gold_loss":0}],"is_beta":false,"boss_relics":[{"not_picked":["Astrolabe","Tiny House"],"picked":"Replay:Grab Bag"},{"not_picked":["Replay:Bronze Core","hubris:GrandSneckoEye"],"picked":"Ectoplasm"},{"not_picked":["hubris:CrackedHourglass","Coffee Dripper"],"picked":"Sozu"},{"not_picked":["hubris:BlackHole","Snecko Scales"],"picked":"conspire:SpecialSausage"},{"not_picked":["Honey Jar","SlaversCollar"],"picked":"HoveringKite"}],"items_purged_floors":[0,20,38,42,47],"is_endless":false,"potions_floor_spawned":[1,4,7,8,13,16,21,25,28,29,33],"ascension_level":6}}