{"host":"mp4nw1ahnxiisuiw","time":1614180228,"event":{"mods":["AchievementEnabler","BaseMod","Better Note","Block Reminder","Colored Map","Colored Powertips","Curses Come First","DeckTracker","Dio Mod","Downfall","Hero for Fun","Highlight Path","HololiveMod","Koishi","Marisa????????","Minty Spire (QoL Compilation)","Permanent Neow","Quick Restart","Rare Cards Sparkle","Relic Sorter","Relic Stats","Remilia??????","Small Relic Pack","Spikes Relics","StSLib","Td1madao Mod","The Animator","The Bug Knight","Waifu the Spire"],"gold_per_floor":[66,66,66,26,176,211,236,269,281,298,146,146,161,200,220,323,323,323,339,352,202,202,222,272,307,307,332,345,365,397,416,428,539,539,539,558,558,579,564,609,657,680,694,728,750,750,864,882,898,898],"floor_reached":51,"language":"ENG","playtime":2446,"items_purged":[],"score":1248,"play_id":"ed207017-5eac-4699-a604-fea3d7270fc1","local_time":"20210224162348","is_ascension_mode":true,"campfire_choices":[{"data":"Hololive_CallMinatoAqua","floor":1,"key":"SMITH"},{"data":"Hololive_CallHoshimachiSuisei","floor":18,"key":"SMITH"},{"data":"Ghostly","floor":26,"key":"SMITH"},{"data":"Hololive_DDD","floor":35,"key":"SMITH"},{"data":"Hololive_CallMomosuzuNene+3","floor":46,"key":"SMITH"}],"circlet_count":0,"master_deck":["Hololive_CallMinatoAqua+1","Hololive_CallUsadaPekora","Hololive_CallMurasakiShion","Hololive_CallShiranuiFlare","Hololive_CallSpadeEcho","Hololive_Breathe","Hololive_Strike","Hololive_Strike","Hololive_Defend","Hololive_Defend","Hololive_BringToTrial","Hololive_CallKiryuuCoco","Hololive_CallHoshimachiSuisei+1","downfall:Icky","Hololive_CallAyundaRisu","Hololive_Rebirth","Hololive_CallRoboco","Hololive_StrengthChampion","Hololive_Psychosis","Hololive_CallMoonaHoshinova","Hololive_Yoholoon","Hololive_MaximGun","Hololive_CocoNews","Hololive_CallTokoyamiTowa+1","Ghostly+1","Hololive_ScarfAndHalo","Hololive_CallAiraniIofifteen","Hololive_CallOmaruPolka","Hololive_Spy","Hololive_CallShiroganeNoel","Hololive_SoulCatcher","Hololive_DDD+1","Hololive_CandyCastle","Hololive_CallRoboco+1","Hololive_CallShishiroBotan+1","Hololive_CallMomosuzuNene+6","Hololive_CallYuzukiChoco","Hololive_CallTokinoSora","Hololive_CallShiranuiFlare+1","Hololive_CallSakuraMiko+1","Hololive_CallTsunomakiWatame+1","Hololive_CallShishiroBotan","Hololive_SummonFox+1"],"relics":["Hololive_TheStar","downfall:HeartsMalice","SpikesRelics:DaevaFist","MealTicket","Meat on the Bone","relicPack:SpireResearchBook","Singing Bowl","GiantMaggot","Hololive_Finger","Lantern","Red Mask","Sundial","BrokenLever","Black Star","PreservedInsect","Oddly Smooth Stone","Anchor","RoseTintedShades","Regal Pillow","HandDrill"],"acts_visited":["Exordium","TheCity","TheBeyond"],"potions_floor_usage":[],"damage_taken":[{"damage":0,"enemies":"2 Louse","floor":2,"turns":1},{"damage":0,"enemies":"downfall:FleeingMerchant","floor":4,"turns":1},{"damage":0,"enemies":"Lagavulin","floor":6,"turns":1},{"damage":0,"enemies":"3 Sentries","floor":8,"turns":6},{"damage":0,"enemies":"Cultist","floor":9,"turns":3},{"damage":0,"enemies":"Small Slimes","floor":10,"turns":3},{"damage":0,"enemies":"downfall:FleeingMerchant","floor":11,"turns":4},{"damage":0,"enemies":"Blue Slaver","floor":13,"turns":3},{"damage":0,"enemies":"Gremlin Nob","floor":14,"turns":3},{"damage":7,"enemies":"3 Louse","floor":15,"turns":4},{"damage":0,"enemies":"SI_SHIV_ARCHETYPE","floor":16,"turns":6},{"damage":0,"enemies":"3 Byrds","floor":19,"turns":4},{"damage":7,"enemies":"downfall:LooterAlt2","floor":20,"turns":4},{"damage":0,"enemies":"Cultist and Chosen","floor":23,"turns":5},{"damage":0,"enemies":"Masked Bandits","floor":25,"turns":5},{"damage":0,"enemies":"Book of Stabbing","floor":27,"turns":4},{"damage":0,"enemies":"Snake Plant","floor":28,"turns":3},{"damage":0,"enemies":"Centurion and Healer","floor":29,"turns":6},{"damage":17,"enemies":"Slavers","floor":30,"turns":4},{"damage":0,"enemies":"Chosen and Byrds","floor":31,"turns":4},{"damage":0,"enemies":"Snecko","floor":32,"turns":4},{"damage":0,"enemies":"IC_MUSHROOM_ARCHETYPE","floor":33,"turns":6},{"damage":0,"enemies":"3 Shapes","floor":36,"turns":4},{"damage":0,"enemies":"3 Darklings","floor":38,"turns":6},{"damage":0,"enemies":"downfall:FleeingMerchant","floor":39,"turns":4},{"damage":0,"enemies":"Giant Head","floor":40,"turns":8},{"damage":0,"enemies":"4 Shapes","floor":42,"turns":5},{"damage":0,"enemies":"Writhing Mass","floor":43,"turns":4},{"damage":9,"enemies":"Nemesis","floor":44,"turns":6},{"damage":0,"enemies":"Maw","floor":45,"turns":6},{"damage":0,"enemies":"downfall:FleeingMerchant","floor":47,"turns":4},{"damage":0,"enemies":"Spire Growth","floor":48,"turns":4},{"damage":0,"enemies":"3 Darklings","floor":49,"turns":6},{"damage":0,"enemies":"WA_ARCHETYPE_DIVINITY","floor":50,"turns":7}],"seed_played":"-7577982500267469469","potions_obtained":[{"floor":3,"key":"DistilledChaos"},{"floor":3,"key":"LiquidMemories"},{"floor":3,"key":"hexamod:SoulburnPotion"},{"floor":16,"key":"SpeedPotion"}],"is_trial":false,"path_per_floor":["R","M","?","$","?","E","T","E","M","M","$","T","M","E","M","B",null,"R","M","M","?","?","M","T","?","R","E","M","M","E","M","M","B",null,"R","M","?","M","$","E","T","M","M","E","M","R","?","M","M","B",null],"character_chosen":"Hololive_HololiveCharacter","items_purchased":["Hololive_CallHoshimachiSuisei","relicPack:SpireResearchBook","HandDrill","Hololive_CallShishiroBotan"],"campfire_rested":0,"item_purchase_floors":[4,11,47,47],"current_hp_per_floor":[35,35,35,35,35,35,35,35,35,35,35,35,35,35,28,28,35,35,35,28,28,28,28,28,30,30,30,33,36,34,36,36,39,51,51,54,54,57,60,63,63,66,69,63,66,66,69,72,77,80],"gold":898,"neow_bonus":"THREE_ENEMY_KILL","is_daily":false,"chose_seed":false,"campfire_upgraded":5,"win_rate":0.0,"timestamp":1614180228,"path_taken":["R","M","?","?","?","E","T","E","M","M","$","?","M","E","M","BOSS","R","M","M","?","?","M","T","?","R","E","M","M","E","M","M","BOSS","R","M","?","?","$","E","T","M","M","E","M","R","?","M","M","BOSS"],"items_purchased_type":["Card","Relic","Relic","Card"],"build_version":"2020-12-22","purchased_purges":0,"victory":true,"max_hp_per_floor":[35,35,35,35,35,35,35,35,35,35,35,35,35,35,35,35,35,35,35,35,35,35,35,35,37,37,37,40,43,46,48,48,51,51,51,54,54,57,60,63,63,66,69,72,75,75,78,81,86,89],"relic_stats":{"Regal Pillow":0,"Singing Bowl":6,"counters":[34,145],"Sundial":[0],"MealTicket":0,"PreservedInsect":47,"Black Star":2,"HandDrill":[16],"obtain_stats":[{"Lantern":24,"Regal Pillow":44,"Singing Bowl":12,"GiantMaggot":14,"Oddly Smooth Stone":40,"downfall:HeartsMalice":0,"BrokenLever":30,"RoseTintedShades":44,"PreservedInsect":40,"relicPack:SpireResearchBook":11,"Anchor":41,"Sundial":27,"Hololive_TheStar":0,"MealTicket":7,"SpikesRelics:DaevaFist":6,"Hololive_Finger":17,"Red Mask":25,"Black Star":34,"HandDrill":47,"Meat on the Bone":8},{"Lantern":14,"Regal Pillow":29,"Singing Bowl":7,"GiantMaggot":9,"Oddly Smooth Stone":26,"downfall:HeartsMalice":0,"BrokenLever":19,"RoseTintedShades":29,"PreservedInsect":26,"relicPack:SpireResearchBook":7,"Anchor":26,"Sundial":16,"Hololive_TheStar":0,"MealTicket":3,"SpikesRelics:DaevaFist":3,"Hololive_Finger":11,"Red Mask":15,"Black Star":22,"HandDrill":31,"Meat on the Bone":4},{"Lantern":45,"Regal Pillow":118,"Singing Bowl":16,"GiantMaggot":22,"Oddly Smooth Stone":103,"downfall:HeartsMalice":0,"BrokenLever":67,"RoseTintedShades":118,"PreservedInsect":103,"relicPack:SpireResearchBook":16,"Anchor":103,"Sundial":54,"Hololive_TheStar":0,"MealTicket":0,"SpikesRelics:DaevaFist":0,"Hololive_Finger":32,"Red Mask":50,"Black Star":81,"HandDrill":128,"Meat on the Bone":6}],"Meat on the Bone":12},"card_choices":[{"not_picked":["Hololive_RevenueBasedLive","Hololive_Breathe","Hololive_LuckPotion"],"picked":"Hololive_BringToTrial","floor":2},{"not_picked":["Hololive_IdolExercise","Hololive_LuckPotion","Hololive_Drill"],"picked":"Hololive_CallKiryuuCoco","floor":4},{"not_picked":["Hololive_OvertimeWork","Hololive_Breathe","Hololive_Sequa"],"picked":"Hololive_CallAyundaRisu","floor":6},{"not_picked":["Hololive_ManjiGathering","Hololive_CallInugamiKorone","Hololive_CallShiroganeNoel"],"picked":"Hololive_Rebirth","floor":8},{"not_picked":["Hololive_StrengthChampion","Hololive_CallShiroganeNoel","Hololive_Breathe"],"picked":"Hololive_CallRoboco","floor":9},{"not_picked":["Hololive_Sequa","Hololive_CallShiroganeNoel","Hololive_CocoNews"],"picked":"Hololive_StrengthChampion","floor":10},{"not_picked":["Hololive_OvertimeWork","Hololive_Sequa","Hololive_Breathe","Hololive_Rebound"],"picked":"SKIP","floor":11},{"not_picked":["Hololive_ASMR","Hololive_RevenueBasedLive","Hololive_Trident"],"picked":"Hololive_Psychosis","floor":13},{"not_picked":["Hololive_CallInugamiKorone","Hololive_RevenueBasedLive","Hololive_OpenUp"],"picked":"Hololive_CallMoonaHoshinova","floor":14},{"not_picked":["Hololive_CocoNews","Hololive_FlyingPonyTail","Hololive_OvertimeWork"],"picked":"Hololive_Yoholoon","floor":15},{"not_picked":["Hololive_OpenUp","Hololive_IdolExercise","Hololive_Nanodesu"],"picked":"Hololive_MaximGun","floor":16},{"not_picked":["Hololive_OvertimeWork","Hololive_FlyingPonyTail","Hololive_Trident+1"],"picked":"Hololive_CocoNews","floor":19},{"not_picked":["Hololive_Teleport","Hololive_Drill","Hololive_CallHoushouMarine"],"picked":"Hololive_CallTokoyamiTowa+1","floor":20},{"not_picked":["Hololive_OvertimeWork","Hololive_Drill+1","Hololive_Rebound"],"picked":"Hololive_ScarfAndHalo","floor":23},{"not_picked":["Hololive_Sequa","Hololive_FlyingPonyTail","Hololive_Rebound","Hololive_RevenueBasedLive"],"picked":"Singing Bowl","floor":25},{"not_picked":["Hololive_StrengthChampion","Hololive_CallShiranuiFlare+1","Hololive_CallRosalyn"],"picked":"Hololive_CallAiraniIofifteen","floor":27},{"not_picked":["Hololive_Rebound+1","Hololive_BeCareful","Hololive_FlyingPonyTail"],"picked":"Hololive_CallOmaruPolka","floor":28},{"not_picked":["Hololive_CallAkiRosenthal","Hololive_RevenueBasedLive+1","Hololive_CallNakiriAyame"],"picked":"Hololive_Spy","floor":29},{"not_picked":["Hololive_Spy+1","Hololive_CallYozoraMel","Hololive_CallYogiri"],"picked":"Hololive_CallShiroganeNoel","floor":30},{"not_picked":["Hololive_RevenueBasedLive+1","Hololive_OvertimeWork","Hololive_StrengthChampion","Hololive_Trident"],"picked":"Singing Bowl","floor":31},{"not_picked":["Hololive_CallNakiriAyame","Hololive_HuntDinosaur+1","Hololive_Trident"],"picked":"Hololive_SoulCatcher","floor":32},{"not_picked":["Hololive_Rebirth","Hololive_FlareMind","Hololive_StarCraft"],"picked":"Hololive_DDD","floor":33},{"not_picked":["Hololive_FlyingPonyTail","Hololive_Drill+1","Hololive_Trident"],"picked":"Hololive_CandyCastle","floor":36},{"not_picked":["Hololive_Yoholoon","Hololive_CallUsadaPekora","Hololive_CallOmaruPolka"],"picked":"Hololive_CallRoboco+1","floor":38},{"not_picked":["Hololive_OvertimeWork","Hololive_Rebound","Hololive_Breathe+1"],"picked":"Hololive_CallShishiroBotan+1","floor":39},{"not_picked":["Hololive_StrengthChampion+1","Hololive_CallAZKi","Hololive_OvertimeWork"],"picked":"Hololive_CallMomosuzuNene","floor":40},{"not_picked":["Hololive_DDD","Hololive_Psychosis+1","Hololive_HuntDinosaur"],"picked":"Hololive_CallYuzukiChoco","floor":42},{"not_picked":["Hololive_Trident","Hololive_RevenueBasedLive","Hololive_StrengthChampion+1"],"picked":"Hololive_CallTokinoSora","floor":43},{"not_picked":["Hololive_StrengthChampion","Hololive_Breathe+1","Hololive_Yoholoon"],"picked":"Hololive_CallShiranuiFlare+1","floor":44},{"not_picked":["Hololive_Rebound+1","Hololive_OvertimeWork+1","Hololive_HuntDinosaur"],"picked":"Hololive_CallSakuraMiko+1","floor":45},{"not_picked":["Hololive_LuckPotion","Hololive_CallShiroganeNoel","Hololive_DurableLive"],"picked":"Hololive_CallTsunomakiWatame+1","floor":47},{"not_picked":["Hololive_RevenueBasedLive+1","Hololive_Drill","Hololive_CocoNews"],"picked":"Hololive_SummonFox+1","floor":48},{"not_picked":["Hololive_LuckPotion","Hololive_Psychosis+1","Hololive_CallYukihanaLamy","Hololive_CallSpadeEcho+1"],"picked":"Singing Bowl","floor":49}],"player_experience":129457,"relics_obtained":[{"floor":6,"key":"SpikesRelics:DaevaFist"},{"floor":7,"key":"MealTicket"},{"floor":8,"key":"Meat on the Bone"},{"floor":12,"key":"Singing Bowl"},{"floor":14,"key":"GiantMaggot"},{"floor":24,"key":"Lantern"},{"floor":25,"key":"Red Mask"},{"floor":27,"key":"Sundial"},{"floor":30,"key":"BrokenLever"},{"floor":40,"key":"PreservedInsect"},{"floor":40,"key":"Oddly Smooth Stone"},{"floor":41,"key":"Anchor"},{"floor":44,"key":"RoseTintedShades"},{"floor":44,"key":"Regal Pillow"}],"event_choices":[{"damage_healed":0,"gold_gain":0,"player_choice":"Got Potions","damage_taken":0,"max_hp_gain":0,"max_hp_loss":0,"event_name":"Lab","floor":3,"gold_loss":0},{"damage_healed":0,"gold_gain":0,"player_choice":"Fought Bandits","damage_taken":0,"max_hp_gain":0,"max_hp_loss":0,"event_name":"Masked Bandits","floor":25,"gold_loss":0}],"is_beta":false,"boss_relics":[{"not_picked":["Hololive_TopUpMoneyS","relicPack:ShieldShield"],"picked":"Hololive_Finger"},{"not_picked":["relicPack:KazumaCape","Sandwich"],"picked":"Black Star"}],"items_purged_floors":[],"is_endless":false,"potions_floor_spawned":[6,9,13,14,15,16,19,23,28,29,32,33,43,44,49],"ascension_level":1}}