{"host":"pcv3ln7w6288nxz4","time":1614210537,"event":{"mods":["AchievementEnabler","Act Like it!","Aspiration","BaseMod","Better Third Choice","Clockwork Mod","Colored Map","Colored Powertips","Downfall","Energized Spire","Hallownest","Hermit","Hubris","Infinite Spire","Jorbs\u0027s Wanderer Trilogy","Library of Ruina","Library of Ruina Extra","Lobotomy","LobotomyExtend","Minty Spire (QoL Compilation)","Replay The Spire","Ruina","Shade Mod","StSLib","The Bug Knight","The Construct","The Cursed","The Disciple","The Forsaken","The Hierophant","The Judge","The Jungle","The Necromancer"],"gold_per_floor":[111,131,131,145,70,83,32,32,32,32,57,57,84,94,94,199,199,217,12,26,26,39,39,39,39,39,39,81,81,93,112,112,216,216,236,249,164,164,184,184,215,215,215,226,259,15,15,32,32,32,32],"floor_reached":52,"language":"ENG","playtime":6042,"items_purged":["SpecialBullet"],"score":1062,"play_id":"6516b45a-6947-4d66-b480-b81d5721b44a","local_time":"20210224154857","is_ascension_mode":true,"campfire_choices":[{"floor":42,"key":"RECALL"}],"circlet_count":0,"master_deck":["CENSORED","BodiesMountain","LongBird","BigBird","SecurityCode","InformationCode","ExtractionCode","NakedNest","RapturousDream","Pleasure","SpiderBud","Regret_ego","RedEyes","MeatLantern","Horn","ShedSkin","TodaysExpression","OSAHOGD","Soda","Wellcheers","Slimebound:MegaLick+1","RedShoes","ScreamingWedge+1","CherryBlossoms","WristCuter","GoldRush","CENSORED_ego+1","ParadiseLost+1","Harmony+1","Horn+1","Ecstasy","Penitence+1","Soda","Bloodbath","ScreamingWedge+1","CherryBlossom","MHz","WristCuter","RecordCode","GoldRush","Lantern","Slimebound:Prepare+1","BlackSwan","Laetitia_ego+1","WallGazer","Hornet","GoldRush","CENSORED_ego+1","Scorched","Turbo+1","Hallownest:skillKingdomsEdgeMap+1","Burn","Burn","ShyLook","Coolheaded+1","WristCuter+1","GreedKing","Scrape","Meteor Strike","UniverseFragment","Regret_ego+1","Steam Power+1","aspiration:Polymerization+1","Amplify+1","aspiration:Lunge","Dagger Throw","Quick Slash","BasicCrystalCard+1","DreamingCurrent","Capacitor","Diffraction+1"],"relics":["CogitoBucket","aspiration:Nostalgia","m_SlimeRing","LetterFromLob","Hallownest:DreamNailRelic","Toxic Egg 2","PageOfGreed","PageOfTheQueenOfHatred","HellTrain","Astrolabe","Replay:Rubber Ducky","aspiration:Stabinomicon","aspiration:PoetsPen_weak","PageOfTheKnightOfDespair","MagicBullet_r","PageOfWrath","PageOfNihil","Replay:Grab Bag","infinitespire:Cupcake","energizedSpire:SpiderWeb","aspiration:DefectSkillbook","TreeSap","HollowMod:PaleOreRelic","Art of War","Letter Opener","Lamp_r","Justitia_r","TheSmile_r","CENSORED_r"],"acts_visited":["Hallownest:Greenpath","TheCity","Hallownest:KingdomsEdge"],"potions_floor_usage":[30,30,39,39,39,52,52],"damage_taken":[{"damage":8.0,"enemies":"Hallownest:monsterHuskWarrior","floor":1.0,"turns":3.0},{"damage":7.0,"enemies":"2_ Uuma","floor":2.0,"turns":6.0},{"damage":11.0,"enemies":"Hallownest:2_Baldur","floor":4.0,"turns":3.0},{"damage":0.0,"enemies":"Hallownest:monsterFoolEater","floor":6.0,"turns":6.0},{"damage":12.0,"enemies":"Hallownest:eliteCrystalGuardian","floor":11.0,"turns":8.0},{"damage":16.0,"enemies":"Hallownest:eliteMossKnight","floor":13.0,"turns":21.0},{"damage":11.0,"enemies":"Hallownest:1_Ooma_and_2_Uuma","floor":14.0,"turns":14.0},{"damage":31.0,"enemies":"Hallownest:BossFalseKnight","floor":16.0,"turns":9.0},{"damage":23.0,"enemies":"Shell Parasite","floor":18.0,"turns":5.0},{"damage":3.0,"enemies":"Spheric Guardian","floor":20.0,"turns":5.0},{"damage":4.0,"enemies":"Shelled Parasite and Fungi","floor":22.0,"turns":6.0},{"damage":126,"enemies":"Book of Stabbing","floor":30,"turns":6},{"damage":0,"enemies":"Snake Plant","floor":31,"turns":2},{"damage":7,"enemies":"Automaton","floor":33,"turns":4},{"damage":46,"enemies":"Hallownest:2_Littles","floor":35,"turns":4},{"damage":5,"enemies":"Hallownest:3_Siblings","floor":36,"turns":4},{"damage":209,"enemies":"Hallownest:2_Great","floor":39,"turns":8},{"damage":0,"enemies":"Hallownest:StalkingDevout","floor":41,"turns":4},{"damage":13,"enemies":"Hallownest:monsterPrimalAspid","floor":44,"turns":2},{"damage":7,"enemies":"Hallownest:eliteHiveKnight","floor":45,"turns":3},{"damage":20,"enemies":"Hallownest:2_Wing_and_1_Kings","floor":48,"turns":2},{"damage":77,"enemies":"Hallownest:BossHollowKnight","floor":50,"turns":5},{"damage":29,"enemies":"Malkuth","floor":52,"turns":3},{"damage":85,"enemies":"Yesod","floor":52,"turns":4},{"damage":273,"enemies":"Geburah","floor":52,"turns":8},{"damage":122,"enemies":"Binah","floor":52,"turns":6},{"damage":174,"enemies":"Angela","floor":52,"turns":4}],"seed_played":"-6016097600665310604","potions_obtained":[{"floor":4.0,"key":"FearPotion"},{"floor":13.0,"key":"champ:CounterPotion"},{"floor":14.0,"key":"SmokeBomb"},{"floor":16.0,"key":"Elixir"},{"floor":20.0,"key":"AttackPotion"},{"floor":31,"key":"Weak Potion"},{"floor":35,"key":"Venom Potion"},{"floor":36,"key":"FearPotion"},{"floor":48,"key":"FearPotion"}],"is_trial":false,"path_per_floor":["M","M","?","M","$","M","$","R","T","R","E","R","E","M","R","B",null,"M","$","M","?","M","R","AVR","R","T","M","?","$","E","M","R","B",null,"M","M","?","?","M","R","E","R","T","M","E","$","?","M","R","B",null,null],"character_chosen":"Angela","items_purchased":["Soda","Replay:Rubber Ducky","Soda","Letter Opener"],"campfire_rested":0,"item_purchase_floors":[7,19,19,46],"current_hp_per_floor":[63,64,64,61,61,69,69,69,69,69,70,70,74,78,78,78,78,82,82,86,70,90,90,90,90,90,90,90,90,38,69,69,102,102,106,110,110,110,26,26,101,101,101,122,126,126,126,130,130,130,130],"gold":32,"neow_bonus":"NOSTALGIA","is_daily":false,"chose_seed":false,"campfire_upgraded":0,"win_rate":0.0,"timestamp":1614210537,"path_taken":["M","?","?","M","$","?","?","R","T","R","E","R","E","M","R","BOSS","M","$","M","?","M","R","AVR","R","T","M","?","?","E","M","R","BOSS","M","M","?","?","M","R","E","R","T","M","E","?","?","M","R","BOSS"],"items_purchased_type":["Card","Relic","Card","Relic"],"build_version":"2020-12-22","purchased_purges":1,"victory":true,"max_hp_per_floor":[70,70,70,70,70,70,70,70,70,70,70,70,74,78,78,78,78,82,82,86,86,90,90,90,90,90,90,90,90,94,98,98,102,102,106,110,110,110,114,114,118,118,118,122,126,126,126,130,130,130,130],"card_choices":[{"not_picked":["CrumblingArmor","LittlePrince"],"picked":"NakedNest","floor":1.0},{"not_picked":["TodaysExpression"],"picked":"RapturousDream","floor":1.0},{"not_picked":["MagicBullet"],"picked":"Pleasure","floor":1.0},{"not_picked":["Funeral","PunishingBird"],"picked":"SpiderBud","floor":2.0},{"not_picked":["Noise"],"picked":"Regret_ego","floor":2.0},{"not_picked":["Beak"],"picked":"RedEyes","floor":2.0},{"not_picked":["LittleHelper","SingingMachine"],"picked":"MeatLantern","floor":4.0},{"not_picked":["SwordSharpenedByTears"],"picked":"Horn","floor":4.0},{"not_picked":["Pleasure"],"picked":"ShedSkin","floor":4.0},{"not_picked":["Hidden Blade"],"picked":"TodaysExpression","floor":6.0},{"not_picked":["WallGazer","Porccubus"],"picked":"OSAHOGD","floor":6.0},{"not_picked":["Noise","Cloak And Dagger"],"picked":"SKIP","floor":6.0},{"not_picked":["Murderer","Scorched"],"picked":"Wellcheers","floor":11.0},{"not_picked":["Blade Dance+1"],"picked":"Slimebound:MegaLick+1","floor":11.0},{"not_picked":["QueenBee","ShyLook"],"picked":"RedShoes","floor":13.0},{"not_picked":["Cloak And Dagger+1"],"picked":"ScreamingWedge+1","floor":13.0},{"not_picked":["FairyFestival","VoidDream"],"picked":"CherryBlossoms","floor":14.0},{"not_picked":["Backstab"],"picked":"WristCuter","floor":14.0},{"not_picked":["Hidden Blade+1","Horn"],"picked":"SKIP","floor":14.0},{"not_picked":["Slimebound:Recycling"],"picked":"GoldRush","floor":16.0},{"not_picked":["Mimicry"],"picked":"CENSORED_ego+1","floor":16.0},{"not_picked":["LifeForTheDareDevil"],"picked":"Ecstasy","floor":18.0},{"not_picked":["BeautyBeast","HappyTeddy"],"picked":"BodiesMountain","floor":18.0},{"not_picked":["Reverberation"],"picked":"Penitence+1","floor":18.0},{"not_picked":["BigBadWolf","ShyLook"],"picked":"Bloodbath","floor":20.0},{"not_picked":["Noise+1"],"picked":"ScreamingWedge+1","floor":20.0},{"not_picked":["Noise+1","Loneliness+1"],"picked":"SKIP","floor":20.0},{"not_picked":["Wingbeat+1"],"picked":"CherryBlossom","floor":22.0},{"not_picked":["Murderer","WhitesApple"],"picked":"MHz","floor":22.0},{"not_picked":["FourthMatchFlame"],"picked":"WristCuter","floor":22.0},{"not_picked":["ScreamingWedge+1"],"picked":"GoldRush","floor":28.0},{"not_picked":["Reverberation"],"picked":"Lantern","floor":28.0},{"not_picked":["Christmas+1"],"picked":"Slimebound:Prepare+1","floor":30},{"not_picked":["LittleHelper","Alriune"],"picked":"BlackSwan","floor":30},{"not_picked":["Pleasure+1"],"picked":"Laetitia_ego+1","floor":30},{"not_picked":["Woodsman","Variant"],"picked":"WallGazer","floor":31},{"not_picked":["RedEyes+1"],"picked":"Hornet","floor":31},{"not_picked":["Slimebound:Recycling"],"picked":"GoldRush","floor":33},{"not_picked":["CrumblingArmor","BeautyBeast"],"picked":"CENSORED","floor":33},{"not_picked":["Twilight"],"picked":"CENSORED_ego+1","floor":33},{"not_picked":["Yin","PunishingBird"],"picked":"Scorched","floor":35},{"not_picked":["Loneliness+1","Scrape","CUTE+1"],"picked":"SKIP","floor":35},{"not_picked":["OldLady","FairyFestival"],"picked":"BigBird","floor":36},{"not_picked":["WristCuter+1","RapturousDream+1"],"picked":"Turbo+1","floor":36},{"not_picked":["BigBadWolf","Rudolta"],"picked":"ShyLook","floor":39},{"not_picked":["CherryBlossom","WristCuter"],"picked":"Coolheaded+1","floor":39},{"not_picked":["Barrage+1","Cold Snap"],"picked":"WristCuter+1","floor":41},{"not_picked":["BigBadWolf","Alriune"],"picked":"GreedKing","floor":41},{"not_picked":["FourthMatchFlame+1","Ball Lightning+1"],"picked":"Scrape","floor":41},{"not_picked":["Pleasure+1","Horn"],"picked":"Meteor Strike","floor":41},{"not_picked":["Yin","VoidDream"],"picked":"UniverseFragment","floor":44},{"not_picked":["Cold Snap","Go for the Eyes","Seek+1"],"picked":"Regret_ego+1","floor":44},{"not_picked":["Leap+1","FourthMatchFlame+1","Noise+1"],"picked":"Steam Power+1","floor":44},{"not_picked":["LittleHelper","BigBadWolf"],"picked":"LongBird","floor":45},{"not_picked":["Regret_ego","Scrape+1","Coolheaded+1"],"picked":"aspiration:Polymerization+1","floor":45},{"not_picked":["Reprogram+1","Compile Driver","Coolheaded+1"],"picked":"Amplify+1","floor":45},{"not_picked":["Loneliness+1","WristCuter+1","Conserve Battery+1"],"picked":"BasicCrystalCard+1","floor":48},{"not_picked":["LittlePrince","HeroicMonk"],"picked":"DreamingCurrent","floor":48},{"not_picked":["Doom and Gloom+1","Reverberation+1","Time Bomb+1"],"picked":"Capacitor","floor":48},{"not_picked":["TodaysExpression+1","Noise+1","Turbo+1"],"picked":"Diffraction+1","floor":48}],"player_experience":517015,"relics_obtained":[{"floor":1.0,"key":"LetterFromLob"},{"floor":9.0,"key":"Toxic Egg 2"},{"floor":11.0,"key":"PageOfGreed"},{"floor":13.0,"key":"PageOfTheQueenOfHatred"},{"floor":21.0,"key":"aspiration:Stabinomicon"},{"floor":26.0,"key":"PageOfTheKnightOfDespair"},{"floor":28.0,"key":"PageOfWrath"},{"floor":30,"key":"PageOfNihil"},{"floor":41,"key":"HollowMod:PaleOreRelic"},{"floor":45,"key":"Art of War"}],"event_choices":[{"damage_healed":0.0,"max_hp_gain":0.0,"max_hp_loss":0.0,"gold_gain":0.0,"event_name":"Cursed Tome","player_choice":"Obtained Book","floor":21.0,"gold_loss":0.0,"damage_taken":16.0}],"is_beta":false,"boss_relics":[{"not_picked":["hubris:GrandSneckoEye","energizedSpire:StickyHand"],"picked":"Astrolabe"},{"not_picked":["ReplayTheSpireMod:DimensionalGlitch","Replay:Fungal Core"],"picked":"Replay:Grab Bag"},{"not_picked":["Velvet Choker","hubris:CrackedHourglass"],"picked":"infinitespire:Cupcake"},{"not_picked":["Sozu","Replay:Wanted Poster"],"picked":"energizedSpire:SpiderWeb"},{"not_picked":["aspiration:IroncladSkillbook","Snecko Eye"],"picked":"aspiration:DefectSkillbook"}],"items_purged_floors":[5],"is_endless":false,"potions_floor_spawned":[4,13,14,16,20,31,35,36,48],"ascension_level":6}}