{"host":"emqr263yqun247y7","time":1614199725,"event":{"mods":["Aspiration","BaseMod","Bestiary","BetterRewards","Colored Map","Curses Come First","Downfall","Hubris","Infinite Spire","Jorbs\u0027s Wanderer Trilogy","Marisa????????","Minty Spire (QoL Compilation)","READ ME - Guardian Mod","Replay The Spire","Robot Space Explorer","Spire Arcade","StSLib","The Bug Knight","The Cursed","The Disciple","The Hierophant","The Runesmith","The Servant 0.9.4","Yuri Mod","slay the spire mod where everything is the same but ironclad has a cowboy hat"],"gold_per_floor":[99,109,109,109,109,109,109,129,129,140,152,163,182,202,215,320,320,320,334,334,344,355,367,412,412,412,122,141,157,187,187,205,310,310,310,323,333,353,369,369,369,469,499,519,319,217,217,217,217],"floor_reached":47,"language":"ENG","playtime":3532,"items_purged":["Pain"],"score":525,"play_id":"d5a82fef-ff6b-436f-8f0c-bd5eea457934","local_time":"20210224124845","is_ascension_mode":false,"campfire_choices":[{"data":"Brilliance","floor":9.0,"key":"SMITH"},{"data":"ReplayTheSpireMod:Necrogeddon","floor":45.0,"key":"SMITH"}],"circlet_count":0,"master_deck":["sneckomod:TailWhip","sneckomod:SnekBite","Brilliance+1","sneckomod:DiceBoulder","CurseOfTheBell","CurseOfTheBell","sneckomod:DiceBoulder","sneckomod:SoulRoll+1","sneckomod:RainOfDice","sneckomod:UnknownBlock+1","sneckomod:Restock+1","sneckomod:QuickBite","sneckomod:UnlimitedRolls","yuri:ThrowBook+1","sneckomod:UnknownCommonAttack+1","sneckomod:UnknownCommonAttack","sneckomod:DiceBlock+1","sneckomod:RainOfDice+1","sneckomod:UnknownVulnerable+1","sneckomod:UnknownClassPURPLE+1","sneckomod:UnknownClassPURPLE+1","sneckomod:UnknownClassPURPLE+1","sneckomod:UnknownClassPURPLE+1","hubris:Fate+1","Prostrate+1","Omniscience+1","sneckomod:RainOfDice","sneckomod:ImprovisedAttack","sneckomod:SoulDraw+1","sneckomod:IronFang","sneckomod:SoulExchange+1","sneckomod:UnknownStrike","ReplayTheSpireMod:Necrogeddon+1","ReplayTheSpireMod:Trickstab","Swift Strike","FlyingSleeves","sneckomod:IronFang","Vault+1","Scrawl+1","sneckomod:DiceBoulder","Scrawl+1","sneckomod:UnendingSupply+1","Fasting2","sneckomod:SerpentMind","sneckomod:SerpentMind","sneckomod:UnknownX+1","sneckomod:SerpentMind","sneckomod:UnknownCommonSkill+1","sneckomod:MorePower","sneckomod:Unknown2Cost+1","Replay:Hum+1","Scrawl+1","sneckomod:UnknownStrike+1","Fasting2","sneckomod:SoulDraw+1","Fasting2","sneckomod:DiceCrush","EmptyFist","sneckomod:UnknownVulnerable+1","DevaForm","sneckomod:UnknownRareAttack+1","sneckomod:Restock+1","Tantrum","sneckomod:SnekBeam+1","Worship+1","sneckomod:UnknownRareSkill+1","sneckomod:WideSting+1","Judgement+1","sneckomod:SoulDraw+1","Panache"],"relics":["sneckomod:SneckoSoul","downfall:ExtraCursedBell","Ancient Tea Set","Toxic Egg 2","hubris:Zylophone","aspiration:BabyByrd","Shuriken","hubris:BlackHole","Bag of Marbles","White Beast Statue","sneckomod:SneckoBoss","Orrery","ReplayTheSpireMod:ShopPack","ReplayTheSpireMod:Lightbulb","WarpedTongs","Pandora\u0027s Box","aspiration:HiddenCompartment","Toy Ornithopter","infinitespire:Lucky Rock","downfall:HeartBlessingGreen","downfall:HeartBlessingBlue","Pen Nib"],"acts_visited":["Exordium","TheCity","TheBeyond"],"potions_floor_usage":[],"damage_taken":[{"damage":2.0,"enemies":"2 Louse","floor":2.0,"turns":2.0},{"damage":1.0,"enemies":"Jaw Worm","floor":8.0,"turns":2.0},{"damage":0.0,"enemies":"Cultist","floor":10.0,"turns":1.0},{"damage":29.0,"enemies":"3 Louse","floor":11.0,"turns":3.0},{"damage":19.0,"enemies":"Gremlin Gang","floor":12.0,"turns":5.0},{"damage":0.0,"enemies":"Red Slaver","floor":13.0,"turns":1.0},{"damage":12.0,"enemies":"2 Fungi Beasts","floor":14.0,"turns":3.0},{"damage":3.0,"enemies":"Blue Slaver","floor":15.0,"turns":2.0},{"damage":24.0,"enemies":"WA_ARCHETYPE_RETAIN","floor":16.0,"turns":4.0},{"damage":5.0,"enemies":"downfall:LooterAlt2","floor":19.0,"turns":2.0},{"damage":12.0,"enemies":"Shell Parasite","floor":21.0,"turns":2.0},{"damage":24.0,"enemies":"Snake Plant","floor":22.0,"turns":3.0},{"damage":1.0,"enemies":"Cultist and Chosen","floor":23.0,"turns":2.0},{"damage":9.0,"enemies":"downfall:FleeingMerchant","floor":27.0,"turns":4.0},{"damage":0.0,"enemies":"3 Cultists","floor":28.0,"turns":2.0},{"damage":11.0,"enemies":"Centurion and Healer","floor":29.0,"turns":4.0},{"damage":6.0,"enemies":"Book of Stabbing","floor":30.0,"turns":2.0},{"damage":0.0,"enemies":"Snecko","floor":32.0,"turns":1.0},{"damage":0.0,"enemies":"IC_MUSHROOM_ARCHETYPE","floor":33.0,"turns":1.0},{"damage":2.0,"enemies":"Orb Walker","floor":36.0,"turns":1.0},{"damage":3.0,"enemies":"3 Darklings","floor":37.0,"turns":1.0},{"damage":9.0,"enemies":"Sphere and 2 Shapes","floor":38.0,"turns":1.0},{"damage":0.0,"enemies":"Writhing Mass","floor":39.0,"turns":1.0},{"damage":0.0,"enemies":"downfall:LadyInBlue","floor":42.0,"turns":1.0},{"damage":12.0,"enemies":"Nemesis","floor":43.0,"turns":4.0},{"damage":0.0,"enemies":"Maw","floor":44.0,"turns":2.0},{"damage":0.0,"enemies":"downfall:FleeingMerchant","floor":46.0,"turns":1.0},{"damage":220,"enemies":"Transient","floor":47,"turns":5}],"seed_played":"-6466159936514953360","potions_obtained":[{"floor":2.0,"key":"Death Potion"},{"floor":10.0,"key":"Adrenaline Potion"},{"floor":12.0,"key":"Adrenaline Potion"},{"floor":13.0,"key":"Toxic Potion"},{"floor":19.0,"key":"Languid Potion"},{"floor":22.0,"key":"Strength Potion"},{"floor":23.0,"key":"LiquidBronze"},{"floor":28.0,"key":"Block Potion"},{"floor":30.0,"key":"Strength Potion"},{"floor":32.0,"key":"ColorlessPotion"},{"floor":33.0,"key":"EssenceOfSteel"},{"floor":37.0,"key":"FairyPotion"},{"floor":43.0,"key":"Energy Potion"},{"floor":44.0,"key":"Strength Potion"}],"is_trial":false,"path_per_floor":["R","M","?","?","?","R","T","M","R","M","M","M","M","M","M","B",null,"R","M","?","M","M","M","T","AVR","R","$","M","M","E","?","M","B",null,"R_BF","M","M","M","M","T","T","?","E","M","R","$","M"],"character_chosen":"THE_SNECKO","items_purchased":["Orrery","ReplayTheSpireMod:ShopPack","Pen Nib","Panache"],"campfire_rested":0,"item_purchase_floors":[27,27,46,46],"current_hp_per_floor":[99,97,102,102,102,102,102,101,101,101,72,53,53,41,44,26,104,104,99,99,87,63,62,62,62,62,53,53,42,36,36,36,36,104,104,102,99,90,90,90,90,90,88,103,113,113,0,0,0],"gold":217,"neow_bonus":"TEN_PERCENT_HP_BONUS","is_daily":false,"chose_seed":false,"campfire_upgraded":2,"win_rate":0.0,"timestamp":1614199725,"path_taken":["R","M","?","?","?","R","T","M","R","M","M","M","M","M","M","BOSS","R","M","?","M","M","M","T","AVR","R","$","?","M","E","?","M","BOSS","R_BF","M","M","M","?","?","T","?","E","?","R","$","M"],"items_purchased_type":["Relic","Relic","Relic","Card"],"build_version":"2020-12-22","purchased_purges":1,"victory":false,"max_hp_per_floor":[99,99,104,104,104,104,104,104,104,104,104,104,104,104,104,104,104,104,104,104,104,104,104,104,104,104,104,104,104,104,104,104,104,104,104,104,104,104,104,104,104,104,104,104,114,114,114,114,114],"card_choices":[{"not_picked":["sneckomod:UnknownBlock","sneckomod:Unknown1Cost"],"picked":"sneckomod:DiceBoulder","floor":2.0},{"not_picked":["sneckomod:SoulDraw+1","sneckomod:QuickMove+1"],"picked":"sneckomod:DiceBoulder","floor":8.0},{"not_picked":["sneckomod:SlitherStrike","sneckomod:CheapStock"],"picked":"sneckomod:SoulRoll+1","floor":10.0},{"not_picked":["sneckomod:DiceCrush","sneckomod:UnknownCommonSkill+1"],"picked":"sneckomod:UnknownExhaust+1","floor":11.0},{"not_picked":["sneckomod:UnknownStrike","sneckomod:QuickBite"],"picked":"sneckomod:RainOfDice","floor":12.0},{"not_picked":["sneckomod:SoulRoll+1","sneckomod:UnknownStrike"],"picked":"sneckomod:UnknownBlock+1","floor":13.0},{"not_picked":["sneckomod:UnknownDraw+1","sneckomod:UnknownExhaust+1"],"picked":"sneckomod:Restock+1","floor":14.0},{"not_picked":["sneckomod:SoulDraw+1","sneckomod:UnknownVulnerable+1"],"picked":"sneckomod:QuickBite","floor":15.0},{"not_picked":["sneckomod:SerpentMind","sneckomod:UnknownRarePower"],"picked":"sneckomod:UnlimitedRolls","floor":16.0},{"not_picked":["sneckomod:UnknownX+1","sneckomod:Unknown1Cost+1"],"picked":"sneckomod:UnknownCommonAttack+1","floor":19.0},{"not_picked":["sneckomod:UnknownCommonSkill+1","sneckomod:UnknownCommonAttack"],"picked":"sneckomod:DiceBlock+1","floor":21.0},{"not_picked":["sneckomod:QuickBite","sneckomod:SlitherStrike"],"picked":"sneckomod:RainOfDice+1","floor":22.0},{"not_picked":["sneckomod:Nope+1","sneckomod:UnknownCommonSkill+1"],"picked":"sneckomod:UnknownVulnerable+1","floor":23.0},{"not_picked":["EmptyBody","PathToVictory"],"picked":"Omniscience","floor":27.0},{"not_picked":["sneckomod:IronFang+1","sneckomod:QuickMove+1"],"picked":"sneckomod:RainOfDice","floor":27.0},{"not_picked":["sneckomod:Unknown0Cost+1","sneckomod:WideSting"],"picked":"sneckomod:ImprovisedAttack","floor":27.0},{"not_picked":["sneckomod:UnknownUncommonAttack","sneckomod:UnknownCommonSkill+1"],"picked":"sneckomod:SoulDraw+1","floor":27.0},{"not_picked":["sneckomod:SoulRoll+1","sneckomod:UnknownCommonAttack+1"],"picked":"sneckomod:IronFang","floor":27.0},{"not_picked":["sneckomod:QuickMove+1","sneckomod:CheapStock"],"picked":"sneckomod:SoulExchange+1","floor":27.0},{"not_picked":["sneckomod:UnknownUncommonPower","sneckomod:UnknownClassPURPLE+1"],"picked":"sneckomod:UnknownStrike","floor":27.0},{"not_picked":["Midas Touch","Secret Weapon"],"picked":"ReplayTheSpireMod:Necrogeddon","floor":27.0},{"not_picked":["hubris:Insight","Impatience"],"picked":"ReplayTheSpireMod:Trickstab","floor":27.0},{"not_picked":["Forethought","Replay:Sssssssssstrike"],"picked":"Swift Strike","floor":27.0},{"not_picked":["PathToVictory","FlurryOfBlows"],"picked":"FlyingSleeves","floor":28.0},{"not_picked":["sneckomod:CheapStock","sneckomod:SlitherStrike"],"picked":"sneckomod:IronFang","floor":28.0},{"not_picked":["Meditate","SpiritShield"],"picked":"Vault","floor":29.0},{"not_picked":["sneckomod:DiceBlock+1","sneckomod:IronFang"],"picked":"sneckomod:Unknown1Cost+1","floor":29.0},{"not_picked":["InnerPeace","SandsOfTime"],"picked":"Scrawl","floor":30.0},{"not_picked":["sneckomod:SoulRoll+1","sneckomod:UnknownBlock+1"],"picked":"sneckomod:DiceBoulder","floor":30.0},{"not_picked":["Replay:Vibes","Evaluate"],"picked":"Scrawl","floor":32.0},{"not_picked":["sneckomod:Restock+1","sneckomod:SoulDraw+1"],"picked":"sneckomod:UnendingSupply+1","floor":32.0},{"not_picked":["Replay:DivineShield","Replay:Vibes"],"picked":"Fasting2","floor":33.0},{"not_picked":["sneckomod:MorePower","sneckomod:SoulExchange+1"],"picked":"sneckomod:SerpentMind","floor":33.0},{"not_picked":["PathToVictory","Defend_P"],"picked":"Scrawl","floor":36.0},{"not_picked":["sneckomod:Unknown0Cost+1","sneckomod:SlitherStrike"],"picked":"sneckomod:UnknownStrike+1","floor":36.0},{"not_picked":["Alpha","Defend_P"],"picked":"Fasting2","floor":37.0},{"not_picked":["sneckomod:UnknownClassYURI_RED+1","sneckomod:UnknownDraw+1"],"picked":"sneckomod:SoulDraw+1","floor":37.0},{"not_picked":["CarveReality","Replay:Battleflow"],"picked":"Fasting2","floor":38.0},{"not_picked":["sneckomod:UnknownExhaust+1","sneckomod:UnknownClassYURI_RED+1"],"picked":"sneckomod:DiceCrush","floor":38.0},{"not_picked":["Collect","Swivel"],"picked":"EmptyFist","floor":39.0},{"not_picked":["sneckomod:UnknownWeak+1","sneckomod:SoulRoll+1"],"picked":"sneckomod:UnknownVulnerable+1","floor":39.0},{"not_picked":["Tantrum","WindmillStrike"],"picked":"DevaForm","floor":42.0},{"not_picked":["sneckomod:Unknown1Cost+1","sneckomod:UnknownClassYURI_PURPLE+1"],"picked":"sneckomod:UnknownRareAttack+1","floor":42.0},{"not_picked":["sneckomod:UnknownX+1","sneckomod:Unknown2Cost+1"],"picked":"sneckomod:Restock+1","floor":42.0},{"not_picked":["Evaluate","Blasphemy"],"picked":"Tantrum","floor":43.0},{"not_picked":["sneckomod:TrashToTreasure+1","sneckomod:Unknown0Cost+1"],"picked":"sneckomod:SnekBeam+1","floor":43.0},{"not_picked":["Alpha","Replay:LoomingThreat"],"picked":"Worship","floor":44.0},{"not_picked":["sneckomod:UnknownClassYURI_RED+1","sneckomod:Unknown3Cost+1"],"picked":"sneckomod:UnknownRareSkill+1","floor":44.0},{"not_picked":["sneckomod:UnknownClassYURI_PURPLE+1","sneckomod:QuickBite"],"picked":"sneckomod:WideSting+1","floor":44.0},{"not_picked":["Devotion","Meditate"],"picked":"Judgement","floor":46.0},{"not_picked":["sneckomod:UnknownUncommonPower","sneckomod:MorePower"],"picked":"sneckomod:SoulDraw+1","floor":46.0}],"player_experience":717950,"relics_obtained":[{"floor":4.0,"key":"Ancient Tea Set"},{"floor":4.0,"key":"Toxic Egg 2"},{"floor":4.0,"key":"hubris:Zylophone"},{"floor":7.0,"key":"Shuriken"},{"floor":24.0,"key":"Bag of Marbles"},{"floor":30.0,"key":"ReplayTheSpireMod:Lightbulb"},{"floor":41.0,"key":"aspiration:HiddenCompartment"},{"floor":42.0,"key":"Toy Ornithopter"},{"floor":43.0,"key":"infinitespire:Lucky Rock"}],"event_choices":[{"damage_healed":0.0,"max_hp_gain":5.0,"max_hp_loss":0.0,"gold_gain":0.0,"event_name":"Big Fish","player_choice":"Donut","floor":3.0,"gold_loss":0.0,"damage_taken":0.0},{"damage_healed":0.0,"max_hp_gain":0.0,"max_hp_loss":0.0,"gold_gain":0.0,"event_name":"Accursed Blacksmith","player_choice":"Rummage","floor":31.0,"gold_loss":0.0,"damage_taken":0.0,"relics_obtained":["WarpedTongs"],"cards_obtained":["Pain"]}],"is_beta":false,"boss_relics":[{"not_picked":["Runesmith:UraniumAnvil","bronze:MakeshiftBattery"],"picked":"hubris:BlackHole"},{"not_picked":["hubris:TerracottaHorce","Sozu"],"picked":"Pandora\u0027s Box"}],"items_purged_floors":[46],"is_endless":false,"potions_floor_spawned":[2,10,12,13,19,22,23,27,28,29,30,32,33,36,37,38,39,42,43,44,46],"killed_by":"Transient","ascension_level":0}}