{"host":"w7o06k3e8uel8euj","time":1614134144,"event":{"mods":["AchievementEnabler","Act Like it!","BaseMod","Colored Powertips","Custom Start","DeckTracker","Keyboard Shortcuts","Minty Spire (QoL Compilation)","Quick Restart","Relic Stats","Ruina","StSLib","SuperFastMode","everything is the same but u backflip on backflip"],"gold_per_floor":[19,37,54,67,67,67,98,98,98,124,124,124,155,174,174,265,265,290,100,125,125,125,168,186,186,186,207,222,258,93,126,126,219,219,232,252,275,341,367,405,421,435,480,505,94,117,160,181,181,181,181,181,181,81,121,121],"floor_reached":57,"language":"KOR","playtime":1248,"items_purged":["Havoc","Cleave"],"score":3732,"play_id":"7f3ed21a-1c92-4a4c-9d48-cb2a7c8b17e6","local_time":"20210224113544","is_ascension_mode":true,"campfire_choices":[{"data":"Shrug It Off","floor":6,"key":"SMITH"},{"floor":8,"key":"RECALL"},{"data":"Body Slam","floor":15,"key":"SMITH"},{"floor":32,"key":"DIG"},{"data":"1","floor":49,"key":"LIFT"},{"data":"2","floor":53,"key":"LIFT"}],"circlet_count":0,"master_deck":["Pommel Strike+1","Pommel Strike+1","Shrug It Off+1","Body Slam+1","Barricade+1","ruina:GoldRush+1","ruina:GoldRush+1","Offering","Twin Strike","Flex+1","Evolve"],"relics":["Burning Blood","Sundial","TheAbacus","Shuriken","Ornamental Fan","Singing Bowl","Paper Frog","PreservedInsect","Bottled Lightning","Golden Idol","Blood Vial","Coffee Dripper","Darkstone Periapt","ruina:PrescriptsGrace","Ornamental Fan","Bag of Preparation","TheAbacus","Shovel","Lantern","SlaversCollar","Girya","Art of War","Red Skull","Torii","Question Card","Incense Burner"],"acts_visited":["Exordium","Exordium","TheBeyond","TheEnding"],"potions_floor_usage":[23,33,46,56,56],"damage_taken":[{"damage":0,"enemies":"Cultist","floor":1,"turns":2},{"damage":0,"enemies":"Jaw Worm","floor":2,"turns":1},{"damage":0,"enemies":"2 Louse","floor":3,"turns":1},{"damage":0,"enemies":"2 Fungi Beasts","floor":4,"turns":1},{"damage":0,"enemies":"Gremlin Nob","floor":7,"turns":1},{"damage":0,"enemies":"Lagavulin","floor":10,"turns":1},{"damage":0,"enemies":"3 Sentries","floor":13,"turns":1},{"damage":0,"enemies":"Exordium Wildlife","floor":14,"turns":1},{"damage":0,"enemies":"Slime Boss","floor":16,"turns":1},{"damage":0,"enemies":"ruina:3_Bats","floor":18,"turns":1},{"damage":0,"enemies":"ruina:Nosferatu","floor":20,"turns":1},{"damage":0,"enemies":"ruina:Mountain","floor":23,"turns":3},{"damage":0,"enemies":"ruina:Woodsman","floor":24,"turns":1},{"damage":0,"enemies":"ruina:KnightOfDespair","floor":27,"turns":1},{"damage":0,"enemies":"ruina:3_Scarecrows","floor":28,"turns":1},{"damage":0,"enemies":"ruina:ServantOfWrath","floor":29,"turns":1},{"damage":0,"enemies":"ruina:Mountain","floor":31,"turns":3},{"damage":0,"enemies":"ruina:Red_and_Wolf","floor":33,"turns":2},{"damage":0,"enemies":"3 Shapes","floor":35,"turns":1},{"damage":6,"enemies":"3 Darklings","floor":36,"turns":1},{"damage":6,"enemies":"Writhing Mass","floor":37,"turns":1},{"damage":0,"enemies":"2 Orb Walkers","floor":38,"turns":1},{"damage":6,"enemies":"Reptomancer","floor":40,"turns":1},{"damage":6,"enemies":"Spire Growth","floor":41,"turns":1},{"damage":6,"enemies":"Transient","floor":42,"turns":3},{"damage":6,"enemies":"4 Shapes","floor":44,"turns":1},{"damage":16,"enemies":"Maw","floor":46,"turns":3},{"damage":6,"enemies":"Nemesis","floor":47,"turns":1},{"damage":6,"enemies":"Writhing Mass","floor":48,"turns":1},{"damage":6,"enemies":"Donu and Deca","floor":50,"turns":1},{"damage":6,"enemies":"Time Eater","floor":51,"turns":4},{"damage":6,"enemies":"Shield and Spear","floor":55,"turns":1},{"damage":12,"enemies":"The Heart","floor":56,"turns":4}],"seed_played":"-3142518943203627661","potions_obtained":[{"floor":3,"key":"EssenceOfSteel"},{"floor":10,"key":"Weak Potion"},{"floor":13,"key":"Energy Potion"},{"floor":23,"key":"Energy Potion"},{"floor":35,"key":"SneckoOil"},{"floor":38,"key":"Fruit Juice"},{"floor":46,"key":"Block Potion"},{"floor":47,"key":"Regen Potion"}],"is_trial":false,"path_per_floor":["M","M","M","M","T","R","E","R","T","E","?","?","E","M","R","B",null,"M","$","M","?","?","E","M","?","T","M","M","E","$","E","R","B",null,"M","M","M","?","T","E","M","M","T","M","$","M","E","M","R","B","B",null,"R","$","E","B",null],"character_chosen":"IRONCLAD","items_purchased":["ruina:GoldRush","TheAbacus","Torii"],"campfire_rested":0,"item_purchase_floors":[19,30,45],"current_hp_per_floor":[88,89,89,89,89,89,91,91,91,93,61,103,105,105,105,105,105,107,107,109,66,45,55,65,65,65,75,85,95,95,105,105,113,119,121,123,123,123,123,125,125,127,127,127,127,124,128,132,132,134,136,138,138,138,140,140],"gold":121,"neow_bonus":"TWENTY_PERCENT_HP_BONUS","is_daily":false,"chose_seed":false,"campfire_upgraded":2,"win_rate":0.0,"timestamp":1614134144,"path_taken":["M","M","M","M","?","R","E","R","T","E","?","?","E","M","R","BOSS","M","$","M","?","?","E","M","?","T","M","?","E","?","E","R","BOSS","M","M","M","?","?","E","M","M","T","M","$","M","E","M","R","BOSS","BOSS","R","$","E","BOSS"],"items_purchased_type":["Card","Relic","Relic"],"build_version":"2020-12-22","purchased_purges":2,"victory":true,"max_hp_per_floor":[89,89,89,89,89,89,91,91,91,93,93,103,105,105,105,105,105,107,107,109,109,109,111,113,113,113,115,117,119,119,121,121,121,121,121,123,123,123,123,125,125,127,127,127,127,134,136,138,138,138,138,138,138,138,140,140],"relic_stats":{"Darkstone Periapt":0,"Singing Bowl":36,"Torii":0,"counters":[33,49],"Golden Idol":220,"PreservedInsect":420,"Bag of Preparation":[34],"Question Card":2,"Burning Blood":121,"Blood Vial":24,"TheAbacus":[4776],"Shovel":1,"Sundial":[340],"Shuriken":[100],"Ornamental Fan":[688],"Art of War":[0],"obtain_stats":[{"Darkstone Periapt":23,"Lantern":32,"Singing Bowl":5,"Torii":45,"Bag of Preparation":29,"Incense Burner":55,"Burning Blood":0,"Blood Vial":13,"Frozen Eye":28,"TheAbacus":0,"Shovel":31,"Sundial":0,"ruina:Prescript":25,"ruina:PrescriptsGrace":44,"Red Skull":43,"Paper Frog":7,"Girya":38,"Golden Idol":11,"PreservedInsect":9,"Question Card":47,"SlaversCollar":34,"Shuriken":0,"Ornamental Fan":0,"Coffee Dripper":17,"Art of War":40,"Bottled Lightning":10},{"Darkstone Periapt":12,"Lantern":17,"Singing Bowl":4,"Torii":26,"Bag of Preparation":16,"Incense Burner":32,"Burning Blood":0,"Blood Vial":7,"Frozen Eye":14,"TheAbacus":0,"Shovel":17,"Sundial":0,"ruina:Prescript":13,"ruina:PrescriptsGrace":26,"Red Skull":25,"Paper Frog":5,"Girya":22,"Golden Idol":6,"PreservedInsect":5,"Question Card":28,"SlaversCollar":18,"Shuriken":0,"Ornamental Fan":0,"Coffee Dripper":9,"Art of War":23,"Bottled Lightning":6},{"Darkstone Periapt":15,"Lantern":22,"Singing Bowl":5,"Torii":34,"Bag of Preparation":19,"Incense Burner":45,"Burning Blood":0,"Blood Vial":8,"Frozen Eye":17,"TheAbacus":0,"Shovel":22,"Sundial":0,"ruina:Prescript":16,"ruina:PrescriptsGrace":34,"Red Skull":33,"Paper Frog":6,"Girya":28,"Golden Idol":7,"PreservedInsect":6,"Question Card":38,"SlaversCollar":24,"Shuriken":0,"Ornamental Fan":0,"Coffee Dripper":10,"Art of War":29,"Bottled Lightning":7}]},"card_choices":[{"not_picked":["Thunderclap","Pommel Strike"],"picked":"Shrug It Off","floor":1},{"not_picked":["Shrug It Off","Combust","Rage"],"picked":"SKIP","floor":2},{"not_picked":["Wild Strike","Cleave","Thunderclap"],"picked":"SKIP","floor":3},{"not_picked":["Clothesline","Thunderclap","Iron Wave"],"picked":"SKIP","floor":4},{"not_picked":["Dropkick","Impervious","Cleave"],"picked":"Singing Bowl","floor":7},{"not_picked":["Reckless Charge","Cleave","Anger"],"picked":"Singing Bowl","floor":10},{"not_picked":["Dropkick","Iron Wave","Flex"],"picked":"Singing Bowl","floor":13},{"not_picked":["Havoc","Heavy Blade"],"picked":"Body Slam","floor":14},{"not_picked":["Fiend Fire","Immolate"],"picked":"Barricade","floor":16},{"not_picked":["Anger","Battle Trance+1","Perfected Strike"],"picked":"Singing Bowl","floor":18},{"not_picked":["Twin Strike","Feel No Pain","Armaments"],"picked":"Singing Bowl","floor":20},{"not_picked":["Perfected Strike","Clothesline","Shockwave"],"picked":"Singing Bowl","floor":23},{"not_picked":["Limit Break","Perfected Strike","Flame Barrier"],"picked":"Singing Bowl","floor":24},{"not_picked":["Bloodletting","Cleave","Disarm"],"picked":"Singing Bowl","floor":27},{"not_picked":["Shrug It Off","Feel No Pain","Seeing Red"],"picked":"Singing Bowl","floor":28},{"not_picked":["Perfected Strike","Dark Embrace","Battle Trance+1"],"picked":"Singing Bowl","floor":29},{"not_picked":["Warcry+1","Twin Strike","Anger+1"],"picked":"Singing Bowl","floor":31},{"not_picked":["Double Tap","Corruption"],"picked":"Offering","floor":33},{"not_picked":["Dropkick+1","Power Through"],"picked":"Twin Strike","floor":35},{"not_picked":["Clash","Headbutt+1","Perfected Strike"],"picked":"Singing Bowl","floor":36},{"not_picked":["Shockwave","Heavy Blade"],"picked":"Havoc","floor":37},{"not_picked":["Anger","Clothesline"],"picked":"Flex+1","floor":38},{"not_picked":["Hemokinesis","Shrug It Off","Fiend Fire"],"picked":"Singing Bowl","floor":40},{"not_picked":["Blood for Blood","Body Slam"],"picked":"Evolve","floor":41},{"not_picked":["Havoc+1","Intimidate","Headbutt"],"picked":"Singing Bowl","floor":42},{"not_picked":["Havoc","Power Through"],"picked":"Cleave","floor":44},{"not_picked":["Body Slam","Rage","Thunderclap"],"picked":"Singing Bowl","floor":46},{"not_picked":["Headbutt","Shrug It Off+1","Pummel+1"],"picked":"Singing Bowl","floor":47},{"not_picked":["Burning Pact","Iron Wave","Clash","Twin Strike"],"picked":"Singing Bowl","floor":48},{"not_picked":["Warcry+1","Wild Strike","Dual Wield","Disarm+1"],"picked":"Singing Bowl","floor":55}],"player_experience":535604,"relics_obtained":[{"floor":5,"key":"Singing Bowl"},{"floor":7,"key":"Paper Frog"},{"floor":9,"key":"PreservedInsect"},{"floor":10,"key":"Bottled Lightning"},{"floor":13,"key":"Blood Vial"},{"floor":23,"key":"Darkstone Periapt"},{"floor":26,"key":"Ornamental Fan"},{"floor":29,"key":"Bag of Preparation"},{"floor":31,"key":"Shovel"},{"floor":32,"key":"Lantern"},{"floor":38,"key":"Girya"},{"floor":40,"key":"Art of War"},{"floor":43,"key":"Red Skull"},{"floor":47,"key":"Question Card"},{"floor":55,"key":"Incense Burner"}],"event_choices":[{"damage_healed":0,"gold_gain":0,"player_choice":"Take Damage","damage_taken":32,"relics_obtained":["Golden Idol"],"max_hp_gain":0,"max_hp_loss":0,"event_name":"Golden Idol","floor":11,"gold_loss":0},{"cards_removed":["Barricade"],"damage_healed":32,"gold_gain":0,"player_choice":"Offered Rare","damage_taken":0,"max_hp_gain":10,"max_hp_loss":0,"event_name":"Bonfire Elementals","floor":12,"gold_loss":0},{"damage_healed":0,"gold_gain":0,"player_choice":"Fight","damage_taken":0,"max_hp_gain":0,"max_hp_loss":0,"event_name":"Mysterious Sphere","floor":38,"gold_loss":0}],"is_beta":false,"boss_relics":[{"not_picked":["Busted Crown","Empty Cage"],"picked":"Coffee Dripper"},{"not_picked":["Snecko Eye","Cursed Key"],"picked":"SlaversCollar"}],"items_purged_floors":[45,54],"is_endless":false,"potions_floor_spawned":[3,10,13,16,20,23,27,28,35,38,41,46,47],"ascension_level":20}}