{"host":"zcqxp6x6rw0ud13y","time":1614205219,"event":{"mods":["Aspiration","Bard","BaseMod","Beaked The Cultist","Bestiary","Better Altar","Better Match","Better Note","Better Sensory Stone","Better Skull","Better Third Choice","ChefMod","Colored Map","Colored Powertips","Conspire","Downfall","Energized Spire","Friendly Minions","Gremlin Mod","Highlight Path","Hubris","Infinite Spire","Minty Spire (QoL Compilation)","Random Character Button","Rare Cards Sparkle","Reliquary","Replay The Spire","SIMod","Slumbering Mod","Spicy Shops","StSLib","The Blue Laboratory","The Cursed","The Disciple","The Dragon Tamer","The Gatherer","The Hierophant","The Runesmith","The Showman","The Spell Scribe","The Trickster","The Valiant","TheBandit","TheFirefly","Trackpad","Wandering Minibosses"],"gold_per_floor":[111,111,127,6,6,32,42,57,83,100,115,15,15,29,29,130,130,143,156,176,176,176,176,206,206,230,245,257,257,257,286,286,386,386,406,426,426,426,438,438,453,453,453,453,453,12,29,29,29],"floor_reached":48,"language":"ENG","playtime":3928,"items_purged":["chefmod:Strike","chefmod:Strike","chefmod:Strike"],"score":549,"play_id":"77270cf8-8df5-4cf3-9866-3050a305d326","local_time":"20210224232019","is_ascension_mode":false,"campfire_choices":[{"data":"chefmod:SushiPlatter","floor":13,"key":"SMITH"},{"floor":15,"key":"REST"},{"data":"hubris:InfiniteBlow+4","floor":23,"key":"SMITH"},{"floor":29,"key":"REST"},{"data":"GremboGang","floor":32,"key":"SMITH"},{"data":"hubris:InfiniteBlow+6","floor":40,"key":"SMITH"},{"data":"hubris:InfiniteBlow+7","floor":42,"key":"SMITH"},{"data":"hubris:InfiniteBlow+8","floor":45,"key":"SMITH"}],"circlet_count":0,"master_deck":["chefmod:QuickThaw","chefmod:Defend","chefmod:Defend","chefmod:Defend","chefmod:Defend+1","chefmod:TodaysSpecial","chefmod:TonkotsuRamen","chefmod:Chop","chefmod:Gelato","chefmod:SliceAndDice","chefmod:Granita","chefmod:IcePick","Pot Of Greed","Pot Of Greed","chefmod:SushiPlatter+1","chefmod:FryPan","chefmod:BaoBuns","chefmod:HotSoup","hubris:InfiniteBlow+9","infinitespire:SevenWalls+1","GremboGang+1","chefmod:TastyDistraction","chefmod:Granita","chefmod:Gelato","Pot Of Greed","chefmod:FreezeSolid"],"relics":["chefmod:TrustyPot","NeowsBlessing","reliquary:Vitrine","MealTicket","aspiration:HiddenCompartment","hubris:ToyBattleship","Boot","Grinning Jar","reliquary:ThirdArm","hubris:CuriousFeather","aspiration:StickyExplosives_weak","MutagenicStrength","chefmod:RollingPin","aspiration:PoetsPen_weak","Replay:Wax Seal","Replay:Bottled Flurry","reliquary:PrincelyHelmet"],"acts_visited":["Exordium","TheCity","TheBeyond"],"potions_floor_usage":[31],"damage_taken":[{"damage":0,"enemies":"Cultist","floor":1,"turns":1},{"damage":0,"enemies":"Jaw Worm","floor":3,"turns":1},{"damage":0,"enemies":"Gremlin Nob","floor":6,"turns":1},{"damage":0,"enemies":"theSlumbering:NewCultist","floor":7,"turns":5},{"damage":5,"enemies":"Lots of Slimes","floor":8,"turns":4},{"damage":8,"enemies":"Red Slaver","floor":10,"turns":5},{"damage":0,"enemies":"theSlumbering:NewSlaver","floor":11,"turns":4},{"damage":3,"enemies":"Lots of Slimes","floor":14,"turns":3},{"damage":25,"enemies":"Slime Boss","floor":16,"turns":13},{"damage":0,"enemies":"Chosen","floor":18,"turns":3},{"damage":20,"enemies":"Shell Parasite","floor":19,"turns":6},{"damage":16,"enemies":"Centurion and Healer","floor":20,"turns":8},{"damage":0,"enemies":"Nightmare","floor":24,"turns":6},{"damage":4,"enemies":"Chosen and Byrds","floor":27,"turns":3},{"damage":19,"enemies":"Snecko","floor":28,"turns":4},{"damage":0,"enemies":"Book of Stabbing","floor":31,"turns":4},{"damage":14,"enemies":"hubris:MusketHawk","floor":33,"turns":7},{"damage":0,"enemies":"Orb Walker","floor":35,"turns":2},{"damage":3,"enemies":"3 Shapes","floor":36,"turns":5},{"damage":19,"enemies":"3 Darklings","floor":39,"turns":5},{"damage":0,"enemies":"Writhing Mass","floor":41,"turns":4},{"damage":0,"enemies":"Spire Growth","floor":47,"turns":4},{"damage":70,"enemies":"4 Shapes","floor":48,"turns":10}],"seed_played":"6067930857008816374","potions_obtained":[{"floor":1,"key":"FearPotion"},{"floor":6,"key":"FearPotion"},{"floor":10,"key":"blueLaboratory:BottleOfRum"},{"floor":27,"key":"blueLaboratory:FrostheartPotion"},{"floor":39,"key":"champ:CounterPotion"},{"floor":41,"key":"PowerPotion"}],"is_trial":false,"path_per_floor":["M","T","M","$","?","E","M","M","T","M","M","$","R","M","R","B",null,"M","M","M","AVR","?","R","NM","?","T","M","M","R","?","E","R","B",null,"M","M","AVR","?","M","R","M","R","T","?","R","$","M","M"],"character_chosen":"THE_CHEF","items_purchased":["chefmod:Gelato","chefmod:FreezeSolid","reliquary:PrincelyHelmet"],"campfire_rested":2,"item_purchase_floors":[4,46,46],"current_hp_per_floor":[76,76,76,76,21,21,21,16,16,8,8,23,23,20,42,17,76,76,56,40,40,40,40,40,40,40,36,17,39,39,39,39,25,76,76,73,73,73,54,54,54,54,54,54,54,69,69,0,0],"gold":29,"neow_bonus":"THREE_ENEMY_KILL","is_daily":false,"chose_seed":false,"campfire_upgraded":6,"win_rate":0.0,"timestamp":1614205219,"path_taken":["M","?","?","$","?","E","M","?","T","M","M","?","R","M","R","BOSS","M","?","M","AVR","?","R","NM","?","T","M","M","R","?","E","R","BOSS","M","M","AVR","?","M","R","?","R","T","?","R","$","M","M"],"items_purchased_type":["Card","Card","Relic"],"build_version":"2020-12-22","purchased_purges":3,"victory":false,"max_hp_per_floor":[76,76,76,76,76,76,76,76,76,76,76,76,76,76,76,76,76,76,76,76,76,76,76,76,76,76,76,76,76,76,76,76,76,76,76,76,76,76,76,76,76,76,76,76,76,76,76,76,76],"card_choices":[{"not_picked":["chefmod:HotSoup","chefmod:Fillet"],"picked":"chefmod:TonkotsuRamen","floor":1},{"not_picked":["chefmod:Defrost","chefmod:Puree"],"picked":"chefmod:Chop","floor":3},{"not_picked":["chefmod:CayenneCloud","chefmod:LiquidNitrogen"],"picked":"chefmod:SliceAndDice","floor":6},{"not_picked":["chefmod:Cleavers","chefmod:SliceAndDice"],"picked":"chefmod:Granita","floor":7},{"not_picked":["chefmod:ZaruSoba","chefmod:DinoKale"],"picked":"chefmod:IcePick","floor":8},{"not_picked":["chefmod:BleedOut","chefmod:Chop","chefmod:GroceryDelivery"],"picked":"SKIP","floor":10},{"not_picked":["chefmod:SaveForLater","chefmod:CayenneCloud"],"picked":"chefmod:SushiPlatter","floor":11},{"not_picked":["chefmod:ZaruSoba","chefmod:SearedScallops","chefmod:Defrost"],"picked":"SKIP","floor":14},{"not_picked":["chefmod:GroceryDelivery","chefmod:SliceAndDice"],"picked":"chefmod:FryPan","floor":18},{"not_picked":["chefmod:FireUp+1","chefmod:Defrost"],"picked":"chefmod:BaoBuns","floor":19},{"not_picked":["chefmod:Granita","chefmod:DinoKale"],"picked":"chefmod:HotSoup","floor":20},{"not_picked":["chefmod:VegetableTart","chefmod:Fillet","chefmod:Leftovers"],"picked":"SKIP","floor":24},{"not_picked":["chefmod:IcePick","chefmod:Fillet","chefmod:Chop"],"picked":"SKIP","floor":27},{"not_picked":["chefmod:ColdSteel+1","chefmod:DeathByChocolate","chefmod:BaoBuns"],"picked":"SKIP","floor":28},{"not_picked":["chefmod:FarmersMarket","chefmod:TonkotsuRamen","chefmod:HotSoup"],"picked":"SKIP","floor":31},{"not_picked":["chefmod:BananaSplit","chefmod:RaidPantry"],"picked":"chefmod:TastyDistraction","floor":33},{"not_picked":["chefmod:Chop","chefmod:FullBurn"],"picked":"chefmod:Granita","floor":35},{"not_picked":["chefmod:IceCreamCone","chefmod:Leftovers+1","chefmod:SliceAndDice+1"],"picked":"SKIP","floor":36},{"not_picked":["chefmod:DoubleChop+1","chefmod:Bruschetta+1"],"picked":"chefmod:Gelato","floor":39},{"not_picked":["chefmod:ColdSteel","chefmod:FullBurn","chefmod:DinoKale"],"picked":"SKIP","floor":41},{"not_picked":["chefmod:Bruschetta","chefmod:Fillet","chefmod:BaoBuns"],"picked":"SKIP","floor":47}],"player_experience":119170,"relics_obtained":[{"floor":2,"key":"reliquary:Vitrine"},{"floor":6,"key":"Boot"},{"floor":9,"key":"Grinning Jar"},{"floor":24,"key":"aspiration:StickyExplosives_weak"},{"floor":26,"key":"Gremlin Food"},{"floor":31,"key":"chefmod:RollingPin"},{"floor":43,"key":"Replay:Bottled Flurry"}],"event_choices":[{"damage_healed":0,"gold_gain":0,"player_choice":"RE RE RE ","damage_taken":61,"relics_obtained":["MealTicket","aspiration:HiddenCompartment","hubris:ToyBattleship"],"max_hp_gain":0,"max_hp_loss":0,"event_name":"betterSkull:BetterSkull","floor":5,"gold_loss":0,"cards_upgraded":[]},{"cards_removed":["hubris:InfiniteBlow"],"damage_healed":0,"gold_gain":0,"player_choice":"Take \u0026 Give","damage_taken":0,"max_hp_gain":0,"max_hp_loss":0,"event_name":"betterNote:BetterNote","floor":22,"gold_loss":0,"cards_obtained":["infinitespire:SevenWalls"]},{"damage_healed":0,"gold_gain":0,"player_choice":"Inject Mutagens","damage_taken":0,"relics_obtained":["MutagenicStrength"],"max_hp_gain":0,"max_hp_loss":0,"event_name":"Drug Dealer","floor":25,"gold_loss":0},{"damage_healed":0,"gold_gain":0,"player_choice":"Upgraded","damage_taken":0,"max_hp_gain":0,"max_hp_loss":0,"event_name":"Upgrade Shrine","floor":38,"gold_loss":0,"cards_upgraded":["hubris:InfiniteBlow"]}],"is_beta":false,"boss_relics":[{"not_picked":["energizedSpire:SpiderWeb","Fusion Hammer"],"picked":"reliquary:ThirdArm"},{"not_picked":["conspire:SlowCooker","reliquary:Craggleroot"],"picked":"aspiration:PoetsPen_weak"}],"items_purged_floors":[4,12,46],"is_endless":true,"potions_floor_spawned":[1,6,10,16,20,24,27,39,41],"killed_by":"4 Shapes","ascension_level":0}}