{"host":"skr63qsdfgeey3it","time":1614141345,"event":{"mods":["BaseMod","Colored Map","Hubris","Minty Spire (QoL Compilation)","Monster B Gone","Reliquary","Replay The Spire","Spicy Shops","StSLib"],"gold_per_floor":[114,163,8,18,68,102,102,132,132,132,132,407,407,407],"floor_reached":13,"language":"ENG","playtime":210,"items_purged":["Strike_B"],"score":205,"play_id":"6ba38403-7399-4f77-a2fc-5da9eced4aba","local_time":"20210223223545","is_ascension_mode":true,"campfire_choices":[{"data":"Gash","floor":7,"key":"SMITH"}],"circlet_count":0,"master_deck":["AscendersBane","Strike_B","Strike_B","Strike_B","Defend_B","Defend_B","Defend_B","Defend_B","Zap","Dualcast","BasicCrystalCard","Defragment","Gash+1","Storm","Hologram","Go for the Eyes","Regret"],"relics":["Cracked Core","NeowsBlessing","White Beast Statue","reliquary:Aerogel","PreservedInsect","reliquary:SilkGlove","reliquary:TuningFork"],"acts_visited":["Exordium"],"potions_floor_usage":[13,13],"damage_taken":[{"damage":0,"enemies":"Cultist","floor":1,"turns":1},{"damage":0,"enemies":"Jaw Worm","floor":4,"turns":1},{"damage":0,"enemies":"Gremlin Nob","floor":6,"turns":1},{"damage":27,"enemies":"Lagavulin","floor":8,"turns":4},{"damage":2,"enemies":"3 Sentries","floor":13,"turns":2}],"seed_played":"-7216674667143852270","potions_obtained":[{"floor":2,"key":"PotionOfCapacity"},{"floor":4,"key":"Toxic Potion"},{"floor":8,"key":"Block Potion"}],"is_trial":false,"path_per_floor":["M","?","$","M","T","E","R","E","T","PTL","PTL","?","E"],"character_chosen":"DEFECT","items_purchased":["Gash"],"campfire_rested":0,"item_purchase_floors":[3],"current_hp_per_floor":[64,36,36,36,36,36,36,9,9,9,9,9,7,7],"gold":407,"neow_bonus":"THREE_ENEMY_KILL","is_daily":false,"chose_seed":false,"campfire_upgraded":1,"win_rate":0.0,"timestamp":1614141345,"path_taken":["M","?","$","?","?","E","R","E","T","PTL","PTL","?","E"],"items_purchased_type":["Card"],"build_version":"2020-12-22","purchased_purges":1,"victory":false,"max_hp_per_floor":[71,71,71,71,71,71,71,71,71,71,71,71,71,71],"card_choices":[{"not_picked":["Compile Driver","Double Energy"],"picked":"BasicCrystalCard","floor":1},{"not_picked":["Recycle","Undo"],"picked":"Defragment","floor":2},{"not_picked":["Cold Snap","Compile Driver"],"picked":"Storm","floor":4},{"not_picked":["BasicCrystalCard","ReplayTheSpireMod:Reroute Power"],"picked":"Hologram","floor":6},{"not_picked":["Sunder","Turbo"],"picked":"Go for the Eyes","floor":8}],"player_experience":1004623,"relics_obtained":[{"floor":2,"key":"White Beast Statue"},{"floor":5,"key":"reliquary:Aerogel"},{"floor":6,"key":"PreservedInsect"},{"floor":8,"key":"reliquary:SilkGlove"},{"floor":9,"key":"reliquary:TuningFork"}],"event_choices":[{"damage_healed":0,"gold_gain":275,"player_choice":"Desecrate","damage_taken":0,"max_hp_gain":0,"max_hp_loss":0,"event_name":"Golden Shrine","floor":12,"gold_loss":0,"cards_obtained":["Regret"]}],"is_beta":false,"boss_relics":[],"items_purged_floors":[3],"is_endless":false,"potions_floor_spawned":[4,6,8],"killed_by":"3 Sentries","ascension_level":16}}