{"host":"qfskrnw3pl1q86j0","time":1614207641,"event":{"mods":["BaseMod","Block Reminder","Hermit","Marisa????????","Minty Spire (QoL Compilation)","Quick Restart","Random Character Button","Relic Stats","StSLib","The Poker Player","slay the spire mod where everything is the same but ironclad has a cowboy hat"],"gold_per_floor":[116,116,126,136,148,148,182,197,197,216,216,216,247,261,261,361,361,377,1,18,30,30,63,63,63,63,63,77,106,31,45,45,45,45],"floor_reached":33,"language":"ENG","playtime":1102,"items_purged":["Strike_P"],"score":324,"play_id":"b91331b1-b225-4f51-99fd-aa7bd62948fd","local_time":"20210225000041","is_ascension_mode":false,"campfire_choices":[{"data":"Eruption","floor":6.0,"key":"SMITH"},{"data":"Wallop","floor":11.0,"key":"SMITH"},{"data":"TalkToTheHand","floor":15.0,"key":"SMITH"},{"data":"Devotion","floor":24,"key":"SMITH"},{"data":"Alpha","floor":27,"key":"SMITH"},{"data":"SashWhip","floor":32,"key":"SMITH"}],"circlet_count":0,"master_deck":["Strike_P","Strike_P","Defend_P","Defend_P","Defend_P","Defend_P","Eruption+1","Vigilance","Consecrate","EmptyBody","PathToVictory","Wallop+1","Devotion+1","BowlingBash","EmptyFist","TalkToTheHand+1","Alpha+1","FearNoEvil","MasterReality","Meditate","SashWhip+1","DevaForm","Vengeance","PathToVictory"],"relics":["PureWater","Happy Flower","Ginger","Yang","Incense Burner","Cursed Key","Eternal Feather","Juzu Bracelet","Meat on the Bone"],"acts_visited":["Exordium","TheCity"],"potions_floor_usage":[23,23],"damage_taken":[{"damage":0.0,"enemies":"2 Louse","floor":1.0,"turns":2.0},{"damage":0.0,"enemies":"Cultist","floor":3.0,"turns":3.0},{"damage":1.0,"enemies":"Jaw Worm","floor":4.0,"turns":4.0},{"damage":0.0,"enemies":"Exordium Thugs","floor":5.0,"turns":3.0},{"damage":15.0,"enemies":"3 Sentries","floor":7.0,"turns":7.0},{"damage":0.0,"enemies":"Blue Slaver","floor":8.0,"turns":1.0},{"damage":1.0,"enemies":"2 Fungi Beasts","floor":10.0,"turns":2.0},{"damage":0.0,"enemies":"Gremlin Nob","floor":13.0,"turns":4.0},{"damage":1.0,"enemies":"Large Slime","floor":14.0,"turns":5.0},{"damage":40.0,"enemies":"The Guardian","floor":16.0,"turns":8.0},{"damage":11,"enemies":"Chosen","floor":18,"turns":5},{"damage":10,"enemies":"Spheric Guardian","floor":20,"turns":4},{"damage":15,"enemies":"Snake Plant","floor":21,"turns":5},{"damage":9,"enemies":"Slavers","floor":23,"turns":7},{"damage":8,"enemies":"Centurion and Healer","floor":28,"turns":4},{"damage":12,"enemies":"Book of Stabbing","floor":29,"turns":5},{"damage":7,"enemies":"Shelled Parasite and Fungi","floor":31,"turns":6},{"damage":77,"enemies":"Automaton","floor":33,"turns":6}],"seed_played":"-1262705574927902183","potions_obtained":[{"floor":1.0,"key":"DuplicationPotion"},{"floor":4.0,"key":"LiquidMemories"},{"floor":7.0,"key":"Swift Potion"},{"floor":13.0,"key":"Block Potion"},{"floor":21,"key":"EssenceOfSteel"},{"floor":31,"key":"BottledMiracle"}],"is_trial":false,"path_per_floor":["M","?","M","M","M","R","E","M","T","M","R","?","E","M","R","B",null,"M","$","M","M","?","E","R","$","T","R","M","E","$","M","R","B"],"character_chosen":"WATCHER","items_purchased":["MasterReality","Eternal Feather"],"campfire_rested":0,"item_purchase_floors":[19,19],"current_hp_per_floor":[72,65,65,64,64,64,49,49,49,48,48,48,48,47,47,7,72,61,61,51,36,36,27,39,39,39,51,43,31,31,36,48,0,0],"gold":45,"neow_bonus":"TRANSFORM_CARD","is_daily":false,"chose_seed":false,"campfire_upgraded":6,"win_rate":0.0,"timestamp":1614207641,"path_taken":["M","?","?","M","M","R","E","M","T","?","R","?","E","?","R","BOSS","M","$","M","M","?","E","R","?","T","R","M","E","$","M","R","BOSS"],"items_purchased_type":["Card","Relic"],"build_version":"2020-12-22","purchased_purges":1,"victory":false,"max_hp_per_floor":[72,72,72,72,72,72,72,72,72,72,72,72,72,72,72,72,72,72,72,72,72,72,72,72,72,72,72,72,72,72,72,72,72,72],"relic_stats":{"Happy Flower":[20],"counters":[18,81],"Yang":[106],"Eternal Feather":36,"Juzu Bracelet":0,"Ginger":[8],"Cursed Key":0,"obtain_stats":[{"Happy Flower":7,"Yang":12,"Eternal Feather":19,"Incense Burner":13,"Juzu Bracelet":23,"Ginger":9,"PureWater":0,"Cursed Key":17,"Meat on the Bone":29},{"Happy Flower":5,"Yang":7,"Eternal Feather":11,"Incense Burner":8,"Juzu Bracelet":14,"Ginger":6,"PureWater":0,"Cursed Key":10,"Meat on the Bone":16},{"Happy Flower":19,"Yang":22,"Eternal Feather":44,"Incense Burner":26,"Juzu Bracelet":60,"Ginger":20,"PureWater":0,"Cursed Key":39,"Meat on the Bone":69}],"Meat on the Bone":12},"card_choices":[{"not_picked":["LikeWater","Evaluate"],"picked":"FlurryOfBlows","floor":1.0},{"not_picked":["FlyingSleeves","Prostrate"],"picked":"EmptyBody","floor":3.0},{"not_picked":["WindmillStrike","Study"],"picked":"PathToVictory","floor":4.0},{"not_picked":["EmptyBody","SandsOfTime"],"picked":"Wallop","floor":5.0},{"not_picked":["Conclude","DeceiveReality"],"picked":"Devotion","floor":7.0},{"not_picked":["ClearTheMind","ForeignInfluence"],"picked":"BowlingBash","floor":8.0},{"not_picked":["FlyingSleeves","Crescendo","FlurryOfBlows"],"picked":"SKIP","floor":10.0},{"not_picked":["Halt","ReachHeaven"],"picked":"EmptyFist","floor":13.0},{"not_picked":["FollowUp","FlurryOfBlows"],"picked":"TalkToTheHand","floor":14.0},{"not_picked":["DeusExMachina","Judgement"],"picked":"Alpha","floor":16.0},{"not_picked":["Prostrate","Consecrate"],"picked":"FearNoEvil","floor":18},{"not_picked":["JustLucky","EmptyBody+1"],"picked":"Meditate","floor":20},{"not_picked":["ClearTheMind","Swivel"],"picked":"SashWhip","floor":21},{"not_picked":["Worship","BattleHymn"],"picked":"DevaForm","floor":23},{"not_picked":["Crescendo","Consecrate"],"picked":"Vengeance","floor":28},{"not_picked":["FlurryOfBlows","ClearTheMind"],"picked":"PathToVictory","floor":29},{"not_picked":["Collect","BowlingBash","FlyingSleeves"],"picked":"SKIP","floor":31}],"player_experience":1112750,"relics_obtained":[{"floor":7.0,"key":"Happy Flower"},{"floor":9.0,"key":"Ginger"},{"floor":13.0,"key":"Incense Burner"},{"floor":23,"key":"Juzu Bracelet"},{"floor":29,"key":"Meat on the Bone"}],"event_choices":[{"damage_healed":0.0,"max_hp_gain":0.0,"max_hp_loss":0.0,"gold_gain":0.0,"event_name":"Wheel of Change","player_choice":"Damaged","floor":2.0,"gold_loss":0.0,"damage_taken":7.0},{"cards_removed":["FlurryOfBlows"],"damage_healed":0.0,"max_hp_gain":0.0,"max_hp_loss":0.0,"gold_gain":0.0,"event_name":"WeMeetAgain","player_choice":"Gave Card","floor":12.0,"gold_loss":0.0,"damage_taken":0.0,"relics_obtained":["Yang"]},{"damage_healed":0,"gold_gain":0,"player_choice":"Ignored","damage_taken":0,"max_hp_gain":0,"max_hp_loss":0,"event_name":"Ghosts","floor":22,"gold_loss":0}],"is_beta":false,"boss_relics":[{"not_picked":["Empty Cage","HolyWater"],"picked":"Cursed Key"}],"items_purged_floors":[30],"is_endless":false,"potions_floor_spawned":[1,4,7,13,21,31],"killed_by":"Automaton","ascension_level":0}}