{"host":"050ensmz1fh1c58u","time":1614184777,"event":{"mods":["BaseMod","Downfall","Hubris","JesterMod","Minty Spire (QoL Compilation)","READ ME - Guardian Mod","StSLib","The Disciple","The Marked","The Necromancer","The Servant 0.9.4"],"gold_per_floor":[99,111,261,261,272,298,298,198,233,252,152,164,182,194,210,307,307,307,321,332,332,342,342,368,448,448,460,472,572,585,602,622,721,721,721,741,841,841,841],"floor_reached":38,"language":"ENG","playtime":2246,"items_purged":["theMarked:Strike"],"score":517,"play_id":"824edaaf-9b77-460b-af3f-fa82bcc8691a","local_time":"20210224173937","is_ascension_mode":false,"campfire_choices":[{"data":"sneckomod:DiceBoulder+8","floor":1,"key":"SMITH"},{"data":"sneckomod:DiceBoulder+9","floor":8,"key":"SMITH"},{"data":"sneckomod:DiceBoulder+10","floor":11,"key":"SMITH"},{"data":"sneckomod:DiceBoulder+11","floor":18,"key":"SMITH"},{"floor":35,"key":"RECALL"}],"circlet_count":0,"master_deck":["sneckomod:DiceBoulder+12","theMarked:Strike","theMarked:Strike","theMarked:Strike","theMarked:Defend","theMarked:Defend","theMarked:Defend","theMarked:Defend","theMarked:SoldierOfQuellstein","theMarked:TakeOffHeels","theMarked:Memento","theMarked:ComboAttacks","theMarked:ThrowWeapon","theMarked:TwofoldDefense","CurseOfTheBell","CurseOfTheBell","hubris:Gluttony","hubris:Compulsion","hubris:Sloth","theMarked:Challenge"],"relics":["theMarked:ArtifactOfAir","Tiny Chest","downfall:HeartBlessingBlue","Ancient Tea Set","downfall:HeartBlessingGreen","Velvet Choker","hubris:BottledHeart","Happy Flower","Strange Spoon","Sundial","Bird Faced Urn","Slimebound:PreparedRelic","hubris:TerracottaHorce","downfall:ExtraCursedBell","Nunchaku","hubris:BottledRain","hubris:GlazedTorus"],"acts_visited":["Exordium","TheCity","TheBeyond"],"potions_floor_usage":[12,16,20],"damage_taken":[{"damage":0,"enemies":"Small Slimes","floor":2,"turns":2},{"damage":0,"enemies":"Jaw Worm","floor":5,"turns":1},{"damage":0,"enemies":"Gremlin Nob","floor":6,"turns":2},{"damage":15,"enemies":"Lagavulin","floor":9,"turns":4},{"damage":0,"enemies":"Cultist","floor":10,"turns":3},{"damage":0,"enemies":"3 Louse","floor":12,"turns":4},{"damage":2,"enemies":"2 Fungi Beasts","floor":13,"turns":4},{"damage":4,"enemies":"Exordium Thugs","floor":14,"turns":5},{"damage":8,"enemies":"3 Louse","floor":15,"turns":3},{"damage":8,"enemies":"IC_STATUS_ARCHETYPE","floor":16,"turns":3},{"damage":10,"enemies":"downfall:LooterAlt2","floor":19,"turns":2},{"damage":0,"enemies":"Spheric Guardian","floor":20,"turns":3},{"damage":0,"enemies":"Shelled Parasite and Fungi","floor":22,"turns":3},{"damage":0,"enemies":"downfall:FleeingMerchant","floor":25,"turns":4},{"damage":0,"enemies":"Centurion and Healer","floor":27,"turns":7},{"damage":0,"enemies":"Cultist and Chosen","floor":28,"turns":4},{"damage":0,"enemies":"SI_SHIV_ARCHETYPE","floor":29,"turns":3},{"damage":0,"enemies":"3 Cultists","floor":30,"turns":4},{"damage":0,"enemies":"Centurion and Healer","floor":31,"turns":4},{"damage":0,"enemies":"Cultist and Chosen","floor":32,"turns":4},{"damage":0,"enemies":"WA_ARCHETYPE_CALM","floor":33,"turns":9},{"damage":0,"enemies":"3 Darklings","floor":36,"turns":5},{"damage":0,"enemies":"3 Shapes","floor":38,"turns":2}],"seed_played":"788026933522233795","potions_obtained":[{"floor":5,"key":"Ancient Potion"},{"floor":9,"key":"AttackPotion"},{"floor":14,"key":"Swift Potion"},{"floor":15,"key":"PowerPotion"},{"floor":19,"key":"FairyPotion"},{"floor":20,"key":"Swift Potion"},{"floor":32,"key":"PowerPotion"}],"is_trial":false,"path_per_floor":["R","M","?","?","M","E","T","R","E","M","R","M","M","M","M","B",null,"R","M","M","?","M","?","T","$","T","M","M","?","M","M","M","B",null,"R","M","?","M"],"character_chosen":"THE_DEFAULT","items_purchased":["Strange Spoon"],"campfire_rested":0,"item_purchase_floors":[25],"current_hp_per_floor":[72,72,72,72,72,72,72,82,67,67,67,67,65,61,53,45,82,82,72,72,1,1,1,1,1,1,1,1,1,1,1,1,1,1,1,1,1,1,1],"gold":841,"neow_bonus":"TRANSFORM_CARD","is_daily":false,"chose_seed":false,"campfire_upgraded":4,"win_rate":0.0,"timestamp":1614184777,"path_taken":["R","M","?","?","M","E","T","R","E","M","R","M","M","?","M","BOSS","R","M","M","?","M","?","T","$","?","M","M","?","?","M","M","BOSS","R","M","?","M"],"items_purchased_type":["Relic"],"build_version":"2020-12-22","purchased_purges":1,"victory":false,"max_hp_per_floor":[72,72,72,72,72,72,72,82,82,82,82,82,82,82,82,82,82,82,82,82,1,1,1,1,1,1,1,1,1,1,1,1,1,1,1,1,1,1,1],"card_choices":[{"not_picked":["theMarked:TunnelVision","theMarked:SwordAndMagic"],"picked":"theMarked:Memento","floor":2},{"not_picked":["theMarked:TunnelVision","theMarked:EmpowerWeapon","theMarked:Determination"],"picked":"SKIP","floor":5},{"not_picked":["theMarked:Electrocute","theMarked:Parkour","theMarked:Generate"],"picked":"SKIP","floor":6},{"not_picked":["theMarked:ChainLightning","theMarked:Pokerface"],"picked":"theMarked:ComboAttacks","floor":9},{"not_picked":["theMarked:SwordAndMagic","theMarked:Panic","theMarked:Parkour"],"picked":"SKIP","floor":10},{"not_picked":["theMarked:ParalyzingBlade","theMarked:Determination","theMarked:Frustration"],"picked":"SKIP","floor":12},{"not_picked":["theMarked:ResourceFulStrike","theMarked:SwordAndMagic","theMarked:ContemptForTheProud"],"picked":"SKIP","floor":13},{"not_picked":["theMarked:Improvise","theMarked:ResourceFulStrike","theMarked:HeightenedSenses"],"picked":"SKIP","floor":14},{"not_picked":["theMarked:ContemptForTheProud","theMarked:Standoff","theMarked:WardOff"],"picked":"SKIP","floor":15},{"not_picked":["theMarked:Challenge","theMarked:UnarmedFury"],"picked":"theMarked:ThrowWeapon","floor":16},{"not_picked":["theMarked:Memento","theMarked:ElectricStrings"],"picked":"theMarked:TwofoldDefense","floor":19},{"not_picked":["theMarked:ShockingTouch","theMarked:EmpowerWeapon","theMarked:MysticalArsenal"],"picked":"SKIP","floor":20},{"not_picked":["theMarked:WastefulAttack","theMarked:ChainLightning","theMarked:Improvise+1"],"picked":"SKIP","floor":22},{"not_picked":["theMarked:Improvise+1","theMarked:WastefulAttack","theMarked:LightningStrikesTwice"],"picked":"SKIP","floor":25},{"not_picked":["theMarked:ElectricStrings","theMarked:RepellingDischarge","theMarked:MysticalArsenal"],"picked":"SKIP","floor":27},{"not_picked":["theMarked:ThrowWeapon","theMarked:Static","theMarked:Seal"],"picked":"SKIP","floor":28},{"not_picked":["theMarked:WastefulAttack","theMarked:GodGivenPower+1","theMarked:EmpowerWeapon"],"picked":"SKIP","floor":30},{"not_picked":["theMarked:Aftermath","theMarked:EmpowerWeapon","theMarked:AttractMetal+1"],"picked":"SKIP","floor":31},{"not_picked":["theMarked:ParalyzingBlade","theMarked:WardOff","theMarked:OneWithTheBlade"],"picked":"SKIP","floor":32},{"not_picked":["theMarked:WardOff","theMarked:BanishingWave+1","theMarked:Determination+1"],"picked":"SKIP","floor":36}],"player_experience":1424389,"relics_obtained":[{"floor":6,"key":"Tiny Chest"},{"floor":9,"key":"Ancient Tea Set"},{"floor":24,"key":"Happy Flower"},{"floor":26,"key":"Sundial"},{"floor":29,"key":"Bird Faced Urn"},{"floor":29,"key":"Slimebound:PreparedRelic"},{"floor":37,"key":"Nunchaku"},{"floor":37,"key":"hubris:BottledRain"},{"floor":37,"key":"hubris:GlazedTorus"}],"event_choices":[],"is_beta":false,"boss_relics":[{"not_picked":["hubris:CrackedHourglass","Runic Dome"],"picked":"Velvet Choker"},{"not_picked":["Snecko Eye","Coffee Dripper"],"picked":"hubris:TerracottaHorce"}],"items_purged_floors":[25],"is_endless":false,"potions_floor_spawned":[5,9,14,15,19,20,22,30,32],"killed_by":"3 Shapes","ascension_level":0}}