{"host":"s41rn2jhghpwfrvz","time":1614126001,"event":{"mods":["BaseMod","Minty Spire (QoL Compilation)","Quick Restart","Relic Stats","SuperFastMode"],"gold_per_floor":[111,129,145,158,169,197,197,224,224,252,4,23,55,74,74,145,145,156,156,169,4,24,57,72,97,143,168,168,196,221,266,278,366,378,406,368,393,393,408,438,438,228,228,228,258,258,258,288,288,288,288,288,288,73,99,99],"floor_reached":57,"language":"ENG","playtime":2747,"items_purged":["Cold Snap","Rupture+1","Cloak And Dagger","Accuracy"],"score":3611,"play_id":"8be8df36-d1eb-4166-98dd-5a237403c07c","local_time":"20210224022001","daily_mods":["SealedDeck","Diverse","Elite Swarm"],"is_ascension_mode":true,"campfire_choices":[{"data":"Cloak And Dagger","floor":7,"key":"SMITH"},{"data":"TalkToTheHand","floor":15,"key":"SMITH"},{"data":"Body Slam","floor":32,"key":"SMITH"},{"data":"TalkToTheHand","floor":41,"key":"SMITH"},{"floor":44,"key":"RECALL"},{"data":"Seek","floor":47,"key":"SMITH"},{"data":"Blur","floor":49,"key":"SMITH"},{"floor":53,"key":"DIG"}],"circlet_count":0,"master_deck":["AscendersBane","CutThroughFate","Blur+1","Cloak And Dagger+1","TalkToTheHand+1","Evolve","Backflip","Seek+1","TalkToTheHand+1","Pommel Strike","Reboot+1","Go for the Eyes+1","Crescendo+1","Malaise+1","Vault+1","Offering+1","Body Slam+1","Madness+1","Madness+1","Scrawl+1"],"relics":["Burning Blood","Anchor","Gambling Chip","Shovel","DollysMirror","Toxic Egg 2","Astrolabe","TheAbacus","Smiling Mask","Boot","Happy Flower","Darkstone Periapt","MawBank","CaptainsWheel","Black Star","Girya","Potion Belt","Juzu Bracelet","Membership Card","Paper Frog","Art of War","Pocketwatch","Pen Nib","Singing Bowl","Bottled Flame","Orichalcum","Strawberry","Toy Ornithopter","Akabeko"],"acts_visited":["Exordium","TheCity","TheBeyond","TheEnding"],"potions_floor_usage":[6,6,10,13,23,23,27,31,56,56,56,56],"damage_taken":[{"damage":0,"enemies":"Cultist","floor":1,"turns":4},{"damage":0,"enemies":"2 Louse","floor":2,"turns":4},{"damage":10,"enemies":"Jaw Worm","floor":3,"turns":4},{"damage":0,"enemies":"2 Fungi Beasts","floor":4,"turns":4},{"damage":5,"enemies":"Exordium Wildlife","floor":5,"turns":5},{"damage":1,"enemies":"3 Sentries","floor":6,"turns":12},{"damage":49,"enemies":"Gremlin Nob","floor":8,"turns":6},{"damage":4,"enemies":"Lagavulin","floor":10,"turns":10},{"damage":1,"enemies":"Gremlin Gang","floor":12,"turns":7},{"damage":2,"enemies":"Gremlin Nob","floor":13,"turns":3},{"damage":0,"enemies":"Exordium Thugs","floor":14,"turns":5},{"damage":22,"enemies":"The Guardian","floor":16,"turns":16},{"damage":4,"enemies":"2 Thieves","floor":18,"turns":4},{"damage":0,"enemies":"Chosen","floor":20,"turns":6},{"damage":0,"enemies":"Centurion and Healer","floor":22,"turns":8},{"damage":30,"enemies":"Gremlin Leader","floor":23,"turns":7},{"damage":0,"enemies":"Chosen and Byrds","floor":24,"turns":6},{"damage":2,"enemies":"Book of Stabbing","floor":25,"turns":7},{"damage":0,"enemies":"Slavers","floor":27,"turns":5},{"damage":6,"enemies":"Book of Stabbing","floor":29,"turns":7},{"damage":6,"enemies":"Snake Plant","floor":30,"turns":4},{"damage":6,"enemies":"Gremlin Leader","floor":31,"turns":4},{"damage":6,"enemies":"Automaton","floor":33,"turns":7},{"damage":6,"enemies":"3 Shapes","floor":35,"turns":5},{"damage":6,"enemies":"Mind Bloom Boss Battle","floor":37,"turns":5},{"damage":6,"enemies":"3 Darklings","floor":39,"turns":3},{"damage":7,"enemies":"Nemesis","floor":40,"turns":4},{"damage":6,"enemies":"Reptomancer","floor":45,"turns":4},{"damage":6,"enemies":"Giant Head","floor":48,"turns":2},{"damage":6,"enemies":"Time Eater","floor":50,"turns":5},{"damage":7,"enemies":"Donu and Deca","floor":51,"turns":8},{"damage":29,"enemies":"Shield and Spear","floor":55,"turns":4},{"damage":6,"enemies":"The Heart","floor":56,"turns":7}],"seed_played":"2442580738659623507","potions_obtained":[{"floor":2,"key":"DistilledChaos"},{"floor":5,"key":"Swift Potion"},{"floor":8,"key":"DistilledChaos"},{"floor":10,"key":"SteroidPotion"},{"floor":12,"key":"SteroidPotion"},{"floor":20,"key":"Block Potion"},{"floor":23,"key":"Swift Potion"},{"floor":24,"key":"DistilledChaos"},{"floor":27,"key":"Regen Potion"},{"floor":35,"key":"EssenceOfSteel"},{"floor":40,"key":"EssenceOfSteel"},{"floor":46,"key":"Ancient Potion"},{"floor":48,"key":"SteroidPotion"}],"is_trial":true,"path_per_floor":["M","M","M","M","M","E","R","E","T","E","$","M","E","M","R","B",null,"M","?","M","$","M","E","M","E","T","E","?","E","M","E","R","B",null,"M","$","?","?","M","E","R","$","T","R","E","?","R","E","R","B","B",null,"R","$","E","B",null],"character_chosen":"IRONCLAD","items_purchased":["DollysMirror","TheAbacus","Membership Card","Orichalcum","Strawberry"],"campfire_rested":0,"item_purchase_floors":[11,21,42,54,54],"current_hp_per_floor":[74,75,71,75,75,75,75,32,32,34,34,39,43,49,49,33,65,67,67,73,73,75,51,57,61,61,67,67,67,67,67,67,67,73,73,73,73,59,59,58,58,58,58,58,58,58,58,60,60,60,59,73,73,80,59,79],"gold":99,"neow_bonus":"","is_daily":false,"chose_seed":false,"campfire_upgraded":6,"win_rate":0.0,"timestamp":1614126001,"path_taken":["M","?","M","M","M","E","R","E","T","E","$","M","E","M","R","BOSS","M","?","M","$","?","E","M","E","T","E","?","E","M","E","R","BOSS","M","$","?","?","M","E","R","$","T","R","E","?","R","E","R","BOSS","BOSS","R","$","E","BOSS"],"items_purchased_type":["Relic","Relic","Relic","Relic","Relic"],"build_version":"2020-12-22","purchased_purges":4,"victory":true,"max_hp_per_floor":[75,75,75,75,75,75,75,75,75,75,75,75,75,75,75,75,75,75,75,75,75,75,75,75,75,75,75,75,75,75,75,75,75,75,75,75,75,75,75,75,75,75,75,75,75,75,75,77,77,77,77,77,77,84,86,86],"relic_stats":{"Darkstone Periapt":0,"Happy Flower":[24],"Singing Bowl":4,"counters":[33,192],"Astrolabe":["Rupture","Go for the Eyes","Crescendo"],"Pen Nib":[11],"Juzu Bracelet":1,"Orichalcum":[6],"Smiling Mask":88,"Boot":[68],"MawBank":84,"Burning Blood":181,"Shovel":1,"TheAbacus":[582],"Gambling Chip":[27],"Black Star":4,"Art of War":[1],"obtain_stats":[{"Darkstone Periapt":27,"Singing Bowl":48,"Juzu Bracelet":40,"Smiling Mask":23,"Boot":25,"Burning Blood":0,"Shovel":10,"TheAbacus":21,"DollysMirror":11,"Gambling Chip":8,"Strawberry":54,"Toxic Egg 2":13,"Paper Frog":43,"Potion Belt":40,"Girya":37,"Happy Flower":26,"Astrolabe":17,"Pen Nib":48,"Orichalcum":54,"MawBank":29,"Akabeko":55,"Anchor":6,"CaptainsWheel":31,"Bottled Flame":53,"Black Star":34,"Art of War":45,"Membership Card":42,"Toy Ornithopter":55,"Pocketwatch":45},{"Darkstone Periapt":19,"Singing Bowl":29,"Juzu Bracelet":27,"Smiling Mask":16,"Boot":18,"Burning Blood":0,"Shovel":8,"TheAbacus":14,"DollysMirror":8,"Gambling Chip":7,"Strawberry":31,"Toxic Egg 2":10,"Paper Frog":27,"Potion Belt":27,"Girya":25,"Happy Flower":18,"Astrolabe":12,"Pen Nib":29,"Orichalcum":31,"MawBank":20,"Akabeko":32,"Anchor":6,"CaptainsWheel":22,"Bottled Flame":31,"Black Star":23,"Art of War":28,"Membership Card":27,"Toy Ornithopter":32,"Pocketwatch":28},{"Darkstone Periapt":123,"Singing Bowl":168,"Juzu Bracelet":162,"Smiling Mask":105,"Boot":118,"Burning Blood":0,"Shovel":49,"TheAbacus":90,"DollysMirror":49,"Gambling Chip":39,"Strawberry":181,"Toxic Egg 2":59,"Paper Frog":162,"Potion Belt":162,"Girya":155,"Happy Flower":118,"Astrolabe":80,"Pen Nib":168,"Orichalcum":181,"MawBank":130,"Akabeko":185,"Anchor":33,"CaptainsWheel":138,"Bottled Flame":181,"Black Star":145,"Art of War":166,"Membership Card":162,"Toy Ornithopter":185,"Pocketwatch":166}],"Toy Ornithopter":20,"Pocketwatch":[6]},"card_choices":[{"not_picked":["Sanctity","Doom and Gloom"],"picked":"TalkToTheHand","floor":1},{"not_picked":["Turbo","Rebound","Steam"],"picked":"SKIP","floor":2},{"not_picked":["Study","FlurryOfBlows","Blur"],"picked":"SKIP","floor":3},{"not_picked":["Study","FlurryOfBlows","Blur"],"picked":"SKIP","floor":3},{"not_picked":["Bane","Streamline"],"picked":"Evolve","floor":4},{"not_picked":["Leap","Rebound"],"picked":"Backflip","floor":5},{"not_picked":["Machine Learning","Glass Knife"],"picked":"Seek","floor":6},{"not_picked":["Thunder Strike","Wish","Reaper"],"picked":"SKIP","floor":8},{"not_picked":["Brutality","Envenom","Echo Form"],"picked":"SKIP","floor":10},{"not_picked":["DeceiveReality","Hello World"],"picked":"Pommel Strike","floor":12},{"not_picked":["Tools of the Trade","Rainbow+1","Bludgeon"],"picked":"SKIP","floor":13},{"not_picked":["Clothesline","SashWhip","Backstab"],"picked":"SKIP","floor":14},{"not_picked":["Corpse Explosion+1","Wraith Form v2"],"picked":"Reboot+1","floor":16},{"not_picked":["Force Field+1","Cold Snap","WreathOfFlame+1"],"picked":"SKIP","floor":18},{"not_picked":["Compile Driver","ClearTheMind+1","Clothesline+1"],"picked":"SKIP","floor":20},{"not_picked":["Cold Snap+1","CrushJoints","Blood for Blood"],"picked":"SKIP","floor":22},{"not_picked":["Rainbow+1","Wraith Form v2","Feed"],"picked":"SKIP","floor":23},{"not_picked":["FlurryOfBlows","Shrug It Off+1","Coolheaded+1"],"picked":"SKIP","floor":24},{"not_picked":["Fiend Fire","After Image"],"picked":"Vault+1","floor":25},{"not_picked":["Burst+1","Scrawl+1"],"picked":"Offering+1","floor":27},{"not_picked":["Devotion","Wraith Form v2","Burst+1"],"picked":"SKIP","floor":29},{"not_picked":["Heavy Blade","Anger"],"picked":"Body Slam","floor":30},{"not_picked":["Establishment","Buffer","Blasphemy+1"],"picked":"SKIP","floor":31},{"not_picked":["Wild Strike+1","Shrug It Off+1","Escape Plan+1"],"picked":"SKIP","floor":35},{"not_picked":["Storm","Headbutt","Wild Strike"],"picked":"SKIP","floor":39},{"not_picked":["Phantasmal Killer+1","Die Die Die","Wraith Form v2"],"picked":"SKIP","floor":40},{"not_picked":["Night Terror+1","Thunder Strike"],"picked":"Scrawl+1","floor":45},{"not_picked":["Impervious+1","Glass Knife","DevaForm"],"picked":"Singing Bowl","floor":48},{"not_picked":["Alpha+1","Blasphemy+1","Buffer"],"picked":"Singing Bowl","floor":55}],"player_experience":2000188,"relics_obtained":[{"floor":6,"key":"Anchor"},{"floor":8,"key":"Gambling Chip"},{"floor":10,"key":"Shovel"},{"floor":13,"key":"Toxic Egg 2"},{"floor":23,"key":"Smiling Mask"},{"floor":25,"key":"Boot"},{"floor":26,"key":"Happy Flower"},{"floor":27,"key":"Darkstone Periapt"},{"floor":29,"key":"MawBank"},{"floor":31,"key":"CaptainsWheel"},{"floor":37,"key":"Girya"},{"floor":40,"key":"Potion Belt"},{"floor":40,"key":"Juzu Bracelet"},{"floor":43,"key":"Paper Frog"},{"floor":45,"key":"Art of War"},{"floor":45,"key":"Pocketwatch"},{"floor":48,"key":"Pen Nib"},{"floor":48,"key":"Singing Bowl"},{"floor":53,"key":"Bottled Flame"},{"floor":55,"key":"Toy Ornithopter"},{"floor":55,"key":"Akabeko"}],"event_choices":[{"damage_healed":0,"gold_gain":0,"cards_transformed":["Flame Barrier"],"player_choice":"Transformed","damage_taken":0,"max_hp_gain":0,"max_hp_loss":0,"event_name":"Transmorgrifier","floor":19,"gold_loss":0,"cards_obtained":["Malaise"]},{"damage_healed":0,"gold_gain":0,"player_choice":"Ignored","damage_taken":0,"max_hp_gain":0,"max_hp_loss":0,"event_name":"Vampires","floor":28,"gold_loss":0},{"damage_healed":0,"gold_gain":0,"player_choice":"Fight","damage_taken":0,"max_hp_gain":0,"max_hp_loss":0,"event_name":"MindBloom","floor":37,"gold_loss":0},{"damage_healed":0,"gold_gain":0,"player_choice":"Embrace Madness","damage_taken":14,"max_hp_gain":0,"max_hp_loss":0,"event_name":"Winding Halls","floor":38,"gold_loss":0,"cards_obtained":["Madness","Madness"]},{"damage_healed":0,"gold_gain":0,"player_choice":"Got Potions","damage_taken":0,"max_hp_gain":0,"max_hp_loss":0,"event_name":"Lab","floor":46,"gold_loss":0}],"is_beta":false,"boss_relics":[{"not_picked":["Velvet Choker","Black Blood"],"picked":"Astrolabe"},{"not_picked":["SacredBark","Runic Cube"],"picked":"Black Star"}],"items_purged_floors":[11,36,42,54],"is_endless":false,"potions_floor_spawned":[2,5,8,10,12,20,23,24,27,29,35,37,39,40,48],"ascension_level":20}}