{"host":"f76kcizrccta30ww","time":1614144019,"event":{"mods":["Act Like it!","Aspiration","BaseMod","Gensokyo","Marisa£®ÏF”Í°°ƒß¿Ì…≥£©","Minty Spire (QoL Compilation)","Pale of the Ancients","Replay The Spire","Shop Mod","StSLib","TestMod"],"gold_per_floor":[109,59,73,73,83,109,126,155,155,183,183,199,199,199],"floor_reached":13,"language":"ZHS","playtime":459,"items_purged":[],"score":150,"play_id":"88faf54f-c8e9-434b-8c05-84ed6b98a5b9","local_time":"20210224132019","is_ascension_mode":true,"campfire_choices":[],"circlet_count":0,"master_deck":["Strike_G","Strike_G","Strike_G","Strike_G","Strike_G","Defend_G+1","Defend_G","Defend_G","Defend_G","Survivor","Neutralize","Flying Knee","Acrobatics+1","Injury","Underhanded Strike","Bane","Underhanded Strike","Blur+1","Deflect+1","Cloak And Dagger+1"],"relics":["Ring of the Snake","testmod-TestBox","testmod-ObsoleteBoomerang","NeowsBlessing","Toxic Egg 2","Omamori","Pocketwatch","Gremlin Horn","War Paint"],"acts_visited":["Exordium"],"potions_floor_usage":[10,10],"damage_taken":[{"damage":0,"enemies":"2 Louse","floor":1,"turns":1},{"damage":0,"enemies":"Jaw Worm","floor":3,"turns":1},{"damage":0,"enemies":"Small Slimes","floor":5,"turns":1},{"damage":7,"enemies":"Replay:BlueRogue","floor":6,"turns":4},{"damage":6,"enemies":"Red Slaver","floor":7,"turns":2},{"damage":30,"enemies":"3 Sentries","floor":8,"turns":7},{"damage":12,"enemies":"Lagavulin","floor":10,"turns":2},{"damage":0,"enemies":"Looter","floor":12,"turns":2},{"damage":24,"enemies":"Replay:BlueRogue","floor":13,"turns":3}],"seed_played":"-530733338832914015","potions_obtained":[{"floor":3,"key":"Death Potion"},{"floor":5,"key":"SmokeBomb"},{"floor":6,"key":"Venom Potion"}],"is_trial":false,"path_per_floor":["M","?","M","?","M","E","M","E","T","E","?","M","E"],"character_chosen":"THE_SILENT","items_purchased":[],"campfire_rested":0,"item_purchase_floors":[],"current_hp_per_floor":[70,70,70,70,70,63,57,27,27,15,15,15,0,0],"gold":199,"neow_bonus":"THREE_ENEMY_KILL","is_daily":false,"chose_seed":false,"campfire_upgraded":0,"win_rate":0.0,"timestamp":1614144019,"path_taken":["M","?","M","?","M","E","M","E","T","E","?","M","E"],"items_purchased_type":[],"build_version":"2020-12-22","purchased_purges":0,"victory":false,"max_hp_per_floor":[70,70,70,70,70,70,70,70,70,70,70,70,70,70],"card_choices":[{"not_picked":["Bane","Sucker Punch"],"picked":"Flying Knee","floor":1},{"not_picked":["Blade Dance","Masterful Stab"],"picked":"Acrobatics","floor":3},{"not_picked":["Outmaneuver+1","Poisoned Stab"],"picked":"Underhanded Strike","floor":5},{"not_picked":["Dash","PiercingWail+1"],"picked":"Bane","floor":6},{"not_picked":["ReplayTheSpireMod:Speed Training+1","Slice"],"picked":"Underhanded Strike","floor":7},{"not_picked":["Toxin Wave+1","Dash"],"picked":"Blur+1","floor":8},{"not_picked":["Masterful Stab","Flying Knee"],"picked":"Deflect+1","floor":10},{"not_picked":["Unload","Dagger Spray"],"picked":"Cloak And Dagger+1","floor":12}],"player_experience":63549,"relics_obtained":[{"floor":6,"key":"Omamori"},{"floor":8,"key":"Pocketwatch"},{"floor":9,"key":"Gremlin Horn"},{"floor":10,"key":"War Paint"}],"event_choices":[{"cards_removed":["Defend_G"],"damage_healed":0,"gold_gain":0,"player_choice":"Card Removal","damage_taken":0,"max_hp_gain":0,"max_hp_loss":0,"event_name":"The Cleric","floor":2,"gold_loss":50},{"damage_healed":0,"gold_gain":0,"player_choice":"Ignored","damage_taken":0,"max_hp_gain":0,"max_hp_loss":0,"event_name":"Shining Light","floor":11,"gold_loss":0}],"is_beta":false,"boss_relics":[],"items_purged_floors":[],"is_endless":false,"potions_floor_spawned":[3,5,6],"killed_by":"Replay:BlueRogue","ascension_level":3}}