{"host":"73bw5seuoedfmnty","time":1614131411,"event":{"mods":["AchievementEnabler","Ascension Reborn","Aspiration","Bard","BaseMod","CCEM2","Challenge The Spire","Conspire","Curses Come First","Custom Start","Downfall","Emptier Cage","Gremlin Mod","Halation","Hubris","Infinite Spire","Marked Mod","Minty Spire (QoL Compilation)","Permanent Neow","Reliquary","Replay The Spire","Robot Space Explorer","Somnambulant","Spikes Relics","StSLib","The Cursed","The Disciple","The Jungle","The Senshi","thorton"],"gold_per_floor":[119,133,133,133,147,147,175,175,175,193,87,121,121,151,151,261,261,302,302,354,380,117,117,117,155,155,155,182,29,53,53],"floor_reached":30,"language":"ENG","playtime":5620,"items_purged":["Strike_G","Strike_G"],"score":271,"play_id":"ea14ef56-87f0-4296-8d5b-f907f57f2160","local_time":"20210223175010","is_ascension_mode":true,"campfire_choices":[{"data":"Deadly Poison","floor":6.0,"key":"SMITH"},{"floor":8.0,"key":"REST"},{"floor":13.0,"key":"REST"},{"floor":15.0,"key":"REST"},{"floor":23.0,"key":"REST"},{"floor":27.0,"key":"REST"}],"circlet_count":0,"master_deck":["thethorton:Fish+1","Strike_G","Strike_G","Defend_G","Defend_G","Defend_G","Defend_G","Defend_G","Survivor","Neutralize","Footwork","Deadly Poison+1","hubris:Counter","Dagger Spray","Outmaneuver","conspire:PoisonWeapons","hubris:SlightOfHand","Infinite Blades","Infinite Blades","Sucker Punch","Slice","Phantasmal Killer","hubris:InfiniteBlow","hubris:SlightOfHand+1","Slice+1","Blade Dance","Bullet Time","Slice+1","Draining Mist+1","BlessedFruit","BlessedFruit","Slice+1"],"relics":["aspiration:RunicSpoon","infinitespire:Cubic Diamond","halation:Toothbrush","CCEMRelics:OverlyComfyChair","Replay:Bandana","RoseTintedShades","thethorton:BottledFunds","reliquary:WeakTea","halation:Thesaurus","Molten Egg 2","Pet Ghost","CCEMRelics:SelfSharpeningBlade","hubris:Towel","CCEMRelics:Sandal","HeavenlyBonsai","Boot","PreservedInsect","halation:VictoryRuler"],"acts_visited":["Exordium","TheCity"],"potions_floor_usage":[],"damage_taken":[{"damage":0.0,"enemies":"2 Louse","floor":1.0,"turns":5.0},{"damage":3.0,"enemies":"conspire:RoseBush","floor":2.0,"turns":6.0},{"damage":4.0,"enemies":"Jaw Worm","floor":5.0,"turns":6.0},{"damage":8.0,"enemies":"Lagavulin","floor":7.0,"turns":10.0},{"damage":1.0,"enemies":"Blue Slaver","floor":10.0,"turns":4.0},{"damage":40.0,"enemies":"Replay:BlueRogue","floor":12.0,"turns":7.0},{"damage":34.0,"enemies":"Gremlin Nob","floor":14.0,"turns":6.0},{"damage":35.0,"enemies":"The Guardian","floor":16.0,"turns":12.0},{"damage":24.0,"enemies":"conspire:FuzzyDice","floor":18.0,"turns":7.0},{"damage":18.0,"enemies":"Spheric Guardian","floor":21.0,"turns":4.0},{"damage":23.0,"enemies":"Snake Plant","floor":25.0,"turns":4.0},{"damage":20.0,"enemies":"Sentry and Sphere","floor":28.0,"turns":4.0},{"damage":22,"enemies":"Gremlin Leader","floor":30,"turns":3}],"seed_played":"3339110071904776654","potions_obtained":[{"floor":2.0,"key":"PowerPotion"},{"floor":10.0,"key":"Adrenaline Potion"},{"floor":12.0,"key":"FearPotion"},{"floor":16.0,"key":"Weak Potion"},{"floor":18.0,"key":"Elixir"},{"floor":20.0,"key":"PowerPotion"},{"floor":21.0,"key":"DistilledChaos"}],"is_trial":false,"path_per_floor":["M","M","?","?","M","R","E","R","T","M","$","E","R","E","R","B",null,"M","AVR","?","M","$","R","?","M","T","R","M","$","E"],"character_chosen":"THE_SILENT","items_purchased":["hubris:SlightOfHand","Infinite Blades","Bullet Time","Slice+1","PreservedInsect"],"campfire_rested":5,"item_purchase_floors":[11,11,22,22,29],"current_hp_per_floor":[70,67,67,67,63,63,55,70,70,69,69,29,50,16,37,2,70,46,49,31,13,16,38,38,15,15,37,18,18,0,0],"gold":53,"neow_bonus":"BOSS_RELIC","is_daily":false,"chose_seed":false,"campfire_upgraded":1,"win_rate":0.0,"timestamp":1614131410,"path_taken":["M","M","?","?","M","R","E","R","T","M","$","E","R","E","R","BOSS","M","AVR","?","M","$","R","?","M","T","R","M","?","E"],"items_purchased_type":["Card","Card","Card","Card","Relic"],"build_version":"2020-12-22","purchased_purges":2,"victory":false,"max_hp_per_floor":[70,70,70,70,70,70,70,70,70,70,70,70,70,70,70,70,70,70,73,73,73,76,76,76,76,76,76,77,77,77,77],"card_choices":[{"not_picked":["Acrobatics","Backstab"],"picked":"Footwork","floor":1.0},{"not_picked":["Heel Hook","Slice"],"picked":"Deadly Poison","floor":2.0},{"not_picked":["Deflect","Replay:Poison Smokescreen"],"picked":"Dagger Spray","floor":5.0},{"not_picked":["hubris:SlightOfHand","Prepared"],"picked":"Outmaneuver","floor":7.0},{"not_picked":["Doppelganger","Sucker Punch"],"picked":"conspire:PoisonWeapons","floor":10.0},{"not_picked":["Underhanded Strike","Acrobatics"],"picked":"Sucker Punch","floor":12.0},{"not_picked":["Deflect","ReplayTheSpireMod:The Works"],"picked":"Slice","floor":14.0},{"not_picked":["Burst","Doppelganger"],"picked":"Phantasmal Killer","floor":16.0},{"not_picked":["Dagger Throw","Reflex","Finisher"],"picked":"SKIP","floor":18.0},{"not_picked":["Reflex","Deflect"],"picked":"hubris:SlightOfHand+1","floor":20.0},{"not_picked":["ReplayTheSpireMod:Speed Training","Backflip"],"picked":"Slice+1","floor":20.0},{"not_picked":["Dagger Spray+1","Dagger Throw+1"],"picked":"Blade Dance","floor":21.0},{"not_picked":["ReplayTheSpireMod:The Works","Outmaneuver"],"picked":"Draining Mist+1","floor":25.0},{"not_picked":["Escape Plan","Eviscerate+1"],"picked":"Slice+1","floor":28.0}],"player_experience":116886,"relics_obtained":[{"floor":7.0,"key":"Replay:Bottled Eggs"},{"floor":9.0,"key":"halation:Toothbrush"},{"floor":12.0,"key":"CCEMRelics:OverlyComfyChair"},{"floor":14.0,"key":"Replay:Bandana"},{"floor":20.0,"key":"Pet Ghost"},{"floor":26.0,"key":"HeavenlyBonsai"}],"event_choices":[{"damage_healed":0.0,"max_hp_gain":0.0,"max_hp_loss":0.0,"gold_gain":0.0,"cards_transformed":["Strike_G"],"event_name":"Living Wall","player_choice":"Change","floor":4.0,"gold_loss":0.0,"damage_taken":0.0,"cards_obtained":["hubris:Counter"]}],"is_beta":false,"boss_relics":[{"not_picked":["aspiration:IroncladSkillbook","Calling Bell"],"picked":"thethorton:BottledFunds"}],"items_purged_floors":[19,22],"is_endless":false,"potions_floor_spawned":[2,10,12,16,18,21],"killed_by":"Gremlin Leader","ascension_level":0}}