{"host":"blnmo1e2jbqugfxh","time":1614185252,"event":{"mods":["2.2 Compatiblity","AchievementEnabler","Astrologer","Bard","BaseMod","Beaked The Cultist","Colored Map","Colored Powertips","Conspire","Downfall","Friendly Minions","Googly Eyes","Hermit","Highlight Path","Hubris","Infinite Spire","Lobotomy","Marisa????????","Mimic Mod","Minty Spire (QoL Compilation)","Prisma Mod","Quick Restart","Rare Cards Sparkle","Replay The Spire","Shop Mod","StSLib","The Bug Knight","The Construct","The Cursed","The Disciple","The Exalted","The Hierophant","The Mystic","The Servant 0.9.4"],"gold_per_floor":[116,134,134,49,49,49,78,95,95,95,114,114,134,22,22,123,123,133,144,144,158,168,168,168],"floor_reached":23,"language":"ENG","playtime":908,"items_purged":[],"score":222,"play_id":"9f1da549-0406-4253-ab42-2f9a08068e13","local_time":"20210224114732","is_ascension_mode":true,"campfire_choices":[{"data":"conspire:PoisonWeapons","floor":6.0,"key":"SMITH"},{"data":"Poison Darts","floor":10.0,"key":"SMITH"},{"data":"Neutralize","floor":12.0,"key":"SMITH"},{"data":"Bane","floor":15.0,"key":"SMITH"}],"circlet_count":0,"master_deck":["Strike_G","Strike_G","Strike_G","Strike_G","Defend_G","Defend_G+1","Defend_G","Defend_G","Defend_G","Survivor","Neutralize+1","Poison Darts+1","PiercingWail","conspire:PoisonWeapons+1","Deadly Poison","ReplayTheSpireMod:Scrap Shanks","hubris:Sniper","Infinite Blades","Bane+1","Infinite Blades","Quick Slash","Quick Slash","Wraith Form v2","hubris:Wrath","Replay:Light Bash","Poison Darts+1","Dark Shackles","infinitespire:FinalStrike","Crippling Poison","Deadly Poison+1","Bane"],"relics":["Ring of the Snake","Boot","White Beast Statue","ReplayTheSpireMod:SealedPack","War Paint"],"acts_visited":["Exordium","TheCity"],"potions_floor_usage":[18,19,19],"damage_taken":[{"damage":0.0,"enemies":"Jaw Worm","floor":1.0,"turns":3.0},{"damage":0.0,"enemies":"Cultist","floor":2.0,"turns":3.0},{"damage":12.0,"enemies":"Lagavulin","floor":7.0,"turns":5.0},{"damage":0.0,"enemies":"2 Louse","floor":8.0,"turns":2.0},{"damage":11.0,"enemies":"Exordium Thugs","floor":11.0,"turns":5.0},{"damage":4.0,"enemies":"Looter","floor":13.0,"turns":3.0},{"damage":31.0,"enemies":"Fading Forest","floor":16.0,"turns":11.0},{"damage":23,"enemies":"2 Thieves","floor":18,"turns":4},{"damage":2,"enemies":"Shell Parasite","floor":19,"turns":4},{"damage":4,"enemies":"Chosen and Byrds","floor":21,"turns":5},{"damage":25,"enemies":"Centurion and Healer","floor":22,"turns":6}],"seed_played":"8483999238898661952","potions_obtained":[{"floor":7.0,"key":"SteroidPotion"},{"floor":8.0,"key":"Energy Potion"},{"floor":11.0,"key":"ColorlessPotion"},{"floor":13.0,"key":"hexamod:SoulburnPotion"},{"floor":18,"key":"DuplicationPotion"},{"floor":19,"key":"GhostInAJar"},{"floor":21,"key":"Doom Potion"}],"is_trial":false,"path_per_floor":["M","M","?","$","?","R","E","M","T","R","M","R","M","$","R","B",null,"M","M","?","M","M","R"],"character_chosen":"THE_SILENT","items_purchased":["conspire:PoisonWeapons","Deadly Poison","Infinite Blades","Quick Slash"],"campfire_rested":0,"item_purchase_floors":[4,4,14,14],"current_hp_per_floor":[70,70,70,70,70,70,58,58,58,58,47,47,43,43,43,20,70,47,45,45,41,16,16,16],"gold":168,"neow_bonus":"ONE_RANDOM_RARE_CARD","is_daily":false,"chose_seed":false,"campfire_upgraded":4,"win_rate":0.0,"timestamp":1614185252,"path_taken":["M","M","?","$","?","R","E","M","T","R","?","R","?","?","R","BOSS","M","M","?","M","M","R"],"items_purchased_type":["Card","Card","Card","Card"],"build_version":"2020-12-22","purchased_purges":0,"victory":false,"max_hp_per_floor":[70,70,70,70,70,70,70,70,70,70,70,70,70,70,70,70,70,70,70,70,70,70,70,70],"card_choices":[{"not_picked":["Slice","Choke","ReplayTheSpireMod:Exploit Weakness"],"picked":"SKIP","floor":1.0},{"not_picked":["Dagger Spray","Accuracy"],"picked":"PiercingWail","floor":2.0},{"not_picked":["Tactician","Dash"],"picked":"ReplayTheSpireMod:Scrap Shanks","floor":7.0},{"not_picked":["Dodge and Roll","hubris:Counter"],"picked":"hubris:Sniper","floor":8.0},{"not_picked":["hubris:Counter","Quick Slash"],"picked":"Infinite Blades","floor":11.0},{"not_picked":["Flechettes","Backflip"],"picked":"Bane","floor":13.0},{"not_picked":["ReplayTheSpireMod:Necrosis","Envenom"],"picked":"Wraith Form v2","floor":16.0},{"not_picked":["WhiteAim","SecondHand"],"picked":"Replay:Light Bash","floor":17},{"not_picked":["Burst","Night Terror"],"picked":"Poison Darts","floor":17},{"not_picked":["Survey Options","Dramatic Entrance"],"picked":"Dark Shackles","floor":17},{"not_picked":["hubris:Rewind","infinitespire:SealOfDarkness+"],"picked":"infinitespire:FinalStrike","floor":17},{"not_picked":["Backflip","Underhanded Strike","Acrobatics+1"],"picked":"SKIP","floor":18},{"not_picked":["Dash+1","Predator"],"picked":"Crippling Poison","floor":19},{"not_picked":["PiercingWail","Adrenaline"],"picked":"Deadly Poison+1","floor":21},{"not_picked":["Cloak And Dagger","Prepared"],"picked":"Bane","floor":22}],"player_experience":73777,"relics_obtained":[{"floor":7.0,"key":"Boot"},{"floor":9.0,"key":"White Beast Statue"}],"event_choices":[{"damage_healed":0.0,"max_hp_gain":0.0,"max_hp_loss":0.0,"gold_gain":0.0,"event_name":"conspire:LoneGhost","player_choice":"Disagree","floor":3.0,"gold_loss":0.0,"damage_taken":0.0},{"cards_removed":["Strike_G"],"damage_healed":0.0,"max_hp_gain":0.0,"max_hp_loss":0.0,"gold_gain":0.0,"event_name":"Bonfire Elementals","player_choice":"Offered Basic","floor":5.0,"gold_loss":0.0,"damage_taken":0.0}],"is_beta":false,"boss_relics":[{"not_picked":["Fusion Hammer","Velvet Choker"],"picked":"ReplayTheSpireMod:SealedPack"}],"items_purged_floors":[],"is_endless":false,"potions_floor_spawned":[7,8,11,13,16,18,19,21,22],"ascension_level":3}}