{"host":"xb2tau8pgi8aflss","time":1614169517,"event":{"mods":["AchievementEnabler","BaseMod","Hermit","Minty Spire (QoL Compilation)","StSLib","SuperFastMode"],"gold_per_floor":[119,133,148,166,166,200,200,233,303,303,303],"floor_reached":10,"language":"KOR","playtime":220,"items_purged":[],"score":109,"play_id":"fc682a2c-ed48-4f4b-9864-cf7ab1e90ffb","local_time":"20210224212517","is_ascension_mode":true,"campfire_choices":[{"data":"Sunder","floor":7,"key":"SMITH"}],"circlet_count":0,"master_deck":["Strike_B","Strike_B","Strike_B","Defend_B","Defend_B","Defend_B","Defend_B+1","Zap","Dualcast+1","Defragment","BootSequence","Genetic Algorithm+1","Conserve Battery","Sunder+1","Biased Cognition"],"relics":["Cracked Core","War Paint","Unceasing Top","Question Card"],"acts_visited":["Exordium"],"potions_floor_usage":[6,8,10],"damage_taken":[{"damage":7,"enemies":"Jaw Worm","floor":1,"turns":3},{"damage":1,"enemies":"Cultist","floor":2,"turns":3},{"damage":0,"enemies":"Small Slimes","floor":3,"turns":3},{"damage":23,"enemies":"3 Louse","floor":4,"turns":3},{"damage":7,"enemies":"3 Sentries","floor":6,"turns":3},{"damage":26,"enemies":"Gremlin Nob","floor":8,"turns":5},{"damage":8,"enemies":"Lagavulin","floor":10,"turns":2}],"seed_played":"2071992515049063492","potions_obtained":[{"floor":3,"key":"AttackPotion"},{"floor":6,"key":"SpeedPotion"},{"floor":8,"key":"PowerPotion"}],"is_trial":false,"path_per_floor":["M","M","M","M","?","E","R","E","T","E"],"character_chosen":"DEFECT","items_purchased":[],"campfire_rested":0,"item_purchase_floors":[],"current_hp_per_floor":[61,60,60,37,37,30,30,4,4,0,0],"gold":303,"neow_bonus":"TRANSFORM_CARD","is_daily":false,"chose_seed":false,"campfire_upgraded":1,"win_rate":0.0,"timestamp":1614169517,"path_taken":["M","M","M","M","?","E","R","E","T","E"],"items_purchased_type":[],"build_version":"2020-12-22","purchased_purges":0,"victory":false,"max_hp_per_floor":[75,75,75,75,75,75,75,75,75,75,75],"card_choices":[{"not_picked":["Turbo","Cold Snap"],"picked":"BootSequence","floor":1},{"not_picked":["Chaos","Ball Lightning","Lockon"],"picked":"SKIP","floor":2},{"not_picked":["Aggregate","Melter"],"picked":"Genetic Algorithm","floor":3},{"not_picked":["Defragment","Consume"],"picked":"Conserve Battery","floor":4},{"not_picked":["Melter","Compile Driver"],"picked":"Sunder","floor":6},{"not_picked":["Reprogram","Ball Lightning"],"picked":"Biased Cognition","floor":8}],"player_experience":854279,"relics_obtained":[{"floor":6,"key":"War Paint"},{"floor":8,"key":"Unceasing Top"},{"floor":9,"key":"Question Card"}],"event_choices":[{"damage_healed":0,"gold_gain":0,"player_choice":"Forge","damage_taken":0,"max_hp_gain":0,"max_hp_loss":0,"event_name":"Accursed Blacksmith","floor":5,"gold_loss":0,"cards_upgraded":["Genetic Algorithm"]}],"is_beta":false,"boss_relics":[],"items_purged_floors":[],"is_endless":false,"potions_floor_spawned":[3,6,8],"killed_by":"Lagavulin","ascension_level":8}}