{"host":"qp7xs8nuzfsyommi","time":1614186455,"event":{"mods":["2.2 Compatiblity","BaseMod","Colored Powertips","DeckTracker","Highlight Path","Minty Spire (QoL Compilation)","Permanent Neow","Quick Restart","StSLib","Weighted Paths"],"gold_per_floor":[367,22,38,52,52,52,83,33,33,33,33,45,45,79,79,158,158,172,187,187,202,216,216,106,116,140,160,173,184,184,19,19,96,96,108,156,156,172,5,5,0,0,0,11,90,90,120,139,139,139,139,139],"floor_reached":51,"language":"ENG","playtime":2918,"items_purged":[],"score":1349,"play_id":"e4e2a839-b726-489c-978f-648f592644c7","local_time":"20210224120735","is_ascension_mode":true,"campfire_choices":[{"data":"Hyperbeam","floor":6.0,"key":"SMITH"},{"floor":11.0,"key":"REST"},{"data":"Consume","floor":15.0,"key":"SMITH"},{"floor":23,"key":"REST"},{"floor":30,"key":"REST"},{"floor":32,"key":"REST"},{"floor":40,"key":"REST"},{"floor":46,"key":"RECALL"},{"floor":49,"key":"REST"}],"circlet_count":0,"master_deck":["AscendersBane","Zap","Dualcast","Gash","Hyperbeam+1","Hologram","Go for the Eyes","Consume+1","Gash+1","Gash","Parasite","All For One","Steam Power","Chaos","BootSequence","Rebound","Auto Shields","Go for the Eyes","All For One","Beam Cell","Conserve Battery+1","FTL","Echo Form","Storm","Conserve Battery+1","Gash+1","Machine Learning","Leap+1","Melter","Dark Shackles","Hologram+1","Gash+1","Glacier"],"relics":["Cracked Core","OrangePellets","HornCleat","Mummified Hand","Ancient Tea Set","Pandora\u0027s Box","Nunchaku","TheAbacus","Black Star","Gambling Chip","Potion Belt","Red Mask","Pear","MealTicket","Turnip"],"acts_visited":["Exordium","TheCity","TheBeyond"],"potions_floor_usage":[33,36,50,50],"damage_taken":[{"damage":14.0,"enemies":"Small Slimes","floor":1.0,"turns":3.0},{"damage":7.0,"enemies":"Jaw Worm","floor":3.0,"turns":3.0},{"damage":0.0,"enemies":"2 Louse","floor":4.0,"turns":2.0},{"damage":29.0,"enemies":"3 Sentries","floor":7.0,"turns":5.0},{"damage":19.0,"enemies":"Exordium Wildlife","floor":12.0,"turns":4.0},{"damage":18.0,"enemies":"Gremlin Nob","floor":14.0,"turns":4.0},{"damage":36.0,"enemies":"Slime Boss","floor":16.0,"turns":10.0},{"damage":0.0,"enemies":"Spheric Guardian","floor":18.0,"turns":2.0},{"damage":9.0,"enemies":"Shell Parasite","floor":19.0,"turns":4.0},{"damage":29,"enemies":"Centurion and Healer","floor":21,"turns":6},{"damage":0,"enemies":"Snecko","floor":22,"turns":4},{"damage":17,"enemies":"Shelled Parasite and Fungi","floor":25,"turns":4},{"damage":0,"enemies":"Centurion and Healer","floor":27,"turns":4},{"damage":3,"enemies":"Snecko","floor":28,"turns":4},{"damage":9,"enemies":"3 Cultists","floor":29,"turns":4},{"damage":5,"enemies":"Champ","floor":33,"turns":6},{"damage":29,"enemies":"3 Darklings","floor":35,"turns":4},{"damage":21,"enemies":"2 Orb Walkers","floor":36,"turns":3},{"damage":0,"enemies":"Orb Walker","floor":38,"turns":3},{"damage":1,"enemies":"Maw","floor":44,"turns":5},{"damage":19,"enemies":"Giant Head","floor":47,"turns":6},{"damage":0,"enemies":"Transient","floor":48,"turns":6},{"damage":46,"enemies":"Awakened One","floor":50,"turns":7},{"damage":36,"enemies":"Time Eater","floor":51,"turns":7}],"seed_played":"-2590081340622038811","potions_obtained":[{"floor":1.0,"key":"FairyPotion"},{"floor":7.0,"key":"AttackPotion"},{"floor":21,"key":"FocusPotion"},{"floor":35,"key":"DuplicationPotion"},{"floor":36,"key":"SpeedPotion"},{"floor":48,"key":"ColorlessPotion"}],"is_trial":false,"path_per_floor":["M","$","M","M","?","R","E","$","T","?","R","M","?","E","R","B",null,"M","M","?","M","M","R","?","M","T","M","M","M","R","$","R","B",null,"M","?","?","M","$","R","?","?","T","M","T","R","E","M","R","B","B"],"character_chosen":"DEFECT","items_purchased":["OrangePellets","Hyperbeam","Hologram","Gash","TheAbacus","Potion Belt"],"campfire_rested":6,"item_purchase_floors":[2,2,2,8,31,39],"current_hp_per_floor":[50,50,43,43,43,43,14,14,14,37,58,39,56,38,38,2,54,54,45,45,16,16,37,37,20,20,20,17,8,29,29,50,45,65,36,15,15,15,15,36,36,36,36,35,45,45,26,26,50,4,0,0],"gold":139,"neow_bonus":"TWO_FIFTY_GOLD","is_daily":false,"chose_seed":false,"campfire_upgraded":2,"win_rate":0.0,"timestamp":1614186455,"path_taken":["M","$","M","M","?","R","E","$","T","?","R","M","?","E","R","BOSS","M","M","?","M","M","R","?","M","T","M","M","M","R","$","R","BOSS","M","?","?","M","$","R","?","?","T","M","?","R","E","M","R","BOSS","BOSS"],"items_purchased_type":["Relic","Card","Card","Card","Relic","Relic"],"build_version":"2020-12-22","purchased_purges":0,"victory":false,"max_hp_per_floor":[71,71,71,71,71,71,71,71,71,71,71,71,71,71,71,71,71,71,71,71,71,71,71,71,71,71,71,71,71,71,71,71,71,71,71,71,71,71,71,71,71,71,71,71,81,81,81,81,81,81,81,81],"card_choices":[{"not_picked":["Beam Cell","Capacitor"],"picked":"Gash","floor":1.0},{"not_picked":["Conserve Battery","Aggregate"],"picked":"Go for the Eyes","floor":3.0},{"not_picked":["Lockon","Steam","Cold Snap"],"picked":"SKIP","floor":4.0},{"not_picked":["White Noise","Fusion"],"picked":"Consume","floor":7.0},{"not_picked":["Static Discharge","Thunder Strike"],"picked":"Gash","floor":12.0},{"not_picked":["Tempest","Steam Power","Redo"],"picked":"SKIP","floor":14.0},{"not_picked":["Meteor Strike","Buffer"],"picked":"All For One","floor":16.0},{"not_picked":["Go for the Eyes","Skim","Rebound+1"],"picked":"SKIP","floor":18.0},{"not_picked":["Coolheaded","Rebound"],"picked":"Conserve Battery+1","floor":19.0},{"not_picked":["Skim","Ball Lightning"],"picked":"FTL","floor":21},{"not_picked":["Go for the Eyes","Steam"],"picked":"Echo Form","floor":22},{"not_picked":["Lockon+1","Static Discharge"],"picked":"Storm","floor":25},{"not_picked":["Stack","Scrape"],"picked":"Conserve Battery+1","floor":27},{"not_picked":["Rebound+1","Cold Snap"],"picked":"Turbo","floor":28},{"not_picked":["Barrage","Stack"],"picked":"Gash+1","floor":29},{"not_picked":["Electrodynamics","Amplify"],"picked":"Machine Learning","floor":33},{"not_picked":["Cold Snap+1","Leap","Hello World"],"picked":"SKIP","floor":35},{"not_picked":["Turbo","Loop"],"picked":"Leap+1","floor":36},{"not_picked":["Rip and Tear","Doom and Gloom"],"picked":"Melter","floor":38},{"not_picked":["Deep Breath","Swift Strike"],"picked":"Dark Shackles","floor":42},{"not_picked":["Compile Driver","Sunder+1"],"picked":"Hologram+1","floor":44},{"not_picked":["Stack+1","Hologram+1"],"picked":"Gash+1","floor":47},{"not_picked":["Reprogram","Capacitor"],"picked":"Glacier","floor":48}],"player_experience":1499454,"relics_obtained":[{"floor":7.0,"key":"HornCleat"},{"floor":9.0,"key":"Mummified Hand"},{"floor":14.0,"key":"Ancient Tea Set"},{"floor":26,"key":"Nunchaku"},{"floor":36,"key":"Gambling Chip"},{"floor":45,"key":"Pear"},{"floor":47,"key":"MealTicket"},{"floor":47,"key":"Turnip"}],"event_choices":[{"damage_healed":0.0,"max_hp_gain":0.0,"max_hp_loss":0.0,"gold_gain":0.0,"event_name":"Liars Game","player_choice":"Ignored","floor":5.0,"gold_loss":0.0,"damage_taken":0.0},{"damage_healed":23.0,"max_hp_gain":0.0,"max_hp_loss":0.0,"gold_gain":0.0,"event_name":"Big Fish","player_choice":"Banana","floor":10.0,"gold_loss":0.0,"damage_taken":0.0},{"damage_healed":17.0,"max_hp_gain":0.0,"max_hp_loss":0.0,"gold_gain":0.0,"event_name":"Mushrooms","player_choice":"Healed and dodged fight","floor":13.0,"gold_loss":0.0,"damage_taken":0.0,"cards_obtained":["Parasite"]},{"damage_healed":0.0,"max_hp_gain":0.0,"max_hp_loss":0.0,"gold_gain":0.0,"event_name":"The Mausoleum","player_choice":"Ignored","floor":20.0,"gold_loss":0.0,"damage_taken":0.0},{"cards_removed":["Shame"],"damage_healed":0,"gold_gain":0,"player_choice":"Upgrade and Remove","damage_taken":0,"max_hp_gain":0,"max_hp_loss":0,"event_name":"Designer","floor":24,"gold_loss":110,"cards_upgraded":["Gash"]},{"damage_healed":0,"gold_gain":0,"player_choice":"Fight","damage_taken":0,"max_hp_gain":0,"max_hp_loss":0,"event_name":"Mysterious Sphere","floor":36,"gold_loss":0},{"cards_removed":["Turbo"],"damage_healed":0,"gold_gain":0,"player_choice":"Removed Skill","damage_taken":0,"max_hp_gain":0,"max_hp_loss":0,"event_name":"Falling","floor":37,"gold_loss":0},{"damage_healed":0,"gold_gain":0,"player_choice":"Paid","damage_taken":0,"relics_obtained":["Red Mask"],"max_hp_gain":0,"max_hp_loss":0,"event_name":"Tomb of Lord Red Mask","floor":41,"gold_loss":5},{"damage_healed":0,"gold_gain":0,"player_choice":"Memory 1","damage_taken":0,"max_hp_gain":0,"max_hp_loss":0,"event_name":"SensoryStone","floor":42,"gold_loss":0}],"is_beta":false,"boss_relics":[{"not_picked":["Inserter","Coffee Dripper"],"picked":"Pandora\u0027s Box"},{"not_picked":["Snecko Eye","Sozu"],"picked":"Black Star"}],"items_purged_floors":[],"is_endless":false,"potions_floor_spawned":[1,7,21,22,25,27,29,35,36,48],"killed_by":"Time Eater","ascension_level":20}}