{"host":"zmtwm7g9txw073d3","time":1614135359,"event":{"mods":["BaseMod","Downfall","Hermit","Minty Spire (QoL Compilation)","StSLib","The Cursed","The Servant 0.9.4"],"gold_per_floor":[99,99,99,24,24,41,41,54,83,102,118,137,137,148,165,262,262,262,282,282,282,282],"floor_reached":20,"language":"ZHS","playtime":1545,"items_purged":["sneckomod:Strike"],"score":176,"play_id":"72062101-e76c-4889-9dd9-ec03107f75c8","local_time":"20210224105559","is_ascension_mode":false,"campfire_choices":[],"circlet_count":0,"master_deck":["sneckomod:Strike","sneckomod:Strike","sneckomod:Defend","sneckomod:Defend","sneckomod:TailWhip","sneckomod:SnekBite","sneckomod:Unknown","Shockwave","sneckomod:Unknown0Cost","sneckomod:RainOfDice","sneckomod:UnknownStrike","sneckomod:Unknown1Cost+1","sneckomod:Unknown0Cost+1","sneckomod:UnknownUncommonSkill+1","sneckomod:UnknownRarePower","sneckomod:ImprovisedGuard+1","sneckomod:UnknownBoss+1","Intimidate+1","sneckomod:Unknown0Cost+1"],"relics":["sneckomod:SneckoSoul","downfall:HeartsMalice","Toxic Egg 2","Omamori","Bottled Lightning","Black Star"],"acts_visited":["Exordium","TheCity"],"potions_floor_usage":[20,20],"damage_taken":[{"damage":0.0,"enemies":"Jaw Worm","floor":2.0,"turns":1.0},{"damage":0.0,"enemies":"downfall:FleeingMerchant","floor":4.0,"turns":1.0},{"damage":0.0,"enemies":"Cultist","floor":5.0,"turns":1.0},{"damage":2.0,"enemies":"2 Louse","floor":6.0,"turns":2.0},{"damage":14.0,"enemies":"Red Slaver","floor":8.0,"turns":3.0},{"damage":19.0,"enemies":"3 Sentries","floor":9.0,"turns":6.0},{"damage":8.0,"enemies":"Exordium Wildlife","floor":10.0,"turns":3.0},{"damage":7.0,"enemies":"Exordium Thugs","floor":11.0,"turns":3.0},{"damage":9.0,"enemies":"2 Fungi Beasts","floor":12.0,"turns":2.0},{"damage":7.0,"enemies":"Large Slime","floor":14.0,"turns":5.0},{"damage":12.0,"enemies":"downfall:LooterAlt","floor":15.0,"turns":3.0},{"damage":2.0,"enemies":"WA_ARCHETYPE_RETAIN","floor":16.0,"turns":5.0},{"damage":25.0,"enemies":"Spheric Guardian","floor":19.0,"turns":5.0},{"damage":66,"enemies":"IC_STATUS_ARCHETYPE","floor":20,"turns":15}],"seed_played":"3242354143849386978","potions_obtained":[{"floor":6.0,"key":"EntropicBrew"},{"floor":9.0,"key":"Block Potion"},{"floor":14.0,"key":"Guardian:BlockOnCardUsePotion"},{"floor":19.0,"key":"Weak Potion"}],"is_trial":false,"path_per_floor":["R","M","?","$","M","M","T","M","E","M","M","M","T","M","M","B",null,"R","M","?"],"character_chosen":"THE_SNECKO","items_purchased":[],"campfire_rested":0,"item_purchase_floors":[],"current_hp_per_floor":[90,90,90,90,90,88,88,74,55,47,40,31,31,24,12,10,90,90,65,0,0,0],"gold":282,"neow_bonus":"THREE_ENEMY_KILL","is_daily":false,"chose_seed":false,"campfire_upgraded":0,"win_rate":0.0,"timestamp":1614135359,"path_taken":["R","M","?","$","M","M","T","M","E","M","M","M","?","?","M","BOSS","R","M","?"],"items_purchased_type":[],"build_version":"2020-12-22","purchased_purges":1,"victory":false,"max_hp_per_floor":[90,90,90,90,90,90,90,90,90,90,90,90,90,90,90,90,90,90,90,90,90,90],"card_choices":[{"not_picked":["sneckomod:DiceCrush","sneckomod:SoulRoll","sneckomod:QuickMove"],"picked":"SKIP","floor":2.0},{"not_picked":["sneckomod:UnknownVulnerable","sneckomod:Mudshield"],"picked":"sneckomod:Unknown0Cost","floor":4.0},{"not_picked":["sneckomod:UnknownBlock","sneckomod:UnknownX"],"picked":"sneckomod:RainOfDice","floor":5.0},{"not_picked":["sneckomod:Unknown1Cost","sneckomod:DiceBlock"],"picked":"sneckomod:UnknownStrike","floor":6.0},{"not_picked":["sneckomod:UnknownDraw+1","sneckomod:QuickMove+1"],"picked":"sneckomod:Unknown1Cost+1","floor":8.0},{"not_picked":["sneckomod:UnknownDraw+1","sneckomod:UnknownStrike"],"picked":"sneckomod:UnknownWeak+1","floor":9.0},{"not_picked":["sneckomod:CheapStock","sneckomod:UnknownCommonSkill+1"],"picked":"sneckomod:Unknown0Cost+1","floor":10.0},{"not_picked":["sneckomod:IronFang","sneckomod:UnknownDraw+1","sneckomod:WideSting"],"picked":"SKIP","floor":11.0},{"not_picked":["sneckomod:UnknownUncommonPower","sneckomod:MasterEye"],"picked":"sneckomod:UnknownUncommonSkill+1","floor":12.0},{"not_picked":["sneckomod:ImprovisedGuard+1","sneckomod:DiceCrush"],"picked":"sneckomod:UnknownRarePower","floor":14.0},{"not_picked":["sneckomod:UnknownDraw+1","sneckomod:QuickBite"],"picked":"sneckomod:ImprovisedGuard+1","floor":15.0},{"not_picked":["sneckomod:UnknownRarePower","sneckomod:Mudshield"],"picked":"sneckomod:UnknownBoss+1","floor":16.0},{"not_picked":["sneckomod:RainOfDice","sneckomod:UnknownUncommonSkill+1"],"picked":"sneckomod:Unknown0Cost+1","floor":19.0}],"player_experience":118251,"relics_obtained":[{"floor":7.0,"key":"Toxic Egg 2"},{"floor":9.0,"key":"Omamori"},{"floor":13.0,"key":"Bottled Lightning"}],"event_choices":[{"cards_removed":["sneckomod:Defend"],"damage_healed":0.0,"max_hp_gain":0.0,"max_hp_loss":0.0,"gold_gain":0.0,"event_name":"The Cleric","player_choice":"Card Removal","floor":3.0,"gold_loss":0.0,"damage_taken":0.0}],"is_beta":false,"boss_relics":[{"not_picked":["Philosopher\u0027s Stone","Coffee Dripper"],"picked":"Black Star"}],"items_purged_floors":[4],"is_endless":false,"potions_floor_spawned":[6,9,12,14,19],"killed_by":"IC_STATUS_ARCHETYPE","ascension_level":0}}