{"host":"i0avyit1s6jb1siw","time":1614165216,"event":{"mods":["BaseMod","DeckTracker","Dota2Spire","Minty Spire (QoL Compilation)","Quick Restart","StSLib","SuperFastMode"],"gold_per_floor":[113,113,26,43,54,54,54,82,82,82,82,82],"floor_reached":11,"language":"ENG","playtime":179,"items_purged":[],"score":142,"play_id":"4de79fb7-60c1-449b-aaca-30fdc6f0a84a","local_time":"20210224121336","is_ascension_mode":true,"campfire_choices":[{"data":"Shockwave","floor":6,"key":"SMITH"}],"circlet_count":0,"master_deck":["AscendersBane","Strike_R","Strike_R","Strike_R","Strike_R","Defend_R","Defend_R","Defend_R","Defend_R","Bash","Disarm","Shockwave+1","Shrug It Off","Wild Strike"],"relics":["Burning Blood","Dream Catcher","Eternal Feather","Dota2Spire:EchoSabre"],"acts_visited":["Exordium"],"potions_floor_usage":[8,11],"damage_taken":[{"damage":7,"enemies":"Small Slimes","floor":1,"turns":4},{"damage":9,"enemies":"Jaw Worm","floor":4,"turns":4},{"damage":4,"enemies":"Cultist","floor":5,"turns":4},{"damage":48,"enemies":"3 Sentries","floor":8,"turns":8},{"damage":28,"enemies":"Lagavulin","floor":11,"turns":6}],"seed_played":"6937440297538113482","potions_obtained":[{"floor":1,"key":"FearPotion"},{"floor":4,"key":"PowerPotion"}],"is_trial":false,"path_per_floor":["M","?","$","M","M","R","?","E","T","T","E"],"character_chosen":"IRONCLAD","items_purchased":["Shockwave"],"campfire_rested":0,"item_purchase_floors":[3],"current_hp_per_floor":[67,60,60,57,59,59,59,17,17,17,0,0],"gold":82,"neow_bonus":"RANDOM_COMMON_RELIC","is_daily":false,"chose_seed":false,"campfire_upgraded":1,"win_rate":0.0,"timestamp":1614165216,"path_taken":["M","?","$","M","M","R","?","E","T","T","E"],"items_purchased_type":["Card"],"build_version":"2020-12-22","purchased_purges":0,"victory":false,"max_hp_per_floor":[75,75,75,75,75,75,75,75,75,75,75,75],"card_choices":[{"not_picked":["Cleave","Searing Blow"],"picked":"Disarm","floor":1},{"not_picked":["Clash","Heavy Blade"],"picked":"Shrug It Off","floor":4},{"not_picked":["Armaments","Bloodletting","Rupture"],"picked":"SKIP","floor":5},{"not_picked":["Clash","Dual Wield"],"picked":"Wild Strike","floor":8}],"player_experience":2495302,"relics_obtained":[{"floor":8,"key":"Eternal Feather"},{"floor":9,"key":"Dota2Spire:EchoSabre"}],"event_choices":[{"cards_removed":["Strike_R"],"damage_healed":0,"gold_gain":0,"player_choice":"Card Removal","damage_taken":7,"max_hp_gain":0,"max_hp_loss":0,"event_name":"Golden Wing","floor":2,"gold_loss":0},{"damage_healed":0,"gold_gain":0,"player_choice":"Leave","damage_taken":0,"max_hp_gain":0,"max_hp_loss":0,"event_name":"The Cleric","floor":7,"gold_loss":0}],"is_beta":false,"boss_relics":[],"items_purged_floors":[],"is_endless":false,"potions_floor_spawned":[1,4],"killed_by":"Lagavulin","ascension_level":20}}