{"host":"8vqkh0x3c7vpgzzm","time":1614195383,"event":{"mods":["AchievementEnabler","BaseMod","Colored Map","Colored Powertips","Curses Come First","DeckTracker","Highlight Path","Minty Spire (QoL Compilation)","Permanent Neow","Quick Restart","Random Character Mod","Rare Cards Sparkle","Relic Sorter","Relic Stats","StSLib","SuperFastMode","Unceasing Turn Reminder","egg","everything is the same but u backflip on backflip"],"gold_per_floor":[114,114,189,199,210,244,244,277,304,304,12,28,28,28,28,101,101,101],"floor_reached":17,"language":"ENG","playtime":708,"items_purged":["Strike_B"],"score":293,"play_id":"1f8352ff-f6b0-48e2-a0d1-e42804720497","local_time":"20210224203623","is_ascension_mode":true,"campfire_choices":[{"data":"Machine Learning","floor":7,"key":"SMITH"},{"floor":13,"key":"REST"},{"floor":15,"key":"REST"}],"circlet_count":0,"master_deck":["AscendersBane","Strike_B","Strike_B","Strike_B","Defend_B","Defend_B","Defend_B","Defend_B","Zap","Dualcast","Gash","Self Repair","Lockon","Machine Learning+1","Rip and Tear","BootSequence","Steam","Conserve Battery","Biased Cognition"],"relics":["Runic Pyramid","Ancient Tea Set","Dream Catcher","DataDisk","Smiling Mask","TheAbacus","GremlinMask","Coffee Dripper"],"acts_visited":["Exordium","TheCity"],"potions_floor_usage":[6,6],"damage_taken":[{"damage":0,"enemies":"2 Louse","floor":1,"turns":3},{"damage":7,"enemies":"Jaw Worm","floor":4,"turns":4},{"damage":4,"enemies":"Small Slimes","floor":5,"turns":4},{"damage":30,"enemies":"3 Sentries","floor":6,"turns":8},{"damage":15,"enemies":"Lagavulin","floor":8,"turns":7},{"damage":4,"enemies":"Red Slaver","floor":12,"turns":3},{"damage":32,"enemies":"Slime Boss","floor":16,"turns":14}],"seed_played":"-7369492379661764085","potions_obtained":[{"floor":4,"key":"Regen Potion"},{"floor":5,"key":"FearPotion"},{"floor":12,"key":"SteroidPotion"}],"is_trial":false,"path_per_floor":["M","?","?","M","M","E","R","E","T","?","$","M","R","?","R","B",null],"character_chosen":"DEFECT","items_purchased":["BootSequence","TheAbacus"],"campfire_rested":2,"item_purchase_floors":[11,11],"current_hp_per_floor":[64,69,58,51,54,46,46,31,31,20,20,23,45,45,67,42,68,68],"gold":101,"neow_bonus":"BOSS_RELIC","is_daily":false,"chose_seed":false,"campfire_upgraded":1,"win_rate":0.0,"timestamp":1614195383,"path_taken":["M","?","?","M","M","E","R","E","T","?","$","?","R","?","R","BOSS"],"items_purchased_type":["Card","Relic"],"build_version":"2020-12-22","purchased_purges":1,"victory":false,"max_hp_per_floor":[71,76,76,76,76,76,76,76,76,76,76,76,76,76,76,76,76,76],"relic_stats":{"Dream Catcher":2,"TheAbacus":[30],"counters":[7,43],"Smiling Mask":25,"obtain_stats":[{"Dream Catcher":8,"DataDisk":9,"TheAbacus":11,"GremlinMask":14,"Coffee Dripper":17,"Cracked Core":0,"Ancient Tea Set":6,"Smiling Mask":10,"Runic Pyramid":0},{"Dream Catcher":5,"DataDisk":5,"TheAbacus":5,"GremlinMask":6,"Coffee Dripper":7,"Cracked Core":0,"Ancient Tea Set":4,"Smiling Mask":5,"Runic Pyramid":0},{"Dream Catcher":26,"DataDisk":26,"TheAbacus":26,"GremlinMask":29,"Coffee Dripper":43,"Cracked Core":0,"Ancient Tea Set":19,"Smiling Mask":26,"Runic Pyramid":0}]},"card_choices":[{"not_picked":["Leap","Cold Snap"],"picked":"Gash","floor":1},{"not_picked":["Chaos","Defragment"],"picked":"Self Repair","floor":4},{"not_picked":["Cold Snap","Hologram"],"picked":"Lockon","floor":5},{"not_picked":["Redo","Static Discharge"],"picked":"Machine Learning","floor":6},{"not_picked":["Storm","Stack"],"picked":"Rip and Tear","floor":8},{"not_picked":["Sunder","Barrage","Leap"],"picked":"SKIP","floor":12},{"not_picked":["Cold Snap","Ball Lightning"],"picked":"Steam","floor":13},{"not_picked":["Capacitor","White Noise"],"picked":"Conserve Battery","floor":15},{"not_picked":["Core Surge","Buffer"],"picked":"Biased Cognition","floor":16}],"player_experience":649514,"relics_obtained":[{"floor":6,"key":"Ancient Tea Set"},{"floor":8,"key":"Dream Catcher"},{"floor":9,"key":"DataDisk"}],"event_choices":[{"damage_healed":0,"gold_gain":0,"player_choice":"Donut","damage_taken":0,"max_hp_gain":5,"max_hp_loss":0,"event_name":"Big Fish","floor":2,"gold_loss":0},{"damage_healed":0,"gold_gain":75,"player_choice":"Gather Gold","damage_taken":11,"max_hp_gain":0,"max_hp_loss":0,"event_name":"World of Goop","floor":3,"gold_loss":0},{"damage_healed":0,"gold_gain":0,"player_choice":"Success","damage_taken":11,"relics_obtained":["Smiling Mask"],"max_hp_gain":0,"max_hp_loss":0,"event_name":"Scrap Ooze","floor":10,"gold_loss":0},{"damage_healed":0,"gold_gain":0,"player_choice":"Trade","damage_taken":0,"relics_obtained":["GremlinMask"],"max_hp_gain":0,"max_hp_loss":0,"event_name":"FaceTrader","floor":14,"gold_loss":0}],"is_beta":false,"boss_relics":[{"not_picked":["SacredBark","Busted Crown"],"picked":"Coffee Dripper"}],"items_purged_floors":[11],"is_endless":false,"potions_floor_spawned":[4,5,12],"ascension_level":16}}