{"host":"zk6vb2npgw3pu6j2","time":1614148965,"event":{"mods":["Act Like it!","Aspiration","Bard","BaseMod","Beaked The Cultist","Bestiary","Better Note","Better Sensory Stone","CapriCore","Conspire","Downfall","Friendly Minions","Gensokyo","GifTheSpireLib","Hermit","Hubris","Koishi","Library of Ruina","Library of Ruina Extra","Marisa????????","Marked Mod","Minty Spire (QoL Compilation)","Quarter Circle Forward PUNCH!","Reimu??????","Reliquary","Replay The Spire","Retaliation","Ruina","StSLib","The Administrix","The Alterego","The Blue Laboratory","The Bug Knight","The Construct","The Exalted","The Hierophant","The Immortal","The Marked","The Runesmith","The Senshi","The Servant 0.9.4","The Wild Card","TheVacant","Wandering Minibosses","yUi"],"gold_per_floor":[110,129,129,145,160,194,214,234,234,263,287,306,306,306,306,407,407,425,163,182,182,37,69,69,69,69,103,130,150,161,161,174,204,204,307,307,318,318,336,356,37,68,68,68,68,102,118,118,149,62,62,62],"floor_reached":53,"language":"ENG","playtime":3839,"items_purged":["LightAttack","LightAttack","LightAttack"],"score":937,"play_id":"49648d31-c2db-4140-af0b-552fdc04eadd","local_time":"20210224014245","is_ascension_mode":false,"campfire_choices":[{"data":"IdentifyWeakpoint","floor":13,"key":"SMITH"},{"data":"Feast","floor":15,"key":"SMITH"},{"floor":24,"key":"RECALL"},{"data":"Faith","floor":31,"key":"SMITH"},{"data":"FormingStorm","floor":34,"key":"SMITH"},{"floor":43,"key":"REST"},{"data":"FlashOfSunup","floor":48,"key":"SMITH"},{"floor":51,"key":"DIG"}],"circlet_count":0,"master_deck":["Dodge","LightDefense","LightDefense","LightDefense","LightDefense","ChargeAndCover","FocusedStrikes","IdentifyWeakpoint+1","Feast+1","SkyClearingCut","CutIn","Standoff","SerpentineBarrier","SilentNight","BladeWhirl","Bvapour","GreatSerpentsImpact","Unlock1","SnakesPrey","FervidEmotions","ViolentFlame","CoordinatedAssault","FormingStorm+1","SinglePointStab","DarkCloud+1","ExtremeEdge","TendonChords","Pot Of Greed","Pot Of Greed","Pot Of Greed","GatherIntel+1","YoureTooSlow","Faith+1","StrikeDown","SunsetBlade+1","ViolentFlame+1","FlamingDragonFist","BurningFlash","Pot Of Greed","BiAn","Parasite","SinglePointStab+1","SunsetBlade","LeRegole","FlashOfSunup+1","FlashOfSunup","Unlock1+1","ChiWen","FrontalAssault+1","SunsetBlade"],"relics":["PageOfLibrarian","aspiration:Nostalgia","Sizzling Blood","Meat on the Bone","Shuriken","Odd Mushroom","NlothsMask","Bromod:ArcaneEnergize","TentaclePot:ReiMu","Grinning Jar","hubris:MysteriousPyramids","ReplayFunnel","Busted Crown","Pet Ghost","hubris:Towel","reliquary:Knoch","Replay:Baseball","Calipers","HollowMod:PaleOreRelic"],"acts_visited":["Exordium","TheCity","TheBeyond"],"potions_floor_usage":[6,35,39,40,53,53],"damage_taken":[{"damage":1,"enemies":"Jaw Worm","floor":1,"turns":4},{"damage":1,"enemies":"Small Slimes","floor":2,"turns":4},{"damage":0,"enemies":"Cultist","floor":4,"turns":3},{"damage":1,"enemies":"Looter","floor":5,"turns":2},{"damage":24,"enemies":"Replay:BlueRogue","floor":6,"turns":4},{"damage":3,"enemies":"conspire:2 RoseBushes","floor":7,"turns":3},{"damage":0,"enemies":"Red Slaver","floor":8,"turns":2},{"damage":9,"enemies":"3 Sentries","floor":10,"turns":4},{"damage":10,"enemies":"The Mushroom Lair","floor":11,"turns":3},{"damage":0,"enemies":"Exordium Wildlife","floor":12,"turns":3},{"damage":0,"enemies":"Fading Forest","floor":16,"turns":11},{"damage":10,"enemies":"Chosen","floor":18,"turns":4},{"damage":12,"enemies":"Shell Parasite","floor":20,"turns":4},{"damage":8,"enemies":"conspire:Head Lice","floor":23,"turns":5},{"damage":10,"enemies":"Replay:Snechameleon","floor":27,"turns":5},{"damage":7,"enemies":"Shelled Parasite and Fungi","floor":29,"turns":4},{"damage":0,"enemies":"Snake Plant","floor":30,"turns":3},{"damage":2,"enemies":"Snecko","floor":32,"turns":3},{"damage":0,"enemies":"HollowMod:Nosk","floor":33,"turns":5},{"damage":34,"enemies":"Automaton","floor":35,"turns":7},{"damage":37,"enemies":"3 Darklings","floor":37,"turns":4},{"damage":7,"enemies":"3 Shapes","floor":39,"turns":4},{"damage":25,"enemies":"Writhing Mass","floor":40,"turns":5},{"damage":23,"enemies":"beaked:SuperParasite","floor":42,"turns":7},{"damage":0,"enemies":"conspire:MimicChest","floor":46,"turns":4},{"damage":6,"enemies":"3 Darklings","floor":47,"turns":4},{"damage":0,"enemies":"HollowMod:StalkingDevout","floor":49,"turns":6},{"damage":78,"enemies":"Awakened One","floor":52,"turns":9}],"seed_played":"3068077703114555060","potions_obtained":[{"floor":1,"key":"EssenceOfSteel"},{"floor":4,"key":"Fire Potion"},{"floor":7,"key":"ZuzhouPotion:ReiMu"},{"floor":8,"key":"blueLaboratory:NullPotion"},{"floor":30,"key":"blueLaboratory:PhilterOfMotion"},{"floor":39,"key":"Adrenaline Potion"},{"floor":40,"key":"SpeedPotion"},{"floor":42,"key":"blueLaboratory:BottledHope"}],"is_trial":false,"path_per_floor":["M","M","?","M","M","E","M","M","T","E","?","M","R","?","R","B",null,"M","$","M","?","$","E","R","PTL","PTL","E","T","M","M","R","M","E","R","B",null,"M","?","M","M","$","E","R","?","T","?","M","R","E","$","R","B",null],"character_chosen":"Librarian","items_purchased":["DarkCloud+1","TentaclePot:ReiMu","TendonChords","SunsetBlade","LeRegole","FrontalAssault+1","SunsetBlade"],"campfire_rested":1,"item_purchase_floors":[19,19,22,41,41,50,50],"current_hp_per_floor":[64,67,67,71,78,58,59,63,63,62,56,64,64,64,64,84,88,82,82,74,74,74,79,79,79,79,82,82,88,88,88,88,88,88,58,88,57,57,60,51,51,53,79,79,79,86,88,88,88,88,88,32],"gold":62,"neow_bonus":"NOSTALGIA","is_daily":false,"chose_seed":false,"campfire_upgraded":5,"win_rate":0.0,"timestamp":1614148965,"path_taken":["M","M","?","M","M","E","M","M","T","E","?","M","R","?","R","BOSS","M","?","M","?","$","E","R","PTL","PTL","E","T","M","M","R","M","E","R","BOSS","M","?","M","M","$","E","R","?","T","?","M","R","E","?","R","BOSS"],"items_purchased_type":["Card","Relic","Card","Card","Card","Card","Card"],"build_version":"2020-12-22","purchased_purges":3,"victory":true,"max_hp_per_floor":[74,82,82,82,83,88,88,88,88,88,88,88,88,88,88,88,88,88,88,88,88,88,88,88,88,88,88,88,88,88,88,88,88,88,88,88,88,88,88,88,88,88,88,88,88,88,88,88,88,88,88,88],"card_choices":[{"not_picked":["Gigigig","OpportunitySpotted","MultiBlock","TendonChords","Diversion","FlyingSword","HandleRequest","FierceOnslaught"],"picked":"IdentifyWeakpoint","floor":1},{"not_picked":["ToOvercomeCrisis","CutIn","FleetEdge","DefenseOrder","Thirst","TasteMyFlamingBat","FlyingSword","SnakesPrey"],"picked":"Feast","floor":2},{"not_picked":["Preparation","Overpower","Rewind","Deflect_lor","CoordinatedAssault","Quickness","Creak","Wallop_lor"],"picked":"BladeWhirl","floor":4},{"not_picked":["ButterflySlash","PuppetBlockade","FlyingSword","Creak","Standoff","SmokingPipe","SnakeSlit","FrontalAssault"],"picked":"Bvapour","floor":5},{"not_picked":["EnergyBeam","HandleRequest","WillOfThePrescript","TasteMyFlamingBat","Duel_lor","NightInTheBackstreets","YourShield","FierceCharge"],"picked":"GreatSerpentsImpact","floor":6},{"not_picked":["EnergyStrike","Overcharge","StructuralAnalysis","Faith","QuickSuppression","FierceOnslaught","FeelinGood","MindWhip"],"picked":"Unlock1","floor":7},{"not_picked":["CoordinatedAssault","WillOfThePrescript","AGoldenOpportunity","QuickAttack","StrongStrike","HandleRequest","ClassAndRespect","Fence"],"picked":"SnakesPrey","floor":8},{"not_picked":["Gigigig","FrontalAssault","FleshFillet","Parry2","WillOfThePrescript","GuardingStance","FendThisOffIfYouCan","QuickSuppression"],"picked":"FervidEmotions","floor":10},{"not_picked":["FlowOfTheSword","SinglePointStab","LoosenUp","GuardingStance","SweepTheBackstreets","ExtractFuel","ElectricShock","Ripple"],"picked":"ViolentFlame","floor":11},{"not_picked":["Decapitation","VenomousFangs","YourShield","EndlessBattle","DeepDrag","HighSpeedStabbing","AlloutWar","BlowItUp"],"picked":"CoordinatedAssault","floor":12},{"not_picked":["MirageStorm","WillProduceFineSilk"],"picked":"FormingStorm","floor":16},{"not_picked":["BurningFlash","CookingPrep+1","EnergyStrike","SuppressingShot+1","Retaliate","Thrust","HiddenBlade","GuardingStance"],"picked":"SinglePointStab","floor":18},{"not_picked":["Rewind","ConcentratedFire","GuidanceOfTheGears+1","WillProduceFineSilk","ButterflySlash","Diversion","Marionette+1","FendThisOffIfYouCan"],"picked":"ExtremeEdge","floor":20},{"not_picked":["StrikeDown+1","TendonChords","PreemptiveStrike","YouOnlyLiveOnce","DeepDrag+1","PuppetBlockade","HighSpeedStabbing+1","ChargeUp"],"picked":"GatherIntel+1","floor":23},{"not_picked":["HeavyPeaks","SerpentSwordTechnique","Disposal","NightInTheBackstreets","SparkingSpear","ToWhereThePrescriptPoints+1","SuppressingShot+1","Multislash+1"],"picked":"YoureTooSlow","floor":27},{"not_picked":["SpearedSweep","Wallop_lor","EnergyCycle+1","MindPrepared","RatsGuideToSurvival","Outburst","SnakeSlit","SnakesPrey"],"picked":"Faith","floor":29},{"not_picked":["SerpentSwordTechnique","SmokingPipe","YoureAHindrance","Feast+1","SuppressingShot","PreemptiveStrike+1","SpearedSweep+1","Faith"],"picked":"StrikeDown","floor":30},{"not_picked":["Parry","DefenseOrder","SinglePointStab","ViolentFlame+1","HandlingWork","GreatSerpentsImpact","TheArtOfRapidSteps","Cruelty"],"picked":"SunsetBlade+1","floor":32},{"not_picked":["GuidanceOfTheGears","AlloutWar","Pound","CrackOfDawn","BiteOff","SilentNight","StrikeDown+1","QuickAttack"],"picked":"ViolentFlame+1","floor":33},{"not_picked":["RepressedFlesh","GutHarvesting"],"picked":"FlamingDragonFist","floor":35},{"not_picked":["HiddenBlade","StayCalm","StrikeDown+1","Wallop_lor+1","Eliminate+1","CookingPrep+1"],"picked":"BurningFlash","floor":37},{"not_picked":["Faith+1","Preparation","Unlock1","WillProduceFineSilk","ExtremeEdge+1","FocusFire+1"],"picked":"BiAn","floor":39},{"not_picked":["DesperateStruggle+1","WillBeTasty+1","SpearedSweep+1","SharpSwipe","SparkingSpear+1","Rewind"],"picked":"SinglePointStab+1","floor":40},{"not_picked":["ScatteringSlash","Thrust","InnerArdor","SuppressingShot","RapidGashes+1","FormingStorm"],"picked":"FlashOfSunup","floor":42},{"not_picked":["ViolentFlame","SunsetBlade","GreatSerpentsImpact+1","EndlessBattle+1","Multislash+1","Rewind"],"picked":"FlashOfSunup","floor":46},{"not_picked":["ForcefulGesture+1","FervidEmotions","EndlessBattle","SuppressingShot","SpearedSweep","BayonetCombat"],"picked":"Unlock1+1","floor":47},{"not_picked":["Track","StructuralAnalysis","PreemptiveStrike","AlloutWar","Parry+1","Leap_lor"],"picked":"ChiWen","floor":49}],"player_experience":318255,"relics_obtained":[{"floor":6,"key":"Meat on the Bone"},{"floor":10,"key":"Shuriken"},{"floor":11,"key":"Odd Mushroom"},{"floor":23,"key":"Grinning Jar"},{"floor":27,"key":"hubris:MysteriousPyramids"},{"floor":33,"key":"ReplayFunnel"},{"floor":42,"key":"Pet Ghost"},{"floor":45,"key":"reliquary:Knoch"},{"floor":46,"key":"Replay:Baseball"},{"floor":49,"key":"Calipers"},{"floor":51,"key":"HollowMod:PaleOreRelic"}],"event_choices":[{"damage_healed":0,"gold_gain":0,"player_choice":"Fought Mushrooms","damage_taken":0,"max_hp_gain":0,"max_hp_loss":0,"event_name":"Mushrooms","floor":11,"gold_loss":0},{"damage_healed":0,"gold_gain":0,"player_choice":"Trade","damage_taken":0,"relics_obtained":["NlothsMask"],"max_hp_gain":0,"max_hp_loss":0,"event_name":"FaceTrader","floor":14,"gold_loss":0},{"damage_healed":0,"gold_gain":0,"player_choice":"Ignored","damage_taken":0,"max_hp_gain":0,"max_hp_loss":0,"event_name":"betterNote:BetterNote","floor":21,"gold_loss":0,"cards_obtained":["hexamod:ApocalypseNow"]},{"damage_healed":0,"gold_gain":0,"player_choice":"Ignored","damage_taken":0,"max_hp_gain":0,"max_hp_loss":0,"event_name":"Tomb of Lord Red Mask","floor":38,"gold_loss":0}],"is_beta":false,"boss_relics":[{"not_picked":["beaked:SacredDeck","Replay:Drink Me"],"picked":"Bromod:ArcaneEnergize"},{"not_picked":["reliquary:ThirdArm","Bromod:ArcaneBarrier"],"picked":"Busted Crown"}],"items_purged_floors":[19,22,41],"is_endless":false,"potions_floor_spawned":[1,4,7,8,12,18,23,30,32,33,39,40,42],"ascension_level":0}}