{"host":"r4j5b3etkqj66d96","time":1614188434,"event":{"mods":["BaseMod","Colored Map","DeckTracker","Highlight Path","Minty Spire (QoL Compilation)","Quick Restart","Relic Stats","StSLib","SuperFastMode"],"gold_per_floor":[117,130,55,25,43,72,91,91,91,103,122,122,139,174,174,248,248,267,192,107,119,131,131,131,131],"floor_reached":24,"language":"JPN","playtime":1167,"items_purged":[],"score":420,"play_id":"207de443-ebde-4c4a-be4a-3d6322da1c96","local_time":"20210225024034","is_ascension_mode":true,"campfire_choices":[{"data":"Rampage","floor":8,"key":"SMITH"},{"data":"Burning Pact","floor":12,"key":"SMITH"},{"data":"True Grit","floor":15,"key":"SMITH"},{"floor":23,"key":"REST"}],"circlet_count":0,"master_deck":["AscendersBane","Strike_R","Strike_R","Strike_R","Defend_R","Defend_R","Defend_R","Defend_R","Bash","Burning Pact+1","Sword Boomerang","Carnage","Iron Wave","Rampage+1","Disarm","Double Tap","True Grit+1","Searing Blow","Juggernaut","CurseOfTheBell","Shrug It Off"],"relics":["Burning Blood","NeowsBlessing","Toy Ornithopter","Vajra","Darkstone Periapt","Calling Bell","Happy Flower","Singing Bowl","Incense Burner","Centennial Puzzle"],"acts_visited":["Exordium","TheCity"],"potions_floor_usage":[6,11,13,14,16,18,18,22,22,24],"damage_taken":[{"damage":0,"enemies":"Jaw Worm","floor":1,"turns":1},{"damage":0,"enemies":"2 Louse","floor":2,"turns":1},{"damage":0,"enemies":"Cultist","floor":5,"turns":1},{"damage":35,"enemies":"Lagavulin","floor":6,"turns":5},{"damage":1,"enemies":"Exordium Wildlife","floor":7,"turns":3},{"damage":11,"enemies":"Blue Slaver","floor":10,"turns":3},{"damage":3,"enemies":"3 Louse","floor":11,"turns":4},{"damage":0,"enemies":"Red Slaver","floor":13,"turns":1},{"damage":13,"enemies":"3 Sentries","floor":14,"turns":5},{"damage":27,"enemies":"Hexaghost","floor":16,"turns":9},{"damage":28,"enemies":"3 Byrds","floor":18,"turns":7},{"damage":34,"enemies":"Chosen","floor":21,"turns":5},{"damage":46,"enemies":"Snake Plant","floor":22,"turns":5},{"damage":44,"enemies":"Sentry and Sphere","floor":24,"turns":5}],"seed_played":"1220374910770941787","potions_obtained":[{"floor":4,"key":"Regen Potion"},{"floor":4,"key":"LiquidMemories"},{"floor":6,"key":"Swift Potion"},{"floor":10,"key":"DuplicationPotion"},{"floor":11,"key":"LiquidMemories"},{"floor":13,"key":"AttackPotion"},{"floor":14,"key":"HeartOfIron"},{"floor":16,"key":"EntropicBrew"},{"floor":22,"key":"PowerPotion"}],"is_trial":false,"path_per_floor":["M","M","?","?","M","E","M","R","T","M","M","R","M","E","R","B",null,"M","?","?","M","M","R","M"],"character_chosen":"IRONCLAD","items_purchased":[],"campfire_rested":1,"item_purchase_floors":[],"current_hp_per_floor":[74,75,75,75,75,46,51,51,51,46,59,59,70,68,68,52,75,65,65,65,37,9,34,0,0],"gold":131,"neow_bonus":"THREE_ENEMY_KILL","is_daily":false,"chose_seed":false,"campfire_upgraded":3,"win_rate":0.0,"timestamp":1614188434,"path_taken":["M","M","?","?","?","E","M","R","T","M","M","R","M","E","R","BOSS","M","?","?","M","M","R","M"],"items_purchased_type":[],"build_version":"2020-12-22","purchased_purges":0,"victory":false,"max_hp_per_floor":[75,75,75,75,75,75,75,75,75,75,75,75,75,75,75,75,81,83,83,83,83,85,85,85,85],"relic_stats":{"Darkstone Periapt":6,"Centennial Puzzle":[9],"Happy Flower":[7],"Singing Bowl":4,"counters":[14,55],"obtain_stats":[{"Darkstone Periapt":14,"Calling Bell":17,"Centennial Puzzle":20,"NeowsBlessing":0,"Happy Flower":17,"Singing Bowl":17,"Vajra":9,"Incense Burner":17,"Burning Blood":0,"Toy Ornithopter":6},{"Darkstone Periapt":9,"Calling Bell":10,"Centennial Puzzle":11,"NeowsBlessing":0,"Happy Flower":10,"Singing Bowl":10,"Vajra":5,"Incense Burner":10,"Burning Blood":0,"Toy Ornithopter":4},{"Darkstone Periapt":24,"Calling Bell":33,"Centennial Puzzle":40,"NeowsBlessing":0,"Happy Flower":33,"Singing Bowl":33,"Vajra":11,"Incense Burner":33,"Burning Blood":0,"Toy Ornithopter":8}],"Burning Blood":67,"Toy Ornithopter":45},"card_choices":[{"not_picked":["Armaments","Perfected Strike"],"picked":"Burning Pact","floor":1},{"not_picked":["Armaments","Flex"],"picked":"Sword Boomerang","floor":2},{"not_picked":["Shrug It Off","Offering"],"picked":"Carnage","floor":5},{"not_picked":["Sword Boomerang","Warcry"],"picked":"Iron Wave","floor":6},{"not_picked":["Clothesline","Flame Barrier"],"picked":"Rampage","floor":7},{"not_picked":["Havoc","Burning Pact"],"picked":"Disarm","floor":10},{"not_picked":["Heavy Blade","Cleave"],"picked":"Double Tap","floor":11},{"not_picked":["Wild Strike","Shockwave"],"picked":"True Grit","floor":13},{"not_picked":["Sever Soul","Double Tap"],"picked":"Searing Blow","floor":14},{"not_picked":["Double Tap","Impervious"],"picked":"Juggernaut","floor":16},{"not_picked":["Wild Strike","Disarm","Intimidate"],"picked":"Singing Bowl","floor":18},{"not_picked":["Thunderclap","Clothesline"],"picked":"Shrug It Off","floor":21},{"not_picked":["Thunderclap","Dark Embrace","Searing Blow"],"picked":"Singing Bowl","floor":22}],"player_experience":1301714,"relics_obtained":[{"floor":6,"key":"Toy Ornithopter"},{"floor":9,"key":"Vajra"},{"floor":14,"key":"Darkstone Periapt"},{"floor":17,"key":"Happy Flower"},{"floor":17,"key":"Singing Bowl"},{"floor":17,"key":"Incense Burner"}],"event_choices":[{"cards_removed":["Strike_R"],"damage_healed":0,"gold_gain":0,"player_choice":"Card Removal","damage_taken":0,"max_hp_gain":0,"max_hp_loss":0,"event_name":"The Cleric","floor":3,"gold_loss":75},{"damage_healed":0,"gold_gain":0,"player_choice":"Bought 2 Potions","damage_taken":0,"max_hp_gain":0,"max_hp_loss":0,"event_name":"The Woman in Blue","floor":4,"gold_loss":0},{"cards_removed":["Strike_R"],"damage_healed":0,"gold_gain":0,"player_choice":"Gave Gold","damage_taken":0,"max_hp_gain":0,"max_hp_loss":0,"event_name":"Beggar","floor":19,"gold_loss":75},{"damage_healed":0,"gold_gain":0,"player_choice":"Obtained Relic","damage_taken":0,"relics_obtained":["Centennial Puzzle"],"max_hp_gain":0,"max_hp_loss":0,"event_name":"Addict","floor":20,"gold_loss":85}],"is_beta":false,"boss_relics":[{"not_picked":["Astrolabe","Tiny House"],"picked":"Calling Bell"}],"items_purged_floors":[],"is_endless":false,"potions_floor_spawned":[6,10,11,13,14,16,21,22],"killed_by":"Sentry and Sphere","ascension_level":20}}