{"host":"6ggzka4dag2kvku2","time":1614184761,"event":{"mods":["AchievementEnabler","BaseMod","DeckTracker","Minty Spire (QoL Compilation)","Permanent Neow","Quick Restart","SuperFastMode"],"gold_per_floor":[110,128,138,154,3,37,37,52,52,63,81,81,114,14,14,113,113,123,133,133,160,160,160],"floor_reached":22,"language":"KOR","playtime":976,"items_purged":["Strike_B","Strike_B"],"score":238,"play_id":"97fbb353-d673-403e-8779-3ef90746560b","local_time":"20210225013921","is_ascension_mode":true,"campfire_choices":[{"data":"Darkness","floor":7,"key":"SMITH"},{"floor":12,"key":"REST"},{"data":"Redo","floor":15,"key":"SMITH"}],"circlet_count":0,"master_deck":["Defend_B+1","Defend_B+1","Defend_B+1","Defend_B+1","Dualcast","Darkness+1","Lockon","Coolheaded","Redo+1","Defragment","Glacier","Turbo","Creative AI","Conserve Battery","Undo","Reboot","Redo","Reboot"],"relics":["Cracked Core","Question Card","Shuriken","Bottled Flame","Empty Cage","Red Mask"],"acts_visited":["Exordium","TheCity"],"potions_floor_usage":[21,22,22],"damage_taken":[{"damage":3,"enemies":"Small Slimes","floor":1,"turns":3},{"damage":4,"enemies":"2 Louse","floor":2,"turns":2},{"damage":4,"enemies":"Jaw Worm","floor":3,"turns":3},{"damage":19,"enemies":"Blue Slaver","floor":4,"turns":4},{"damage":7,"enemies":"3 Sentries","floor":6,"turns":12},{"damage":3,"enemies":"3 Louse","floor":8,"turns":4},{"damage":11,"enemies":"Exordium Wildlife","floor":10,"turns":7},{"damage":0,"enemies":"Large Slime","floor":11,"turns":5},{"damage":2,"enemies":"Lagavulin","floor":13,"turns":7},{"damage":25,"enemies":"The Guardian","floor":16,"turns":10},{"damage":0,"enemies":"Shell Parasite","floor":18,"turns":5},{"damage":20,"enemies":"3 Byrds","floor":19,"turns":6},{"damage":18,"enemies":"Masked Bandits","floor":21,"turns":7},{"damage":39,"enemies":"Cultist and Chosen","floor":22,"turns":10}],"seed_played":"4202777126960295607","potions_obtained":[{"floor":2,"key":"Swift Potion"},{"floor":8,"key":"ColorlessPotion"},{"floor":10,"key":"EssenceOfSteel"},{"floor":11,"key":"DistilledChaos"},{"floor":16,"key":"SkillPotion"}],"is_trial":false,"path_per_floor":["M","M","M","M","$","E","R","M","T","M","M","R","E","$","R","B",null,"M","M","?","?","M"],"character_chosen":"DEFECT","items_purchased":["Glacier"],"campfire_rested":1,"item_purchase_floors":[5],"current_hp_per_floor":[72,68,64,45,45,38,38,35,35,24,24,46,44,44,44,19,75,75,55,55,37,0,0],"gold":160,"neow_bonus":"TRANSFORM_CARD","is_daily":false,"chose_seed":false,"campfire_upgraded":2,"win_rate":0.0,"timestamp":1614184761,"path_taken":["M","M","M","M","$","E","R","M","T","M","M","R","E","$","R","BOSS","M","M","?","?","M"],"items_purchased_type":["Card"],"build_version":"2020-12-22","purchased_purges":2,"victory":false,"max_hp_per_floor":[75,75,75,75,75,75,75,75,75,75,75,75,75,75,75,75,75,75,75,75,75,75,75],"card_choices":[{"not_picked":["Streamline","Skim"],"picked":"Lockon","floor":1},{"not_picked":["Compile Driver","Scrape"],"picked":"Coolheaded","floor":2},{"not_picked":["Rebound","Streamline"],"picked":"Redo","floor":3},{"not_picked":["Steam Power","Darkness"],"picked":"Defragment","floor":4},{"not_picked":["Glacier","Leap","Streamline"],"picked":"SKIP","floor":6},{"not_picked":["Leap","Ball Lightning","Stack"],"picked":"Turbo","floor":8},{"not_picked":["Steam","Coolheaded","Gash"],"picked":"Creative AI","floor":10},{"not_picked":["Coolheaded","Turbo","Stack"],"picked":"Conserve Battery","floor":11},{"not_picked":["Biased Cognition","Sweeping Beam","Compile Driver"],"picked":"Undo","floor":13},{"not_picked":["Meteor Strike","Amplify","Machine Learning"],"picked":"Reboot","floor":16},{"not_picked":["Leap","Rebound","Go for the Eyes","Tempest"],"picked":"SKIP","floor":18},{"not_picked":["Reprogram+1","Steam","Ball Lightning"],"picked":"Redo","floor":19},{"not_picked":["Sweeping Beam+1","Coolheaded","Leap"],"picked":"Reboot","floor":21}],"player_experience":144277,"relics_obtained":[{"floor":6,"key":"Question Card"},{"floor":9,"key":"Shuriken"},{"floor":13,"key":"Bottled Flame"},{"floor":21,"key":"Red Mask"}],"event_choices":[{"damage_healed":0,"gold_gain":0,"player_choice":"Simplicity","damage_taken":0,"max_hp_gain":0,"max_hp_loss":0,"event_name":"Back to Basics","floor":20,"gold_loss":0,"cards_upgraded":["Defend_B","Defend_B","Defend_B","Defend_B"]},{"damage_healed":0,"gold_gain":0,"player_choice":"Fought Bandits","damage_taken":0,"max_hp_gain":0,"max_hp_loss":0,"event_name":"Masked Bandits","floor":21,"gold_loss":0}],"is_beta":false,"boss_relics":[{"not_picked":["Astrolabe","Philosopher\u0027s Stone"],"picked":"Empty Cage"}],"items_purged_floors":[5,14],"is_endless":false,"potions_floor_spawned":[2,8,10,11,13,16,19],"killed_by":"Cultist and Chosen","ascension_level":4}}