{"host":"s41rn2jhghpwfrvz","time":1614132692,"event":{"mods":["BaseMod","Minty Spire (QoL Compilation)","Quick Restart","Relic Stats","SuperFastMode"],"gold_per_floor":[119,131,131,131,131,169,184,227,250,286,286,121,154,168,168,262,262,285,285,285,309,325,360,360,400,400,400,441,179,219,235,235,324,324,349,367,242,263,263,303,323,361,361,399,399,399,434,284,284,284,284,284,284,67,111,111],"floor_reached":57,"language":"ENG","playtime":1678,"items_purged":["Disarm","Hemokinesis","PiercingWail","Sweeping Beam"],"score":3998,"play_id":"22570c38-57cf-40c9-89f2-6bec2ce2e095","local_time":"20210224041132","daily_mods":["SealedDeck","Diverse","Elite Swarm"],"is_ascension_mode":true,"campfire_choices":[{"data":"Rage","floor":11,"key":"SMITH"},{"data":"Reflex","floor":15,"key":"SMITH"},{"floor":24,"key":"RECALL"},{"data":"Madness","floor":27,"key":"SMITH"},{"data":"Adrenaline","floor":32,"key":"SMITH"},{"data":"Underhanded Strike","floor":46,"key":"SMITH"},{"data":"Backflip","floor":49,"key":"SMITH"},{"data":"Evolve","floor":53,"key":"SMITH"}],"circlet_count":0,"master_deck":["AscendersBane","Reflex+1","Acrobatics+1","Underhanded Strike+1","Backflip+1","Rage+1","Adrenaline+1","Madness+1","Evolve+1","Grand Finale+1","Impervious"],"relics":["Burning Blood","Golden Idol","Akabeko","Ancient Tea Set","Toy Ornithopter","Torii","Pen Nib","Runic Dome","Gremlin Horn","InkBottle","Bag of Marbles","Oddly Smooth Stone","Omamori","Empty Cage","Paper Frog","Regal Pillow","HornCleat","Happy Flower","Mango","ClockworkSouvenir"],"acts_visited":["Exordium","TheCity","TheBeyond","TheEnding"],"potions_floor_usage":[56,56],"damage_taken":[{"damage":3,"enemies":"2 Louse","floor":1,"turns":2},{"damage":0,"enemies":"Jaw Worm","floor":2,"turns":1},{"damage":32,"enemies":"3 Sentries","floor":6,"turns":7},{"damage":0,"enemies":"Cultist","floor":7,"turns":3},{"damage":0,"enemies":"Lagavulin","floor":8,"turns":3},{"damage":6,"enemies":"Gremlin Nob","floor":10,"turns":3},{"damage":0,"enemies":"Lagavulin","floor":13,"turns":5},{"damage":0,"enemies":"Exordium Wildlife","floor":14,"turns":4},{"damage":0,"enemies":"Slime Boss","floor":16,"turns":4},{"damage":1,"enemies":"Shell Parasite","floor":18,"turns":3},{"damage":0,"enemies":"Chosen","floor":21,"turns":2},{"damage":0,"enemies":"Centurion and Healer","floor":22,"turns":2},{"damage":0,"enemies":"Book of Stabbing","floor":23,"turns":3},{"damage":2,"enemies":"Slavers","floor":25,"turns":1},{"damage":0,"enemies":"Gremlin Leader","floor":28,"turns":1},{"damage":43,"enemies":"Slavers","floor":30,"turns":2},{"damage":0,"enemies":"Cultist and Chosen","floor":31,"turns":3},{"damage":0,"enemies":"Automaton","floor":33,"turns":2},{"damage":0,"enemies":"3 Darklings","floor":35,"turns":1},{"damage":1,"enemies":"Orb Walker","floor":36,"turns":2},{"damage":0,"enemies":"Writhing Mass","floor":38,"turns":1},{"damage":0,"enemies":"Giant Head","floor":40,"turns":1},{"damage":0,"enemies":"Transient","floor":41,"turns":1},{"damage":0,"enemies":"Nemesis","floor":42,"turns":1},{"damage":0,"enemies":"Reptomancer","floor":44,"turns":1},{"damage":0,"enemies":"Nemesis","floor":47,"turns":1},{"damage":19,"enemies":"Donu and Deca","floor":50,"turns":2},{"damage":0,"enemies":"Time Eater","floor":51,"turns":2},{"damage":0,"enemies":"Shield and Spear","floor":55,"turns":1},{"damage":0,"enemies":"The Heart","floor":56,"turns":4}],"seed_played":"8127334171859967874","potions_obtained":[{"floor":7,"key":"AttackPotion"},{"floor":10,"key":"Regen Potion"},{"floor":13,"key":"PowerPotion"},{"floor":28,"key":"Dexterity Potion"}],"is_trial":true,"path_per_floor":["M","M","?","?","?","E","M","E","T","E","R","$","E","M","R","B",null,"M","?","?","M","M","E","R","E","T","R","E","$","E","M","R","B",null,"M","M","$","M","?","E","M","E","T","E","?","R","E","$","R","B","B",null,"R","$","E","B",null],"character_chosen":"IRONCLAD","items_purchased":["Madness","Oddly Smooth Stone","ClockworkSouvenir","Swift Potion"],"campfire_rested":0,"item_purchase_floors":[12,29,54,54],"current_hp_per_floor":[71,75,75,49,49,23,41,47,47,59,59,59,71,75,75,75,75,75,75,75,75,75,75,75,75,75,75,75,75,38,44,44,50,69,75,75,75,75,75,75,75,75,75,75,75,75,89,89,89,76,82,87,87,87,89,89],"gold":111,"neow_bonus":"","is_daily":false,"chose_seed":false,"campfire_upgraded":7,"win_rate":0.0,"timestamp":1614132692,"path_taken":["M","M","?","?","?","E","M","E","T","E","R","$","E","M","R","BOSS","M","?","?","M","M","E","R","E","T","R","E","$","E","M","R","BOSS","M","?","$","M","?","E","?","E","T","E","?","R","E","$","R","BOSS","BOSS","R","$","E","BOSS"],"items_purchased_type":["Card","Relic","Relic","Potion"],"build_version":"2020-12-22","purchased_purges":4,"victory":true,"max_hp_per_floor":[75,75,75,75,75,75,75,75,75,75,75,75,75,75,75,75,75,75,75,75,75,75,75,75,75,75,75,75,75,75,75,75,75,75,75,75,75,75,75,75,75,75,75,75,75,75,89,89,89,89,89,89,89,89,89,89],"relic_stats":{"Regal Pillow":0,"Torii":4,"Gremlin Horn":[12,12],"Happy Flower":[3],"counters":[30,69],"Golden Idol":235,"Pen Nib":[21],"obtain_stats":[{"Regal Pillow":42,"Torii":10,"Gremlin Horn":23,"Happy Flower":44,"Golden Idol":4,"Oddly Smooth Stone":29,"Mango":47,"Pen Nib":13,"Omamori":30,"Ancient Tea Set":8,"Empty Cage":34,"Burning Blood":0,"Akabeko":6,"ClockworkSouvenir":54,"Runic Dome":17,"HornCleat":43,"Bag of Marbles":28,"Toy Ornithopter":9,"InkBottle":25,"Paper Frog":40},{"Regal Pillow":24,"Torii":6,"Gremlin Horn":13,"Happy Flower":25,"Golden Idol":2,"Oddly Smooth Stone":15,"Mango":26,"Pen Nib":7,"Omamori":16,"Ancient Tea Set":5,"Empty Cage":18,"Burning Blood":0,"Akabeko":3,"ClockworkSouvenir":28,"Runic Dome":9,"HornCleat":24,"Bag of Marbles":15,"Toy Ornithopter":5,"InkBottle":14,"Paper Frog":22},{"Regal Pillow":58,"Torii":19,"Gremlin Horn":42,"Happy Flower":59,"Golden Idol":3,"Oddly Smooth Stone":44,"Mango":60,"Pen Nib":24,"Omamori":46,"Ancient Tea Set":16,"Empty Cage":51,"Burning Blood":0,"Akabeko":10,"ClockworkSouvenir":64,"Runic Dome":32,"HornCleat":58,"Bag of Marbles":44,"Toy Ornithopter":16,"InkBottle":43,"Paper Frog":56}],"Burning Blood":82,"Toy Ornithopter":0,"InkBottle":[22]},"card_choices":[{"not_picked":["Go for the Eyes","Auto Shields","FlyingSleeves"],"picked":"SKIP","floor":1},{"not_picked":["Quick Slash","Sword Boomerang"],"picked":"Rage","floor":2},{"not_picked":["Core Surge","Machine Learning"],"picked":"Reaper","floor":6},{"not_picked":["Scrape","Rebound","Double Energy"],"picked":"SKIP","floor":7},{"not_picked":["Corpse Explosion","Storm of Steel","ConjureBlade"],"picked":"SKIP","floor":8},{"not_picked":["Brilliance","ConjureBlade"],"picked":"Adrenaline","floor":10},{"not_picked":["Fiend Fire","Machine Learning","Night Terror"],"picked":"SKIP","floor":13},{"not_picked":["Fiend Fire","Machine Learning","Night Terror"],"picked":"SKIP","floor":13},{"not_picked":["Acrobatics","CrushJoints"],"picked":"Evolve","floor":14},{"not_picked":["Bane","Havoc+1","Wireheading"],"picked":"SKIP","floor":18},{"not_picked":["Eviscerate","Sucker Punch","WheelKick+1"],"picked":"SKIP","floor":21},{"not_picked":["Consecrate","Second Wind","Shrug It Off"],"picked":"SKIP","floor":22},{"not_picked":["Core Surge","Venomology","Judgement"],"picked":"SKIP","floor":23},{"not_picked":["Adrenaline","Seek"],"picked":"Grand Finale","floor":25},{"not_picked":["Ragnarok","DevaForm","Judgement"],"picked":"SKIP","floor":28},{"not_picked":["Fission","Burst","Glass Knife"],"picked":"SKIP","floor":30},{"not_picked":["Worship+1","Choke+1","LikeWater"],"picked":"SKIP","floor":31},{"not_picked":["Evaluate","Outmaneuver","Storm+1"],"picked":"SKIP","floor":35},{"not_picked":["ThirdEye","Pommel Strike+1","Iron Wave+1"],"picked":"SKIP","floor":36},{"not_picked":["SashWhip","Deflect","Shrug It Off"],"picked":"SKIP","floor":38},{"not_picked":["Immolate","Core Surge","Juggernaut"],"picked":"SKIP","floor":40},{"not_picked":["Iron Wave","Evaluate","FollowUp"],"picked":"SKIP","floor":41},{"not_picked":["Multi-Cast","Venomology","Bullet Time"],"picked":"SKIP","floor":42},{"not_picked":["Judgement","A Thousand Cuts","Corruption"],"picked":"SKIP","floor":44},{"not_picked":["A Thousand Cuts","Hyperbeam","Fission"],"picked":"SKIP","floor":47},{"not_picked":["Tools of the Trade","Adrenaline"],"picked":"Impervious","floor":55}],"player_experience":2000188,"relics_obtained":[{"floor":6,"key":"Akabeko"},{"floor":8,"key":"Ancient Tea Set"},{"floor":9,"key":"Toy Ornithopter"},{"floor":10,"key":"Torii"},{"floor":13,"key":"Pen Nib"},{"floor":23,"key":"Gremlin Horn"},{"floor":25,"key":"InkBottle"},{"floor":28,"key":"Bag of Marbles"},{"floor":30,"key":"Omamori"},{"floor":40,"key":"Paper Frog"},{"floor":42,"key":"Regal Pillow"},{"floor":43,"key":"HornCleat"},{"floor":44,"key":"Happy Flower"},{"floor":47,"key":"Mango"}],"event_choices":[{"damage_healed":0,"gold_gain":0,"player_choice":"Grow","damage_taken":0,"max_hp_gain":0,"max_hp_loss":0,"event_name":"Living Wall","floor":3,"gold_loss":0,"cards_upgraded":["Acrobatics"]},{"damage_healed":0,"gold_gain":0,"player_choice":"Take Damage","damage_taken":26,"relics_obtained":["Golden Idol"],"max_hp_gain":0,"max_hp_loss":0,"event_name":"Golden Idol","floor":4,"gold_loss":0},{"damage_healed":0,"gold_gain":0,"player_choice":"Ignored","damage_taken":0,"max_hp_gain":0,"max_hp_loss":0,"event_name":"Liars Game","floor":5,"gold_loss":0},{"damage_healed":0,"gold_gain":0,"cards_transformed":["Pummel","Reaper"],"player_choice":"Became Test Subject","damage_taken":0,"max_hp_gain":0,"max_hp_loss":0,"event_name":"Drug Dealer","floor":19,"gold_loss":0,"cards_obtained":["Deadly Poison","Deadly Poison"]},{"damage_healed":0,"gold_gain":0,"cards_transformed":["Deadly Poison"],"player_choice":"Transformed","damage_taken":0,"max_hp_gain":0,"max_hp_loss":0,"event_name":"Transmorgrifier","floor":20,"gold_loss":0,"cards_obtained":["Hemokinesis"]},{"damage_healed":0,"gold_gain":0,"player_choice":"Forge","damage_taken":0,"max_hp_gain":0,"max_hp_loss":0,"event_name":"Accursed Blacksmith","floor":39,"gold_loss":0,"cards_upgraded":["Grand Finale"]},{"cards_removed":["Beam Cell"],"damage_healed":0,"gold_gain":0,"player_choice":"Removed Attack","damage_taken":0,"max_hp_gain":0,"max_hp_loss":0,"event_name":"Falling","floor":45,"gold_loss":0}],"is_beta":false,"boss_relics":[{"not_picked":["Black Blood","Runic Cube"],"picked":"Runic Dome"},{"not_picked":["Velvet Choker","Tiny House"],"picked":"Empty Cage"}],"items_purged_floors":[12,29,37,48],"is_endless":false,"potions_floor_spawned":[7,10,13,14,18,22,23,28,35,41,44],"ascension_level":20}}