{"host":"fuszjwm6fqgjjp4d","time":1614187400,"event":{"mods":["BaseMod","Colored Map","Minty Spire (QoL Compilation)","Permanent Neow","Relic Sorter","Relic Stats","StSLib"],"gold_per_floor":[110,127,202,24,24,24,52,202,256,15,45,45,45,59,59,136,136,150,75,75,75,92,92,108,108,135,161,161,174,174,209,209,280,280,293,305,147,163,181,206,206,240,265,292,292,317,336,355,355,355,355,355,355,85,112,112,112],"floor_reached":56,"language":"ENG","playtime":1668,"items_purged":["Doubt"],"score":2087,"play_id":"4bdb4215-3ed1-4be5-96f8-04ae793dd177","local_time":"20210224112320","is_ascension_mode":true,"campfire_choices":[{"data":"Bash","floor":6.0,"key":"SMITH"},{"floor":12.0,"key":"REST"},{"data":"Shockwave","floor":15.0,"key":"SMITH"},{"data":"Feed","floor":23.0,"key":"SMITH"},{"data":"Disarm","floor":25.0,"key":"SMITH"},{"data":"Demon Form","floor":30.0,"key":"SMITH"},{"floor":32.0,"key":"REST"},{"data":"Spot Weakness","floor":41.0,"key":"SMITH"},{"floor":49.0,"key":"RECALL"},{"data":"Perfected Strike","floor":53.0,"key":"SMITH"}],"circlet_count":0,"master_deck":["AscendersBane","Strike_R","Strike_R","Strike_R","Strike_R","Defend_R+1","Bash+1","Perfected Strike+1","Reaper","Shrug It Off","Shockwave+1","Feed+1","Pommel Strike","Disarm+1","Demon Form+1","Fiend Fire","Reaper","Offering","Perfected Strike+1","Spot Weakness+1","Pommel Strike"],"relics":["Burning Blood","NeowsBlessing","Juzu Bracelet","Bronze Scales","Anchor","Dream Catcher","Kunai","Snecko Eye","Toy Ornithopter","Pear","Singing Bowl","Busted Crown","Sling","Darkstone Periapt","Orichalcum","Regal Pillow","Pocketwatch","Membership Card","Lantern"],"acts_visited":["Exordium","TheCity","TheBeyond","TheEnding"],"potions_floor_usage":[55,56,56],"damage_taken":[{"damage":0.0,"enemies":"Cultist","floor":1.0,"turns":1.0},{"damage":0.0,"enemies":"Small Slimes","floor":2.0,"turns":2.0},{"damage":0.0,"enemies":"Gremlin Nob","floor":7.0,"turns":1.0},{"damage":32.0,"enemies":"Lagavulin","floor":11.0,"turns":5.0},{"damage":0.0,"enemies":"2 Louse","floor":14.0,"turns":2.0},{"damage":50.0,"enemies":"The Guardian","floor":16.0,"turns":13.0},{"damage":16.0,"enemies":"2 Thieves","floor":18.0,"turns":3.0},{"damage":6.0,"enemies":"Chosen","floor":22.0,"turns":5.0},{"damage":10.0,"enemies":"Centurion and Healer","floor":24.0,"turns":8.0},{"damage":61.0,"enemies":"Slavers","floor":27.0,"turns":7.0},{"damage":11.0,"enemies":"Snecko","floor":29.0,"turns":3.0},{"damage":79.0,"enemies":"Gremlin Leader","floor":31.0,"turns":5.0},{"damage":86.0,"enemies":"Collector","floor":33.0,"turns":8.0},{"damage":8.0,"enemies":"Orb Walker","floor":35.0,"turns":2.0},{"damage":14.0,"enemies":"3 Shapes","floor":36.0,"turns":3.0},{"damage":47.0,"enemies":"Sphere and 2 Shapes","floor":38.0,"turns":4.0},{"damage":46.0,"enemies":"Maw","floor":39.0,"turns":5.0},{"damage":51.0,"enemies":"Giant Head","floor":40.0,"turns":6.0},{"damage":35.0,"enemies":"Reptomancer","floor":42.0,"turns":5.0},{"damage":33.0,"enemies":"Giant Head","floor":44.0,"turns":5.0},{"damage":36.0,"enemies":"Mind Bloom Boss Battle","floor":46.0,"turns":6.0},{"damage":39.0,"enemies":"3 Darklings","floor":47.0,"turns":3.0},{"damage":22.0,"enemies":"Spire Growth","floor":48.0,"turns":3.0},{"damage":60.0,"enemies":"Time Eater","floor":50.0,"turns":6.0},{"damage":90.0,"enemies":"Donu and Deca","floor":51.0,"turns":6.0},{"damage":171,"enemies":"Shield and Spear","floor":55,"turns":6},{"damage":51,"enemies":"The Heart","floor":56,"turns":5}],"seed_played":"3934032086534829135","potions_obtained":[{"floor":2.0,"key":"Fire Potion"},{"floor":11.0,"key":"BloodPotion"},{"floor":14.0,"key":"EntropicBrew"},{"floor":18.0,"key":"SpeedPotion"},{"floor":24.0,"key":"Dexterity Potion"},{"floor":35.0,"key":"Explosive Potion"},{"floor":39.0,"key":"Explosive Potion"},{"floor":42.0,"key":"Fruit Juice"},{"floor":44.0,"key":"Explosive Potion"},{"floor":55,"key":"Strength Potion"}],"is_trial":false,"path_per_floor":["M","M","?","$","?","R","E","?","T","$","E","R","T","M","R","B",null,"M","?","?","?","M","R","M","R","T","E","?","M","R","E","R","B",null,"M","M","$","M","M","E","R","E","T","E","?","?","M","M","R","B","B",null,"R","$","E","B"],"character_chosen":"IRONCLAD","items_purchased":["Reaper","Anchor","Sling","Membership Card","HeartOfIron","SneckoOil"],"campfire_rested":2,"item_purchase_floors":[4,10,37,54,54,54],"current_hp_per_floor":[74,75,64,64,41,41,47,47,47,47,21,43,43,67,67,29,64,69,69,69,47,54,54,66,66,66,42,42,53,53,33,68,37,96,108,125,125,99,81,86,86,134,134,143,139,132,147,153,153,139,127,147,147,147,27,0,0],"gold":112,"neow_bonus":"THREE_ENEMY_KILL","is_daily":false,"chose_seed":false,"campfire_upgraded":7,"win_rate":0.0,"timestamp":1614187400,"path_taken":["M","?","?","$","?","R","E","?","T","$","E","R","?","M","R","BOSS","M","?","?","?","M","R","M","R","T","E","?","M","R","E","R","BOSS","M","M","$","M","M","E","R","E","T","E","?","?","M","M","R","BOSS","BOSS","R","$","E","BOSS"],"items_purchased_type":["Card","Relic","Relic","Relic","Potion","Potion"],"build_version":"2020-12-22","purchased_purges":1,"victory":false,"max_hp_per_floor":[75,75,75,75,75,75,75,75,75,75,75,75,75,75,75,75,75,78,78,78,83,86,86,90,90,90,104,104,108,108,110,112,116,116,120,126,126,128,132,134,134,136,136,143,149,151,153,153,153,153,153,153,153,153,155,155,155],"relic_stats":{"Darkstone Periapt":0,"Regal Pillow":0,"Singing Bowl":26,"counters":[27,128],"Juzu Bracelet":1,"Orichalcum":[78],"Burning Blood":139,"Dream Catcher":2,"Busted Crown":28,"Bronze Scales":[369],"Snecko Eye":[179,204,193,193],"Kunai":[50],"obtain_stats":[{"Darkstone Periapt":40,"Regal Pillow":44,"Lantern":55,"Pear":27,"NeowsBlessing":0,"Singing Bowl":31,"Juzu Bracelet":7,"Orichalcum":42,"Sling":37,"Burning Blood":0,"Anchor":10,"Dream Catcher":11,"Busted Crown":34,"Bronze Scales":9,"Snecko Eye":17,"Kunai":13,"Membership Card":54,"Toy Ornithopter":26,"Pocketwatch":46},{"Darkstone Periapt":18,"Regal Pillow":20,"Lantern":26,"Pear":10,"NeowsBlessing":0,"Singing Bowl":12,"Juzu Bracelet":3,"Orichalcum":19,"Sling":15,"Burning Blood":0,"Anchor":3,"Dream Catcher":4,"Busted Crown":13,"Bronze Scales":3,"Snecko Eye":6,"Kunai":4,"Membership Card":25,"Toy Ornithopter":9,"Pocketwatch":21},{"Darkstone Periapt":83,"Regal Pillow":93,"Lantern":123,"Pear":47,"NeowsBlessing":0,"Singing Bowl":55,"Juzu Bracelet":4,"Orichalcum":88,"Sling":68,"Burning Blood":0,"Anchor":4,"Dream Catcher":9,"Busted Crown":63,"Bronze Scales":4,"Snecko Eye":24,"Kunai":9,"Membership Card":117,"Toy Ornithopter":40,"Pocketwatch":99}],"Toy Ornithopter":30,"Pocketwatch":[21]},"card_choices":[{"not_picked":["Shockwave","Reckless Charge"],"picked":"Perfected Strike","floor":1.0},{"not_picked":["Clash","True Grit","Blood for Blood"],"picked":"SKIP","floor":2.0},{"not_picked":["Havoc","Barricade","Warcry"],"picked":"SKIP","floor":7.0},{"not_picked":["Exhume","Thunderclap"],"picked":"Shrug It Off","floor":11.0},{"not_picked":["Seeing Red","Shockwave","Sword Boomerang"],"picked":"SKIP","floor":14.0},{"not_picked":["Seeing Red","Sword Boomerang"],"picked":"Shockwave","floor":14.0},{"not_picked":["Reaper","Limit Break"],"picked":"Feed","floor":16.0},{"not_picked":["Body Slam","Flex","Sword Boomerang"],"picked":"SKIP","floor":18.0},{"not_picked":["Flex","Dual Wield"],"picked":"Pommel Strike","floor":22.0},{"not_picked":["Clash","Cleave"],"picked":"Disarm","floor":24.0},{"not_picked":["Sentinel","Flex+1"],"picked":"Demon Form","floor":27.0},{"not_picked":["Flame Barrier+1","Bloodletting","Heavy Blade"],"picked":"SKIP","floor":29.0},{"not_picked":["Twin Strike","Uppercut","Dual Wield+1"],"picked":"Singing Bowl","floor":31.0},{"not_picked":["Flex","Reckless Charge","Anger"],"picked":"Singing Bowl","floor":32.0},{"not_picked":["Double Tap","Reaper"],"picked":"Offering","floor":33.0},{"not_picked":[],"picked":"Perfected Strike","floor":35.0},{"not_picked":["Body Slam"],"picked":"Singing Bowl","floor":36.0},{"not_picked":["Headbutt"],"picked":"Singing Bowl","floor":38.0},{"not_picked":[],"picked":"Spot Weakness","floor":39.0},{"not_picked":["Bloodletting"],"picked":"Singing Bowl","floor":40.0},{"not_picked":["Cleave"],"picked":"Singing Bowl","floor":42.0},{"not_picked":["Twin Strike"],"picked":"Singing Bowl","floor":44.0},{"not_picked":["Forethought"],"picked":"Singing Bowl","floor":45.0},{"not_picked":["Dramatic Entrance"],"picked":"Singing Bowl","floor":45.0},{"not_picked":["Good Instincts"],"picked":"Singing Bowl","floor":45.0},{"not_picked":["Clash"],"picked":"Singing Bowl","floor":46.0},{"not_picked":["Warcry"],"picked":"Singing Bowl","floor":47.0},{"not_picked":[],"picked":"Pommel Strike","floor":48.0},{"not_picked":["Immolate"],"picked":"Singing Bowl","floor":55}],"player_experience":1527915,"relics_obtained":[{"floor":7.0,"key":"Juzu Bracelet"},{"floor":9.0,"key":"Bronze Scales"},{"floor":11.0,"key":"Dream Catcher"},{"floor":13.0,"key":"Kunai"},{"floor":26.0,"key":"Toy Ornithopter"},{"floor":27.0,"key":"Pear"},{"floor":31.0,"key":"Singing Bowl"},{"floor":40.0,"key":"Darkstone Periapt"},{"floor":42.0,"key":"Orichalcum"},{"floor":44.0,"key":"Regal Pillow"},{"floor":46.0,"key":"Pocketwatch"},{"floor":55,"key":"Lantern"}],"event_choices":[{"damage_healed":0.0,"max_hp_gain":0.0,"max_hp_loss":0.0,"gold_gain":75.0,"event_name":"World of Goop","player_choice":"Gather Gold","floor":3.0,"gold_loss":0.0,"damage_taken":11.0},{"damage_healed":0.0,"max_hp_gain":0.0,"max_hp_loss":0.0,"gold_gain":0.0,"event_name":"Shining Light","player_choice":"Entered Light","floor":5.0,"gold_loss":0.0,"damage_taken":23.0,"cards_upgraded":["Defend_R","Perfected Strike"]},{"damage_healed":0.0,"max_hp_gain":0.0,"max_hp_loss":0.0,"gold_gain":150.0,"event_name":"Liars Game","player_choice":"AGREE","floor":8.0,"gold_loss":0.0,"damage_taken":0.0,"cards_obtained":["Doubt"]},{"cards_removed":["Defend_R"],"damage_healed":0.0,"max_hp_gain":0.0,"max_hp_loss":0.0,"gold_gain":0.0,"event_name":"Beggar","player_choice":"Gave Gold","floor":19.0,"gold_loss":75.0,"damage_taken":0.0},{"cards_removed":["Defend_R"],"damage_healed":0.0,"max_hp_gain":0.0,"max_hp_loss":0.0,"gold_gain":0.0,"event_name":"Bonfire Elementals","player_choice":"Offered Basic","floor":20.0,"gold_loss":0.0,"damage_taken":0.0},{"damage_healed":0.0,"max_hp_gain":5.0,"max_hp_loss":0.0,"gold_gain":0.0,"event_name":"Forgotten Altar","player_choice":"Shed Blood","floor":21.0,"gold_loss":0.0,"damage_taken":27.0},{"damage_healed":0.0,"max_hp_gain":0.0,"max_hp_loss":0.0,"gold_gain":0.0,"cards_transformed":["Defend_R","Strike_R"],"event_name":"Drug Dealer","player_choice":"Became Test Subject","floor":28.0,"gold_loss":0.0,"damage_taken":0.0,"cards_obtained":["Fiend Fire","Reaper"]},{"damage_healed":0.0,"max_hp_gain":0.0,"max_hp_loss":0.0,"gold_gain":0.0,"event_name":"SensoryStone","player_choice":"Memory 3","floor":45.0,"gold_loss":0.0,"damage_taken":10.0},{"damage_healed":0.0,"max_hp_gain":0.0,"max_hp_loss":0.0,"gold_gain":0.0,"event_name":"MindBloom","player_choice":"Fight","floor":46.0,"gold_loss":0.0,"damage_taken":0.0}],"is_beta":false,"boss_relics":[{"not_picked":["Astrolabe","Sozu"],"picked":"Snecko Eye"},{"not_picked":["Black Star","Fusion Hammer"],"picked":"Busted Crown"}],"items_purged_floors":[10],"is_endless":false,"potions_floor_spawned":[2,11,14,18,24,35,39,42,44,55],"killed_by":"The Heart","ascension_level":20}}