{"host":"6q94iy5iz6612v89","time":1614172561,"event":{"mods":["2.2 Compatiblity","AchievementEnabler","BaseMod","Colored Map","DeckTracker","Keyboard Shortcuts","Minty Spire (QoL Compilation)","Permanent Neow","StSLib","SuperFastMode"],"gold_per_floor":[111,130,146,146,156,156,172,207,207,207,207,224,24,36,36,114,114,128,53,72,72,86,86,114,132,132,132,152,152,162,182,182,182,182],"floor_reached":33,"language":"KOR","playtime":776,"items_purged":["Strike_R"],"score":571,"play_id":"71b68bec-5109-4f22-8353-20a3e59bcb07","local_time":"20210224221601","is_ascension_mode":true,"campfire_choices":[{"data":"Body Slam","floor":6.0,"key":"SMITH"},{"data":"Demon Form","floor":10.0,"key":"SMITH"},{"data":"Shrug It Off","floor":15.0,"key":"SMITH"},{"data":"Offering","floor":23,"key":"SMITH"},{"data":"Feed","floor":27,"key":"SMITH"},{"data":"Sword Boomerang","floor":32,"key":"SMITH"}],"circlet_count":0,"master_deck":["AscendersBane","Strike_R","Strike_R","Strike_R","Defend_R","Defend_R","Defend_R","Defend_R","Bash","Clothesline","Body Slam+1","Demon Form+1","Sword Boomerang+1","Evolve","Shrug It Off+1","Offering+1","Reaper","Feed+1","Shrug It Off+1","Writhe"],"relics":["Burning Blood","Calipers","Red Skull","Pear","Cursed Key","TungstenRod"],"acts_visited":["Exordium","TheCity"],"potions_floor_usage":[16,16,18,30,33,33],"damage_taken":[{"damage":1.0,"enemies":"2 Louse","floor":1.0,"turns":2.0},{"damage":0.0,"enemies":"Cultist","floor":2.0,"turns":4.0},{"damage":2.0,"enemies":"Jaw Worm","floor":3.0,"turns":4.0},{"damage":13.0,"enemies":"Blue Slaver","floor":5.0,"turns":4.0},{"damage":27.0,"enemies":"Large Slime","floor":7.0,"turns":8.0},{"damage":24.0,"enemies":"Gremlin Nob","floor":8.0,"turns":4.0},{"damage":4.0,"enemies":"Looter","floor":12.0,"turns":3.0},{"damage":6.0,"enemies":"2 Fungi Beasts","floor":14.0,"turns":2.0},{"damage":22,"enemies":"The Guardian","floor":16,"turns":7},{"damage":15,"enemies":"2 Thieves","floor":18,"turns":5},{"damage":24,"enemies":"Chosen","floor":20,"turns":4},{"damage":19,"enemies":"Snecko","floor":22,"turns":6},{"damage":49,"enemies":"Gremlin Leader","floor":24,"turns":6},{"damage":21,"enemies":"Cultist and Chosen","floor":25,"turns":5},{"damage":32,"enemies":"Snake Plant","floor":28,"turns":5},{"damage":45,"enemies":"Shelled Parasite and Fungi","floor":30,"turns":9},{"damage":60,"enemies":"Chosen and Byrds","floor":31,"turns":5},{"damage":66,"enemies":"Collector","floor":33,"turns":8}],"seed_played":"-5354266767665793003","potions_obtained":[{"floor":5.0,"key":"Weak Potion"},{"floor":8.0,"key":"Dexterity Potion"},{"floor":14.0,"key":"FearPotion"},{"floor":16,"key":"Fire Potion"},{"floor":20,"key":"Ancient Potion"},{"floor":25,"key":"CultistPotion"},{"floor":29,"key":"BloodPotion"},{"floor":31,"key":"ColorlessPotion"}],"is_trial":false,"path_per_floor":["M","M","M","?","M","R","M","E","T","R","?","M","$","M","R","B",null,"M","$","M","?","M","R","E","M","T","R","M","?","M","M","R","B"],"character_chosen":"IRONCLAD","items_purchased":["Shrug It Off","Offering"],"campfire_rested":0,"item_purchase_floors":[13,13],"current_hp_per_floor":[55,61,65,65,58,58,37,19,29,29,29,31,31,31,31,34,72,65,65,61,61,55,55,68,73,73,73,47,47,52,25,25,0,0],"gold":182,"neow_bonus":"ONE_RARE_RELIC","is_daily":false,"chose_seed":false,"campfire_upgraded":6,"win_rate":0.0,"timestamp":1614172561,"path_taken":["M","M","M","?","M","R","M","E","T","R","?","M","$","M","R","BOSS","M","$","M","?","?","R","E","M","T","R","?","?","?","M","R","BOSS"],"items_purchased_type":["Card","Card"],"build_version":"2020-12-22","purchased_purges":1,"victory":false,"max_hp_per_floor":[75,75,75,75,75,75,75,75,85,85,85,85,85,85,85,85,85,85,85,88,88,91,91,94,97,97,97,97,97,101,101,101,101,101],"card_choices":[{"not_picked":["Clash","Battle Trance"],"picked":"Clothesline","floor":1.0},{"not_picked":["Perfected Strike","Havoc"],"picked":"Body Slam","floor":2.0},{"not_picked":["Sentinel","Clothesline","Thunderclap"],"picked":"SKIP","floor":3.0},{"not_picked":["Havoc","Shockwave"],"picked":"Demon Form","floor":5.0},{"not_picked":["Cleave","Perfected Strike"],"picked":"Sword Boomerang","floor":7.0},{"not_picked":["Fire Breathing","Reckless Charge"],"picked":"Evolve","floor":8.0},{"not_picked":["Cleave","Thunderclap","Anger"],"picked":"SKIP","floor":12.0},{"not_picked":["Thunderclap","Sentinel"],"picked":"Reaper","floor":14.0},{"not_picked":["Berserk","Demon Form"],"picked":"Feed","floor":16},{"not_picked":["Twin Strike","Wild Strike","Anger"],"picked":"SKIP","floor":18},{"not_picked":["Perfected Strike","Iron Wave"],"picked":"Shrug It Off+1","floor":20},{"not_picked":["Clash","Anger+1","Combust"],"picked":"SKIP","floor":22},{"not_picked":["Corruption","Whirlwind","Pommel Strike"],"picked":"SKIP","floor":24},{"not_picked":["Flex","Wild Strike","Whirlwind"],"picked":"SKIP","floor":25},{"not_picked":["Ghostly Armor","Thunderclap","Spot Weakness"],"picked":"SKIP","floor":28},{"not_picked":["Havoc+1","Seeing Red","True Grit"],"picked":"SKIP","floor":30},{"not_picked":["Body Slam","Sentinel","Cleave"],"picked":"SKIP","floor":31}],"player_experience":1496695,"relics_obtained":[{"floor":8.0,"key":"Red Skull"},{"floor":9.0,"key":"Pear"},{"floor":24,"key":"TungstenRod"}],"event_choices":[{"cards_removed":["Strike_R"],"damage_healed":0.0,"max_hp_gain":0.0,"max_hp_loss":0.0,"gold_gain":0.0,"event_name":"Bonfire Elementals","player_choice":"Offered Basic","floor":4.0,"gold_loss":0.0,"damage_taken":0.0},{"damage_healed":0.0,"max_hp_gain":0.0,"max_hp_loss":0.0,"gold_gain":0.0,"event_name":"Match and Keep!","player_choice":"0 cards matched","floor":11.0,"gold_loss":0.0,"damage_taken":0.0,"cards_obtained":[]},{"damage_healed":0,"gold_gain":0,"player_choice":"Ignored","damage_taken":0,"max_hp_gain":0,"max_hp_loss":0,"event_name":"N\u0027loth","floor":21,"gold_loss":0},{"damage_healed":0,"gold_gain":0,"player_choice":"Got Potions","damage_taken":0,"max_hp_gain":0,"max_hp_loss":0,"event_name":"Lab","floor":29,"gold_loss":0}],"is_beta":false,"boss_relics":[{"not_picked":["Black Star","Fusion Hammer"],"picked":"Cursed Key"}],"items_purged_floors":[19],"is_endless":false,"potions_floor_spawned":[5,8,14,16,20,25,31],"killed_by":"Collector","ascension_level":20}}