{"host":"g7mkzn6qfoxkk5sz","time":1614180688,"event":{"mods":["BaseMod","Colored Map","Colored Powertips","Downfall","Minty Spire (QoL Compilation)","StSLib"],"gold_per_floor":[99,99,99,99,114,148,196,196,24,40,70,55,55,55,73,171,171,171,182,198,212,212,51,51,62,81,97,97,4,4,24,40,40,40,40],"floor_reached":33,"language":"ENG","playtime":1775,"items_purged":["hexamod:Strike"],"score":257,"play_id":"6a2f1ece-ed09-46c2-a02f-3fd9d3bac528","local_time":"20210224173128","is_ascension_mode":false,"campfire_choices":[{"data":"hexamod:Sear","floor":1,"key":"SMITH"},{"floor":13,"key":"REST"},{"data":"hexamod:BurningTouch","floor":18,"key":"SMITH"},{"floor":28,"key":"RECALL"},{"floor":30,"key":"REST"}],"circlet_count":0,"master_deck":["hexamod:Strike+1","hexamod:Strike+1","hexamod:Strike+1","hexamod:Defend","hexamod:Defend","hexamod:Defend","hexamod:Defend","hexamod:Sear+1","hexamod:Float+1","hexamod:HauntingEcho","hexamod:RadiantFlame+1","hexamod:NightmareGuise","hexamod:BacktrackSmack+1","hexamod:SwordOfDarkness","hexamod:TimeOfNeed+1","hexamod:SpectersWail+1","hexamod:FastForward+1","hexamod:RadiantFlame","hexamod:ShieldOfDarkness","hexamod:BurningTouch+1","hexamod:PhantomFireball","hexamod:SixthSeal","hexamod:ThermalTransfer","Necronomicurse","hexamod:EmpoweredFlame","hexamod:EmpoweredFlame","hexamod:EmpoweredFlame+1","hexamod:Toasty","hexamod:AdvancingGuard","hexamod:ExtraCrispy"],"relics":["hexamod:SpiritBrand","downfall:HeartsMalice","Toy Ornithopter","Akabeko","Orrery","Meat on the Bone","Philosopher\u0027s Stone","Necronomicon"],"acts_visited":["Exordium","TheCity"],"potions_floor_usage":[11,11,16,21,21,23,23,27,27,27,27,27,33],"damage_taken":[{"damage":0,"enemies":"Jaw Worm","floor":2,"turns":1},{"damage":0,"enemies":"Small Slimes","floor":3,"turns":1},{"damage":0,"enemies":"Cultist","floor":4,"turns":1},{"damage":11,"enemies":"Exordium Wildlife","floor":5,"turns":3},{"damage":21,"enemies":"3 Sentries","floor":6,"turns":12},{"damage":5,"enemies":"downfall:FleeingMerchant","floor":9,"turns":4},{"damage":12,"enemies":"Exordium Thugs","floor":10,"turns":3},{"damage":18,"enemies":"Lagavulin","floor":11,"turns":5},{"damage":1,"enemies":"downfall:FleeingMerchant","floor":12,"turns":4},{"damage":0,"enemies":"Gremlin Gang","floor":15,"turns":2},{"damage":27,"enemies":"SI_SHIV_ARCHETYPE","floor":16,"turns":8},{"damage":20,"enemies":"downfall:LooterAlt2","floor":19,"turns":5},{"damage":5,"enemies":"3 Byrds","floor":20,"turns":4},{"damage":7,"enemies":"Snake Plant","floor":21,"turns":3},{"damage":10,"enemies":"downfall:FleeingMerchant","floor":23,"turns":4},{"damage":19,"enemies":"Centurion and Healer","floor":25,"turns":5},{"damage":11,"enemies":"Cultist and Chosen","floor":26,"turns":5},{"damage":33,"enemies":"Snake Plant","floor":27,"turns":5},{"damage":11,"enemies":"downfall:FleeingMerchant","floor":29,"turns":4},{"damage":35,"enemies":"Shelled Parasite and Fungi","floor":31,"turns":5},{"damage":8,"enemies":"Snecko","floor":32,"turns":4},{"damage":70,"enemies":"DF_ARCHETYPE_CLAW","floor":33,"turns":5}],"seed_played":"4640954779372512287","potions_obtained":[{"floor":5,"key":"SteroidPotion"},{"floor":10,"key":"Explosive Potion"},{"floor":15,"key":"Ancient Potion"},{"floor":19,"key":"EntropicBrew"},{"floor":21,"key":"Swift Potion"},{"floor":25,"key":"EntropicBrew"}],"is_trial":false,"path_per_floor":["R","M","M","M","M","E","T","?","$","M","E","$","R","?","M","B",null,"R","M","M","M","?","$","T","M","M","M","R","$","R","M","M","B"],"character_chosen":"THE_SPIRIT","items_purchased":["Orrery","hexamod:EmpoweredFlame","DistilledChaos"],"campfire_rested":2,"item_purchase_floors":[9,23,29],"current_hp_per_floor":[70,70,70,70,59,38,38,38,33,21,13,24,45,45,45,35,70,70,50,45,48,32,44,44,37,38,42,42,43,64,41,45,0,0,0],"gold":40,"neow_bonus":"THREE_ENEMY_KILL","is_daily":false,"chose_seed":false,"campfire_upgraded":2,"win_rate":0.0,"timestamp":1614180688,"path_taken":["R","M","M","M","M","E","T","?","$","M","E","$","R","?","M","BOSS","R","M","?","M","?","?","T","?","?","M","R","$","R","M","M","BOSS"],"items_purchased_type":["Relic","Card","Potion"],"build_version":"2020-12-22","purchased_purges":1,"victory":false,"max_hp_per_floor":[70,70,70,70,70,70,70,70,70,70,70,70,70,70,70,70,70,70,70,70,70,70,70,70,70,70,70,70,70,70,70,70,70,70,70],"card_choices":[{"not_picked":["hexamod:Haunt","hexamod:BacktrackSmack"],"picked":"hexamod:HauntingEcho","floor":2},{"not_picked":["hexamod:SpectralSpark","hexamod:ExtraCrispy"],"picked":"hexamod:RadiantFlame","floor":3},{"not_picked":["hexamod:AdvancingGuard","hexamod:ChargedBarrage"],"picked":"hexamod:NightmareGuise","floor":4},{"not_picked":["hexamod:GhostShield","hexamod:UnleashSpirits"],"picked":"hexamod:BacktrackSmack","floor":5},{"not_picked":["hexamod:GhostLash","hexamod:Firestarter"],"picked":"hexamod:SwordOfDarkness","floor":6},{"not_picked":["hexamod:FlamesFromBeyond","hexamod:SpectralAdrenaline"],"picked":"hexamod:TimeOfNeed","floor":9},{"not_picked":["hexamod:ThirdSeal","hexamod:SwordOfDarkness"],"picked":"hexamod:SpectersWail","floor":9},{"not_picked":["hexamod:ThirdSeal","hexamod:SwordOfDarkness"],"picked":"hexamod:FastForward","floor":9},{"not_picked":["hexamod:BacktrackSmack","hexamod:RecurringNightmare"],"picked":"hexamod:RadiantFlame","floor":9},{"not_picked":["hexamod:HeatCrush","hexamod:Hexaguard"],"picked":"hexamod:ShieldOfDarkness","floor":9},{"not_picked":["hexamod:NightmareGuise","hexamod:UnlimitedPower","hexamod:PhantomCloak"],"picked":"SKIP","floor":10},{"not_picked":["hexamod:HeatMetal","hexamod:SwordOfDarkness"],"picked":"hexamod:BurningTouch","floor":11},{"not_picked":["hexamod:Haunt","hexamod:BacktrackSmack","hexamod:RecurringNightmare"],"picked":"SKIP","floor":12},{"not_picked":["hexamod:StepThrough","hexamod:SwordOfDarkness"],"picked":"hexamod:PhantomFireball","floor":15},{"not_picked":["hexamod:ParanormalForm","hexamod:FifthSeal"],"picked":"hexamod:SixthSeal","floor":16},{"not_picked":["hexamod:HauntingEcho","hexamod:SpectralSpark"],"picked":"hexamod:ThermalTransfer","floor":19},{"not_picked":["hexamod:SpectersWail","hexamod:HeatShield","hexamod:ThermalTransfer+1"],"picked":"SKIP","floor":20},{"not_picked":["hexamod:SpectersWail+1","hexamod:GhostOfSpirePast","hexamod:HeatShield"],"picked":"SKIP","floor":21},{"not_picked":["hexamod:ShieldOfDarkness","hexamod:EtherealExpedition"],"picked":"hexamod:EmpoweredFlame","floor":23},{"not_picked":["hexamod:NightmareStrike","hexamod:RetreatToShadows"],"picked":"hexamod:EmpoweredFlame+1","floor":25},{"not_picked":["hexamod:SpectralSpark","hexamod:FlamesFromBeyond+1"],"picked":"hexamod:Toasty","floor":26},{"not_picked":["hexamod:ThermalTransfer","hexamod:BurningTouch","hexamod:RainOfEmbers"],"picked":"SKIP","floor":27},{"not_picked":["hexamod:RadiantFlame","hexamod:InspiringFlames"],"picked":"hexamod:AdvancingGuard","floor":29},{"not_picked":["hexamod:GhostOfSpireFuture+1","hexamod:NightmareGuise","hexamod:AdvancingGuard"],"picked":"SKIP","floor":31},{"not_picked":["hexamod:HeatMetal","hexamod:EtherealExpedition+1"],"picked":"hexamod:ExtraCrispy","floor":32}],"player_experience":497240,"relics_obtained":[{"floor":6,"key":"Toy Ornithopter"},{"floor":7,"key":"Akabeko"},{"floor":11,"key":"Meat on the Bone"},{"floor":22,"key":"Necronomicon"}],"event_choices":[{"damage_healed":0,"gold_gain":0,"player_choice":"Ignored","damage_taken":0,"max_hp_gain":0,"max_hp_loss":0,"event_name":"NoteForYourself","floor":14,"gold_loss":0}],"is_beta":false,"boss_relics":[{"not_picked":["Busted Crown","hexamod:UnbrokenSoul"],"picked":"Philosopher\u0027s Stone"}],"items_purged_floors":[23],"is_endless":false,"potions_floor_spawned":[5,10,15,19,21,25],"killed_by":"DF_ARCHETYPE_CLAW","ascension_level":0}}