{"host":"bvp2uifzy1c463d9","time":1614209723,"event":{"mods":["AchievementEnabler","BaseMod","Better Note","Block Reminder","Bossed Relics","Colored Map","Colored Powertips","Highlight Path","Hubris","Infinite Spire","Minty Spire (QoL Compilation)","Relic Sorter","Relic Stats","Reliquary","Replay The Spire","StSLib","The Blue Laboratory","Wandering Minibosses"],"gold_per_floor":[115,115,115,134,4,39,39,39,39,114,152,152,191,210,210,340,440,455,469,494,494,513,556,481,481,481],"floor_reached":25,"language":"ENG","playtime":1277,"items_purged":[],"score":304,"play_id":"1c90a2d5-bd56-456f-a22c-8550aca321f1","local_time":"20210224173523","is_ascension_mode":true,"campfire_choices":[{"floor":12,"key":"REST"}],"circlet_count":0,"master_deck":["Strike_P","Strike_P","Defend_P","Defend_P","Defend_P","Defend_P","Eruption","Vigilance","FearNoEvil","Replay:Anticipation+1","Tantrum","Prostrate","BowlingBash","MentalFortress","EmptyFist","EmptyBody","SpiritShield","EmptyBody","WreathOfFlame","FlurryOfBlows+1","WaveOfTheHand"],"relics":["PureWater","NeowsBlessing","reliquary:Stiletto","Golden Idol","reliquary:PrincelyHelmet","infinitespire:Broken Mirror","Pet Ghost","hubris:MobiusCoin","reliquary:KinkedSpring","Golden Egg"],"acts_visited":["Exordium","TheCity"],"potions_floor_usage":[23,23,25,25],"damage_taken":[{"damage":0,"enemies":"Small Slimes","floor":1,"turns":1},{"damage":0,"enemies":"2 Louse","floor":4,"turns":1},{"damage":0,"enemies":"3 Sentries","floor":6,"turns":2},{"damage":26,"enemies":"Lagavulin","floor":11,"turns":4},{"damage":6,"enemies":"Gremlin Nob","floor":13,"turns":4},{"damage":0,"enemies":"Cultist","floor":14,"turns":2},{"damage":25,"enemies":"The Guardian","floor":16,"turns":12},{"damage":4,"enemies":"2 Thieves","floor":18,"turns":3},{"damage":4,"enemies":"3 Byrds","floor":19,"turns":6},{"damage":0,"enemies":"Sentry and Sphere","floor":20,"turns":4},{"damage":0,"enemies":"Snake Plant","floor":22,"turns":3},{"damage":12,"enemies":"Gremlin Leader","floor":23,"turns":6},{"damage":63,"enemies":"Replay:Snechameleon","floor":25,"turns":9}],"seed_played":"4538184461677964073","potions_obtained":[{"floor":4,"key":"blueLaboratory:FrostheartPotion"},{"floor":13,"key":"Fire Potion"},{"floor":16,"key":"blueLaboratory:MidnightOil"},{"floor":23,"key":"AttackPotion"}],"is_trial":false,"path_per_floor":["M","?","?","M","$","E","?","?","T","?","E","R","E","M","R_BF","B",null,"M","M","M","?","M","E","?","E"],"character_chosen":"WATCHER","items_purchased":["Tantrum","Prostrate"],"campfire_rested":1,"item_purchase_floors":[5,5],"current_hp_per_floor":[72,60,42,42,42,42,42,42,42,31,5,26,20,20,41,16,72,68,64,64,64,64,52,52,0,0],"gold":481,"neow_bonus":"THREE_ENEMY_KILL","is_daily":false,"chose_seed":false,"campfire_upgraded":0,"win_rate":0.0,"timestamp":1614209723,"path_taken":["M","?","?","M","$","E","?","?","T","?","E","R","E","M","R_BF","BOSS","M","M","M","?","M","E","?","E"],"items_purchased_type":["Card","Card"],"build_version":"2020-12-22","purchased_purges":0,"victory":false,"max_hp_per_floor":[72,72,72,72,72,72,72,72,72,72,72,72,72,72,72,72,72,72,72,72,72,72,72,72,72,72],"relic_stats":{"counters":[13,57],"Golden Idol":81,"obtain_stats":[{"reliquary:KinkedSpring":17,"hubris:MobiusCoin":13,"Golden Egg":23,"NeowsBlessing":0,"Golden Idol":3,"reliquary:PrincelyHelmet":6,"infinitespire:Broken Mirror":9,"reliquary:Stiletto":2,"PureWater":0,"Pet Ghost":11},{"reliquary:KinkedSpring":7,"hubris:MobiusCoin":5,"Golden Egg":12,"NeowsBlessing":0,"Golden Idol":1,"reliquary:PrincelyHelmet":3,"infinitespire:Broken Mirror":3,"reliquary:Stiletto":1,"PureWater":0,"Pet Ghost":4},{"reliquary:KinkedSpring":26,"hubris:MobiusCoin":12,"Golden Egg":48,"NeowsBlessing":0,"Golden Idol":1,"reliquary:PrincelyHelmet":4,"infinitespire:Broken Mirror":4,"reliquary:Stiletto":1,"PureWater":0,"Pet Ghost":8}]},"card_choices":[{"not_picked":["Consecrate","Worship"],"picked":"FearNoEvil","floor":1},{"not_picked":["SandsOfTime","ClearTheMind"],"picked":"Replay:Anticipation","floor":4},{"not_picked":["Evaluate","PathToVictory"],"picked":"BowlingBash","floor":6},{"not_picked":["InnerPeace","Replay:Anticipation"],"picked":"MentalFortress","floor":11},{"not_picked":["Consecrate","Indignation"],"picked":"EmptyFist","floor":13},{"not_picked":["Evaluate","DeusExMachina"],"picked":"EmptyBody","floor":14},{"not_picked":["Omniscience","Blasphemy"],"picked":"SpiritShield","floor":16},{"not_picked":["BowlingBash+1","Replay:Cycle+1"],"picked":"EmptyBody","floor":18},{"not_picked":["Evaluate","Crescendo","FlyingSleeves"],"picked":"SKIP","floor":19},{"not_picked":["PathToVictory","EmptyBody"],"picked":"WreathOfFlame","floor":20},{"not_picked":["FlyingSleeves","EmptyBody"],"picked":"FlurryOfBlows+1","floor":22},{"not_picked":["Replay:ManipulateFuture","FollowUp"],"picked":"WaveOfTheHand","floor":23}],"player_experience":279254,"relics_obtained":[{"floor":6,"key":"reliquary:PrincelyHelmet"},{"floor":9,"key":"infinitespire:Broken Mirror"},{"floor":11,"key":"Pet Ghost"},{"floor":13,"key":"hubris:MobiusCoin"},{"floor":23,"key":"Golden Egg"}],"event_choices":[{"damage_healed":0,"gold_gain":0,"player_choice":"Success","damage_taken":12,"relics_obtained":["reliquary:Stiletto"],"max_hp_gain":0,"max_hp_loss":0,"event_name":"Scrap Ooze","floor":2,"gold_loss":0},{"damage_healed":0,"gold_gain":0,"player_choice":"Take Damage","damage_taken":18,"relics_obtained":["Golden Idol"],"max_hp_gain":0,"max_hp_loss":0,"event_name":"Golden Idol","floor":3,"gold_loss":0},{"cards_removed":["Strike_P"],"damage_healed":0,"gold_gain":0,"player_choice":"Forget","damage_taken":0,"max_hp_gain":0,"max_hp_loss":0,"event_name":"Living Wall","floor":7,"gold_loss":0},{"damage_healed":0,"gold_gain":0,"player_choice":"Ignored","damage_taken":0,"max_hp_gain":0,"max_hp_loss":0,"event_name":"Liars Game","floor":8,"gold_loss":0},{"damage_healed":0,"gold_gain":75,"player_choice":"Gather Gold","damage_taken":11,"max_hp_gain":0,"max_hp_loss":0,"event_name":"World of Goop","floor":10,"gold_loss":0},{"damage_healed":0,"gold_gain":0,"player_choice":"Ignored","damage_taken":0,"max_hp_gain":0,"max_hp_loss":0,"event_name":"Ghosts","floor":21,"gold_loss":0},{"cards_removed":["Strike_P"],"damage_healed":0,"gold_gain":0,"player_choice":"Gave Gold","damage_taken":0,"max_hp_gain":0,"max_hp_loss":0,"event_name":"Beggar","floor":24,"gold_loss":75}],"is_beta":false,"boss_relics":[{"not_picked":["Tiny House","Pandora\u0027s Box"],"picked":"reliquary:KinkedSpring"}],"items_purged_floors":[],"is_endless":false,"potions_floor_spawned":[4,13,16,19,20,23],"killed_by":"Replay:Snechameleon","ascension_level":3}}