{"host":"3g4eblpl3h3xsaol","time":1614189237,"event":{"mods":["AchievementEnabler","Act Like it!","Aspiration","BaseMod","Better Third Choice","BetterRewards","Colored Powertips","Conspire","Downfall","Hallownest","Hubris","Infinite Spire","Mimic Mod","Minty Spire (QoL Compilation)","Pale of the Ancients","Ruina","StSLib","Td1madao Mod","The Bug Knight","The Cursed","TheBandit"],"gold_per_floor":[116,216,231,241,260,260,260],"floor_reached":6,"language":"ENG","playtime":149,"items_purged":[],"score":38,"play_id":"97c50d79-a009-468b-b2a7-f701dfbeae09","local_time":"20210224175357","is_ascension_mode":false,"campfire_choices":[],"circlet_count":0,"master_deck":["Strike_C","Strike_C","Strike_C","Strike_C","Defend_C","Defend_C","Defend_C","Defend_C","Knight Kick","Chip","Black Dance","Sudden Beat","Resistance","Resistance"],"relics":["Apod","NeowsBlessing"],"acts_visited":["Exordium"],"potions_floor_usage":[],"damage_taken":[{"damage":0,"enemies":"Jaw Worm","floor":1,"turns":1},{"damage":0,"enemies":"Cultist","floor":3,"turns":1},{"damage":0,"enemies":"2 Louse","floor":4,"turns":1},{"damage":7,"enemies":"2 Fungi Beasts","floor":5,"turns":3},{"damage":64,"enemies":"Lagavulin","floor":6,"turns":8}],"seed_played":"8912685603778388034","potions_obtained":[{"floor":3,"key":"DistilledChaos"},{"floor":4,"key":"SmokeBomb"},{"floor":5,"key":"SkillPotion"}],"is_trial":false,"path_per_floor":["M","?","M","M","M","E"],"character_chosen":"TD1MADAO_CLASS","items_purchased":[],"campfire_rested":0,"item_purchase_floors":[],"current_hp_per_floor":[70,70,70,70,63,0,0],"gold":260,"neow_bonus":"THREE_ENEMY_KILL","is_daily":false,"chose_seed":false,"campfire_upgraded":0,"win_rate":0.0,"timestamp":1614189237,"path_taken":["M","?","M","?","M","E"],"items_purchased_type":[],"build_version":"2020-12-22","purchased_purges":0,"victory":false,"max_hp_per_floor":[70,70,70,70,70,70,70],"card_choices":[{"not_picked":["Floating Swing Kick","E MP"],"picked":"Black Dance","floor":1},{"not_picked":["Paralysis","Fire Up"],"picked":"Sudden Beat","floor":3},{"not_picked":["Lunge","Afterwards"],"picked":"Resistance","floor":4},{"not_picked":["Light Attack","Fire Blade"],"picked":"Resistance","floor":5}],"player_experience":196350,"relics_obtained":[],"event_choices":[{"damage_healed":0,"gold_gain":100,"player_choice":"Gold","damage_taken":0,"max_hp_gain":0,"max_hp_loss":0,"event_name":"Wheel of Change","floor":2,"gold_loss":0}],"is_beta":false,"boss_relics":[],"items_purged_floors":[],"is_endless":false,"potions_floor_spawned":[3,4,5],"killed_by":"Lagavulin","ascension_level":0}}