{"host":"m2qkn877fkm57m2k","time":1614130070,"event":{"mods":["AchievementEnabler","Bartender","BaseMod","Colored Map","Koishi","Magitek Elite","Minty Spire (QoL Compilation)","Permanent Neow","Relic Sorter","StSLib"],"gold_per_floor":[119,119,119,135,210,238,238,249,249,249,274,306,306,318,318,414,414,431,431,431,9,22,22,49,68,148,175,175,100,100,128,128,224,224,244,260,1,12,12,344,356,356,356,356,383,383,383,418,418,418],"floor_reached":51,"language":"ENG","playtime":4436,"items_purged":["Koishi:BasicStrike"],"score":1136,"play_id":"2f35d59c-5e9c-4439-8c10-07388e19b44d","local_time":"20210224022750","is_ascension_mode":true,"campfire_choices":[{"data":"Koishi:EmbryosDream","floor":7.0,"key":"SMITH"},{"data":"Koishi:Provoke","floor":10.0,"key":"SMITH"},{"data":"Koishi:MassHysteria","floor":13.0,"key":"SMITH"},{"data":"Koishi:FreudianInstinct","floor":15.0,"key":"SMITH"},{"data":"Koishi:FreudianInstinct","floor":23.0,"key":"SMITH"},{"data":"Koishi:ApparitionsStalkTheNight","floor":28.0,"key":"SMITH"},{"data":"Koishi:Whimsy","floor":30.0,"key":"SMITH"},{"data":"Koishi:SubterraneanRose","floor":32.0,"key":"SMITH"},{"data":"Koishi:UnconsciousUprising","floor":42,"key":"SMITH"},{"data":"Koishi:Jaunt","floor":46,"key":"SMITH"},{"data":"Koishi:HauntingSlash","floor":47,"key":"SMITH"},{"data":"Koishi:BasicDefend","floor":49,"key":"SMITH"}],"circlet_count":0,"master_deck":["Koishi:BasicDefend","Koishi:BasicDefend","Koishi:BasicDefend","Koishi:BasicDefend+1","Koishi:Provoke+1","Koishi:HauntingSlash+1","Koishi:EmbryosDream+1","Koishi:FreudianInstinct+1","Koishi:ApparitionsStalkTheNight+1","Koishi:UnconsciousUprising+1","Koishi:Whimsy+1","Koishi:MassHysteria+1","Koishi:FreudianInstinct+1","Koishi:SubterraneanRose+1","Koishi:ConditionedTeleport","Koishi:SubconsciousSweep+1","Koishi:Jaunt+1","Koishi:Whimsy+1","Finesse+1","Koishi:SubterraneanRose+1","Koishi:RorschachInDanmaku+1","Koishi:UnconsciousUprising+1","Koishi:Untouchable+1","Koishi:HeartfeltFancy+1","Koishi:FadingMemory+1","CurseOfTheBell","Koishi:FidgetySnatcher+1","Koishi:VengefulSpirit+1","Master of Strategy+1","Koishi:ReflexRadar+1","Impatience+1","Secret Technique+1","Koishi:HeartAttack+1","Koishi:SubconsciousSweep+1","Koishi:SpiritedAway+1"],"relics":["Koishi:ImaginaryFriend","WingedGreaves","Meat on the Bone","Dream Catcher","Pen Nib","Letter Opener","Coffee Dripper","Toxic Egg 2","Darkstone Periapt","Molten Egg 2","Toy Ornithopter","Red Mask","Calling Bell","Cleaning_Rag","Gremlin Horn","Incense Burner","Old Coin","White Beast Statue","Potion Belt","Question Card"],"acts_visited":["Exordium","TheCity","TheBeyond"],"potions_floor_usage":[50,50],"damage_taken":[{"damage":0.0,"enemies":"Cultist","floor":1.0,"turns":3.0},{"damage":2.0,"enemies":"Jaw Worm","floor":4.0,"turns":5.0},{"damage":23.0,"enemies":"3 Sentries","floor":6.0,"turns":15.0},{"damage":0.0,"enemies":"2 Louse","floor":8.0,"turns":4.0},{"damage":7.0,"enemies":"Gremlin Nob","floor":11.0,"turns":13.0},{"damage":11.0,"enemies":"Lagavulin","floor":12.0,"turns":12.0},{"damage":0.0,"enemies":"Exordium Wildlife","floor":14.0,"turns":7.0},{"damage":26.0,"enemies":"The Guardian","floor":16.0,"turns":17.0},{"damage":8.0,"enemies":"Spheric Guardian","floor":18.0,"turns":4.0},{"damage":0.0,"enemies":"3 Byrds","floor":22.0,"turns":1.0},{"damage":0.0,"enemies":"Book of Stabbing","floor":24.0,"turns":4.0},{"damage":0.0,"enemies":"3 Cultists","floor":25.0,"turns":2.0},{"damage":5.0,"enemies":"Gremlin Leader","floor":27.0,"turns":7.0},{"damage":0.0,"enemies":"Masked Bandits","floor":31.0,"turns":3.0},{"damage":0.0,"enemies":"Automaton","floor":33.0,"turns":12.0},{"damage":0.0,"enemies":"3 Shapes","floor":35.0,"turns":3.0},{"damage":0.0,"enemies":"Orb Walker","floor":36.0,"turns":5.0},{"damage":0.0,"enemies":"4 Shapes","floor":38.0,"turns":3.0},{"damage":0,"enemies":"Giant Head","floor":40,"turns":9},{"damage":0,"enemies":"Transient","floor":41,"turns":5},{"damage":0,"enemies":"Reptomancer","floor":45,"turns":4},{"damage":0,"enemies":"Nemesis","floor":48,"turns":5},{"damage":0,"enemies":"Time Eater","floor":50,"turns":8}],"seed_played":"326737394519793476","potions_obtained":[{"floor":1.0,"key":"Ancient Potion"},{"floor":6.0,"key":"LiquidMemories"},{"floor":8.0,"key":"Block Potion"},{"floor":16.0,"key":"Ancient Potion"},{"floor":25.0,"key":"Energy Potion"},{"floor":27.0,"key":"SneckoOil"},{"floor":31.0,"key":"SneckoOil"},{"floor":36.0,"key":"Explosive Potion"},{"floor":40,"key":"Explosive Potion"},{"floor":45,"key":"Explosive Potion"},{"floor":48,"key":"Block Potion"}],"is_trial":false,"path_per_floor":["M","?","T","M","?","E","R","M","T","R","E","E","R","M","R","B",null,"M","?","?","$","M","R","E","M","T","E","R","?","R","?","R","B",null,"M","M","$","M","?","E","M","R","T","?","E","R","R","E","R","B",null],"character_chosen":"KOISHI","items_purchased":["Toxic Egg 2","Koishi:Whimsy+1","Finesse+1","Master of Strategy+1"],"campfire_rested":0,"item_purchase_floors":[21,21,21,37],"current_hp_per_floor":[60,60,60,59,48,26,26,39,39,39,36,39,39,40,40,32,60,52,52,52,52,52,52,53,53,53,50,50,50,50,50,50,55,66,66,66,66,66,61,61,61,61,61,61,61,61,61,63,63,63],"gold":418,"neow_bonus":"TRANSFORM_CARD","is_daily":false,"chose_seed":false,"campfire_upgraded":12,"win_rate":0.0,"timestamp":1614130070,"path_taken":["M","?","?","M","?","E","R","?","T","R","E","E","R","M","R","BOSS","M","?","?","?","M","R","E","?","T","E","R","?","R","?","R","BOSS","M","M","$","M","?","E","M","R","T","?","E","R","R","E","R","BOSS"],"items_purchased_type":["Relic","Card","Card","Card"],"build_version":"2020-12-22","purchased_purges":1,"victory":true,"max_hp_per_floor":[60,60,60,60,60,60,60,60,60,60,60,60,60,60,60,60,60,60,60,60,60,60,60,60,60,60,60,60,60,60,60,60,60,66,66,66,66,66,66,66,66,66,66,63,63,63,63,63,63,63],"card_choices":[{"not_picked":["Koishi:BloodcurdlingScream","Koishi:ParalyzingFear"],"picked":"Koishi:FreudianInstinct","floor":1.0},{"not_picked":["Koishi:BramblyRoseGarden","Koishi:DreadfulBlow"],"picked":"Koishi:ApparitionsStalkTheNight","floor":4.0},{"not_picked":["Koishi:RacingHeart","Koishi:Prune"],"picked":"Koishi:UnconsciousUprising","floor":6.0},{"not_picked":["Koishi:CatchAndRose","Koishi:EmbryosDream"],"picked":"Koishi:Whimsy","floor":8.0},{"not_picked":["Koishi:ReflexRadar","Koishi:UnseenTerror"],"picked":"Koishi:MassHysteria","floor":11.0},{"not_picked":["Koishi:ReflexRadar","Koishi:SubterraneanRose"],"picked":"Koishi:FreudianInstinct","floor":12.0},{"not_picked":["Koishi:CatchAndRose","Koishi:RacingHeart"],"picked":"Koishi:SubterraneanRose","floor":14.0},{"not_picked":["Koishi:SuperEgo","Koishi:ImGoingToCallYouNow"],"picked":"Koishi:ConditionedTeleport","floor":16.0},{"not_picked":["Koishi:EmbryosDream","Koishi:CatchAndRose"],"picked":"Koishi:SubconsciousSweep+1","floor":18.0},{"not_picked":["Koishi:SubconsciousSweep","Koishi:JumpScare+1"],"picked":"Koishi:SubterraneanRose+1","floor":22.0},{"not_picked":["Koishi:ReleaseOfTheId+1","Koishi:MindNumbingTerror+1"],"picked":"Koishi:RorschachInDanmaku+1","floor":24.0},{"not_picked":["Koishi:DanmakuParanoia+1","Koishi:ApparitionsStalkTheNight+1"],"picked":"Koishi:UnconsciousUprising+1","floor":25.0},{"not_picked":["Koishi:Vanish+1","Koishi:GrowingPain+1"],"picked":"Koishi:Untouchable+1","floor":27.0},{"not_picked":["Koishi:Prune+1","Koishi:GhostParty+1"],"picked":"Koishi:HeartfeltFancy+1","floor":31.0},{"not_picked":["Koishi:ConfinedInnocent","Koishi:SilentAndRestless+1"],"picked":"Koishi:FadingMemory+1","floor":33.0},{"not_picked":["Koishi:UnseenTerror+1","Koishi:UnansweredLove+1"],"picked":"Koishi:FidgetySnatcher+1","floor":35.0},{"not_picked":["Koishi:RacingHeart+1","Koishi:DreadfulBlow+1"],"picked":"Koishi:VengefulSpirit+1","floor":36.0},{"not_picked":["Koishi:Catatonia+1","Koishi:TremblingHands+1"],"picked":"Koishi:ReflexRadar+1","floor":38.0},{"not_picked":["Dark Shackles+1","Trip+1"],"picked":"Impatience+1","floor":39.0},{"not_picked":["Dramatic Entrance+1","Blind+1"],"picked":"Secret Technique+1","floor":39.0},{"not_picked":["Koishi:FreudianInstinct","Koishi:DNAsFlaw+1"],"picked":"Koishi:HeartAttack+1","floor":40},{"not_picked":["Koishi:BramblyRoseGarden","Koishi:YoukaiPolygraph+1"],"picked":"Koishi:SubconsciousSweep+1","floor":41},{"not_picked":["Koishi:DreadfulBlow+1","Koishi:FidgetySnatcher+1"],"picked":"Koishi:SpiritedAway+1","floor":45},{"not_picked":["Koishi:EmbryosDream+1","Koishi:GrowingPain+1","Koishi:Catatonia+1"],"picked":"SKIP","floor":48}],"player_experience":49767,"relics_obtained":[{"floor":3.0,"key":"WingedGreaves"},{"floor":6.0,"key":"Meat on the Bone"},{"floor":9.0,"key":"Dream Catcher"},{"floor":11.0,"key":"Pen Nib"},{"floor":12.0,"key":"Letter Opener"},{"floor":24.0,"key":"Darkstone Periapt"},{"floor":26.0,"key":"Molten Egg 2"},{"floor":27.0,"key":"Toy Ornithopter"},{"floor":31.0,"key":"Red Mask"},{"floor":34.0,"key":"Cleaning_Rag"},{"floor":34.0,"key":"Gremlin Horn"},{"floor":34.0,"key":"Incense Burner"},{"floor":40,"key":"Old Coin"},{"floor":43,"key":"White Beast Statue"},{"floor":45,"key":"Potion Belt"},{"floor":48,"key":"Question Card"}],"event_choices":[{"damage_healed":0.0,"max_hp_gain":0.0,"max_hp_loss":0.0,"gold_gain":0.0,"event_name":"Liars Game","player_choice":"Ignored","floor":2.0,"gold_loss":0.0,"damage_taken":0.0},{"damage_healed":0.0,"max_hp_gain":0.0,"max_hp_loss":0.0,"gold_gain":75.0,"event_name":"World of Goop","player_choice":"Gather Gold","floor":5.0,"gold_loss":0.0,"damage_taken":11.0},{"damage_healed":0.0,"max_hp_gain":0.0,"max_hp_loss":0.0,"gold_gain":0.0,"cards_transformed":["Koishi:BasicStrike","Koishi:BasicStrike"],"event_name":"Drug Dealer","player_choice":"Became Test Subject","floor":19.0,"gold_loss":0.0,"damage_taken":0.0,"cards_obtained":["Koishi:StingingMind","Koishi:Jaunt"]},{"damage_healed":0.0,"max_hp_gain":0.0,"max_hp_loss":0.0,"gold_gain":0.0,"event_name":"Vampires","player_choice":"Ignored","floor":20.0,"gold_loss":0.0,"damage_taken":0.0},{"cards_removed":["Koishi:StingingMind"],"damage_healed":0.0,"max_hp_gain":0.0,"max_hp_loss":0.0,"gold_gain":0.0,"event_name":"Beggar","player_choice":"Gave Gold","floor":29.0,"gold_loss":75.0,"damage_taken":0.0},{"damage_healed":0.0,"max_hp_gain":0.0,"max_hp_loss":0.0,"gold_gain":0.0,"event_name":"Masked Bandits","player_choice":"Fought Bandits","floor":31.0,"gold_loss":0.0,"damage_taken":0.0},{"damage_healed":0.0,"max_hp_gain":0.0,"max_hp_loss":0.0,"gold_gain":0.0,"event_name":"SensoryStone","player_choice":"Memory 2","floor":39.0,"gold_loss":0.0,"damage_taken":5.0},{"damage_healed":0,"gold_gain":0,"player_choice":"Max HP","damage_taken":0,"max_hp_gain":0,"max_hp_loss":3,"event_name":"Winding Halls","floor":44,"gold_loss":0}],"is_beta":false,"boss_relics":[{"not_picked":["SacredBark","Fusion Hammer"],"picked":"Coffee Dripper"},{"not_picked":["Snecko Eye","Velvet Choker"],"picked":"Calling Bell"}],"items_purged_floors":[37],"is_endless":false,"potions_floor_spawned":[1,6,8,16,25,27,31,36,40,45,48],"ascension_level":2}}