{"host":"as9fo7ctujj2pdsp","time":1614179921,"event":{"mods":["BaseMod","Downfall","Marisa（霧雨　魔理沙）","Minty Spire (QoL Compilation)","StSLib"],"gold_per_floor":[111,111,130,143,164,202,202,265,265,331,22,113,113,194,194,380,380,455,540,620,664,748,748,748,847,847,1122,1143,1241,1516,1534,1534,1725,1725,1780,1888,924,1009,1127,1230,1230,1230,1255,1255,1274,1380,1436,1769,1769,1769,1769,1769,858,917,917],"floor_reached":56,"language":"ENG","playtime":5903,"items_purged":["Regret","Wraith"],"score":1443,"play_id":"8bd37b2c-6060-48fb-87c0-a6413f58f3f2","local_time":"20210225041841","is_ascension_mode":true,"campfire_choices":[{"data":"WitchOfGreed","floor":7.0,"key":"SMITH"},{"data":"WitchOfGreed","floor":13.0,"key":"SMITH"},{"data":"MysteriousBeam","floor":15.0,"key":"SMITH"},{"data":"IllusionStar","floor":23.0,"key":"SMITH"},{"data":"Regret","floor":32.0,"key":"PURGE"},{"data":"1","floor":41.0,"key":"LIFT"},{"data":"2","floor":44.0,"key":"LIFT"},{"floor":49.0,"key":"RECALL"},{"data":"3","floor":52.0,"key":"LIFT"}],"circlet_count":0,"master_deck":["Strike_MRS","Strike_MRS","Strike_MRS","Defend_MRS","Defend_MRS","Defend_MRS","Defend_MRS","MasterSpark","UpSweep","IllusionStar+1","MysteriousBeam+1","SprinkleStarSeal","ShootTheMoon","6A","WitchOfGreed+1","StarBarrage+1","WitchOfGreed+1","EnergyFlow","MeteoricShower+1","JA+1","ShootingEcho+1","AsteroidBelt+1","DC+1","DoubleSpark+1","DeepEcoloBomb+1","IllusionStar","BinaryStars","EventHorizon+1","Master of Strategy","Mind Blast+1","WitchOfGreed","Occultation+1","Clumsy","Secret Weapon","Acceleration","BigCrunch"],"relics":["MiniHakkero","Molten Egg 2","Toy Ornithopter","Matryoshka","Potion Belt","Kunai","RampagingMagicTools","Peace Pipe","Bag of Marbles","Bottled Flame","MealTicket","Cursed Key","Girya","Regal Pillow","Chemical X","Bird Faced Urn","Bottled Tornado","Boot","PreservedInsect","Centennial Puzzle","ClockworkSouvenir","Du-Vu Doll","Pen Nib"],"acts_visited":["Exordium","TheCity","TheBeyond","TheEnding"],"potions_floor_usage":[55,55,55,55],"damage_taken":[{"damage":0.0,"enemies":"Small Slimes","floor":1.0,"turns":3.0},{"damage":0.0,"enemies":"2 Louse","floor":3.0,"turns":3.0},{"damage":2.0,"enemies":"Jaw Worm","floor":4.0,"turns":4.0},{"damage":6.0,"enemies":"Looter","floor":5.0,"turns":3.0},{"damage":22.0,"enemies":"3 Sentries","floor":6.0,"turns":6.0},{"damage":9.0,"enemies":"Lagavulin","floor":8.0,"turns":9.0},{"damage":4.0,"enemies":"Gremlin Nob","floor":12.0,"turns":4.0},{"damage":1.0,"enemies":"Large Slime","floor":14.0,"turns":6.0},{"damage":31.0,"enemies":"Hexaghost","floor":16.0,"turns":8.0},{"damage":16.0,"enemies":"2 Thieves","floor":18.0,"turns":4.0},{"damage":2.0,"enemies":"Shell Parasite","floor":19.0,"turns":4.0},{"damage":6.0,"enemies":"Snecko","floor":20.0,"turns":3.0},{"damage":8.0,"enemies":"Centurion and Healer","floor":21.0,"turns":4.0},{"damage":17.0,"enemies":"Chosen and Byrds","floor":22.0,"turns":5.0},{"damage":15.0,"enemies":"Slavers","floor":25.0,"turns":6.0},{"damage":5.0,"enemies":"3 Cultists","floor":28.0,"turns":3.0},{"damage":10.0,"enemies":"Book of Stabbing","floor":29.0,"turns":3.0},{"damage":0.0,"enemies":"Shelled Parasite and Fungi","floor":31.0,"turns":1.0},{"damage":51.0,"enemies":"Collector","floor":33.0,"turns":11.0},{"damage":11.0,"enemies":"3 Shapes","floor":35.0,"turns":3.0},{"damage":22.0,"enemies":"Orb Walker","floor":36.0,"turns":3.0},{"damage":38.0,"enemies":"Writhing Mass","floor":38.0,"turns":4.0},{"damage":11.0,"enemies":"2 Orb Walkers","floor":39.0,"turns":4.0},{"damage":24.0,"enemies":"Giant Head","floor":40.0,"turns":6.0},{"damage":0.0,"enemies":"Spire Growth","floor":45.0,"turns":1.0},{"damage":4.0,"enemies":"4 Shapes","floor":46.0,"turns":7.0},{"damage":12.0,"enemies":"Reptomancer","floor":47.0,"turns":2.0},{"damage":45.0,"enemies":"Awakened One","floor":50.0,"turns":7.0},{"damage":0.0,"enemies":"Shield and Spear","floor":54.0,"turns":3.0},{"damage":62,"enemies":"The Heart","floor":55,"turns":8}],"seed_played":"-4161897088458129647","potions_obtained":[{"floor":4.0,"key":"champ:CounterPotion"},{"floor":5.0,"key":"LiquidMemories"},{"floor":6.0,"key":"SpeedPotion"},{"floor":8.0,"key":"CultistPotion"},{"floor":8.0,"key":"EntropicBrew"},{"floor":12.0,"key":"SteroidPotion"},{"floor":14.0,"key":"SkillPotion"},{"floor":18.0,"key":"StarNLove"},{"floor":18.0,"key":"Fire Potion"},{"floor":19.0,"key":"sneckomod:MuddlingPotion"},{"floor":19.0,"key":"Dexterity Potion"},{"floor":20.0,"key":"EssenceOfSteel"},{"floor":20.0,"key":"Explosive Potion"},{"floor":21.0,"key":"LiquidMemories"},{"floor":22.0,"key":"BottledSpark"},{"floor":22.0,"key":"FairyPotion"},{"floor":25.0,"key":"SkillPotion"},{"floor":25.0,"key":"SneckoOil"},{"floor":28.0,"key":"Weak Potion"},{"floor":29.0,"key":"Block Potion"},{"floor":33.0,"key":"DuplicationPotion"},{"floor":33.0,"key":"PowerPotion"},{"floor":35.0,"key":"LiquidBronze"},{"floor":36.0,"key":"Regen Potion"},{"floor":36.0,"key":"EntropicBrew"},{"floor":36.0,"key":"Slimebound:ThreeZeroPotion"},{"floor":38.0,"key":"bronze:BurnAndBuffPotion"},{"floor":39.0,"key":"Explosive Potion"},{"floor":39.0,"key":"FearPotion"},{"floor":40.0,"key":"SkillPotion"},{"floor":45.0,"key":"bronze:BurnAndBuffPotion"},{"floor":46.0,"key":"Energy Potion"},{"floor":46.0,"key":"SteroidPotion"}],"is_trial":false,"path_per_floor":["M","?","M","M","M","E","R","E","T","?","$","E","R","M","R","B",null,"M","M","M","M","M","R","?","E","T","?","M","E","?","M","R","B",null,"M","M","$","M","?","E","R","?","T","R","M","M","E","?","R","B",null,"R","$","E","B",null],"character_chosen":"MARISA","items_purchased":["Potion Belt","WitchOfGreed","Fruit Juice","Girya","Regal Pillow","Chemical X","Master of Strategy","Mind Blast+1","WitchOfGreed","Centennial Puzzle","ClockworkSouvenir","Du-Vu Doll","Secret Weapon","Acceleration"],"campfire_rested":0,"item_purchase_floors":[11,11,11,37,37,37,37,37,37,53,53,53,53,53],"current_hp_per_floor":[75,57,57,55,49,27,27,18,18,18,18,44,44,43,43,12,80,64,72,71,75,63,63,63,53,53,53,48,48,48,48,48,7,80,69,52,67,38,49,43,43,43,43,43,50,59,61,61,61,36,80,80,80,80,29],"gold":917,"neow_bonus":"TRANSFORM_CARD","is_daily":false,"chose_seed":false,"campfire_upgraded":4,"win_rate":0.0,"timestamp":1614179921,"path_taken":["M","?","M","M","M","E","R","E","T","?","?","E","R","M","R","BOSS","M","M","M","M","M","R","?","E","T","?","?","E","?","M","R","BOSS","M","M","$","M","?","E","R","?","T","R","M","M","E","?","R","BOSS","R","$","E","BOSS"],"items_purchased_type":["Relic","Card","Potion","Relic","Relic","Relic","Card","Card","Card","Relic","Relic","Relic","Card","Card"],"build_version":"2020-12-22","purchased_purges":2,"victory":true,"max_hp_per_floor":[75,75,75,75,75,75,75,75,75,75,75,80,80,80,80,80,80,80,80,80,80,80,80,80,80,80,80,80,80,80,80,80,80,80,80,80,80,80,80,80,80,80,80,80,80,80,80,80,80,80,80,80,80,80,80],"card_choices":[{"not_picked":["PulseMagic","Acceleration"],"picked":"MysteriousBeam","floor":1.0},{"not_picked":["ManaConvection","Acceleration"],"picked":"SprinkleStarSeal","floor":3.0},{"not_picked":["MilkyWay","SporeBomb"],"picked":"ShootTheMoon","floor":4.0},{"not_picked":["SprinkleStarSeal","OrrerysSun"],"picked":"6A","floor":5.0},{"not_picked":["ManaConvection","EventHorizon"],"picked":"WitchOfGreed","floor":6.0},{"not_picked":["ShootTheMoon+1","MeteoricShower+1"],"picked":"StarBarrage+1","floor":8.0},{"not_picked":["EscapeVelocity","WitchLeyline+1"],"picked":"EnergyFlow","floor":12.0},{"not_picked":["ChargeUpSpray+1","BlazeAway"],"picked":"MeteoricShower+1","floor":14.0},{"not_picked":["SuperNova","ManaRampage"],"picked":"JA+1","floor":16.0},{"not_picked":["PowerUp","DC+1"],"picked":"ShootingEcho+1","floor":18.0},{"not_picked":["6A+1","UnstableBomb+1"],"picked":"AsteroidBelt+1","floor":19.0},{"not_picked":["MeteoricShower+1","SprinkleStarSeal"],"picked":"DC+1","floor":20.0},{"not_picked":["DarkMatter+1","6A+1"],"picked":"DoubleSpark+1","floor":21.0},{"not_picked":["NonDirectionalLaser+1","WitchOfGreed"],"picked":"DeepEcoloBomb+1","floor":22.0},{"not_picked":["AlicesGift+1","LuminesStrike+1","DragonMeteor+1"],"picked":"SKIP","floor":25.0},{"not_picked":["ChargingUp+1","ShootTheMoon+1","DC+1"],"picked":"SKIP","floor":28.0},{"not_picked":["SporeBomb","DoubleSpark+1","TreasureHunter+1"],"picked":"SKIP","floor":29.0},{"not_picked":["GrandCross+1","DC+1"],"picked":"IllusionStar","floor":31.0},{"not_picked":["UltimateShortwave","MaximisePower"],"picked":"BinaryStars","floor":33.0},{"not_picked":["GravityBeat+1","BlazeAway"],"picked":"EventHorizon+1","floor":35.0},{"not_picked":["StarBarrage+1","WitchLeyline+1","AlicesGift+1"],"picked":"SKIP","floor":36.0},{"not_picked":["GalacticHalo+1","6A+1"],"picked":"Occultation+1","floor":38.0},{"not_picked":["MilkyWay+1","EventHorizon+1","UnstableBomb+1"],"picked":"SKIP","floor":40.0},{"not_picked":["AlicesGift+1","OneTimeOff","UnstableBomb+1"],"picked":"SKIP","floor":45.0},{"not_picked":["NonDirectionalLaser+1","ShootingEcho+1","SporeBomb"],"picked":"SKIP","floor":46.0},{"not_picked":["NonDirectionalLaser+1","LuminesStrike+1","UnstableBomb+1"],"picked":"SKIP","floor":47.0},{"not_picked":["MilkyWay+1","OneTimeOff+1"],"picked":"BigCrunch","floor":54.0}],"player_experience":257693,"relics_obtained":[{"floor":6.0,"key":"Molten Egg 2"},{"floor":8.0,"key":"Toy Ornithopter"},{"floor":9.0,"key":"Matryoshka"},{"floor":12.0,"key":"Kunai"},{"floor":25.0,"key":"Peace Pipe"},{"floor":26.0,"key":"Bag of Marbles"},{"floor":26.0,"key":"Bottled Flame"},{"floor":29.0,"key":"MealTicket"},{"floor":39.0,"key":"Bird Faced Urn"},{"floor":40.0,"key":"Bottled Tornado"},{"floor":43.0,"key":"Boot"},{"floor":47.0,"key":"PreservedInsect"},{"floor":54.0,"key":"Pen Nib"}],"event_choices":[{"damage_healed":0.0,"max_hp_gain":0.0,"max_hp_loss":0.0,"gold_gain":0.0,"event_name":"Golden Idol","player_choice":"Take Damage","floor":2.0,"gold_loss":0.0,"damage_taken":18.0,"relics_obtained":["Golden Idol"]},{"damage_healed":0.0,"max_hp_gain":0.0,"max_hp_loss":0.0,"gold_gain":66.0,"event_name":"Golden Wing","player_choice":"Gained Gold","floor":10.0,"gold_loss":0.0,"damage_taken":0.0},{"damage_healed":0.0,"max_hp_gain":0.0,"max_hp_loss":0.0,"gold_gain":0.0,"event_name":"Vampires","player_choice":"Ignored","floor":24.0,"gold_loss":0.0,"damage_taken":0.0},{"damage_healed":0.0,"max_hp_gain":0.0,"max_hp_loss":0.0,"gold_gain":275.0,"event_name":"Golden Shrine","player_choice":"Desecrate","floor":27.0,"gold_loss":0.0,"damage_taken":0.0,"cards_obtained":["Regret"]},{"damage_healed":0.0,"max_hp_gain":0.0,"max_hp_loss":0.0,"gold_gain":275.0,"event_name":"Golden Shrine","player_choice":"Desecrate","floor":30.0,"gold_loss":0.0,"damage_taken":0.0,"cards_obtained":["Regret"]},{"damage_healed":0.0,"max_hp_gain":0.0,"max_hp_loss":0.0,"gold_gain":0.0,"event_name":"Mysterious Sphere","player_choice":"Fight","floor":39.0,"gold_loss":0.0,"damage_taken":0.0},{"damage_healed":0.0,"max_hp_gain":0.0,"max_hp_loss":0.0,"gold_gain":0.0,"event_name":"OrinTheCat","player_choice":"Ignored","floor":42.0,"gold_loss":0.0,"damage_taken":0.0},{"damage_healed":0.0,"max_hp_gain":0.0,"max_hp_loss":0.0,"gold_gain":333.0,"event_name":"The Moai Head","player_choice":"Gave Idol","floor":48.0,"relics_lost":["Golden Idol"],"gold_loss":0.0,"damage_taken":0.0}],"is_beta":false,"boss_relics":[{"not_picked":["bronze:MakeshiftBattery","Runic Dome"],"picked":"RampagingMagicTools"},{"not_picked":["Empty Cage","BewitchedHakkero"],"picked":"Cursed Key"}],"items_purged_floors":[37,53],"is_endless":false,"potions_floor_spawned":[4,5,6,8,18,21,22,28,38,45],"ascension_level":2}}