{"host":"emqr263yqun247y7","time":1614193987,"event":{"mods":["Aspiration","BaseMod","Bestiary","BetterRewards","Colored Map","Curses Come First","Downfall","Hubris","Infinite Spire","Jorbs\u0027s Wanderer Trilogy","Marisa????????","Minty Spire (QoL Compilation)","READ ME - Guardian Mod","Replay The Spire","Robot Space Explorer","Spire Arcade","StSLib","The Bug Knight","The Cursed","The Disciple","The Hierophant","The Runesmith","The Servant 0.9.4","Yuri Mod","slay the spire mod where everything is the same but ironclad has a cowboy hat"],"gold_per_floor":[99,109,124,124,137,154,154,182,382,66,66,85,85,95,106,208,208,8,26,46,46,59,74,97,97,97,108,120,136,136,136,136,10,30,126,126,126,146,156,171,171,189,189,189,189,189],"floor_reached":44,"language":"ENG","playtime":5010,"items_purged":["bronze:Strike"],"score":568,"play_id":"9c195b6e-9e71-4458-8a37-cae635735868","local_time":"20210224111307","is_ascension_mode":false,"campfire_choices":[{"floor":1,"key":"RECALL"},{"floor":25,"key":"REST"},{"floor":30,"key":"REST"},{"data":"bronze:DigitalCarnage","floor":37,"key":"SMITH"}],"circlet_count":0,"master_deck":["bronze:Strike","bronze:Strike","bronze:Strike","bronze:Defend","bronze:Defend","bronze:Defend","bronze:Defend","bronze:Replicate","bronze:Goto","bronze:WhirlingStrike","bronze:Fortify","CurseOfTheBell","CurseOfTheBell","SwitchThreat","bronze:FindAndReplace","bronze:Shield","bronze:DigitalCarnage+1","bronze:ChosenStrike","bronze:Repair","bronze:Turbo","bronze:Iterate","bronze:Backtrace","bronze:ThunderWave","Necronomicurse","bronze:FineTuning","bronze:DelayedGuard+1","bronze:BugBarrage","bronze:ForceShield","bronze:ItsAFeature","bronze:DelayedSlice+1","bronze:Mutator","bronze:Frontload","bronze:BurnOut","Parasite","bronze:Boost","hubris:NaturalOne"],"relics":["bronze:PlatinumCore","downfall:ExtraCursedBell","hubris:Potato","yuri:PortableGlitches","aspiration:ArtOfWarUpgrade","hubris:BundleOfHerbs","Replay:Bronze Core","downfall:HeartBlessingRed","downfall:HeartBlessingBlue","Necronomicon","Singing Bowl","Dream Catcher","Nloth\u0027s Gift","hubris:Icosahedron","HollowMod:QueensCombRelic"],"acts_visited":["Exordium","TheCity","TheBeyond"],"potions_floor_usage":[35,35,35,40,44,44],"damage_taken":[{"damage":1,"enemies":"Jaw Worm","floor":2,"turns":4},{"damage":0,"enemies":"Small Slimes","floor":3,"turns":4},{"damage":0,"enemies":"2 Louse","floor":5,"turns":2},{"damage":7,"enemies":"Exordium Wildlife","floor":6,"turns":5},{"damage":13,"enemies":"Gremlin Nob","floor":8,"turns":3},{"damage":0,"enemies":"downfall:FleeingMerchant","floor":10,"turns":4},{"damage":2,"enemies":"Red Slaver","floor":12,"turns":3},{"damage":0,"enemies":"3 Louse","floor":14,"turns":3},{"damage":1,"enemies":"downfall:LooterAlt","floor":15,"turns":2},{"damage":42,"enemies":"DF_ARCHETYPE_STREAMLINE","floor":16,"turns":9},{"damage":5,"enemies":"Shell Parasite","floor":19,"turns":2},{"damage":0,"enemies":"Chosen","floor":20,"turns":3},{"damage":6,"enemies":"Centurion and Healer","floor":22,"turns":4},{"damage":10,"enemies":"3 Cultists","floor":23,"turns":4},{"damage":0,"enemies":"Shelled Parasite and Fungi","floor":27,"turns":2},{"damage":0,"enemies":"Cultist and Chosen","floor":28,"turns":4},{"damage":0,"enemies":"3 Cultists","floor":29,"turns":3},{"damage":6,"enemies":"downfall:FleeingMerchant","floor":33,"turns":5},{"damage":13,"enemies":"Centurion and Healer","floor":34,"turns":5},{"damage":79,"enemies":"IC_MUSHROOM_ARCHETYPE","floor":35,"turns":8},{"damage":10,"enemies":"3 Darklings","floor":38,"turns":3},{"damage":29,"enemies":"Orb Walker","floor":39,"turns":4},{"damage":57,"enemies":"Transient","floor":40,"turns":5},{"damage":0,"enemies":"Writhing Mass","floor":42,"turns":5},{"damage":47,"enemies":"Nightmare","floor":44,"turns":5}],"seed_played":"3437596856043331674","potions_obtained":[{"floor":2,"key":"Milkshake"},{"floor":8,"key":"ColorlessPotion"},{"floor":14,"key":"Weak Potion"},{"floor":34,"key":"SteroidPotion"},{"floor":35,"key":"LifebloodPotion"},{"floor":38,"key":"SteroidPotion"},{"floor":39,"key":"DuplicationPotion"},{"floor":42,"key":"PowerPotion"}],"is_trial":false,"path_per_floor":["R_BF","M","M","?","M","M","T","E","?","$","R","M","R","M","M","B",null,"R_BF","M","M","?","M","M","T","R","?","M","M","M","R","PTL","PTL","$","M","B",null,"R","M","M","M","?","M","T","NM"],"character_chosen":"THE_AUTOMATON","items_purchased":["hubris:BundleOfHerbs","bronze:DelayedSlice+1"],"campfire_rested":2,"item_purchase_floors":[10,33],"current_hp_per_floor":[77,76,76,76,76,69,69,56,37,44,44,49,49,49,61,26,77,71,66,73,73,74,73,73,91,91,93,93,95,97,97,97,97,88,17,99,99,89,71,24,24,31,31,0,0,0],"gold":189,"neow_bonus":"TEN_PERCENT_HP_BONUS","is_daily":false,"chose_seed":false,"campfire_upgraded":1,"win_rate":0.0,"timestamp":1614193987,"path_taken":["R_BF","M","M","?","M","M","T","E","?","?","R","M","R","M","M","BOSS","R_BF","M","M","?","M","M","T","R","?","M","M","?","R","PTL","PTL","$","M","BOSS","R","M","M","M","?","M","T","NM"],"items_purchased_type":["Relic","Card"],"build_version":"2020-12-22","purchased_purges":1,"victory":false,"max_hp_per_floor":[77,77,77,77,77,77,77,77,77,77,77,77,77,77,77,77,77,87,87,87,87,87,89,89,91,91,93,93,95,97,97,97,97,99,99,99,99,99,99,101,101,101,66,66,66,66],"card_choices":[{"not_picked":["bronze:Repulsor","bronze:Branch"],"picked":"bronze:WhirlingStrike","floor":2},{"not_picked":["bronze:CutThrough","bronze:BuggyMess"],"picked":"bronze:Fortify","floor":3},{"not_picked":["bronze:ChildClass","bronze:OilSpill"],"picked":"bronze:Shield","floor":5},{"not_picked":["bronze:Frontload","bronze:BronzeOrb"],"picked":"bronze:DigitalCarnage","floor":6},{"not_picked":["bronze:ForceShield","bronze:Overload"],"picked":"bronze:ChosenStrike","floor":8},{"not_picked":["bronze:Overheat","bronze:Frontload"],"picked":"bronze:Repair","floor":9},{"not_picked":["bronze:GetLatest","bronze:Overheat"],"picked":"bronze:Turbo","floor":10},{"not_picked":["bronze:BitShift","bronze:DelayedGuard"],"picked":"bronze:Iterate","floor":12},{"not_picked":["bronze:Repulsor","bronze:Return"],"picked":"bronze:Backtrace","floor":14},{"not_picked":["bronze:Break","bronze:Repulsor","bronze:BugBarrage"],"picked":"SKIP","floor":15},{"not_picked":["bronze:AlphaBuild","bronze:Format"],"picked":"bronze:ThunderWave","floor":16},{"not_picked":["bronze:Branch","bronze:OilSpill"],"picked":"bronze:FineTuning","floor":19},{"not_picked":["bronze:BuggyMess","bronze:Branch"],"picked":"bronze:DelayedGuard+1","floor":20},{"not_picked":["bronze:Deprecate","bronze:Invalidate"],"picked":"bronze:BugBarrage","floor":22},{"not_picked":["bronze:Shield","bronze:Backtrace","bronze:Repair"],"picked":"Singing Bowl","floor":23},{"not_picked":["bronze:ClassDefault","bronze:FineTuning+1","bronze:FollowUp"],"picked":"Singing Bowl","floor":25},{"not_picked":["bronze:Shield","bronze:ThunderWave","bronze:Turbo+1"],"picked":"Singing Bowl","floor":27},{"not_picked":["bronze:BitShift","bronze:Shield"],"picked":"bronze:ForceShield","floor":28},{"not_picked":["bronze:BitShift","bronze:ForceShield+1","bronze:Break"],"picked":"Singing Bowl","floor":29},{"not_picked":["bronze:Iterate","bronze:BitShift","bronze:Invalidate+1"],"picked":"Singing Bowl","floor":30},{"not_picked":["bronze:CutThrough+1","bronze:ForceShield"],"picked":"bronze:ItsAFeature","floor":33},{"not_picked":["bronze:WildBeam+1","bronze:ForceShield","bronze:Deprecate"],"picked":"Singing Bowl","floor":34},{"not_picked":["bronze:RecursiveStrike","bronze:Virus"],"picked":"bronze:Mutator","floor":35},{"not_picked":["bronze:Shield","bronze:BitShift"],"picked":"bronze:Frontload","floor":38},{"not_picked":["bronze:ClassDefault","bronze:ChosenStrike"],"picked":"bronze:BurnOut","floor":39},{"not_picked":["bronze:WhirlingStrike","bronze:Flail","bronze:FineTuning+1"],"picked":"Singing Bowl","floor":40},{"not_picked":["bronze:BuggyMess","bronze:Optimize+1"],"picked":"bronze:Boost","floor":42}],"player_experience":712940,"relics_obtained":[{"floor":4,"key":"hubris:Potato"},{"floor":4,"key":"yuri:PortableGlitches"},{"floor":4,"key":"Bag of Preparation"},{"floor":8,"key":"Art of War"},{"floor":18,"key":"Necronomicon"},{"floor":24,"key":"Dream Catcher"},{"floor":43,"key":"HollowMod:QueensCombRelic"}],"event_choices":[],"is_beta":false,"boss_relics":[{"not_picked":["aspiration:SecretTechniqueScroll","Black Star"],"picked":"Replay:Bronze Core"},{"not_picked":["Snecko Eye","hubris:CrackedHourglass"],"picked":"bronze:PlatinumCore"}],"items_purged_floors":[33],"is_endless":false,"potions_floor_spawned":[2,8,14,15,20,22,27,29,34,35,38,39,42],"killed_by":"Nightmare","ascension_level":0}}