{"host":"tgqjap25jvjx3f06","time":1614167004,"event":{"mods":["BaseMod","DeckTracker","Dota2Spire","Minty Spire (QoL Compilation)","Quick Restart","Relic Filter Mod","Replay The Spire","Shop Mod","StSLib","óô»ðÖ¸ÄÏ"],"gold_per_floor":[113,113,63,63,82,82,114,114,114,142,142,196,211,222,222,347,347,392,44,44,124,194,194,250,291,344,421,483,561,611,704,704,831,831,877,877,918,126,174,260,300,300,300,433,477,564,668,758,758,758,758,758,357,389,389],"floor_reached":56,"language":"ZHS","playtime":4379,"items_purged":["Defend_P","Defend_P","Strike_P+1"],"score":1260,"play_id":"b62825eb-9215-4f2b-b153-743a194df2cc","local_time":"20210224194324","is_ascension_mode":true,"campfire_choices":[{"data":"Eruption","floor":6.0,"key":"SMITH"},{"data":"Protect","floor":11.0,"key":"SMITH"},{"data":"Establishment","floor":15.0,"key":"SMITH"},{"data":"Apotheosis","floor":23.0,"key":"SMITH"},{"floor":32.0,"key":"REST"},{"data":"Vault","floor":42.0,"key":"SMITH"},{"floor":49.0,"key":"RECALL"},{"data":"Vault","floor":52,"key":"SMITH"}],"circlet_count":0,"master_deck":["Strike_P+1","Strike_P+1","Defend_P","Eruption+1","Vigilance","Establishment+1","Protect+1","Adaptation","Wish","Omniscience","Apotheosis+1","Replay:Sssssssssshield","Vault+1","Blasphemy","Meditate","Replay:BluntJabs+1","Vault+1","DevaForm","Fasting2","WindmillStrike","Worship+1","Wish","ReplayTheSpireMod:Brewmster","CutThroughFate+1"],"relics":["PureWater","NeowsBlessing","Happy Flower","Gambling Chip","Question Card","Anchor","Regal Pillow","Letter Opener","Oddly Smooth Stone","Dota2Spire:Bloodstone","Sundial","Dota2Spire:OctarineCore","MerchantsRug","Yang","Replay:Bottled Steam","Bag of Preparation","Lantern","Orichalcum","Replay:Rubber Ducky"],"acts_visited":["Exordium","TheCity","TheBeyond","TheEnding"],"potions_floor_usage":[54,54,54,54,55,55,55,55,55,55,55,55,55,55,55,55,55],"damage_taken":[{"damage":0.0,"enemies":"Cultist","floor":1.0,"turns":1.0},{"damage":0.0,"enemies":"Jaw Worm","floor":5.0,"turns":1.0},{"damage":0.0,"enemies":"Lagavulin","floor":7.0,"turns":1.0},{"damage":46.0,"enemies":"3 Sentries","floor":10.0,"turns":11.0},{"damage":0.0,"enemies":"2 Louse","floor":13.0,"turns":2.0},{"damage":2.0,"enemies":"Looter","floor":14.0,"turns":3.0},{"damage":35.0,"enemies":"Fading Forest","floor":16.0,"turns":11.0},{"damage":30.0,"enemies":"Spheric Guardian","floor":18.0,"turns":6.0},{"damage":0.0,"enemies":"Chosen","floor":21.0,"turns":7.0},{"damage":0.0,"enemies":"3 Cultists","floor":22.0,"turns":6.0},{"damage":22.0,"enemies":"Slavers","floor":24.0,"turns":9.0},{"damage":0.0,"enemies":"Shelled Parasite and Fungi","floor":25.0,"turns":4.0},{"damage":0.0,"enemies":"Snecko","floor":27.0,"turns":5.0},{"damage":0.0,"enemies":"Book of Stabbing","floor":28.0,"turns":5.0},{"damage":0.0,"enemies":"Centurion and Healer","floor":29.0,"turns":8.0},{"damage":0.0,"enemies":"Snake Plant","floor":30.0,"turns":6.0},{"damage":9.0,"enemies":"Slavers","floor":31.0,"turns":9.0},{"damage":18.0,"enemies":"Automaton","floor":33.0,"turns":11.0},{"damage":22.0,"enemies":"3 Darklings","floor":35.0,"turns":6.0},{"damage":0.0,"enemies":"Orb Walker","floor":37.0,"turns":5.0},{"damage":0.0,"enemies":"Jaw Worm Horde","floor":39.0,"turns":5.0},{"damage":13.0,"enemies":"Reptomancer","floor":40.0,"turns":7.0},{"damage":0.0,"enemies":"Transient","floor":41.0,"turns":7.0},{"damage":3.0,"enemies":"R_Hoarder","floor":44.0,"turns":7.0},{"damage":1.0,"enemies":"4 Shapes","floor":45.0,"turns":7.0},{"damage":19.0,"enemies":"Nemesis","floor":46.0,"turns":5.0},{"damage":0.0,"enemies":"3 Darklings","floor":47.0,"turns":5.0},{"damage":0.0,"enemies":"Giant Head","floor":48.0,"turns":10.0},{"damage":0,"enemies":"Replay:Hell Engine","floor":50,"turns":9},{"damage":2,"enemies":"Shield and Spear","floor":54,"turns":5},{"damage":95,"enemies":"The Heart","floor":55,"turns":13}],"seed_played":"5415461032372818236","potions_obtained":[{"floor":10.0,"key":"Milkshake"},{"floor":13.0,"key":"LifebloodPotion"}],"is_trial":false,"path_per_floor":["M","T","?","$","M","R","E","?","T","E","R","T","M","M","R","B",null,"M","$","?","M","M","R","E","M","T","M","E","M","M","E","R","B",null,"M","?","M","$","M","E","M","R","T","E","M","E","M","E","R","B",null,"R","$","E","B",null],"character_chosen":"WATCHER","items_purchased":["Apotheosis","Replay:Sssssssssshield","BargainBundle","Fasting2","WindmillStrike","Sundial","Dota2Spire:OctarineCore","MerchantsRug","Lantern","Orichalcum","ReplayTheSpireMod:Brewmster","Swift Potion"],"campfire_rested":1,"item_purchase_floors":[19,19,38,38,38,38,38,38,53,53,53,53],"current_hp_per_floor":[72,72,72,72,72,72,72,72,72,26,26,26,26,24,24,13,72,42,42,42,42,42,42,20,20,20,20,20,20,20,11,47,29,72,50,50,50,50,50,37,37,37,37,34,33,14,14,14,14,14,72,72,72,72,34],"gold":389,"neow_bonus":"THREE_ENEMY_KILL","is_daily":false,"chose_seed":false,"campfire_upgraded":6,"win_rate":0.0,"timestamp":1614167004,"path_taken":["M","?","?","?","M","R","E","?","T","E","R","?","M","M","R","BOSS","M","$","?","M","M","R","E","?","T","M","E","M","M","E","R","BOSS","M","?","M","$","M","E","M","R","T","E","M","E","M","E","R","BOSS","R","$","E","BOSS"],"items_purchased_type":["Card","Card","Relic","Card","Card","Relic","Relic","Relic","Relic","Relic","Card","Potion"],"build_version":"2020-12-22","purchased_purges":3,"victory":true,"max_hp_per_floor":[72,72,72,72,72,72,72,72,72,72,72,72,72,72,72,72,72,72,72,72,72,72,72,72,72,72,72,72,72,72,72,72,72,72,72,72,72,72,72,72,72,72,72,72,72,72,72,72,72,72,72,72,72,72,72],"card_choices":[{"not_picked":["Replay:BluntJabs","CrushJoints","Wireheading"],"picked":"SKIP","floor":1.0},{"not_picked":["PathToVictory","BowlingBash","Replay:AtTheReady"],"picked":"SKIP","floor":5.0},{"not_picked":["Nirvana","FlurryOfBlows"],"picked":"Establishment","floor":7.0},{"not_picked":["ThirdEye","CutThroughFate","Wireheading"],"picked":"Protect","floor":10.0},{"not_picked":["SashWhip","Adaptation","FollowUp","ThirdEye"],"picked":"SKIP","floor":13.0},{"not_picked":["SashWhip","FollowUp","ThirdEye"],"picked":"Adaptation","floor":13.0},{"not_picked":["Evaluate","Crescendo","Prostrate"],"picked":"Wish","floor":14.0},{"not_picked":["Judgement","Devotion","ConjureBlade"],"picked":"Omniscience","floor":16.0},{"not_picked":["FlyingSleeves","FollowUp","Nirvana","ClearTheMind+1"],"picked":"SKIP","floor":18.0},{"not_picked":["Replay:Anticipation","Prostrate","Evaluate+1","Replay:BluntJabs"],"picked":"SKIP","floor":21.0},{"not_picked":["Wireheading","FlurryOfBlows","Replay:DivineShield"],"picked":"Blasphemy","floor":22.0},{"not_picked":["FlyingSleeves","Evaluate","LikeWater"],"picked":"Meditate","floor":24.0},{"not_picked":["CutThroughFate","Fasting2","Crescendo"],"picked":"Replay:BluntJabs+1","floor":25.0},{"not_picked":["Study","WreathOfFlame","JustLucky","EmptyBody"],"picked":"SKIP","floor":27.0},{"not_picked":["ClearTheMind","InnerPeace+1","WindmillStrike"],"picked":"Vault","floor":28.0},{"not_picked":["InnerPeace","Halt","Crescendo","FlurryOfBlows"],"picked":"SKIP","floor":29.0},{"not_picked":["Replay:BluntJabs+1","Prostrate","Consecrate+1","Indignation"],"picked":"SKIP","floor":30.0},{"not_picked":["Consecrate","FlurryOfBlows","MasterReality","Halt"],"picked":"SKIP","floor":31.0},{"not_picked":["Vault","Judgement","Wish"],"picked":"DevaForm","floor":33.0},{"not_picked":["Conclude","SashWhip","FollowUp+1","FearNoEvil+1"],"picked":"SKIP","floor":35.0},{"not_picked":["PathToVictory+1","Replay:Hum+1","Fasting2","Consecrate"],"picked":"SKIP","floor":37.0},{"not_picked":["Halt","ReachHeaven+1","Replay:Anticipation+1","Crescendo"],"picked":"SKIP","floor":39.0},{"not_picked":["Prostrate+1","ThirdEye","PathToVictory+1"],"picked":"Worship+1","floor":40.0},{"not_picked":["Weave+1","Replay:Vibes","Pray","Study+1"],"picked":"SKIP","floor":41.0},{"not_picked":["Vengeance+1","JustLucky","MentalFortress","SignatureMove+1"],"picked":"SKIP","floor":44.0},{"not_picked":["Replay:Hum+1","FlurryOfBlows","Halt+1","Replay:AtTheReady"],"picked":"SKIP","floor":45.0},{"not_picked":["FlurryOfBlows+1","Replay:Anticipation","Alpha"],"picked":"Wish","floor":46.0},{"not_picked":["Replay:Anticipation","Evaluate","CrushJoints+1","BowlingBash+1"],"picked":"SKIP","floor":47.0},{"not_picked":["Wireheading","PathToVictory+1","JustLucky+1","Indignation+1"],"picked":"SKIP","floor":48.0},{"not_picked":["Blasphemy","Indignation+1","ReachHeaven"],"picked":"CutThroughFate+1","floor":54}],"player_experience":356728,"relics_obtained":[{"floor":2.0,"key":"Happy Flower"},{"floor":7.0,"key":"Gambling Chip"},{"floor":9.0,"key":"Question Card"},{"floor":10.0,"key":"Replay:Bottled Eggs"},{"floor":24.0,"key":"Anchor"},{"floor":26.0,"key":"Regal Pillow"},{"floor":28.0,"key":"Letter Opener"},{"floor":31.0,"key":"Oddly Smooth Stone"},{"floor":40.0,"key":"Yang"},{"floor":43.0,"key":"Replay:Bottled Steam"},{"floor":44.0,"key":"Gremlin Food"},{"floor":46.0,"key":"Du-Vu Doll"},{"floor":48.0,"key":"Bag of Preparation"},{"floor":54,"key":"Replay:Rubber Ducky"}],"event_choices":[{"cards_removed":["Strike_P"],"damage_healed":0.0,"max_hp_gain":0.0,"max_hp_loss":0.0,"gold_gain":0.0,"event_name":"The Cleric","player_choice":"Card Removal","floor":3.0,"gold_loss":50.0,"damage_taken":0.0},{"cards_removed":["Defend_P"],"damage_healed":0.0,"max_hp_gain":0.0,"max_hp_loss":0.0,"gold_gain":0.0,"event_name":"Living Wall","player_choice":"Forget","floor":8.0,"gold_loss":0.0,"damage_taken":0.0},{"damage_healed":0.0,"max_hp_gain":0.0,"max_hp_loss":0.0,"gold_gain":0.0,"event_name":"Match and Keep!","player_choice":"1 cards matched","floor":20.0,"gold_loss":0.0,"damage_taken":0.0,"cards_obtained":["Vault"]},{"damage_healed":0.0,"max_hp_gain":0.0,"max_hp_loss":0.0,"gold_gain":0.0,"event_name":"Tomb of Lord Red Mask","player_choice":"Ignored","floor":36.0,"gold_loss":0.0,"damage_taken":0.0}],"is_beta":false,"boss_relics":[{"not_picked":["Painkiller Herb","Pandora\u0027s Box"],"picked":"Sozu"},{"not_picked":["Snecko Eye","Velvet Choker"],"picked":"Dota2Spire:Bloodstone"}],"items_purged_floors":[19,38,53],"is_endless":false,"potions_floor_spawned":[10,13,21,28,29,33,39,45,48],"ascension_level":1}}