{"host":"zksvs3x2ysy9npnz","time":1614202551,"event":{"mods":["Aspiration","BaseMod","Beaked The Cultist","BetterRewards","Clockwork Mod","Colored Map","Conspire","Downfall","Halation","Highlight Path","Hubris","Infinite Spire","Jedi Mod","Magitek Elite","Minty Spire (QoL Compilation)","Permanent Neow","Quick Restart","Relic Stats","Shop Mod","StSLib","The Runesmith","The Witch"],"gold_per_floor":[99,116,116,131,150,7,33,33,67,67,85,104,104,118,135,210,210,210,222,235,235,246,246,296,8,20,37,37,55,55,65,79,151,151,151,169,169,184,209,227,280,280,297,297,297,314,329,355,255,255,255,255],"floor_reached":50,"language":"FRA","playtime":3379,"items_purged":[],"score":938,"play_id":"92f6e39d-47e4-47f7-8476-58894d398d05","local_time":"20210224223551","is_ascension_mode":true,"campfire_choices":[{"data":"Slimebound:CorrosiveSpit","floor":1,"key":"SMITH"},{"data":"Slimebound:OneTwoCombo","floor":8,"key":"SMITH"},{"data":"Slimebound:OneTwoCombo","floor":10,"key":"SMITH"},{"data":"Slimebound:OozeBath","floor":13,"key":"SMITH"},{"data":"Slimebound:TagTeam","floor":18,"key":"SMITH"},{"data":"Slimebound:LevelUp","floor":23,"key":"SMITH"},{"data":"Slimebound:LeadByExample","floor":28,"key":"SMITH"},{"data":"Slimebound:LivingWall","floor":30,"key":"SMITH"},{"data":"Slimebound:Recycling","floor":35,"key":"SMITH"},{"data":"Slimebound:LivingWall","floor":42,"key":"SMITH"},{"data":"infinitespire:Fortify","floor":45,"key":"SMITH"},{"data":"Slimebound:Overexert","floor":49,"key":"SMITH"}],"circlet_count":0,"master_deck":["AscendersBane","Slimebound:Strike_Slimebound","Slimebound:Strike_Slimebound","Slimebound:Strike_Slimebound","Slimebound:Tackle","Slimebound:Defend_Slimebound+1","Slimebound:Defend_Slimebound+1","Slimebound:Defend_Slimebound+1","Slimebound:Defend_Slimebound+1","Slimebound:Split+1","Slimebound:CorrosiveSpit+1","Slimebound:ItLooksTasty","Slimebound:SplitMire","Slimebound:Nibble","Slimebound:OneTwoCombo+1","Slimebound:LevelUp+1","Slimebound:SplitMire","Slimebound:OneTwoCombo+1","Slimebound:OozeBath+1","Slimebound:LeechEnergy","Slimebound:SplitBruiser","Slimebound:SamplingLick","Slimebound:TagTeam+1","Slimebound:SplitLeeching+1","Slimebound:LeadByExample+1","Slimebound:Schlurp","Slimebound:SlimeTap","Slimebound:SamplingLick","Slimebound:LivingWall+1","Slimebound:MegaLick+1","Slimebound:SplitSpecialist+1","Slimebound:Recycling+1","Slimebound:LivingWall+1","Slimebound:SplitMire","Slimebound:SplitBruiser+1","infinitespire:Fortify+1","Slimebound:Overexert+1"],"relics":["Slimebound:AbsorbEndCombat","aspiration:ChemicalBlood","Oddly Smooth Stone","aspiration:EmptySkull","infinitespire:Lucky Rock","jedi:heavyjacket","Gem_Box","jedi:gremlinknob","Bronze Scales","PreservedInsect","downfall:HeartBlessingGreen"],"acts_visited":["Exordium","TheCity","TheBeyond"],"potions_floor_usage":[9,9,16,16,20,22,27,31,38,39,46,46,50,50],"damage_taken":[{"damage":3,"enemies":"Jaw Worm","floor":2,"turns":4},{"damage":0,"enemies":"Small Slimes","floor":4,"turns":3},{"damage":0,"enemies":"Cultist","floor":5,"turns":3},{"damage":8,"enemies":"downfall:FleeingMerchant","floor":6,"turns":4},{"damage":22,"enemies":"Gremlin Nob","floor":9,"turns":3},{"damage":0,"enemies":"downfall:LooterAlt","floor":11,"turns":2},{"damage":0,"enemies":"3 Louse","floor":12,"turns":2},{"damage":0,"enemies":"2 Fungi Beasts","floor":14,"turns":3},{"damage":2,"enemies":"downfall:LooterAlt","floor":15,"turns":2},{"damage":17,"enemies":"IC_STATUS_ARCHETYPE","floor":16,"turns":4},{"damage":17,"enemies":"Shell Parasite","floor":19,"turns":3},{"damage":14,"enemies":"Spheric Guardian","floor":20,"turns":3},{"damage":3,"enemies":"Snake Plant","floor":22,"turns":3},{"damage":3,"enemies":"downfall:FleeingMerchant","floor":25,"turns":4},{"damage":8,"enemies":"Shelled Parasite and Fungi","floor":26,"turns":3},{"damage":0,"enemies":"Chosen and Byrds","floor":27,"turns":4},{"damage":0,"enemies":"Centurion and Healer","floor":29,"turns":5},{"damage":1,"enemies":"Snecko","floor":31,"turns":4},{"damage":15,"enemies":"Snake Plant","floor":32,"turns":4},{"damage":19,"enemies":"SI_MIRROR_ARCHETYPE","floor":33,"turns":8},{"damage":0,"enemies":"3 Darklings","floor":36,"turns":4},{"damage":0,"enemies":"Orb Walker","floor":38,"turns":3},{"damage":0,"enemies":"Orb Walker","floor":39,"turns":4},{"damage":5,"enemies":"Spire Growth","floor":40,"turns":5},{"damage":0,"enemies":"Maw","floor":43,"turns":4},{"damage":34,"enemies":"Writhing Mass","floor":46,"turns":4},{"damage":0,"enemies":"Spire Growth","floor":47,"turns":3},{"damage":0,"enemies":"Giant Head","floor":48,"turns":5},{"damage":52,"enemies":"WA_ARCHETYPE_DIVINITY","floor":50,"turns":5}],"seed_played":"8061978582747024243","potions_obtained":[{"floor":4,"key":"FearPotion"},{"floor":5,"key":"Block Potion"},{"floor":14,"key":"GamblersBrew"},{"floor":16,"key":"Strength Potion"},{"floor":20,"key":"sneckomod:MuddlingPotion"},{"floor":20,"key":"Fire Potion"},{"floor":22,"key":"hexamod:SoulburnPotion"},{"floor":27,"key":"GamblersBrew"},{"floor":38,"key":"FearPotion"},{"floor":46,"key":"Explosive Potion"},{"floor":46,"key":"Slimebound:ThreeZeroPotion"},{"floor":46,"key":"SkillPotion"}],"is_trial":false,"path_per_floor":["R","M","?","M","M","$","T","R","E","R","M","M","R","M","M","B",null,"R","M","M","?","M","R","T","$","M","M","R","M","R","M","M","B",null,"R","M","?","M","?","M","T","R","M","?","R","M","M","E","R","B"],"character_chosen":"SLIMEBOUND","items_purchased":["Slimebound:LevelUp","Slimebound:SplitMire","jedi:heavyjacket"],"campfire_rested":0,"item_purchase_floors":[6,6,25],"current_hp_per_floor":[53,56,56,59,59,56,56,56,46,46,54,62,62,64,64,53,61,61,50,44,44,43,43,43,48,48,56,56,64,64,64,53,42,59,59,64,64,64,64,59,59,59,64,48,48,22,30,38,38,0,0,0],"gold":255,"neow_bonus":"RANDOM_COMMON_RELIC","is_daily":false,"chose_seed":false,"campfire_upgraded":12,"win_rate":0.0,"timestamp":1614202551,"path_taken":["R","M","?","M","M","?","T","R","E","R","M","?","R","M","M","BOSS","R","M","M","?","M","R","T","$","M","M","R","M","R","M","M","BOSS","R","M","?","M","?","M","T","R","M","?","R","M","?","E","R","BOSS"],"items_purchased_type":["Card","Card","Relic"],"build_version":"2020-12-22","purchased_purges":0,"victory":false,"max_hp_per_floor":[59,59,59,59,59,59,59,59,64,64,64,64,64,64,64,64,64,64,64,64,64,64,64,64,64,64,64,64,64,64,64,64,64,64,64,64,64,64,64,64,64,64,64,64,64,64,64,64,64,64,64,64],"relic_stats":{"counters":[29,106],"Bronze Scales":[36],"PreservedInsect":0,"obtain_stats":[{"jedi:heavyjacket":25,"aspiration:EmptySkull":21,"Bronze Scales":41,"Oddly Smooth Stone":9,"jedi:gremlinknob":39,"downfall:HeartBlessingGreen":49,"Pen Nib":0,"PreservedInsect":48,"Slimebound:AbsorbEndCombat":0,"infinitespire:Lucky Rock":24,"Gem_Box":34,"aspiration:ChemicalBlood":7},{"jedi:heavyjacket":14,"aspiration:EmptySkull":12,"Bronze Scales":24,"Oddly Smooth Stone":5,"jedi:gremlinknob":23,"downfall:HeartBlessingGreen":28,"Pen Nib":0,"PreservedInsect":28,"Slimebound:AbsorbEndCombat":0,"infinitespire:Lucky Rock":13,"Gem_Box":20,"aspiration:ChemicalBlood":4},{"jedi:heavyjacket":43,"aspiration:EmptySkull":36,"Bronze Scales":86,"Oddly Smooth Stone":17,"jedi:gremlinknob":82,"downfall:HeartBlessingGreen":101,"Pen Nib":0,"PreservedInsect":101,"Slimebound:AbsorbEndCombat":0,"infinitespire:Lucky Rock":39,"Gem_Box":71,"aspiration:ChemicalBlood":14}]},"card_choices":[{"not_picked":["Slimebound:DivideAndConquer","Slimebound:ViciousTackle"],"picked":"Slimebound:ItLooksTasty","floor":2},{"not_picked":["Slimebound:SplitLeeching","Slimebound:ItLooksTasty"],"picked":"Slimebound:SplitMire","floor":4},{"not_picked":["Slimebound:HauntingLick","Slimebound:SlimeBrawl"],"picked":"Slimebound:Nibble","floor":5},{"not_picked":["Slimebound:AcidTongue","Slimebound:ForwardTackle"],"picked":"Slimebound:OneTwoCombo","floor":6},{"not_picked":["Slimebound:Prepare","Slimebound:RollThrough"],"picked":"Slimebound:OneTwoCombo","floor":9},{"not_picked":["Slimebound:HauntingLick","Slimebound:PressTheAttack"],"picked":"Slimebound:OozeBath","floor":11},{"not_picked":["Slimebound:LeechingTouch","Slimebound:FormOfPuddle"],"picked":"Slimebound:LeechEnergy","floor":12},{"not_picked":["Slimebound:SlimeSpikes","Slimebound:ComboTackle"],"picked":"Slimebound:SplitBruiser","floor":14},{"not_picked":["Slimebound:SplitAcid","Slimebound:ServeAndProtect"],"picked":"Slimebound:SamplingLick","floor":15},{"not_picked":["Slimebound:Recycling","Slimebound:OneTwoCombo"],"picked":"Slimebound:TagTeam","floor":16},{"not_picked":["Slimebound:TongueLash","Slimebound:ServeAndProtect"],"picked":"Slimebound:SplitLeeching+1","floor":19},{"not_picked":["Slimebound:DivideAndConquer","Slimebound:ComboTackle+1"],"picked":"Slimebound:LeadByExample","floor":20},{"not_picked":["Slimebound:RejuvenatingLick","Slimebound:LivingWall"],"picked":"Slimebound:Schlurp","floor":22},{"not_picked":["Slimebound:DivideAndConquer","Slimebound:Gluttony"],"picked":"Slimebound:SlimeTap","floor":25},{"not_picked":["Slimebound:PressTheAttack","Slimebound:Equalize"],"picked":"Slimebound:SamplingLick","floor":26},{"not_picked":["Slimebound:PressTheAttack","Slimebound:SlimeSpikes"],"picked":"Slimebound:LivingWall","floor":27},{"not_picked":["Slimebound:GoopSpray+1","Slimebound:SplitLeeching","Slimebound:ItLooksTasty"],"picked":"SKIP","floor":29},{"not_picked":["Slimebound:CheckThePlaybook","Slimebound:PressTheAttack"],"picked":"Slimebound:MegaLick","floor":31},{"not_picked":["Slimebound:LevelUp","Slimebound:ComboTackle"],"picked":"Slimebound:SplitSpecialist+1","floor":32},{"not_picked":["Slimebound:Teamwork","Slimebound:DuplicatedForm"],"picked":"Slimebound:Recycling","floor":33},{"not_picked":["Slimebound:HauntingLick","Slimebound:RainOfGoop","Slimebound:Dissolve"],"picked":"SKIP","floor":36},{"not_picked":["Slimebound:PressTheAttack+1","Slimebound:ProtectTheBoss"],"picked":"Slimebound:LivingWall","floor":38},{"not_picked":["Slimebound:TongueLash+1","Slimebound:RollThrough"],"picked":"Slimebound:SplitMire","floor":39},{"not_picked":["Slimebound:Chomp","Slimebound:SplitLeeching","Slimebound:LeechEnergy"],"picked":"SKIP","floor":40},{"not_picked":["Slimebound:SplitAcid","Slimebound:ComboTackle"],"picked":"Slimebound:SplitBruiser+1","floor":43},{"not_picked":["infinitespire:Gouge","infinitespire:Starlight"],"picked":"infinitespire:Fortify","floor":44},{"not_picked":["Slimebound:Chomp+1","Slimebound:Replication"],"picked":"Slimebound:Overexert","floor":46},{"not_picked":["Slimebound:LeechingTouch+1","Slimebound:SplitBruiser","Slimebound:ItLooksTasty"],"picked":"SKIP","floor":47},{"not_picked":["Slimebound:LeechEnergy","Slimebound:ForwardTackle+1","Slimebound:SplitLeeching+1"],"picked":"SKIP","floor":48}],"player_experience":1940110,"relics_obtained":[{"floor":7,"key":"aspiration:ChemicalBlood"},{"floor":9,"key":"Oddly Smooth Stone"},{"floor":21,"key":"aspiration:EmptySkull"},{"floor":24,"key":"infinitespire:Lucky Rock"},{"floor":39,"key":"jedi:gremlinknob"},{"floor":41,"key":"Bronze Scales"},{"floor":48,"key":"PreservedInsect"}],"event_choices":[],"is_beta":false,"boss_relics":[{"not_picked":["halation:PlatinumPhoenix","hubris:CrackedHourglass","halation:Risk"]},{"not_picked":["Velvet Choker","aspiration:SecretTechniqueScroll"],"picked":"Gem_Box"}],"items_purged_floors":[],"is_endless":false,"potions_floor_spawned":[4,5,14,15,19,20,22,26,27,33,38,46,47,48],"killed_by":"WA_ARCHETYPE_DIVINITY","ascension_level":16}}