{"host":"pqs17sqrgflf4eqa","time":1614131230,"event":{"mods":["AchievementEnabler","BaseMod","Bestiary","Better Altar","Better Match","Better Skull","BetterRewards","Block Reminder","Bossed Relics","Colored Map","Colored Powertips","Curses Come First","Dark Map","DeckTracker","Defective Defect","Displayed Cursed Tome","Emptier Cage","Googly Eyes","Highlight Path","Infinite Spire","Minty Spire (QoL Compilation)","Poor People Problems","Quick Restart","StSLib","SuperFastMode","Transform Curses","everything is the same but u backflip on backflip","slay the spire mod where everything is the same but ironclad has a cowboy hat"],"gold_per_floor":[109,19,19,33,108,108,143,156,156,156,156,166,185,185,185],"floor_reached":14,"language":"ENG","playtime":292,"items_purged":[],"score":122,"play_id":"5234e7c3-3c01-457c-82ef-cfb160d4d960","local_time":"20210223204710","is_ascension_mode":true,"campfire_choices":[{"floor":6,"key":"REST"},{"floor":10,"key":"REST"}],"circlet_count":0,"master_deck":["Strike_B","Strike_B","Strike_B","Strike_B","Defend_B","Defend_B","Defend_B","Zap","Dualcast","Coolheaded","Streamline","Defragment","Blind","Conserve Battery","Streamline","Ball Lightning","infinitespire:TheBestDefense","Beam Cell","Loop","Electrodynamics","Beam Cell","Leap"],"relics":["Cracked Core","Lantern","Letter Opener","The Courier"],"acts_visited":["Exordium"],"potions_floor_usage":[7,14],"damage_taken":[{"damage":6,"enemies":"2 Louse","floor":1,"turns":2},{"damage":3,"enemies":"Jaw Worm","floor":4,"turns":2},{"damage":20,"enemies":"Lagavulin","floor":7,"turns":6},{"damage":1,"enemies":"Cultist","floor":8,"turns":3},{"damage":14,"enemies":"Gremlin Gang","floor":12,"turns":4},{"damage":7,"enemies":"Red Slaver","floor":13,"turns":3},{"damage":17,"enemies":"Gremlin Nob","floor":14,"turns":3}],"seed_played":"-4663253105145826518","potions_obtained":[{"floor":7,"key":"Strength Potion"},{"floor":8,"key":"FocusPotion"}],"is_trial":false,"path_per_floor":["M","$","?","M","?","R","E","M","T","R","?","M","M","E"],"character_chosen":"DEFECT","items_purchased":["Lantern","Streamline","Defragment","FocusPotion","Streamline","Ball Lightning"],"campfire_rested":2,"item_purchase_floors":[0,0,0,0,2,2],"current_hp_per_floor":[47,47,29,26,15,37,17,16,16,38,38,24,17,0,0],"gold":185,"neow_bonus":"","is_daily":false,"chose_seed":false,"campfire_upgraded":0,"win_rate":0.0,"timestamp":1614131230,"path_taken":["M","$","?","M","?","R","E","M","T","R","?","?","M","E"],"items_purchased_type":["Relic","Card","Card","Potion","Card","Card"],"build_version":"2020-12-22","purchased_purges":0,"victory":false,"max_hp_per_floor":[75,75,75,75,75,75,75,75,75,75,75,75,75,75,75],"card_choices":[{"not_picked":["Compile Driver","Chill"],"picked":"Conserve Battery","floor":1},{"not_picked":["infinitespire:FinalStrike","infinitespire:FutureSight"],"picked":"infinitespire:TheBestDefense","floor":3},{"not_picked":["Steam","Redo"],"picked":"Beam Cell","floor":4},{"not_picked":["Skim","Ball Lightning"],"picked":"Loop","floor":7},{"not_picked":["Conserve Battery","Go for the Eyes","FTL"],"picked":"SKIP","floor":8},{"not_picked":["Cold Snap","Skim"],"picked":"Beam Cell","floor":12},{"not_picked":["Steam","Scrape"],"picked":"Leap","floor":13}],"player_experience":156205,"relics_obtained":[{"floor":7,"key":"Letter Opener"},{"floor":9,"key":"The Courier"}],"event_choices":[{"damage_healed":0,"gold_gain":75,"player_choice":"Gather Gold","damage_taken":11,"max_hp_gain":0,"max_hp_loss":0,"event_name":"World of Goop","floor":5,"gold_loss":0},{"damage_healed":0,"gold_gain":0,"cards_transformed":["Defend_B"],"player_choice":"Transformed","damage_taken":0,"max_hp_gain":0,"max_hp_loss":0,"event_name":"Transmorgrifier","floor":11,"gold_loss":0,"cards_obtained":["Electrodynamics"]}],"is_beta":false,"boss_relics":[],"items_purged_floors":[],"is_endless":false,"potions_floor_spawned":[7,8],"killed_by":"Gremlin Nob","ascension_level":7}}