{"host":"4429iouqsz0xp4x0","time":1614186198,"event":{"mods":["Act Like it!","Astrologer","Bard","BaseMod","Better Note","BetterRewards","CapriCore","Chen","Colored Map","Colored Powertips","Custom Start","DeckTracker","Friendly Minions","Gensokyo","Hermit","Highlight Path","KinomotoSakuraMod(ƒæ÷Æ±æ”£)","Koishi","Mari Mod (Legacy)","Mari\u0027s V1 Patch","Marisa£®ÏF”Í°°ƒß¿Ì…≥£©","Minty Spire (QoL Compilation)","MostiFishMod","Prisma Mod","Quick Restart","Reimu£®≤©¿ˆ¡È√Œ£©","Relic Stats","Remilia£®¿Ÿ√◊¿Ú—«£©","Replay The Spire","RumiaBox-¬∂√◊Ê´µƒ…Ò√ÿ∫–◊”","Spicy Shops","StSLib","SuperFastMode","Td1madao Mod","The Administrix","The Bug Knight","The Cursed","The Gatherer","The Immortal","The Mystic","The Servant 0.9.4","Waifu the Spire","WarShipGirlsR/’ΩΩ¢…Ÿ≈ÆR mod","Yohane!","Youmu£®ªÍ∆«—˝√Œ£©","Yuyuko"],"gold_per_floor":[109,109,126,34,34,65,65,82,82,94,94,94,107,117,117,221,221,221,146,71,61,61,61,61,61,61,61,61,61,61,61,61,61,61,61,61,61,61,61,61,61,61,61,61,61,61,61,61,61,61],"floor_reached":51,"language":"ZHS","playtime":3447,"items_purged":["PrismaMod:IllyaUncommonAttack"],"score":759,"play_id":"9b1e1551-daa2-4de3-b1a4-a9598f1626a3","local_time":"20210225010317","is_ascension_mode":true,"campfire_choices":[{"data":"PrismaMod:IllyaUncommonDefend","floor":7.0,"key":"SMITH"},{"data":"PrismaMod:IllyaPartialInstallAssassin","floor":11.0,"key":"SMITH"},{"data":"PrismaMod:IllyaMinorZwei","floor":15,"key":"SMITH"},{"floor":25,"key":"RECALL"},{"data":"PrismaMod:IllyaUberChannel","floor":28,"key":"SMITH"},{"data":"PrismaMod:IllyaUncommonDefend","floor":32,"key":"SMITH"},{"data":"PrismaMod:IllyaUberPoisonChannel","floor":40,"key":"SMITH"},{"data":"PrismaMod:IllyaBride","floor":45,"key":"SMITH"},{"data":"PrismaMod:IllyaTestament","floor":49,"key":"SMITH"}],"circlet_count":0,"master_deck":["PrismaMod:IllyaCommonAttack+1","PrismaMod:IllyaCommonDefend","PrismaMod:IllyaCommonAttack","PrismaMod:IllyaCommonDefend","PrismaMod:IllyaCommonAttack","PrismaMod:IllyaCommonDefend","PrismaMod:IllyaCommonAttack","PrismaMod:IllyaCommonAttack","PrismaMod:IllyaCommonDefend","PrismaMod:IllyaUncommonDefend+1","PrismaMod:IllyaUberPoisonBlock+1","PrismaMod:IllyaDevil","PrismaMod:IllyaCommonEvoke+1","PrismaMod:IllyaBerserCAR","PrismaMod:IllyaBlindPoisonToss","PrismaMod:IllyaPartialInstallAssassin+1","PrismaMod:IllyaMinorZwei+1","PrismaMod:IllyaTestament+1","PrismaMod:IllyaCheapChannelPoison","PrismaMod:IllyaInstallCaster","PrismaMod:IllyaBoysLove+1","PrismaMod:IllyaSaphire+1","PrismaMod:IllyaInstallAvenger","PrismaMod:IllyaBride+1","PrismaMod:IllyaCommandSeal","PrismaMod:IllyaUberChannel+1","PrismaMod:IllyaAssassinRevenge+1","PrismaMod:IllyaUncommonDefend+1","PrismaMod:IllyaUberPoisonChannel+1","PrismaMod:IllyaUberChannel+1","PrismaMod:IllyaCommonEvoke+1","PrismaMod:IllyaUberPoisonBlock+1","PrismaMod:IllyaFeed","PrismaMod:IllyaSaphire+1","PrismaMod:IllyaBlindPoisonToss+1","PrismaMod:IllyaSaphire+1","PrismaMod:IllyaFeed","PrismaMod:IllyaMinorZwei+1","PrismaMod:IllyaFeed"],"relics":["PrismaMod:PrismaRuby","DaveBox","SynthV:TestCard","Darkstone Periapt","Ectoplasm","Potion Belt","SecretRecord","Sozu","Eternal Feather","Calipers","CatCart","Old Coin"],"acts_visited":["Exordium","TheCity","TheBeyond"],"potions_floor_usage":[14,23,24,33,33,37,38],"damage_taken":[{"damage":0.0,"enemies":"Cultist","floor":1.0,"turns":5.0},{"damage":0.0,"enemies":"2 Louse","floor":3.0,"turns":3.0},{"damage":15.0,"enemies":"Lagavulin","floor":6.0,"turns":8.0},{"damage":6.0,"enemies":"Jaw Worm","floor":8.0,"turns":3.0},{"damage":4.0,"enemies":"Large Slime","floor":10.0,"turns":7.0},{"damage":2.0,"enemies":"Blue Slaver","floor":13.0,"turns":3.0},{"damage":0,"enemies":"2 Fungi Beasts","floor":14,"turns":1},{"damage":18,"enemies":"Hexaghost","floor":16,"turns":8},{"damage":15,"enemies":"3 Byrds","floor":18,"turns":6},{"damage":16,"enemies":"2 Thieves","floor":19,"turns":4},{"damage":11,"enemies":"Snake Plant","floor":23,"turns":4},{"damage":20,"enemies":"Book of Stabbing","floor":24,"turns":7},{"damage":0,"enemies":"Snecko","floor":27,"turns":5},{"damage":0,"enemies":"Centurion and Healer","floor":29,"turns":7},{"damage":10,"enemies":"Sentry and Sphere","floor":31,"turns":7},{"damage":6,"enemies":"Pondfish","floor":33,"turns":9},{"damage":0,"enemies":"Orb Walker","floor":35,"turns":4},{"damage":10,"enemies":"3 Shapes","floor":36,"turns":4},{"damage":44,"enemies":"2 Orb Walkers","floor":37,"turns":4},{"damage":21,"enemies":"Orin","floor":38,"turns":10},{"damage":11,"enemies":"Transient","floor":41,"turns":5},{"damage":1,"enemies":"4 Shapes","floor":42,"turns":3},{"damage":28,"enemies":"3 Darklings","floor":44,"turns":4},{"damage":6,"enemies":"Jaw Worm Horde","floor":46,"turns":5},{"damage":9,"enemies":"Sphere and 2 Shapes","floor":47,"turns":4},{"damage":0,"enemies":"Maw","floor":48,"turns":6},{"damage":49,"enemies":"Time Eater","floor":50,"turns":13}],"seed_played":"-8234060998481227001","potions_obtained":[{"floor":1.0,"key":"SteroidPotion"},{"floor":10.0,"key":"Doom Potion"},{"floor":13.0,"key":"SteroidPotion"},{"floor":16,"key":"LiquidMemories"},{"floor":23,"key":"AttackPotion"},{"floor":29,"key":"ZuzhouPotion:ReiMu"},{"floor":31,"key":"BlessingOfTheForge"},{"floor":33,"key":"Reflective Coating"}],"is_trial":false,"path_per_floor":["M","?","M","$","?","E","R","M","T","M","R","?","M","M","R","B",null,"M","M","$","?","$","M","E","R","T","M","R","M","?","M","R","B",null,"M","M","?","?","?","R","M","M","T","M","R","M","M","M","R","B",null],"character_chosen":"ILLYA","items_purchased":["PrismaMod:IllyaCommonEvoke+1","PrismaMod:IllyaPoisonTippedWeapons"],"campfire_rested":0,"item_purchase_floors":[4,4],"current_hp_per_floor":[82,82,82,82,66,51,51,45,45,41,41,41,39,39,39,21,82,67,51,51,51,51,40,20,20,20,23,23,26,26,19,19,16,82,82,72,31,13,13,31,38,40,40,17,38,45,36,51,72,56],"gold":61,"neow_bonus":"TEN_PERCENT_HP_BONUS","is_daily":false,"chose_seed":false,"campfire_upgraded":8,"win_rate":0.0,"timestamp":1614186197,"path_taken":["M","?","M","?","?","E","R","M","T","M","R","?","M","M","R","BOSS","M","?","$","?","$","M","E","R","T","M","R","M","?","M","R","BOSS","M","M","?","?","?","R","M","M","T","?","R","M","M","?","R","BOSS"],"items_purchased_type":["Card","Card"],"build_version":"2020-12-22","purchased_purges":1,"victory":true,"max_hp_per_floor":[82,82,82,82,82,82,82,82,82,82,82,82,82,82,82,82,82,82,82,82,82,82,82,82,82,82,82,82,82,82,82,82,82,82,82,82,82,82,82,82,82,82,82,82,82,82,82,82,82,82],"relic_stats":{"Darkstone Periapt":0,"Sozu":4,"counters":[27,149],"Eternal Feather":60,"Ectoplasm":1015,"obtain_stats":[{"Darkstone Periapt":6,"Potion Belt":24,"Sozu":34,"PrismaMod:PrismaRuby":0,"SynthV:TestCard":1,"Calipers":37,"DaveBox":0,"Eternal Feather":34,"Ectoplasm":17,"SecretRecord":26,"CatCart":38,"Old Coin":43},{"Darkstone Periapt":3,"Potion Belt":12,"Sozu":16,"PrismaMod:PrismaRuby":0,"SynthV:TestCard":1,"Calipers":19,"DaveBox":0,"Eternal Feather":16,"Ectoplasm":8,"SecretRecord":12,"CatCart":20,"Old Coin":22},{"Darkstone Periapt":16,"Potion Belt":59,"Sozu":87,"PrismaMod:PrismaRuby":0,"SynthV:TestCard":5,"Calipers":99,"DaveBox":0,"Eternal Feather":87,"Ectoplasm":38,"SecretRecord":59,"CatCart":109,"Old Coin":117}]},"card_choices":[{"not_picked":["PrismaMod:IllyaFeed","PrismaMod:IllyaCheapChannelAttack"],"picked":"PrismaMod:IllyaUberPoisonBlock","floor":1.0},{"not_picked":["PrismaMod:IllyaBoysLove","PrismaMod:IllyaPoisonTippedWeapons","PrismaMod:IllyaFeed","PrismaMod:IllyaCheapAttack"],"picked":"PrismaMod:IllyaDevil","floor":3.0},{"not_picked":["PrismaMod:IllyaPoisoningPhantasm","PrismaMod:IllyaMinorRapidFire","PrismaMod:IllyaRussianRoulette","PrismaMod:IllyaGrailKun"],"picked":"PrismaMod:IllyaBerserCAR","floor":6.0},{"not_picked":["PrismaMod:IllyaUncommonEvoke","PrismaMod:IllyaCommonEvoke","PrismaMod:IllyaRubysPotion","PrismaMod:IllyaBoysLove"],"picked":"PrismaMod:IllyaBlindPoisonToss","floor":8.0},{"not_picked":["PrismaMod:IllyaUberPoisonBlock","PrismaMod:IllyaUpgradeOrbs","PrismaMod:IllyaEvokeAll","PrismaMod:IllyaRubysPotion"],"picked":"PrismaMod:IllyaPartialInstallAssassin","floor":10.0},{"not_picked":["PrismaMod:IllyaInstallArcher","PrismaMod:IllyaReinForce","PrismaMod:IllyaPartialInstallAssassin","PrismaMod:IllyaMinorReinForce"],"picked":"PrismaMod:IllyaTestament","floor":13.0},{"not_picked":["PrismaMod:IllyaRubysPotion","PrismaMod:IllyaPoisoningPhantasm","PrismaMod:IllyaStunPoison","PrismaMod:IllyaTestament"],"picked":"PrismaMod:IllyaCheapChannelPoison","floor":14},{"not_picked":["PrismaMod:IllyaCarnivalAttack","PrismaMod:IllyaInstallSaber","PrismaMod:IllyaInstallRuler","PrismaMod:IllyaCarnivalPrismaAstolfo"],"picked":"PrismaMod:IllyaInstallCaster","floor":16},{"not_picked":["PrismaMod:IllyaCheapChannelAttack","PrismaMod:IllyaStunPoison+1","PrismaMod:IllyaHassanGift","PrismaMod:IllyaMinorZwei"],"picked":"PrismaMod:IllyaBoysLove+1","floor":18},{"not_picked":["PrismaMod:IllyaCarnivalPrismaAstolfo","PrismaMod:IllyaMaid","PrismaMod:IllyaCommandSeal","PrismaMod:IllyaHassanGift"],"picked":"PrismaMod:IllyaSaphire+1","floor":19},{"not_picked":[],"picked":"PrismaMod:IllyaInstallAvenger","floor":21},{"not_picked":["PrismaMod:IllyaCheapChannelAttack","PrismaMod:IllyaPartialInstallAssassin","PrismaMod:IllyaFeed","PrismaMod:IllyaStunPoison"],"picked":"PrismaMod:IllyaBride","floor":23},{"not_picked":["PrismaMod:IllyaInstallAvenger","PrismaMod:IllyaFriendMaker","PrismaMod:IllyaMaid","PrismaMod:IllyaStunPoison"],"picked":"PrismaMod:IllyaCommandSeal","floor":24},{"not_picked":["PrismaMod:IllyaPoisoningPhantasm","PrismaMod:IllyaRussianRoulette","PrismaMod:IllyaTestament","PrismaMod:IllyaUpgradeOrbs"],"picked":"PrismaMod:IllyaUberChannel","floor":27},{"not_picked":["PrismaMod:IllyaPoisonBlock+1","PrismaMod:IllyaBerserCAR","PrismaMod:IllyaAlice","PrismaMod:IllyaRussianRoulette+1"],"picked":"PrismaMod:IllyaAssassinRevenge+1","floor":29},{"not_picked":["PrismaMod:IllyaFriendMaker+1","PrismaMod:IllyaCommonEvoke","PrismaMod:IllyaUpgradeOrbs+1","PrismaMod:IllyaGrail"],"picked":"PrismaMod:IllyaUncommonDefend","floor":31},{"not_picked":["PrismaMod:IllyaInstallRuler","PrismaMod:IllyaInstallBerserker","PrismaMod:IllyaInstallLancer","PrismaMod:IllyaInstallArcher"],"picked":"PrismaMod:IllyaUberPoisonChannel","floor":33},{"not_picked":["PrismaMod:IllyaReinForce","PrismaMod:IllyaCheapChannelDefend+1","PrismaMod:IllyaBride+1","PrismaMod:IllyaUpgradeOrbs+1"],"picked":"PrismaMod:IllyaUberChannel+1","floor":35},{"not_picked":["PrismaMod:IllyaUpgradeOrbs","PrismaMod:IllyaBerserCAR","PrismaMod:IllyaRapidFire+1","PrismaMod:IllyaPoisoningPhantasm+1"],"picked":"PrismaMod:IllyaCommonEvoke+1","floor":36},{"not_picked":["PrismaMod:IllyaGrailKun+1","PrismaMod:IllyaMinorRapidFire","PrismaMod:IllyaStunPoison","PrismaMod:IllyaAlice"],"picked":"PrismaMod:IllyaUberPoisonBlock+1","floor":37},{"not_picked":["PrismaMod:IllyaGrailKun","PrismaMod:IllyaBoysLove","PrismaMod:IllyaPoisonTippedWeapons","PrismaMod:IllyaZwei"],"picked":"PrismaMod:IllyaFeed","floor":38},{"not_picked":["PrismaMod:IllyaBoysLove+1","PrismaMod:IllyaBride+1","PrismaMod:IllyaGrail+1","PrismaMod:IllyaBlindPoisonToss"],"picked":"PrismaMod:IllyaSaphire+1","floor":41},{"not_picked":["PrismaMod:IllyaTestament","PrismaMod:IllyaPoisoningPhantasm","PrismaMod:IllyaAlice+1","PrismaMod:IllyaPoisonTippedWeapons+1"],"picked":"PrismaMod:IllyaBlindPoisonToss+1","floor":42},{"not_picked":["PrismaMod:IllyaMinorZwei+1","PrismaMod:IllyaAOECommonAttack+1","PrismaMod:IllyaPoisoningPhantasm","PrismaMod:IllyaUncommonAOEAttack+1"],"picked":"PrismaMod:IllyaSaphire+1","floor":44},{"not_picked":["PrismaMod:IllyaRussianRoulette+1","PrismaMod:IllyaRubysPotion","PrismaMod:IllyaCommonEvoke","PrismaMod:IllyaRapidFire+1"],"picked":"PrismaMod:IllyaFeed","floor":46},{"not_picked":["PrismaMod:IllyaBride","PrismaMod:IllyaPartialInstallAssassin+1","PrismaMod:IllyaFriendMaker+1","PrismaMod:IllyaGrailKun+1"],"picked":"PrismaMod:IllyaMinorZwei+1","floor":47},{"not_picked":["PrismaMod:IllyaAOECommonAttack","PrismaMod:IllyaBoysLove","PrismaMod:IllyaCheapChannelPoison","PrismaMod:IllyaCarnivalAttack"],"picked":"PrismaMod:IllyaFeed","floor":48}],"player_experience":124452,"relics_obtained":[{"floor":1.0,"key":"SynthV:TestCard"},{"floor":6.0,"key":"Darkstone Periapt"},{"floor":24,"key":"Potion Belt"},{"floor":26,"key":"SecretRecord"},{"floor":37,"key":"Calipers"},{"floor":38,"key":"CatCart"},{"floor":43,"key":"Old Coin"}],"event_choices":[{"cards_removed":["PrismaMod:IllyaCommonDefend"],"damage_healed":0.0,"max_hp_gain":0.0,"max_hp_loss":0.0,"gold_gain":0.0,"event_name":"Purifier","player_choice":"Purged","floor":2.0,"gold_loss":0.0,"damage_taken":0.0},{"damage_healed":0.0,"max_hp_gain":0.0,"max_hp_loss":0.0,"gold_gain":0.0,"event_name":"Shining Light","player_choice":"Entered Light","floor":5.0,"gold_loss":0.0,"damage_taken":16.0,"cards_upgraded":["PrismaMod:IllyaUberPoisonBlock","PrismaMod:IllyaCommonAttack"]},{"damage_healed":0.0,"max_hp_gain":0.0,"max_hp_loss":0.0,"gold_gain":0.0,"cards_transformed":["PrismaMod:IllyaPoisonTippedWeapons"],"event_name":"Transmorgrifier","player_choice":"Transformed","floor":12.0,"gold_loss":0.0,"damage_taken":0.0,"cards_obtained":["PrismaMod:IllyaMinorZwei"]},{"damage_healed":0,"gold_gain":200,"player_choice":"Gold","damage_taken":0,"max_hp_gain":0,"max_hp_loss":0,"event_name":"Wheel of Change","floor":30,"gold_loss":0},{"damage_healed":0,"gold_gain":0,"player_choice":"Fight","damage_taken":0,"max_hp_gain":0,"max_hp_loss":0,"event_name":"Mysterious Sphere","floor":37,"gold_loss":0},{"damage_healed":0,"gold_gain":0,"player_choice":"Fight","damage_taken":0,"max_hp_gain":0,"max_hp_loss":0,"event_name":"OrinTheCat","floor":38,"gold_loss":0},{"damage_healed":0,"gold_gain":0,"player_choice":"Ignored","damage_taken":0,"max_hp_gain":0,"max_hp_loss":0,"event_name":"SecretPortal","floor":39,"gold_loss":0}],"is_beta":false,"boss_relics":[{"not_picked":["BloodWine","TimeKeys"],"picked":"Ectoplasm"},{"not_picked":["FixedStarFall","Abe\u0027s Treasure"],"picked":"Sozu"}],"items_purged_floors":[20],"is_endless":false,"potions_floor_spawned":[1,10,13,16,23,29,31,33,35,36,38,42],"ascension_level":1}}