{"host":"ox77rn1xcurm2t5a","time":1614200036,"event":{"mods":["2.2 Compatiblity","AchievementEnabler","Act Like it!","Aspiration","BaseMod","Best Route Mod","Better Match","Better Note","Better Sensory Stone","Block Reminder","Colored Map","Colored Powertips","Conjunction","Conspire","Custom Start","Energized Spire","GifTheSpireLib","Gold Saver","Gremlin Skip","Halation","Highlight Path","Hubris","Infinite Spire","Minty Spire (QoL Compilation)","Pale of the Ancients","Quick Restart","Reliquary","Replay The Spire","Reworked Bosses","ShortenTheSpire","Spire Exporter","StSLib","Stuff the Spire","Wandering Minibosses"],"gold_per_floor":[110,129,129,129,129,129,163,163,214,214,232,134,153,153,153,153,153],"floor_reached":16,"language":"ENG","playtime":196,"items_purged":["Strike_R"],"score":191,"play_id":"22d336db-a3c5-4ccc-8d2a-4385c278688e","local_time":"20210224225356","is_ascension_mode":true,"campfire_choices":[{"floor":6,"key":"RECALL"},{"data":"Limit Break","floor":8,"key":"SMITH"},{"data":"Bash","floor":10,"key":"SMITH"},{"data":"Flex","floor":15,"key":"SMITH"}],"circlet_count":0,"master_deck":["AscendersBane","Strike_R","Strike_R","Strike_R","Strike_R","Defend_R","Defend_R","Defend_R","Defend_R","Bash+1","Perfected Strike","Limit Break+1","Pummel","Flex+1"],"relics":["Burning Blood","NeowsBlessing","Regal Pillow"],"acts_visited":["Exordium"],"potions_floor_usage":[13,16],"damage_taken":[{"damage":0,"enemies":"Cultist","floor":1,"turns":1},{"damage":0,"enemies":"Jaw Worm","floor":2,"turns":1},{"damage":0,"enemies":"Gremlin Nob","floor":7,"turns":1},{"damage":6,"enemies":"2 Louse","floor":11,"turns":3},{"damage":16,"enemies":"Large Slime","floor":13,"turns":3},{"damage":70,"enemies":"Hexaghost","floor":16,"turns":11}],"seed_played":"-6526463814964003602","potions_obtained":[{"floor":1,"key":"Dexterity Potion"},{"floor":13,"key":"AttackPotion"}],"is_trial":false,"path_per_floor":["M","M","?","?","?","R","E","R","T","R","M","$","M","?","R","B"],"character_chosen":"IRONCLAD","items_purchased":["Flex"],"campfire_rested":0,"item_purchase_floors":[12],"current_hp_per_floor":[78,80,80,80,80,80,80,80,80,80,80,80,70,70,70,0,0],"gold":153,"neow_bonus":"THREE_ENEMY_KILL","is_daily":false,"chose_seed":false,"campfire_upgraded":3,"win_rate":0.0,"timestamp":1614200036,"path_taken":["M","M","?","?","?","R","E","R","T","R","M","$","M","?","R","BOSS"],"items_purchased_type":["Card"],"build_version":"2020-12-22","purchased_purges":1,"victory":false,"max_hp_per_floor":[80,80,80,80,80,80,80,80,80,80,80,80,80,80,80,80,80],"card_choices":[{"not_picked":["ReplayTheSpireMod:Strike From Hell","Havoc","StuffTheSpire:Pyroclast"],"picked":"SKIP","floor":1},{"not_picked":["Havoc","Warcry"],"picked":"Perfected Strike","floor":2},{"not_picked":["Entrench","Wild Strike"],"picked":"Limit Break","floor":7},{"not_picked":["Wild Strike","Searing Blow"],"picked":"Pummel","floor":11},{"not_picked":["Fire Breathing","Warcry","hubris:ReadiedAction"],"picked":"SKIP","floor":13}],"player_experience":3240418,"relics_obtained":[{"floor":7,"key":"Regal Pillow"}],"event_choices":[{"damage_healed":0,"gold_gain":0,"player_choice":"Leave","damage_taken":0,"max_hp_gain":0,"max_hp_loss":0,"event_name":"conspire:Investor","floor":3,"gold_loss":0},{"damage_healed":0,"gold_gain":0,"player_choice":"Ignored","damage_taken":0,"max_hp_gain":0,"max_hp_loss":0,"event_name":"Golden Wing","floor":4,"gold_loss":0}],"is_beta":false,"boss_relics":[],"items_purged_floors":[12],"is_endless":false,"potions_floor_spawned":[1,13],"killed_by":"Hexaghost","ascension_level":11}}