{"host":"Vert","time":1614186815,"event":{"mods":["AlwaysNeverKeys","BaseMod","Better Note","Better Third Choice","Colored Powertips","Downfall","Hermit","Marisa????????","Minty Spire (QoL Compilation)","Replay The Spire","StSLib","Td1madao Mod","The Cursed","The Disciple","The Gatherer","The Marked","The Servant 0.9.4","Together in Spire","Transform Curses","everything is the same but u backflip on backflip"],"gold_per_floor":[116,116,69,85,85,118,15,46,71,81,81,81,95,112,112,215,215,235,249,24,24,24,24],"floor_reached":22,"language":"ENG","playtime":1002,"items_purged":[],"score":219,"play_id":"738780a8-f672-4615-b8b2-1db7fa95b7dc","local_time":"20210224201335","is_ascension_mode":false,"campfire_choices":[{"floor":11,"key":"REST"},{"floor":15,"key":"REST"}],"circlet_count":0,"master_deck":["Strike_MRS","Strike_MRS","Strike_MRS","Strike_MRS","Defend_MRS","Defend_MRS","Defend_MRS","Defend_MRS","MasterSpark","UpSweep","IllusionStar","ShootingEcho","Run Through+1","WitchLeyline","FinalSpark","FinalSpark","ShootingEcho","MagicChant","JA","Orbital","PowerUp"],"relics":["MiniHakkero","Gremlin Horn","Toy Ornithopter","Centennial Puzzle","SlaversCollar","Nloth\u0027s Gift"],"acts_visited":["Exordium","TheCity"],"potions_floor_usage":[8,16],"damage_taken":[{"damage":2,"enemies":"Small Slimes","floor":1,"turns":3},{"damage":1,"enemies":"Cultist","floor":4,"turns":3},{"damage":38,"enemies":"Lagavulin","floor":6,"turns":4},{"damage":16,"enemies":"Gremlin Nob","floor":8,"turns":3},{"damage":6,"enemies":"Jaw Worm","floor":10,"turns":2},{"damage":7,"enemies":"Blue Slaver","floor":13,"turns":2},{"damage":5,"enemies":"Looter","floor":14,"turns":3},{"damage":13,"enemies":"Fading Forest","floor":16,"turns":11},{"damage":38,"enemies":"Shell Parasite","floor":18,"turns":5},{"damage":5,"enemies":"Chosen","floor":19,"turns":4},{"damage":41,"enemies":"Snake Plant","floor":22,"turns":3}],"seed_played":"8062225382345209026","potions_obtained":[{"floor":4,"key":"Energy Potion"},{"floor":10,"key":"Strength Potion"},{"floor":18,"key":"Explosive Potion"}],"is_trial":false,"path_per_floor":["M","?","$","M","T","E","$","E","T","M","R","?","M","M","R","B",null,"M","M","$","?","M"],"character_chosen":"MARISA","items_purchased":["WitchLeyline","FinalSpark","Blood Vial","Orbital","PowerUp"],"campfire_rested":2,"item_purchase_floors":[3,7,20,20,20],"current_hp_per_floor":[73,73,73,72,72,34,34,18,18,12,34,39,32,27,51,43,80,42,37,37,37,0,0],"gold":24,"neow_bonus":"THREE_CARDS","is_daily":false,"chose_seed":false,"campfire_upgraded":0,"win_rate":0.0,"timestamp":1614186815,"path_taken":["M","?","?","M","?","E","?","E","T","M","R","?","M","M","R","BOSS","M","M","$","?","?"],"items_purchased_type":["Card","Card","Relic","Card","Card"],"build_version":"2020-12-18","purchased_purges":0,"victory":false,"max_hp_per_floor":[75,75,75,75,75,75,75,75,75,75,75,80,80,80,80,80,80,80,80,80,80,80,80],"card_choices":[{"not_picked":["SprinkleStarSeal","StarlightTyphoon"],"picked":"IllusionStar","floor":0},{"not_picked":["EnergyRecoil","GravityBeat"],"picked":"ShootingEcho","floor":1},{"not_picked":["ManaConvection","MachineGunSpark","GalacticHalo"],"picked":"SKIP","floor":4},{"not_picked":["BlazeAway","LuminesStrike","EnergyFlow"],"picked":"SKIP","floor":6},{"not_picked":["MilkyWay","AsteroidBelt"],"picked":"ShootingEcho","floor":8},{"not_picked":["MaximisePower","WitchOfGreed","UnstableBomb"],"picked":"SKIP","floor":10},{"not_picked":["DoubleSpark","Occultation"],"picked":"MagicChant","floor":13},{"not_picked":["AlicesGift","Acceleration","FairyDestructionRay"],"picked":"SKIP","floor":14},{"not_picked":["ManaRampage","AbsoluteMagnitude"],"picked":"JA","floor":16},{"not_picked":["LuminesStrike","ShootingEcho","StarlightTyphoon+1"],"picked":"SKIP","floor":18},{"not_picked":["GalacticHalo","WitchOfGreed","DarkMatter+1"],"picked":"SKIP","floor":19}],"player_experience":544349,"relics_obtained":[{"floor":6,"key":"Gremlin Horn"},{"floor":8,"key":"Toy Ornithopter"},{"floor":9,"key":"Centennial Puzzle"}],"event_choices":[{"damage_healed":0,"gold_gain":0,"player_choice":"Take","damage_taken":0,"max_hp_gain":0,"max_hp_loss":0,"event_name":"betterNote:BetterNote","floor":2,"gold_loss":0,"cards_obtained":["Run Through"]},{"damage_healed":0,"gold_gain":0,"player_choice":"Donut","damage_taken":0,"max_hp_gain":5,"max_hp_loss":0,"event_name":"Big Fish","floor":12,"gold_loss":0},{"damage_healed":0,"gold_gain":0,"player_choice":"Traded Relic","damage_taken":0,"relics_obtained":["Nloth\u0027s Gift"],"max_hp_gain":0,"max_hp_loss":0,"event_name":"N\u0027loth","floor":21,"relics_lost":["Blood Vial"],"gold_loss":0}],"is_beta":true,"boss_relics":[{"not_picked":["Philosopher\u0027s Stone","SacredBark"],"picked":"SlaversCollar"}],"items_purged_floors":[],"is_endless":false,"potions_floor_spawned":[4,10,18],"killed_by":"Snake Plant","ascension_level":0}}