{"host":"mp4nw1ahnxiisuiw","time":1614125128,"event":{"mods":["AchievementEnabler","BaseMod","Better Note","Block Reminder","Colored Map","Colored Powertips","Curses Come First","DeckTracker","Dio Mod","Hero for Fun","Highlight Path","Koishi","Marisa????????","Minty Spire (QoL Compilation)","Permanent Neow","Quick Restart","Rare Cards Sparkle","Relic Sorter","Relic Stats","Remilia??????","Small Relic Pack","Spikes Relics","StSLib","Td1madao Mod","The Animator","The Bug Knight","Waifu the Spire"],"gold_per_floor":[111,130,130,130,145,145,174,99,178,178,212,212,223,240,240,343,343,360,379,279,279,279,279,279,279],"floor_reached":24,"language":"ENG","playtime":1270,"items_purged":["Strike_R","Strike_R"],"score":235,"play_id":"909513bb-345e-4760-9184-05ffc488b8dd","local_time":"20210224010528","is_ascension_mode":true,"campfire_choices":[{"data":"Body Slam","floor":6,"key":"SMITH"},{"floor":10,"key":"REST"},{"data":"Cleave","floor":12,"key":"SMITH"},{"floor":15,"key":"REST"},{"floor":23,"key":"REST"}],"circlet_count":0,"master_deck":["Defend_R","Defend_R","Defend_R","Defend_R","Bash","Anger+1","Entrench+1","Fire Breathing+1","Thunderclap","Cleave+1","Body Slam+1","Demon Form","relicPack:StarPlatinum+1","Spot Weakness+1","Writhe"],"relics":["Astrolabe","relicPack:OneForAll","CrustySpines","Strawberry","Molten Egg 2","Turnip","relicPack:StarArrow","Bag of Preparation","relicPack:DSword"],"acts_visited":["Exordium","TheCity"],"potions_floor_usage":[16,16,19,24,24,24,24,24],"damage_taken":[{"damage":4,"enemies":"Small Slimes","floor":1,"turns":3},{"damage":1,"enemies":"Jaw Worm","floor":2,"turns":5},{"damage":0,"enemies":"Cultist","floor":5,"turns":3},{"damage":38,"enemies":"Lagavulin","floor":7,"turns":8},{"damage":5,"enemies":"3 Sentries","floor":11,"turns":4},{"damage":8,"enemies":"Large Slime","floor":13,"turns":6},{"damage":6,"enemies":"Blue Slaver","floor":14,"turns":3},{"damage":54,"enemies":"The Guardian","floor":16,"turns":15},{"damage":24,"enemies":"Shell Parasite","floor":18,"turns":5},{"damage":17,"enemies":"Spheric Guardian","floor":19,"turns":4},{"damage":44,"enemies":"Slavers","floor":24,"turns":3}],"seed_played":"-8242734279933475381","potions_obtained":[{"floor":5,"key":"EssenceOfSteel"},{"floor":11,"key":"SpeedPotion"},{"floor":13,"key":"Explosive Potion"},{"floor":16,"key":"Explosive Potion"},{"floor":18,"key":"EntropicBrew"}],"is_trial":false,"path_per_floor":["M","M","?","T","M","R","E","$","T","R","E","R","M","M","R","B",null,"M","M","$","?","?","R","E"],"character_chosen":"IRONCLAD","items_purchased":[],"campfire_rested":3,"item_purchase_floors":[],"current_hp_per_floor":[76,75,75,75,75,75,44,44,44,70,65,65,57,51,77,23,87,63,46,46,46,11,37,0,0],"gold":279,"neow_bonus":"BOSS_RELIC","is_daily":false,"chose_seed":false,"campfire_upgraded":2,"win_rate":0.0,"timestamp":1614125128,"path_taken":["M","M","?","?","M","R","E","$","T","R","E","R","M","M","R","BOSS","M","?","$","?","?","R","E"],"items_purchased_type":[],"build_version":"2020-12-22","purchased_purges":2,"victory":false,"max_hp_per_floor":[80,80,80,80,80,80,87,87,87,87,87,87,87,87,87,87,87,87,87,87,87,87,87,87,87],"relic_stats":{"counters":[11,59],"Astrolabe":["Anger","Entrench","Fire Breathing"],"Turnip":[9],"Bag of Preparation":[2],"obtain_stats":[{"relicPack:OneForAll":3,"relicPack:DSword":22,"Astrolabe":0,"Strawberry":7,"relicPack:StarArrow":17,"Molten Egg 2":9,"Turnip":11,"Bag of Preparation":21,"Burning Blood":0,"CrustySpines":4},{"relicPack:OneForAll":2,"relicPack:DSword":10,"Astrolabe":0,"Strawberry":4,"relicPack:StarArrow":8,"Molten Egg 2":4,"Turnip":5,"Bag of Preparation":10,"Burning Blood":0,"CrustySpines":2},{"relicPack:OneForAll":8,"relicPack:DSword":56,"Astrolabe":0,"Strawberry":19,"relicPack:StarArrow":47,"Molten Egg 2":19,"Turnip":23,"Bag of Preparation":56,"Burning Blood":0,"CrustySpines":8}]},"card_choices":[{"not_picked":["Perfected Strike","Twin Strike"],"picked":"Thunderclap","floor":1},{"not_picked":["Twin Strike","Fiend Fire"],"picked":"Cleave","floor":2},{"not_picked":["Wild Strike","Intimidate"],"picked":"Body Slam","floor":5},{"not_picked":["Perfected Strike","Absolvement","Cleave"],"picked":"SKIP","floor":7},{"not_picked":["Perfected Strike+1","Clothesline+1","Warcry"],"picked":"SKIP","floor":11},{"not_picked":["Power Through","Pummel+1","Brutality"],"picked":"SKIP","floor":13},{"not_picked":["Body Slam+1","Sword Boomerang+1","Twin Strike+1"],"picked":"SKIP","floor":14},{"not_picked":["Limit Break","Brutality"],"picked":"Demon Form","floor":16},{"not_picked":["Feel No Pain","Body Slam+1","Flex+1"],"picked":"SKIP","floor":18},{"not_picked":["Battle Trance+1","Headbutt+1"],"picked":"Spot Weakness+1","floor":19}],"player_experience":119941,"relics_obtained":[{"floor":4,"key":"CrustySpines"},{"floor":7,"key":"Strawberry"},{"floor":9,"key":"Molten Egg 2"},{"floor":11,"key":"Turnip"}],"event_choices":[{"damage_healed":0,"gold_gain":0,"player_choice":"Opened","damage_taken":0,"relics_obtained":["Bag of Preparation"],"max_hp_gain":0,"max_hp_loss":0,"event_name":"The Mausoleum","floor":21,"gold_loss":0,"cards_obtained":["Writhe"]}],"is_beta":false,"boss_relics":[{"not_picked":["Busted Crown","relicPack:KazumaCape"],"picked":"relicPack:StarArrow"}],"items_purged_floors":[8,20],"is_endless":false,"potions_floor_spawned":[5,11,13,16,18],"killed_by":"Slavers","ascension_level":3}}