{"host":"6ahom0dz06olb67e","time":1614149666,"event":{"mods":["BaseMod","Colored Map","Colored Powertips","Minty Spire (QoL Compilation)","Random Character Button","StSLib","The Hierophant"],"gold_per_floor":[119,135,152,152,171,204,279,303,303,323,195,195,195,228,228,331,331,350,369,369,379,392,405,405,405,480,380,412,412,437,454,454,551,551,564,579,256,256,356,382,292,326,350,378,228,39,39,71,71,71],"floor_reached":51,"language":"ENG","playtime":4422,"items_purged":["Strike_R","Writhe","Strike_R","Sever Soul"],"score":836,"play_id":"b9c626b5-3db8-4a6e-821a-e01a661618af","local_time":"20210224015426","is_ascension_mode":false,"campfire_choices":[{"floor":12,"key":"REST"},{"data":"Uppercut","floor":15,"key":"SMITH"},{"floor":25,"key":"REST"},{"data":"Corruption","floor":32,"key":"SMITH"},{"floor":49,"key":"REST"}],"circlet_count":0,"master_deck":["Defend_R","Defend_R","Defend_R+1","Bash","Spot Weakness","Uppercut+1","Spot Weakness","Pommel Strike","Reaper","Wild Strike+1","Havoc+1","Perfected Strike+1","Seeing Red","Spot Weakness","RitualDagger","Pummel+1","Carnage","Pummel+1","Iron Wave+1","Sword Boomerang+1","Shrug It Off","Bludgeon","Pommel Strike+1","Exhume","Shrug It Off","Flash of Steel","Shrug It Off","Uppercut","Enlightenment","Good Instincts","Dramatic Entrance"],"relics":["Burning Blood","Red Skull","Regal Pillow","Juzu Bracelet","Ice Cream","PreservedInsect","Astrolabe","CaptainsWheel","Self Forming Clay","Bird Faced Urn","Eternal Feather","Incense Burner","Runic Pyramid","WingedGreaves","Bronze Scales","Bag of Preparation","Bottled Flame","Mango"],"acts_visited":["Exordium","TheCity","TheBeyond"],"potions_floor_usage":[0,6,10,14,16,16,18,21,48,50,50],"damage_taken":[{"damage":4,"enemies":"2 Louse","floor":1,"turns":3},{"damage":9,"enemies":"Small Slimes","floor":2,"turns":4},{"damage":6,"enemies":"Jaw Worm","floor":3,"turns":3},{"damage":9,"enemies":"Looter","floor":5,"turns":4},{"damage":35,"enemies":"Lagavulin","floor":6,"turns":7},{"damage":14,"enemies":"Lots of Slimes","floor":10,"turns":4},{"damage":17,"enemies":"3 Sentries","floor":14,"turns":7},{"damage":60,"enemies":"Slime Boss","floor":16,"turns":11},{"damage":14,"enemies":"Shell Parasite","floor":18,"turns":5},{"damage":24,"enemies":"2 Thieves","floor":19,"turns":3},{"damage":39,"enemies":"3 Cultists","floor":21,"turns":6},{"damage":10,"enemies":"Snecko","floor":22,"turns":4},{"damage":30,"enemies":"Chosen and Byrds","floor":23,"turns":5},{"damage":34,"enemies":"Slavers","floor":28,"turns":5},{"damage":19,"enemies":"Gremlin Leader","floor":30,"turns":4},{"damage":12,"enemies":"Centurion and Healer","floor":31,"turns":4},{"damage":68,"enemies":"Champ","floor":33,"turns":8},{"damage":5,"enemies":"Orb Walker","floor":35,"turns":2},{"damage":21,"enemies":"3 Darklings","floor":36,"turns":5},{"damage":2,"enemies":"Giant Head","floor":40,"turns":6},{"damage":12,"enemies":"Nemesis","floor":42,"turns":5},{"damage":0,"enemies":"Reptomancer","floor":44,"turns":4},{"damage":31,"enemies":"Giant Head","floor":48,"turns":7},{"damage":75,"enemies":"Time Eater","floor":50,"turns":11}],"seed_played":"-2299275825427721432","potions_obtained":[{"floor":0,"key":"LiquidBronze"},{"floor":0,"key":"Fruit Juice"},{"floor":0,"key":"Fire Potion"},{"floor":3,"key":"Fire Potion"},{"floor":10,"key":"BloodPotion"},{"floor":14,"key":"PowerPotion"},{"floor":16,"key":"Block Potion"},{"floor":19,"key":"Fire Potion"},{"floor":30,"key":"Dexterity Potion"},{"floor":33,"key":"BlessingOfTheForge"},{"floor":42,"key":"Weak Potion"}],"is_trial":false,"path_per_floor":["M","M","M","?","M","E","?","T","T","M","$","R","?","E","R","B",null,"M","M","?","M","M","M","?","R","T","$","E","T","E","M","R","B",null,"M","M","$","?","?","E","?","E","T","E","$","$","?","E","R","B",null],"character_chosen":"IRONCLAD","items_purchased":["Pommel Strike","Shrug It Off","Bludgeon","Flash of Steel","Shrug It Off","Uppercut"],"campfire_rested":3,"item_purchase_floors":[11,37,37,46,46,46],"current_hp_per_floor":[85,82,82,75,72,43,32,32,32,41,41,81,74,63,63,9,85,85,67,61,47,53,29,29,69,69,69,57,57,44,51,63,22,85,85,85,85,85,85,85,85,85,85,85,85,85,75,64,99,30],"gold":71,"neow_bonus":"THREE_SMALL_POTIONS","is_daily":false,"chose_seed":false,"campfire_upgraded":2,"win_rate":0.0,"timestamp":1614149666,"path_taken":["M","M","M","?","M","E","?","?","T","M","?","R","?","E","R","BOSS","M","M","?","M","M","M","?","R","T","$","E","?","E","M","R","BOSS","M","M","$","?","?","E","?","E","T","E","?","$","?","E","R","BOSS"],"items_purchased_type":["Card","Card","Card","Card","Card","Card"],"build_version":"2020-12-22","purchased_purges":4,"victory":true,"max_hp_per_floor":[85,85,85,85,85,85,85,85,85,85,85,85,85,85,85,85,85,85,85,85,85,85,85,85,85,85,85,85,85,85,85,85,85,85,85,85,85,85,85,85,85,85,85,85,85,85,85,99,99,99],"card_choices":[{"not_picked":["Armaments","Flex"],"picked":"Spot Weakness","floor":1},{"not_picked":["Dropkick","Rupture","Double Tap"],"picked":"SKIP","floor":2},{"not_picked":["Sentinel","Iron Wave"],"picked":"Uppercut","floor":3},{"not_picked":["Armaments","Heavy Blade","Power Through"],"picked":"SKIP","floor":5},{"not_picked":["Anger","Twin Strike"],"picked":"Spot Weakness","floor":6},{"not_picked":["Flex","Rupture","Warcry"],"picked":"SKIP","floor":10},{"not_picked":["Clash","True Grit"],"picked":"Intimidate","floor":14},{"not_picked":["Offering","Barricade"],"picked":"Reaper","floor":16},{"not_picked":["Sword Boomerang","Second Wind"],"picked":"Seeing Red","floor":18},{"not_picked":["Wild Strike","Metallicize"],"picked":"Spot Weakness","floor":19},{"not_picked":["Disarm","Dual Wield"],"picked":"Pummel+1","floor":21},{"not_picked":["Burning Pact","Body Slam","Thunderclap"],"picked":"SKIP","floor":22},{"not_picked":["Iron Wave","Anger+1","Dropkick"],"picked":"SKIP","floor":23},{"not_picked":["Disarm","Armaments+1"],"picked":"Carnage","floor":28},{"not_picked":["Perfected Strike","Body Slam"],"picked":"Pummel+1","floor":30},{"not_picked":["Hemokinesis+1","Shockwave"],"picked":"Corruption","floor":31},{"not_picked":["Perfected Strike","Clothesline"],"picked":"Iron Wave+1","floor":35},{"not_picked":["Disarm","Flex"],"picked":"Sword Boomerang+1","floor":36},{"not_picked":["Havoc","Warcry+1"],"picked":"Pommel Strike+1","floor":40},{"not_picked":["Battle Trance+1","Clash+1"],"picked":"Exhume","floor":42},{"not_picked":["Double Tap","Sword Boomerang"],"picked":"Shrug It Off","floor":44},{"not_picked":["Metamorphosis","Panacea"],"picked":"Enlightenment","floor":47},{"not_picked":["Madness","Discovery"],"picked":"Good Instincts","floor":47},{"not_picked":["Good Instincts","Secret Technique"],"picked":"Dramatic Entrance","floor":47},{"not_picked":["Evolve","Fire Breathing","Perfected Strike"],"picked":"SKIP","floor":48}],"player_experience":55493,"relics_obtained":[{"floor":6,"key":"Regal Pillow"},{"floor":8,"key":"Juzu Bracelet"},{"floor":9,"key":"Ice Cream"},{"floor":14,"key":"PreservedInsect"},{"floor":26,"key":"Self Forming Clay"},{"floor":28,"key":"Bird Faced Urn"},{"floor":29,"key":"Eternal Feather"},{"floor":30,"key":"Incense Burner"},{"floor":40,"key":"WingedGreaves"},{"floor":42,"key":"Bronze Scales"},{"floor":43,"key":"Bag of Preparation"},{"floor":44,"key":"Bottled Flame"},{"floor":48,"key":"Mango"}],"event_choices":[{"damage_healed":0,"gold_gain":0,"player_choice":"Success","damage_taken":7,"relics_obtained":["Red Skull"],"max_hp_gain":0,"max_hp_loss":0,"event_name":"Scrap Ooze","floor":4,"gold_loss":0},{"damage_healed":0,"gold_gain":75,"player_choice":"Gather Gold","damage_taken":11,"max_hp_gain":0,"max_hp_loss":0,"event_name":"World of Goop","floor":7,"gold_loss":0},{"cards_removed":["Strike_R"],"damage_healed":0,"gold_gain":0,"player_choice":"Card Removal","damage_taken":7,"max_hp_gain":0,"max_hp_loss":0,"event_name":"Golden Wing","floor":13,"gold_loss":0},{"damage_healed":0,"gold_gain":0,"player_choice":"Joined the Cult","damage_taken":6,"max_hp_gain":0,"max_hp_loss":0,"event_name":"Nest","floor":20,"gold_loss":0,"cards_obtained":["RitualDagger"]},{"damage_healed":0,"gold_gain":0,"player_choice":"Opened","damage_taken":0,"relics_obtained":["CaptainsWheel"],"max_hp_gain":0,"max_hp_loss":0,"event_name":"The Mausoleum","floor":24,"gold_loss":0,"cards_obtained":["Writhe"]},{"damage_healed":0,"gold_gain":0,"cards_transformed":["Corruption"],"player_choice":"Transformed","damage_taken":0,"max_hp_gain":0,"max_hp_loss":0,"event_name":"Transmorgrifier","floor":38,"gold_loss":0,"cards_obtained":["Sever Soul"]},{"damage_healed":0,"gold_gain":100,"player_choice":"Pray","damage_taken":0,"max_hp_gain":0,"max_hp_loss":0,"event_name":"Golden Shrine","floor":39,"gold_loss":0},{"cards_removed":["Intimidate"],"damage_healed":0,"gold_gain":0,"player_choice":"Upgrade and Remove","damage_taken":0,"max_hp_gain":0,"max_hp_loss":0,"event_name":"Designer","floor":41,"gold_loss":90,"cards_upgraded":["Defend_R"]},{"damage_healed":0,"gold_gain":0,"player_choice":"Memory 3","damage_taken":10,"max_hp_gain":0,"max_hp_loss":0,"event_name":"SensoryStone","floor":47,"gold_loss":0}],"is_beta":false,"boss_relics":[{"not_picked":["Mark of Pain","Fusion Hammer"],"picked":"Astrolabe"},{"not_picked":["Cursed Key","Philosopher\u0027s Stone"],"picked":"Runic Pyramid"}],"items_purged_floors":[11,27,37,45],"is_endless":false,"potions_floor_spawned":[3,10,14,16,19,30,33,42],"ascension_level":0}}