{"host":"fsjk9el4f2rl74g0","time":1614173929,"event":{"mods":["2.2 Compatiblity","AchievementEnabler","BaseMod","BetterRewards","Colored Map","Decade(θέα³Ω₯)","Hermit","Infinite Spire","Minty Spire (QoL Compilation)","Quick Restart","Replay The Spire","Shade Mod","Shop Mod","StSLib","SuperFastMode","The Construct","The Mystic","The Runesmith","everything is the same but u backflip on backflip"],"gold_per_floor":[109,120,71,71,3,29,29,55,55,55,5,16,16,16,16,115,115,132,132,132,57,68,68,83,108,157,172,184,197,97,125,137,253,265,289,311,323,210,226,260,260,285,359,359,378,378,378,388,388,388,388,388,188,220,220],"floor_reached":56,"language":"KOR","playtime":1513,"items_purged":["construct:Defend_Gold","construct:Strike_Gold","construct:Strike_Gold","construct:Strike_Gold","construct:Strike_Gold+1"],"score":1493,"play_id":"a29212be-3866-4393-940d-3d43fbe61a76","local_time":"20210224223849","is_ascension_mode":false,"campfire_choices":[{"data":"construct:DefenseMode","floor":7,"key":"SMITH"},{"data":"construct:Autoturret","floor":10,"key":"SMITH"},{"data":"construct:Synchronize","floor":15,"key":"SMITH"},{"floor":23,"key":"RECALL"},{"data":"construct:GuardCore+1","floor":32,"key":"SMITH"},{"data":"construct:Autoturret+1","floor":41,"key":"SMITH"},{"data":"construct:Synchronize+1","floor":46,"key":"SMITH"},{"data":"construct:PointDefense+1","floor":49,"key":"SMITH"},{"data":"construct:ForceCore+1","floor":52,"key":"SMITH"}],"circlet_count":0,"master_deck":["construct:Strike_Gold+1","construct:Defend_Gold+1","construct:Defend_Gold+1","construct:Defend_Gold+1","construct:Defend_Gold+1","construct:DefenseMode+2","construct:Synchronize+2","construct:Autoturret+2","construct:PointDefense+2","construct:Reinforce+1","construct:GuardCore+2","construct:FlameCore+2","construct:ForceCore+2","infinitespire:NeuralNetwork+1","construct:Failsafe"],"relics":["construct:ClockworkPhoenix","NeowsBlessing","Divine Protection","InkBottle","infinitespire:Lucky Rock","infinitespire:FocusingShard","Orichalcum","MawBank","construct:ClawGrip","Lantern","Pocketwatch","Gremlin Horn","Mark of the Bloom","Ornamental Fan"],"acts_visited":["Exordium","TheCity","TheBeyond","TheEnding"],"potions_floor_usage":[18,18,29,29,33,42,54,55],"damage_taken":[{"damage":0,"enemies":"Cultist","floor":1,"turns":1},{"damage":0,"enemies":"Jaw Worm","floor":2,"turns":1},{"damage":0,"enemies":"Gremlin Nob","floor":6,"turns":1},{"damage":0,"enemies":"Small Slimes","floor":12,"turns":3},{"damage":8,"enemies":"The Guardian","floor":16,"turns":10},{"damage":9,"enemies":"3 Byrds","floor":18,"turns":3},{"damage":0,"enemies":"Chosen","floor":22,"turns":5},{"damage":0,"enemies":"3 Cultists","floor":24,"turns":6},{"damage":13,"enemies":"Book of Stabbing","floor":25,"turns":7},{"damage":6,"enemies":"Snake Plant","floor":27,"turns":5},{"damage":20,"enemies":"Centurion and Healer","floor":28,"turns":6},{"damage":0,"enemies":"Shelled Parasite and Fungi","floor":29,"turns":4},{"damage":14,"enemies":"Nightmare","floor":31,"turns":10},{"damage":0,"enemies":"Automaton","floor":33,"turns":10},{"damage":0,"enemies":"Orb Walker","floor":35,"turns":4},{"damage":0,"enemies":"3 Darklings","floor":36,"turns":4},{"damage":0,"enemies":"Spire Growth","floor":39,"turns":5},{"damage":0,"enemies":"Nightmare","floor":40,"turns":9},{"damage":1,"enemies":"Nemesis","floor":42,"turns":5},{"damage":0,"enemies":"4 Shapes","floor":45,"turns":3},{"damage":0,"enemies":"3 Darklings","floor":48,"turns":4},{"damage":13,"enemies":"Awakened One","floor":50,"turns":6},{"damage":0,"enemies":"Shield and Spear","floor":54,"turns":5},{"damage":21,"enemies":"The Heart","floor":55,"turns":8}],"seed_played":"-1777237318984756644","potions_obtained":[{"floor":1,"key":"PowerPotion"},{"floor":2,"key":"LiquidMemories"},{"floor":16,"key":"Cursed Concoction"},{"floor":22,"key":"SneckoOil"},{"floor":24,"key":"Swift Potion"},{"floor":25,"key":"GamblersBrew"},{"floor":29,"key":"CultistPotion"},{"floor":31,"key":"DistilledChaos"},{"floor":33,"key":"Elixir"},{"floor":36,"key":"Adrenaline Potion"},{"floor":37,"key":"FairyPotion"}],"is_trial":false,"path_per_floor":["M","M","$","?","$","E","R","T","T","R","?","M","?","$","R","B",null,"M","?","?","$","M","R","M","E","T","M","M","M","$","NM","R","B",null,"M","M","?","$","M","NM","R","E","T","AVR","M","R","?","M","R","B",null,"R","$","E","B",null],"character_chosen":"THE_CONSTRUCT_MOD","items_purchased":["construct:Autoturret","construct:PointDefense","Block Potion"],"campfire_rested":0,"item_purchase_floors":[3,5,53],"current_hp_per_floor":[85,85,85,85,85,85,85,85,85,85,85,85,52,52,52,44,85,76,76,76,76,76,76,76,63,63,57,37,37,37,23,23,23,85,85,85,85,85,85,85,85,84,84,84,84,84,84,84,84,71,71,71,71,71,50],"gold":220,"neow_bonus":"THREE_ENEMY_KILL","is_daily":false,"chose_seed":false,"campfire_upgraded":8,"win_rate":0.0,"timestamp":1614173929,"path_taken":["M","M","$","?","?","E","R","?","T","R","?","M","?","?","R","BOSS","M","?","?","$","?","R","M","E","T","M","M","M","$","NM","R","BOSS","M","M","?","$","?","NM","R","E","T","AVR","M","R","?","M","R","BOSS","R","$","E","BOSS"],"items_purchased_type":["Card","Card","Potion"],"build_version":"2020-12-22","purchased_purges":5,"victory":true,"max_hp_per_floor":[85,85,85,85,85,85,85,85,85,85,85,85,85,85,85,85,85,85,85,85,85,85,85,85,85,85,85,85,85,85,85,85,85,85,85,85,85,85,85,85,85,85,85,85,85,85,85,85,85,85,85,85,85,85,85],"card_choices":[{"not_picked":["construct:Backfire","construct:FierceBash"],"picked":"construct:Synchronize","floor":1},{"not_picked":["construct:SuppressiveFire","construct:Anticipate","construct:OneWayMirror"],"picked":"SKIP","floor":2},{"not_picked":["construct:Boost","construct:Backfire","construct:Anticipate"],"picked":"SKIP","floor":6},{"not_picked":["construct:UnbalancingBlast","construct:Boost"],"picked":"construct:Reinforce","floor":12},{"not_picked":["construct:HeavyBolt+1","construct:Backup","construct:Reinforce"],"picked":"SKIP","floor":18},{"not_picked":["construct:ChargeShot","construct:Backfire","construct:VentSteam"],"picked":"SKIP","floor":22},{"not_picked":["construct:Analyze","construct:Boost","construct:SweepLaser+1"],"picked":"SKIP","floor":24},{"not_picked":["construct:ClockworkEgg","construct:Boost","construct:SaveState"],"picked":"SKIP","floor":25},{"not_picked":["construct:Reinforce","construct:Boost+1"],"picked":"construct:GuardCore+1","floor":27},{"not_picked":["construct:Electrocute+1","construct:Missile","construct:Accumulate"],"picked":"SKIP","floor":28},{"not_picked":["construct:Versatility+1","construct:ModeShift","construct:SyphonStrike"],"picked":"SKIP","floor":29},{"not_picked":["construct:ScrapCannon","construct:FierceBash+1"],"picked":"construct:FlameCore+1","floor":31},{"not_picked":["construct:Forcefield+1","construct:SaveState+1","construct:Electrocute+1"],"picked":"SKIP","floor":35},{"not_picked":["construct:PowerUp+1","construct:FierceBash+1"],"picked":"construct:ForceCore","floor":36},{"not_picked":["construct:ClusterMines","construct:Analyze+1","construct:OmegaCannon+1"],"picked":"SKIP","floor":39},{"not_picked":["Replay:Fractal Strike","ReplayTheSpireMod:??????????????????????"],"picked":"infinitespire:NeuralNetwork","floor":40},{"not_picked":["construct:ModeShift","construct:Backfire+1","construct:Enhance"],"picked":"SKIP","floor":40},{"not_picked":["construct:HastyRepair","construct:Hazardproof","construct:ShiftStrike"],"picked":"SKIP","floor":42},{"not_picked":["construct:Analyze+1","construct:Backfire+1","construct:Accumulate+1"],"picked":"SKIP","floor":45},{"not_picked":["construct:SaveState+1","construct:ClusterMines+1"],"picked":"construct:Failsafe","floor":48},{"not_picked":["construct:Autoturret+1","construct:Backup+1","construct:Analyze+1"],"picked":"SKIP","floor":54}],"player_experience":289780,"relics_obtained":[{"floor":6,"key":"Divine Protection"},{"floor":9,"key":"InkBottle"},{"floor":25,"key":"infinitespire:FocusingShard"},{"floor":26,"key":"Orichalcum"},{"floor":31,"key":"MawBank"},{"floor":40,"key":"Lantern"},{"floor":42,"key":"Pocketwatch"},{"floor":43,"key":"Gremlin Horn"},{"floor":54,"key":"Ornamental Fan"}],"event_choices":[{"damage_healed":0,"gold_gain":0,"player_choice":"Bought 0 Potions","damage_taken":0,"max_hp_gain":0,"max_hp_loss":0,"event_name":"The Woman in Blue","floor":4,"gold_loss":0},{"cards_removed":["construct:AttackMode"],"damage_healed":0,"gold_gain":0,"player_choice":"Card Removal","damage_taken":0,"max_hp_gain":0,"max_hp_loss":0,"event_name":"The Cleric","floor":11,"gold_loss":50},{"damage_healed":0,"gold_gain":0,"player_choice":"Success","damage_taken":33,"relics_obtained":["infinitespire:Lucky Rock"],"max_hp_gain":0,"max_hp_loss":0,"event_name":"Scrap Ooze","floor":13,"gold_loss":0},{"damage_healed":0,"gold_gain":0,"player_choice":"Ignored","damage_taken":0,"max_hp_gain":0,"max_hp_loss":0,"event_name":"Vampires","floor":19,"gold_loss":0},{"damage_healed":0,"gold_gain":0,"player_choice":"0 cards matched","damage_taken":0,"max_hp_gain":0,"max_hp_loss":0,"event_name":"Match and Keep!","floor":20,"gold_loss":0,"cards_obtained":[]},{"damage_healed":0,"gold_gain":0,"player_choice":"Got Potions","damage_taken":0,"max_hp_gain":0,"max_hp_loss":0,"event_name":"Lab","floor":37,"gold_loss":0},{"damage_healed":0,"gold_gain":0,"player_choice":"Upgrade","damage_taken":0,"relics_obtained":["Mark of the Bloom"],"max_hp_gain":0,"max_hp_loss":0,"event_name":"MindBloom","floor":47,"gold_loss":0,"cards_upgraded":["construct:Strike_Gold","construct:Strike_Gold","construct:Defend_Gold","construct:Defend_Gold","construct:Defend_Gold","construct:Defend_Gold","construct:DefenseMode","construct:PointDefense","construct:Reinforce","construct:FlameCore","construct:ForceCore","infinitespire:NeuralNetwork"]}],"is_beta":false,"boss_relics":[{"not_picked":["ChewingGum","Snecko Eye","Replay:Bronze Core"]},{"not_picked":["Runic Dome","ReplayTheSpireMod:SealedPack"],"picked":"construct:ClawGrip"}],"items_purged_floors":[21,30,38,44,53],"is_endless":false,"potions_floor_spawned":[1,2,16,22,24,25,29,31,33,36,40],"ascension_level":0}}