{"host":"l4d5err6t6pjh8c1","time":1614191290,"event":{"mods":["BaseMod","Colored Map","Hermit","Minty Spire (QoL Compilation)","Rare Cards Sparkle","StSLib","The IronCluck"],"gold_per_floor":[111,18,29,29,45,73,93,120,120,2,17,17,17,29,29,129,129,142,161,161,176,176,206,206,238,264,264,32,47,72,187,187,187,187],"floor_reached":33,"language":"ENG","playtime":7536,"items_purged":[],"score":297,"play_id":"c83abfd8-69e2-4d95-8514-57798b8fd445","local_time":"20210224192810","is_ascension_mode":false,"campfire_choices":[{"floor":13,"key":"REST"},{"floor":15,"key":"REST"},{"floor":24,"key":"REST"},{"floor":27,"key":"REST"},{"data":"hermit:Determination","floor":32,"key":"SMITH"}],"circlet_count":0,"master_deck":["hermit:Strike_Hermit","hermit:Strike_Hermit","hermit:Strike_Hermit","hermit:Strike_Hermit","hermit:Defend_Hermit","hermit:Defend_Hermit","hermit:Defend_Hermit","hermit:Defend_Hermit","hermit:Snapshot","hermit:Covet","hermit:Headshot+1","hermit:Determination+1","hermit:Dive","hermit:Horror","hermit:LowProfile","hermit:EyeOfTheStorm","hermit:TakeCover","hermit:EyeOfTheStorm","hermit:Maintenance","hermit:Quickdraw+1","hermit:BlackWind","hermit:Showdown","hermit:Glare+1","hermit:SprayPray","hermit:DeadOrAlive","hermit:TrackingShot+1","hermit:FullyLoaded+1"],"relics":["hermit:Momento","NeowsBlessing","The Courier","Shuriken","Mercury Hourglass","ClockworkSouvenir","SacredBark","MutagenicStrength","Strawberry","Centennial Puzzle","Regal Pillow","Anchor","Whetstone","Dead Branch","Letter Opener"],"acts_visited":["Exordium","TheCity"],"potions_floor_usage":[8,8,16,16,25,25,33],"damage_taken":[{"damage":0,"enemies":"Jaw Worm","floor":1,"turns":1},{"damage":0,"enemies":"Cultist","floor":3,"turns":1},{"damage":0,"enemies":"Small Slimes","floor":5,"turns":1},{"damage":29,"enemies":"Lagavulin","floor":6,"turns":9},{"damage":1,"enemies":"Blue Slaver","floor":7,"turns":4},{"damage":16,"enemies":"3 Sentries","floor":8,"turns":6},{"damage":0,"enemies":"Large Slime","floor":11,"turns":5},{"damage":8,"enemies":"Exordium Thugs","floor":14,"turns":4},{"damage":19,"enemies":"Hexaghost","floor":16,"turns":11},{"damage":24,"enemies":"3 Byrds","floor":18,"turns":6},{"damage":15,"enemies":"Spheric Guardian","floor":19,"turns":4},{"damage":19,"enemies":"Snake Plant","floor":21,"turns":5},{"damage":7,"enemies":"Slavers","floor":23,"turns":4},{"damage":4,"enemies":"Gremlin Leader","floor":25,"turns":3},{"damage":9,"enemies":"Snecko","floor":29,"turns":4},{"damage":0,"enemies":"Cultist and Chosen","floor":30,"turns":3},{"damage":6,"enemies":"Colosseum Slavers","floor":31,"turns":2},{"damage":7,"enemies":"Colosseum Nobs","floor":31,"turns":3},{"damage":74,"enemies":"Automaton","floor":33,"turns":6}],"seed_played":"-1631853132045955601","potions_obtained":[{"floor":1,"key":"Swift Potion"},{"floor":5,"key":"PowerPotion"},{"floor":6,"key":"Strength Potion"},{"floor":8,"key":"Ancient Potion"},{"floor":14,"key":"LiquidMemories"},{"floor":21,"key":"PowerPotion"},{"floor":23,"key":"Explosive Potion"}],"is_trial":false,"path_per_floor":["M","$","M","?","M","E","M","E","T","$","M","$","R","M","R","B",null,"M","M","?","M","?","E","R","E","T","R","$","M","M","?","R","B"],"character_chosen":"HERMIT","items_purchased":["hermit:Determination","hermit:Dive","ClockworkSouvenir","Anchor","Whetstone"],"campfire_rested":4,"item_purchase_floors":[2,2,10,28,28],"current_hp_per_floor":[75,75,75,75,75,46,45,29,29,29,29,29,51,43,65,46,75,51,36,36,17,17,17,41,37,37,76,76,67,67,54,54,0,0],"gold":187,"neow_bonus":"THREE_ENEMY_KILL","is_daily":false,"chose_seed":false,"campfire_upgraded":1,"win_rate":0.0,"timestamp":1614191290,"path_taken":["M","$","M","?","M","E","?","E","T","?","M","$","R","?","R","BOSS","M","M","?","?","?","E","R","E","T","R","$","M","M","?","R","BOSS"],"items_purchased_type":["Card","Card","Relic","Relic","Relic"],"build_version":"2020-12-22","purchased_purges":0,"victory":false,"max_hp_per_floor":[75,75,75,75,75,75,75,75,75,75,75,75,75,75,75,75,75,75,75,75,75,75,82,82,82,82,82,82,82,82,82,82,82,82],"card_choices":[{"not_picked":["hermit:LowProfile","hermit:HighCaliber"],"picked":"hermit:Headshot","floor":1},{"not_picked":["hermit:HighCaliber","hermit:GoldenBullet"],"picked":"hermit:Horror","floor":3},{"not_picked":["hermit:Misfire","hermit:Vantage"],"picked":"hermit:EyeOfTheStorm","floor":5},{"not_picked":["hermit:LoneWolf","hermit:Roulette"],"picked":"hermit:TakeCover","floor":6},{"not_picked":["hermit:PistolWhip","hermit:HighCaliber"],"picked":"hermit:EyeOfTheStorm","floor":7},{"not_picked":["hermit:Coalescence","hermit:CalledShot"],"picked":"hermit:Maintenance","floor":8},{"not_picked":["hermit:Deadeye","hermit:HighCaliber","hermit:Shortfuse"],"picked":"SKIP","floor":11},{"not_picked":["hermit:Dive","hermit:DeadMansHand"],"picked":"hermit:Quickdraw","floor":14},{"not_picked":["hermit:Dissolve","hermit:FromBeyond"],"picked":"hermit:BlackWind","floor":16},{"not_picked":["hermit:TakeAim+1","hermit:Roulette+1"],"picked":"hermit:Showdown","floor":18},{"not_picked":["hermit:HoleUp","hermit:Coalescence"],"picked":"hermit:Glare+1","floor":19},{"not_picked":["hermit:LoneWolf","hermit:Headshot"],"picked":"hermit:SprayPray","floor":21},{"not_picked":["hermit:Malice","hermit:Manifest","hermit:Desperado"],"picked":"SKIP","floor":23},{"not_picked":["hermit:Showdown","hermit:Midnight"],"picked":"hermit:DeadOrAlive","floor":25},{"not_picked":["hermit:Manifest","hermit:Grudge"],"picked":"hermit:TrackingShot+1","floor":29},{"not_picked":["hermit:ItchyTrigger+1","hermit:Quickdraw","hermit:TakeCover"],"picked":"SKIP","floor":30},{"not_picked":["hermit:Desperado","hermit:RoundhouseKick"],"picked":"hermit:FullyLoaded+1","floor":31}],"player_experience":381503,"relics_obtained":[{"floor":6,"key":"The Courier"},{"floor":8,"key":"Shuriken"},{"floor":9,"key":"Mercury Hourglass"},{"floor":23,"key":"Strawberry"},{"floor":25,"key":"Centennial Puzzle"},{"floor":26,"key":"Regal Pillow"},{"floor":31,"key":"Dead Branch"},{"floor":31,"key":"Letter Opener"}],"event_choices":[{"damage_healed":0,"gold_gain":0,"player_choice":"1 cards matched","damage_taken":0,"max_hp_gain":0,"max_hp_loss":0,"event_name":"Match and Keep!","floor":4,"gold_loss":0,"cards_obtained":["hermit:LowProfile"]},{"damage_healed":0,"gold_gain":0,"player_choice":"0 cards matched","damage_taken":0,"max_hp_gain":0,"max_hp_loss":0,"event_name":"Match and Keep!","floor":20,"gold_loss":0,"cards_obtained":[]},{"damage_healed":0,"gold_gain":0,"player_choice":"Inject Mutagens","damage_taken":0,"relics_obtained":["MutagenicStrength"],"max_hp_gain":0,"max_hp_loss":0,"event_name":"Drug Dealer","floor":22,"gold_loss":0},{"damage_healed":0,"gold_gain":0,"player_choice":"Fight","damage_taken":0,"max_hp_gain":0,"max_hp_loss":0,"event_name":"Colosseum","floor":31,"gold_loss":0},{"damage_healed":0,"gold_gain":0,"player_choice":"Fought Nobs","damage_taken":0,"max_hp_gain":0,"max_hp_loss":0,"event_name":"Colosseum","floor":31,"gold_loss":0}],"is_beta":false,"boss_relics":[{"not_picked":["Coffee Dripper","Ectoplasm"],"picked":"SacredBark"}],"items_purged_floors":[],"is_endless":false,"potions_floor_spawned":[1,5,6,8,14,21,23,31],"killed_by":"Automaton","ascension_level":0}}