{"host":"3twtdwjpiqhvvn5s","time":1614192241,"event":{"mods":["AchievementEnabler","Act Like it!","Aspiration","BaseMod","BetterRewards","Colored Map","Colored Powertips","Downfall","Duelist Mod","Friendly Minions","GifTheSpireLib","Hermit","Hubris","Infinite Spire","Jorbs\u0027s Wanderer Trilogy","Koishi","KomeijiMod","Marisa????????","Minty Spire (QoL Compilation)","Quick Restart","Rare Cards Sparkle","Replay The Spire","Shop Mod","StSLib","Td1madao Mod","The Administrix","The Animator","The Bug Knight","The Caster","The Cursed","The Disciple","The Hierophant","The Necromancer","The Poker Player","The Runesmith","The Servant 0.9.4"],"gold_per_floor":[119,119,119,48,65,97,75,75,98,19,19,19,19,34,45,57,57,157,157,167,177,177,177,177,177,195,195,195,207,207,227,227,244,244,244,244],"floor_reached":35,"language":"ENG","playtime":61305,"items_purged":[],"score":307,"play_id":"a40aae90-f7dd-4338-b9ae-b5b1c31d4ef4","local_time":"20210224124401","daily_mods":["Draft","Blue Cards","downfall:WorldOfGoo"],"is_ascension_mode":false,"campfire_choices":[{"data":"SuitokuNoKyoryu","floor":8,"key":"SMITH"},{"data":"Hello World","floor":17,"key":"SMITH"},{"data":"LittleLegion","floor":25,"key":"SMITH"},{"data":"FIFO Queue","floor":27,"key":"SMITH"},{"data":"FreezeTouchMe","floor":34,"key":"SMITH"}],"circlet_count":0,"master_deck":["SeekerDolls","Coolheaded","Stack","Turbo","BasicCrystalCard","Crystallizer","Coolheaded","Turbo","BasicCrystalCard","Defragment","Stack","FreezeTouchMe+1","Sunder","Leap","Conserve Battery","Finesse","SuitokuNoKyoryu+1","JyouchiJin+1","LittleLegion+1","SeekerWire+1","Hello World+1","NingyouFukuhei+1","FIFO Queue+1","Storm","Hightail+1","JyouchiJin+1","SuitokuNoKyoryu+1","BottledTime","WasteNot","JyouchiJin+1"],"relics":["KomeijisEye","SpellCardsRule","MusicBox","Replay:Rubber Ducky","SpellExtend","aspiration:ServantSkillbook","hubris:Icosahedron","ReplayTheSpireMod:Lightbulb","Pear","NlothsMask"],"acts_visited":["Exordium","TheCity"],"potions_floor_usage":[6,18,26,33,33],"damage_taken":[{"damage":5,"enemies":"2 Louse","floor":1,"turns":5},{"damage":0,"enemies":"Cultist","floor":5,"turns":8},{"damage":0,"enemies":"Lagavulin","floor":6,"turns":29},{"damage":0,"enemies":"Jaw Worm","floor":14,"turns":8},{"damage":0,"enemies":"2 Fungi Beasts","floor":15,"turns":11},{"damage":8,"enemies":"3 Louse","floor":16,"turns":6},{"damage":13,"enemies":"The Guardian","floor":18,"turns":18},{"damage":0,"enemies":"Shell Parasite","floor":20,"turns":6},{"damage":0,"enemies":"Chosen","floor":21,"turns":10},{"damage":8,"enemies":"Snake Plant","floor":26,"turns":6},{"damage":0,"enemies":"Centurion and Healer","floor":29,"turns":10},{"damage":0,"enemies":"Snecko","floor":31,"turns":6},{"damage":4,"enemies":"Snake Plant","floor":33,"turns":8},{"damage":71,"enemies":"hubris:MusketHawk","floor":35,"turns":6}],"seed_played":"-9042514332945260565","potions_obtained":[{"floor":5,"key":"Doom Potion"},{"floor":16,"key":"DistilledChaos"},{"floor":18,"key":"SpeedPotion"},{"floor":21,"key":"Explosive Potion"},{"floor":31,"key":"hexamod:SoulburnPotion"}],"is_trial":true,"path_per_floor":["M","?","?","$","M","E","$","R","T","$","PTL","PTL","$","M","M","M","R","B",null,"M","M","?","?","?","R","M","R","T","M","?","M","?","M","R","B"],"character_chosen":"KomeijiSatori","items_purchased":["SuitokuNoKyoryu","SeekerWire+1","Hello World"],"campfire_rested":0,"item_purchase_floors":[4,7,10],"current_hp_per_floor":[45,45,45,45,45,50,50,50,50,50,50,50,50,50,50,42,42,29,50,50,50,50,50,50,50,42,42,52,54,54,54,54,50,50,0,0],"gold":244,"neow_bonus":"","is_daily":false,"chose_seed":false,"campfire_upgraded":5,"win_rate":0.0,"timestamp":1614192241,"path_taken":["M","?","?","$","?","E","$","R","T","$","PTL","PTL","?","M","M","?","R","BOSS","M","?","?","?","?","R","?","R","T","M","?","M","?","M","R","BOSS"],"items_purchased_type":["Card","Card","Card"],"build_version":"2020-12-22","purchased_purges":0,"victory":false,"max_hp_per_floor":[50,50,50,50,50,50,50,50,50,50,50,50,50,50,50,50,50,50,50,50,50,50,50,50,50,50,50,60,60,60,60,60,60,60,60,60],"card_choices":[{"not_picked":["SatsujinDooru","NingyouSP+1"],"picked":"SeekerDolls","floor":0},{"not_picked":["OoedoNingyou+1","SenseofElegance"],"picked":"Coolheaded","floor":0},{"not_picked":["Steam","Fusion"],"picked":"Stack","floor":0},{"not_picked":["BasicCrystalCard","Panic Button"],"picked":"Turbo","floor":0},{"not_picked":["RikonNoKama+1","ReplayGash"],"picked":"BasicCrystalCard","floor":0},{"not_picked":["DemonsDinnerFork","Streamline"],"picked":"Crystallizer","floor":0},{"not_picked":["KouPou+1","NarrowSpark"],"picked":"Coolheaded","floor":0},{"not_picked":["Streamline","MajikuruSanhai+1"],"picked":"Turbo","floor":0},{"not_picked":["Turbo","Beam Cell"],"picked":"BasicCrystalCard","floor":0},{"not_picked":["Beam Cell","Streamline"],"picked":"Defragment","floor":0},{"not_picked":["SeekerWire+1","Blizzard"],"picked":"Stack","floor":0},{"not_picked":["SeekerDolls","Sweeping Beam"],"picked":"FreezeTouchMe","floor":0},{"not_picked":["Sweeping Beam","Rip and Tear"],"picked":"Agarareta+1","floor":0},{"not_picked":["Compile Driver","SeekerDolls"],"picked":"Sunder","floor":0},{"not_picked":["HagoromoMizu","NingyouShinki+1"],"picked":"Leap","floor":0},{"not_picked":["Cold Snap","NingyouFukuhei+1"],"picked":"Conserve Battery","floor":1},{"not_picked":["Sunder","Sweeping Beam"],"picked":"JyouchiJin+1","floor":5},{"not_picked":["DemonLordCradle","Steam Power"],"picked":"LittleLegion","floor":6},{"not_picked":["Reinforced Body","Steam"],"picked":"NingyouFukuhei+1","floor":14},{"not_picked":["Hologram","Streamline"],"picked":"FIFO Queue","floor":15},{"not_picked":["Cold Snap","Steam Power"],"picked":"Storm","floor":16},{"not_picked":["Unruled","DemonLordCradle","Mishyaguji+1"],"picked":"Hightail+1","floor":20},{"not_picked":["KoKei+1","KinbakuJin+1","DemonLordCradle"],"picked":"JyouchiJin+1","floor":21},{"not_picked":["Rewind","DemonLordCradle+1","RikonNoKama+1"],"picked":"SuitokuNoKyoryu+1","floor":26},{"not_picked":["Alleviate+1","NingyouShinki+1","DualDimension"],"picked":"BottledTime","floor":29},{"not_picked":["SeekerDolls+1","KokorosuKi+1","Rewind"],"picked":"WasteNot","floor":31},{"not_picked":["KillingDoll","NingyouKisou+1","TimeWarp"],"picked":"JyouchiJin+1","floor":33}],"player_experience":3434152,"relics_obtained":[{"floor":6,"key":"Replay:Rubber Ducky"},{"floor":9,"key":"SpellExtend"},{"floor":28,"key":"Pear"}],"event_choices":[{"damage_healed":0,"gold_gain":0,"player_choice":"1 cards matched","damage_taken":0,"max_hp_gain":0,"max_hp_loss":0,"event_name":"Match and Keep!","floor":3,"gold_loss":0,"cards_obtained":["Finesse"]},{"damage_healed":0,"gold_gain":0,"player_choice":"Simplicity","damage_taken":0,"max_hp_gain":0,"max_hp_loss":0,"event_name":"Back to Basics","floor":22,"gold_loss":0,"cards_upgraded":[]},{"damage_healed":0,"gold_gain":0,"player_choice":"Gave Potion","damage_taken":0,"relics_obtained":["ReplayTheSpireMod:Lightbulb"],"max_hp_gain":0,"max_hp_loss":0,"event_name":"WeMeetAgain","floor":24,"gold_loss":0},{"damage_healed":0,"gold_gain":0,"player_choice":"Trade","damage_taken":0,"relics_obtained":["NlothsMask"],"max_hp_gain":0,"max_hp_loss":0,"event_name":"FaceTrader","floor":32,"gold_loss":0}],"is_beta":false,"boss_relics":[{"not_picked":["Runic Dome","aspiration:RunicSpoon"],"picked":"aspiration:ServantSkillbook"}],"items_purged_floors":[],"is_endless":false,"potions_floor_spawned":[5,16,18,21,31],"killed_by":"hubris:MusketHawk","ascension_level":0}}