{"host":"xb2tau8pgi8aflss","time":1614172351,"event":{"mods":["AchievementEnabler","BaseMod","Hermit","Minty Spire (QoL Compilation)","StSLib","SuperFastMode"],"gold_per_floor":[20,36,36,49,49,75,75,75,149,182,182,182,182,192,192,289,289,308,325,240,240,240],"floor_reached":21,"language":"KOR","playtime":706,"items_purged":[],"score":287,"play_id":"28e418b9-766e-4a2e-ab71-28da185eac36","local_time":"20210224221231","is_ascension_mode":true,"campfire_choices":[{"data":"Genetic Algorithm","floor":7,"key":"SMITH"},{"floor":11,"key":"REST"},{"data":"Coolheaded","floor":13,"key":"SMITH"},{"data":"Echo Form","floor":15,"key":"SMITH"}],"circlet_count":0,"master_deck":["Strike_B","Strike_B","Strike_B","Defend_B","Defend_B+1","Defend_B","Defend_B","Zap+1","Dualcast+1","Genetic Algorithm+1","Coolheaded+1","Melter","Echo Form+1","Conserve Battery","Hologram+1"],"relics":["Cracked Core","Strawberry","Singing Bowl","MealTicket","InkBottle","SacredBark","Blue Candle"],"acts_visited":["Exordium","TheCity"],"potions_floor_usage":[6,10,21],"damage_taken":[{"damage":4,"enemies":"Jaw Worm","floor":1,"turns":3},{"damage":6,"enemies":"Cultist","floor":2,"turns":3},{"damage":10,"enemies":"Small Slimes","floor":4,"turns":3},{"damage":18,"enemies":"Lagavulin","floor":6,"turns":7},{"damage":20,"enemies":"3 Sentries","floor":10,"turns":12},{"damage":3,"enemies":"3 Louse","floor":14,"turns":3},{"damage":27,"enemies":"Hexaghost","floor":16,"turns":13},{"damage":30,"enemies":"3 Byrds","floor":18,"turns":6},{"damage":9,"enemies":"Chosen","floor":19,"turns":8},{"damage":54,"enemies":"3 Cultists","floor":21,"turns":6}],"seed_played":"5227518106906220987","potions_obtained":[{"floor":1,"key":"Block Potion"},{"floor":6,"key":"SkillPotion"},{"floor":16,"key":"Swift Potion"}],"is_trial":false,"path_per_floor":["M","M","?","M","?","E","R","?","T","E","R","T","R","M","R","B",null,"M","M","?","M"],"character_chosen":"DEFECT","items_purchased":[],"campfire_rested":1,"item_purchase_floors":[],"current_hp_per_floor":[78,72,72,62,44,33,33,33,33,13,41,41,41,38,38,13,77,47,40,40,0,0],"gold":240,"neow_bonus":"TWENTY_PERCENT_HP_BONUS","is_daily":false,"chose_seed":false,"campfire_upgraded":3,"win_rate":0.0,"timestamp":1614172351,"path_taken":["M","M","?","?","?","E","R","?","T","E","R","?","R","M","R","BOSS","M","M","?","M"],"items_purchased_type":[],"build_version":"2020-12-22","purchased_purges":0,"victory":false,"max_hp_per_floor":[89,89,89,89,89,96,96,96,96,96,96,96,96,96,96,98,98,98,100,100,100,100],"card_choices":[{"not_picked":["Sweeping Beam","Hologram"],"picked":"Genetic Algorithm","floor":1},{"not_picked":["Storm","Tempest"],"picked":"Coolheaded","floor":2},{"not_picked":["Redo","Hello World","Lockon"],"picked":"SKIP","floor":4},{"not_picked":["Hologram","Stack"],"picked":"Melter","floor":6},{"not_picked":["Darkness","Seek"],"picked":"Echo Form","floor":10},{"not_picked":["Ball Lightning","Recycle"],"picked":"Conserve Battery","floor":14},{"not_picked":["Fission","Reboot","Seek"],"picked":"Singing Bowl","floor":16},{"not_picked":["Rebound","Melter+1"],"picked":"Hologram+1","floor":18},{"not_picked":["Conserve Battery","Melter+1","Ball Lightning+1"],"picked":"Singing Bowl","floor":19}],"player_experience":856589,"relics_obtained":[{"floor":6,"key":"Strawberry"},{"floor":9,"key":"Singing Bowl"},{"floor":10,"key":"MealTicket"},{"floor":12,"key":"InkBottle"}],"event_choices":[{"cards_removed":["Strike_B"],"damage_healed":0,"gold_gain":0,"player_choice":"Purged","damage_taken":0,"max_hp_gain":0,"max_hp_loss":0,"event_name":"Purifier","floor":3,"gold_loss":0},{"damage_healed":0,"gold_gain":0,"player_choice":"Entered Light","damage_taken":18,"max_hp_gain":0,"max_hp_loss":0,"event_name":"Shining Light","floor":5,"gold_loss":0,"cards_upgraded":["Defend_B","Dualcast"]},{"damage_healed":0,"gold_gain":0,"player_choice":"Grow","damage_taken":0,"max_hp_gain":0,"max_hp_loss":0,"event_name":"Living Wall","floor":8,"gold_loss":0,"cards_upgraded":["Zap"]},{"damage_healed":0,"gold_gain":0,"player_choice":"Obtained Relic","damage_taken":0,"relics_obtained":["Blue Candle"],"max_hp_gain":0,"max_hp_loss":0,"event_name":"Addict","floor":20,"gold_loss":85}],"is_beta":false,"boss_relics":[{"not_picked":["SlaversCollar","Busted Crown"],"picked":"SacredBark"}],"items_purged_floors":[],"is_endless":false,"potions_floor_spawned":[1,6,16],"killed_by":"3 Cultists","ascension_level":8}}