{"host":"2l97xuagc2u1sty8","time":1614138483,"event":{"mods":["2.2 Compatiblity","Aspiration","BaseMod","Colored Powertips","Conspire","Custom Start","Hubris","Minty Spire (QoL Compilation)","Rare Cards Sparkle","StSLib"],"gold_per_floor":[113,90,107,117,137,164,239,274,301,313,313,323,323,354,354,354,354],"floor_reached":16,"language":"ENG","playtime":532,"items_purged":[],"score":128,"play_id":"d9b7d881-16f5-44fc-832a-a908386548b5","local_time":"20210223214803","is_ascension_mode":true,"campfire_choices":[{"floor":11.0,"key":"REST"},{"data":"hubris:StunningStrike","floor":15.0,"key":"SMITH"}],"circlet_count":0,"master_deck":["Strike_R","Strike_R","Strike_R","Strike_R","Strike_R","Defend_R","Defend_R","Defend_R","Defend_R","Bash","hubris:ReadiedAction","Iron Wave","Perfected Strike","Twin Strike","Twin Strike","Flame Barrier","hubris:StunningStrike+1","Flex","Immolate"],"relics":["Burning Blood","aspiration:Nostalgia","PureWater","hubris:TenFootPole","aspiration:SeaSaltIceCream","Membership Card","Nunchaku","Vajra"],"acts_visited":["Exordium"],"potions_floor_usage":[],"damage_taken":[{"damage":0.0,"enemies":"Cultist","floor":1.0,"turns":2.0},{"damage":2.0,"enemies":"2 Louse","floor":3.0,"turns":3.0},{"damage":0.0,"enemies":"Small Slimes","floor":4.0,"turns":2.0},{"damage":22.0,"enemies":"Exordium Thugs","floor":5.0,"turns":5.0},{"damage":26.0,"enemies":"3 Sentries","floor":6.0,"turns":8.0},{"damage":16.0,"enemies":"Gremlin Nob","floor":8.0,"turns":3.0},{"damage":0.0,"enemies":"Looter","floor":10.0,"turns":2.0},{"damage":0.0,"enemies":"Lots of Slimes","floor":12.0,"turns":2.0},{"damage":30.0,"enemies":"Lagavulin","floor":14.0,"turns":6.0},{"damage":43,"enemies":"Slime Boss","floor":16,"turns":7}],"seed_played":"3238828672050068286","potions_obtained":[{"floor":5.0,"key":"Swift Potion"},{"floor":10.0,"key":"Explosive Potion"},{"floor":14.0,"key":"SteroidPotion"}],"is_trial":false,"path_per_floor":["M","$","M","M","M","E","?","E","T","M","R","M","?","E","R","B"],"character_chosen":"IRONCLAD","items_purchased":["hubris:ReadiedAction"],"campfire_rested":1,"item_purchase_floors":[2],"current_hp_per_floor":[80,80,80,80,64,44,39,29,29,35,59,65,65,41,41,0,0],"gold":354,"neow_bonus":"NOSTALGIA","is_daily":false,"chose_seed":false,"campfire_upgraded":1,"win_rate":0.0,"timestamp":1614138483,"path_taken":["M","$","?","M","M","E","?","E","T","M","R","M","?","E","R","BOSS"],"items_purchased_type":["Card"],"build_version":"2020-12-22","purchased_purges":0,"victory":false,"max_hp_per_floor":[80,80,80,80,80,80,80,80,80,80,80,80,80,80,80,80,80],"card_choices":[{"not_picked":["Body Slam","Clash"],"picked":"Heavy Blade","floor":1.0},{"not_picked":["Feel No Pain","Wild Strike"],"picked":"Iron Wave","floor":3.0},{"not_picked":["Dual Wield","Cleave"],"picked":"Perfected Strike","floor":4.0},{"not_picked":["Clash","Wild Strike"],"picked":"Twin Strike","floor":5.0},{"not_picked":["Cleave","Wild Strike"],"picked":"Twin Strike","floor":6.0},{"not_picked":["Cleave","Searing Blow"],"picked":"Flame Barrier","floor":8.0},{"not_picked":["Dark Embrace","Pommel Strike"],"picked":"hubris:StunningStrike","floor":10.0},{"not_picked":["hubris:ReadiedAction","Sever Soul"],"picked":"Flex","floor":12.0},{"not_picked":["Rupture","Clothesline"],"picked":"Immolate","floor":14.0}],"player_experience":269993,"relics_obtained":[{"floor":6.0,"key":"hubris:TenFootPole"},{"floor":8.0,"key":"aspiration:SeaSaltIceCream"},{"floor":9.0,"key":"Nunchaku"},{"floor":14.0,"key":"Vajra"}],"event_choices":[{"damage_healed":0.0,"max_hp_gain":0.0,"max_hp_loss":0.0,"gold_gain":75.0,"event_name":"World of Goop","player_choice":"Gather Gold","floor":7.0,"gold_loss":0.0,"damage_taken":11.0},{"cards_removed":["Heavy Blade"],"damage_healed":0.0,"max_hp_gain":0.0,"max_hp_loss":0.0,"gold_gain":0.0,"event_name":"Purifier","player_choice":"Purged","floor":13.0,"gold_loss":0.0,"damage_taken":0.0}],"is_beta":false,"boss_relics":[],"items_purged_floors":[],"is_endless":false,"potions_floor_spawned":[5,10,14],"killed_by":"Slime Boss","ascension_level":1}}