{"host":"bg8va46pgqgvtzim","time":1614136654,"event":{"mods":["BaseMod","Minty Spire (QoL Compilation)","Quick Restart","StSLib","SuperFastMode"],"gold_per_floor":[119,134,134,152,165,185,200,275,307,232,246,271,271,271,320,290,290,300,300,315,63,80,80,80,175,175,194,205,105,105,125,142,142,173,173,200,217,242,268,278,322,66,94,114,114,125,147,147,246,246,265,274,294,304,318,339,339,364,378,403,403,414,433,433,468,488,488,510,510,510,510,510,104,136,136],"floor_reached":76,"language":"ZHS","playtime":3058,"items_purged":["Strike_R","Strike_R","Defend_R","Power Through"],"score":1787,"play_id":"a0d35ea9-92a6-4a6c-973c-fdf2e5a08f25","local_time":"20210224111734","is_ascension_mode":true,"campfire_choices":[{"data":"True Grit","floor":13,"key":"SMITH"},{"data":"Strike_R","floor":17,"key":"PURGE"},{"data":"Strike_R","floor":19,"key":"PURGE"},{"data":"Armaments","floor":23,"key":"SMITH"},{"data":"Strike_R","floor":24,"key":"PURGE"},{"data":"Bash","floor":35,"key":"PURGE"},{"data":"Defend_R","floor":45,"key":"PURGE"},{"data":"Defend_R","floor":48,"key":"PURGE"},{"data":"Havoc+1","floor":57,"key":"PURGE"},{"data":"Defend_R+1","floor":67,"key":"PURGE"},{"floor":69,"key":"RECALL"},{"data":"Shrug It Off+1","floor":72,"key":"PURGE"}],"circlet_count":0,"master_deck":["Rampage","True Grit+1","Evolve","Feel No Pain","Reckless Charge","Armaments+1","Fire Breathing","Feel No Pain","Fire Breathing","Warcry+1","Impatience","Dark Embrace+1","Impatience","Dark Embrace+1","Warcry+1"],"relics":["Burning Blood","Peace Pipe","Omamori","Shuriken","Kunai","Bottled Flame","War Paint","Medical Kit","Coffee Dripper","Enchiridion","Singing Bowl","Centennial Puzzle","Matryoshka","Toy Ornithopter","MealTicket","Orichalcum","Bag of Preparation","CeramicFish","Membership Card","Du-Vu Doll","Mark of Pain","Nunchaku","Anchor","Oddly Smooth Stone","Bottled Lightning","Bottled Tornado","Sling","Mummified Hand"],"acts_visited":["Exordium","TheCity","TheBeyond","TheEnding"],"potions_floor_usage":[66,75],"damage_taken":[{"damage":1.0,"enemies":"Cultist","floor":1.0,"turns":3.0},{"damage":3.0,"enemies":"Jaw Worm","floor":2.0,"turns":4.0},{"damage":0.0,"enemies":"Small Slimes","floor":4.0,"turns":5.0},{"damage":8.0,"enemies":"Gremlin Gang","floor":5.0,"turns":7.0},{"damage":0.0,"enemies":"Large Slime","floor":6.0,"turns":7.0},{"damage":13.0,"enemies":"Exordium Thugs","floor":7.0,"turns":8.0},{"damage":9.0,"enemies":"3 Sentries","floor":9.0,"turns":11.0},{"damage":11.0,"enemies":"Blue Slaver","floor":11.0,"turns":6.0},{"damage":25,"enemies":"Gremlin Nob","floor":12,"turns":5},{"damage":0,"enemies":"2 Fungi Beasts","floor":18,"turns":5},{"damage":5,"enemies":"3 Louse","floor":20,"turns":7},{"damage":2,"enemies":"Exordium Thugs","floor":22,"turns":6},{"damage":13,"enemies":"Hexaghost","floor":25,"turns":8},{"damage":1,"enemies":"Chosen","floor":27,"turns":4},{"damage":10,"enemies":"Shell Parasite","floor":28,"turns":6},{"damage":0,"enemies":"Centurion and Healer","floor":31,"turns":7},{"damage":16,"enemies":"Snecko","floor":32,"turns":6},{"damage":2,"enemies":"Gremlin Leader","floor":34,"turns":8},{"damage":0,"enemies":"Book of Stabbing","floor":36,"turns":7},{"damage":8,"enemies":"Snake Plant","floor":37,"turns":5},{"damage":0,"enemies":"Centurion and Healer","floor":40,"turns":5},{"damage":7,"enemies":"Gremlin Leader","floor":41,"turns":6},{"damage":2,"enemies":"Slavers","floor":43,"turns":3},{"damage":0,"enemies":"Snecko","floor":44,"turns":6},{"damage":0,"enemies":"3 Cultists","floor":46,"turns":4},{"damage":0,"enemies":"Centurion and Healer","floor":47,"turns":5},{"damage":11,"enemies":"Champ","floor":49,"turns":2},{"damage":0,"enemies":"3 Darklings","floor":51,"turns":3},{"damage":0,"enemies":"3 Shapes","floor":53,"turns":3},{"damage":0,"enemies":"Transient","floor":54,"turns":4},{"damage":0,"enemies":"Writhing Mass","floor":55,"turns":3},{"damage":0,"enemies":"Maw","floor":56,"turns":3},{"damage":0,"enemies":"Giant Head","floor":58,"turns":2},{"damage":0,"enemies":"3 Darklings","floor":59,"turns":3},{"damage":0,"enemies":"4 Shapes","floor":62,"turns":1},{"damage":0,"enemies":"Writhing Mass","floor":63,"turns":3},{"damage":0,"enemies":"Reptomancer","floor":65,"turns":3},{"damage":2,"enemies":"Transient","floor":66,"turns":5},{"damage":0,"enemies":"Maw","floor":68,"turns":2},{"damage":20,"enemies":"Donu and Deca","floor":70,"turns":3},{"damage":0,"enemies":"Shield and Spear","floor":74,"turns":1},{"damage":0,"enemies":"The Heart","floor":75,"turns":3}],"seed_played":"-7402935992174550064","potions_obtained":[{"floor":1.0,"key":"Strength Potion"},{"floor":4.0,"key":"BlessingOfTheForge"},{"floor":6.0,"key":"Dexterity Potion"},{"floor":9.0,"key":"Swift Potion"},{"floor":18,"key":"PowerPotion"},{"floor":20,"key":"EntropicBrew"},{"floor":62,"key":"Fruit Juice"},{"floor":66,"key":"Energy Potion"}],"is_trial":false,"path_per_floor":["M","M","?","M","M","M","M","?","E","$","M","E","R","T","T","M","R","M","R","M","$","M","R","R","B",null,"M","M","$","?","M","M","T","E","R","E","M","T","T","M","E","$","E","M","R","M","M","R","B",null,"M","?","M","M","M","M","R","E","M","T","T","M","M","?","E","M","R","M","R","B",null,"R","$","E","B",null],"character_chosen":"IRONCLAD","items_purchased":["Fire Breathing","Medical Kit","Power Through","Membership Card","Impatience","Bottled Lightning","Bottled Tornado","Sling"],"campfire_rested":0,"item_purchase_floors":[21,21,21,42,42,73,73,73],"current_hp_per_floor":[72,72,72,72,70,72,65,54,51,51,46,27,27,27,27,22,22,28,28,29,29,33,33,33,26,72,72,68,68,52,58,48,48,54,54,62,62,62,62,68,67,78,80,82,82,84,84,84,81,86,88,88,90,92,94,94,94,96,98,98,98,100,102,102,104,109,109,109,109,95,109,109,109,111,111],"gold":136,"neow_bonus":"ONE_RARE_RELIC","is_daily":false,"chose_seed":false,"campfire_upgraded":2,"win_rate":0.0,"timestamp":1614136654,"path_taken":["M","?","?","M","M","?","M","?","E","$","M","E","R","T","T","M","R","M","R","M","$","M","R","R","BOSS","M","M","$","?","M","M","?","E","R","E","M","T","T","M","E","$","E","M","R","?","M","R","BOSS","M","?","?","M","M","?","R","E","M","T","T","M","M","?","E","M","R","M","R","BOSS","R","$","E","BOSS"],"items_purchased_type":["Card","Relic","Card","Relic","Card","Relic","Relic","Relic"],"build_version":"2020-12-22","purchased_purges":4,"victory":true,"max_hp_per_floor":[72,72,72,72,72,72,72,72,72,72,72,72,72,72,72,72,72,72,72,72,72,72,72,72,72,72,72,72,72,72,72,72,72,74,74,76,78,78,78,78,78,78,80,82,82,84,84,84,86,86,88,88,90,92,94,94,94,96,98,98,98,100,102,102,104,109,109,109,109,109,109,109,109,111,111],"card_choices":[{"not_picked":["Blood for Blood","Power Through"],"picked":"Rampage","floor":1.0},{"not_picked":["Wild Strike","Perfected Strike"],"picked":"True Grit","floor":2.0},{"not_picked":["Perfected Strike","Carnage","Cleave"],"picked":"SKIP","floor":4.0},{"not_picked":["Cleave","Entrench"],"picked":"Evolve","floor":5.0},{"not_picked":["Sword Boomerang","Rupture"],"picked":"Havoc","floor":6.0},{"not_picked":["Berserk","Pummel"],"picked":"Feel No Pain","floor":7.0},{"not_picked":["Thunderclap","Dropkick","Twin Strike"],"picked":"SKIP","floor":9.0},{"not_picked":["Intimidate","Battle Trance"],"picked":"Reckless Charge","floor":11},{"not_picked":["Anger","Twin Strike","Warcry"],"picked":"SKIP","floor":12},{"not_picked":["Pummel","Headbutt","Bloodletting"],"picked":"SKIP","floor":18},{"not_picked":["Cleave","Impervious"],"picked":"Armaments","floor":20},{"not_picked":["Sword Boomerang","Shrug It Off","Bloodletting"],"picked":"SKIP","floor":22},{"not_picked":["Searing Blow","Intimidate"],"picked":"Feel No Pain","floor":27},{"not_picked":["Shrug It Off","Wild Strike","Feel No Pain+1"],"picked":"SKIP","floor":28},{"not_picked":["Pommel Strike+1","Headbutt"],"picked":"Shrug It Off+1","floor":31},{"not_picked":["Sword Boomerang","Clothesline","Clash"],"picked":"SKIP","floor":32},{"not_picked":["Headbutt","Fiend Fire","Thunderclap"],"picked":"Singing Bowl","floor":34},{"not_picked":["Sword Boomerang+1","Sentinel","Body Slam"],"picked":"Singing Bowl","floor":36},{"not_picked":["Clash","Body Slam","Evolve"],"picked":"Singing Bowl","floor":37},{"not_picked":["True Grit","Blood for Blood"],"picked":"Fire Breathing","floor":40},{"not_picked":["Evolve","Heavy Blade"],"picked":"Warcry+1","floor":41},{"not_picked":["Twin Strike","Perfected Strike","Brutality"],"picked":"Singing Bowl","floor":43},{"not_picked":["Cleave","Clothesline","Headbutt+1"],"picked":"Singing Bowl","floor":44},{"not_picked":["Searing Blow","Flex+1","Wild Strike+1"],"picked":"Singing Bowl","floor":46},{"not_picked":["Metallicize","Pommel Strike"],"picked":"Dark Embrace","floor":47},{"not_picked":["Brutality","Reaper","Impervious"],"picked":"Singing Bowl","floor":49},{"not_picked":["Bloodletting","Rampage","Pommel Strike"],"picked":"Singing Bowl","floor":51},{"not_picked":["Searing Blow+1","Shrug It Off+1","Iron Wave"],"picked":"Singing Bowl","floor":53},{"not_picked":["Blood for Blood","Clash+1","Thunderclap"],"picked":"SKIP","floor":54},{"not_picked":["Blood for Blood","Clash+1","Thunderclap"],"picked":"Singing Bowl","floor":54},{"not_picked":["Twin Strike+1","Searing Blow+1","Cleave"],"picked":"Singing Bowl","floor":55},{"not_picked":["Wild Strike","Heavy Blade"],"picked":"Dark Embrace+1","floor":56},{"not_picked":["Spot Weakness","Metallicize","Searing Blow"],"picked":"Singing Bowl","floor":58},{"not_picked":["Anger","Thunderclap+1","Shrug It Off"],"picked":"Singing Bowl","floor":59},{"not_picked":["Iron Wave+1","Reckless Charge+1","Impervious"],"picked":"Singing Bowl","floor":62},{"not_picked":["Pommel Strike+1","Clash+1","Blood for Blood"],"picked":"Singing Bowl","floor":63},{"not_picked":["Bludgeon","Sword Boomerang","Fire Breathing+1"],"picked":"Singing Bowl","floor":65},{"not_picked":["Thunderclap","Sword Boomerang+1","Cleave"],"picked":"SKIP","floor":66},{"not_picked":["True Grit","Bloodletting"],"picked":"Warcry+1","floor":68},{"not_picked":["Disarm","Cleave+1","Infernal Blade+1"],"picked":"Singing Bowl","floor":74}],"player_experience":2542433,"relics_obtained":[{"floor":3.0,"key":"Omamori"},{"floor":9.0,"key":"Shuriken"},{"floor":12,"key":"Kunai"},{"floor":14,"key":"Bottled Flame"},{"floor":15,"key":"War Paint"},{"floor":30,"key":"Enchiridion"},{"floor":33,"key":"Singing Bowl"},{"floor":34,"key":"Centennial Puzzle"},{"floor":36,"key":"Matryoshka"},{"floor":38,"key":"Toy Ornithopter"},{"floor":38,"key":"MealTicket"},{"floor":39,"key":"Orichalcum"},{"floor":39,"key":"Bag of Preparation"},{"floor":41,"key":"CeramicFish"},{"floor":43,"key":"Du-Vu Doll"},{"floor":58,"key":"Nunchaku"},{"floor":60,"key":"Anchor"},{"floor":65,"key":"Oddly Smooth Stone"},{"floor":74,"key":"Mummified Hand"}],"event_choices":[{"damage_healed":0.0,"max_hp_gain":0.0,"max_hp_loss":0.0,"gold_gain":0.0,"event_name":"Wheel of Change","player_choice":"Relic","floor":3.0,"gold_loss":0.0,"damage_taken":0.0},{"damage_healed":0.0,"max_hp_gain":0.0,"max_hp_loss":0.0,"gold_gain":75.0,"event_name":"World of Goop","player_choice":"Gather Gold","floor":8.0,"gold_loss":0.0,"damage_taken":11.0},{"damage_healed":0,"gold_gain":0,"player_choice":"Obtained Book","damage_taken":16,"max_hp_gain":0,"max_hp_loss":0,"event_name":"Cursed Tome","floor":30,"gold_loss":0},{"damage_healed":0,"gold_gain":0,"player_choice":"Copied","damage_taken":0,"max_hp_gain":0,"max_hp_loss":0,"event_name":"Duplicator","floor":52,"gold_loss":0,"cards_obtained":["Impatience"]},{"damage_healed":0,"gold_gain":0,"player_choice":"Forge","damage_taken":0,"max_hp_gain":0,"max_hp_loss":0,"event_name":"Accursed Blacksmith","floor":64,"gold_loss":0,"cards_upgraded":["Dark Embrace"]}],"is_beta":false,"boss_relics":[{"not_picked":["Busted Crown","Velvet Choker"],"picked":"Coffee Dripper"},{"not_picked":["Philosopher\u0027s Stone","Runic Pyramid"],"picked":"Mark of Pain"}],"items_purged_floors":[10,29,42,73],"is_endless":false,"potions_floor_spawned":[1,4,6,9,18,20,25,28,34,36,37,43,44,49,53,56,58,62,66],"ascension_level":1}}