{"host":"zwfzlkwql9nyrw94","time":1614210206,"event":{"mods":["AchievementEnabler","BaseMod","Colored Map","Filter the Spire","Grow up Mod","Highlight Path","Minty Spire (QoL Compilation)","Remove Card Discount Mod"],"gold_per_floor":[110,120,295,370,370,370,211,225,297,297,58,98,20,46,46,177,177,201,300,300,314,12,48,48,48,48,48,48,72,72,93,93,212,212,237,0,68,84,98,98,98,131,131,131,0,24,87,131,131,131,131,131,127,166,166],"floor_reached":56,"language":"ENG","playtime":4279,"items_purged":["Strike_B","Doubt","Defend_B","Defend_B","Strike_B","Defend_B","Defend_B","Strike_B","Apotheosis+1","Dualcast","Double Energy+1"],"score":1365,"play_id":"63e68239-a0b8-4d93-b606-47d8b7d31331","local_time":"20210224174326","is_ascension_mode":true,"campfire_choices":[{"data":"Hologram","floor":6.0,"key":"SMITH"},{"data":"Apotheosis","floor":15.0,"key":"SMITH"},{"data":"Defragment","floor":25,"key":"SMITH"},{"data":"Rainbow","floor":28,"key":"SMITH"},{"data":"Double Energy","floor":30,"key":"SMITH"},{"data":"Redo","floor":32,"key":"SMITH"},{"data":"Fission","floor":40,"key":"SMITH"},{"data":"Zap","floor":44,"key":"SMITH"},{"floor":49,"key":"RECALL"},{"data":"Redo","floor":52,"key":"SMITH"}],"circlet_count":0,"master_deck":["Zap+1","All For One+1","Hologram+1","Redo+1","Redo+1","Defragment+1","Rainbow+1","Go for the Eyes+1","Beam Cell+1","Gash+1","Gash+1","Fission+1","Madness","All For One+1","Finesse","Beam Cell+1","Reprogram+1"],"relics":["Cracked Core","Frozen Eye","Kunai","Golden Idol","Whetstone","Runic Dome","Molten Egg 2","Lantern","Bottled Flame","Nloth\u0027s Gift","Inserter","DollysMirror","Thread and Needle","Anchor","Red Mask","TungstenRod","Ancient Tea Set","Ornamental Fan"],"acts_visited":["Exordium","TheCity","TheBeyond","TheEnding"],"potions_floor_usage":[33,33,33,48,50,50,55],"damage_taken":[{"damage":0.0,"enemies":"Small Slimes","floor":1.0,"turns":2.0},{"damage":11.0,"enemies":"Jaw Worm","floor":2.0,"turns":2.0},{"damage":9.0,"enemies":"2 Louse","floor":8.0,"turns":2.0},{"damage":14.0,"enemies":"3 Sentries","floor":12.0,"turns":5.0},{"damage":0.0,"enemies":"Slime Boss","floor":16.0,"turns":4.0},{"damage":10.0,"enemies":"Chosen","floor":18.0,"turns":2.0},{"damage":22.0,"enemies":"2 Thieves","floor":21.0,"turns":3.0},{"damage":36,"enemies":"Gremlin Leader","floor":23,"turns":5},{"damage":6,"enemies":"Centurion and Healer","floor":29,"turns":3},{"damage":15,"enemies":"Snake Plant","floor":31,"turns":3},{"damage":37,"enemies":"Champ","floor":33,"turns":5},{"damage":20,"enemies":"3 Shapes","floor":35,"turns":5},{"damage":11,"enemies":"2 Orb Walkers","floor":37,"turns":2},{"damage":10,"enemies":"Orb Walker","floor":38,"turns":3},{"damage":0,"enemies":"Transient","floor":39,"turns":5},{"damage":35,"enemies":"Nemesis","floor":42,"turns":5},{"damage":0,"enemies":"Spire Growth","floor":46,"turns":3},{"damage":0,"enemies":"Mind Bloom Boss Battle","floor":47,"turns":3},{"damage":2,"enemies":"Giant Head","floor":48,"turns":6},{"damage":39,"enemies":"Donu and Deca","floor":50,"turns":6},{"damage":45,"enemies":"Shield and Spear","floor":54,"turns":4},{"damage":69,"enemies":"The Heart","floor":55,"turns":7}],"seed_played":"6191451515945927521","potions_obtained":[{"floor":1.0,"key":"FocusPotion"},{"floor":2.0,"key":"BlessingOfTheForge"},{"floor":16.0,"key":"Swift Potion"},{"floor":18.0,"key":"LiquidMemories"},{"floor":35,"key":"Strength Potion"},{"floor":39,"key":"Strength Potion"},{"floor":42,"key":"Fire Potion"},{"floor":54,"key":"Weak Potion"}],"is_trial":false,"path_per_floor":["M","M","?","?","?","R","$","M","T","?","$","E","$","T","R","B",null,"M","?","?","M","$","E","$","R","T","?","R","M","R","M","R","B",null,"M","$","?","M","M","R","?","E","T","R","?","M","?","E","R","B",null,"R","$","E","B",null],"character_chosen":"DEFECT","items_purchased":["Frozen Eye","Apotheosis","Redo","Defragment","Molten Egg 2","Beam Cell+1","Madness","DollysMirror"],"campfire_rested":0,"item_purchase_floors":[7,11,11,13,22,22,36,36],"current_hp_per_floor":[95,94,104,103,113,123,133,134,144,111,121,117,127,137,147,157,255,255,265,275,263,273,247,257,267,277,287,297,301,311,306,316,289,425,415,425,424,424,434,444,454,429,439,449,459,469,479,487,497,468,595,605,615,580,521],"gold":166,"neow_bonus":"ONE_RANDOM_RARE_CARD","is_daily":false,"chose_seed":false,"campfire_upgraded":9,"win_rate":0.0,"timestamp":1614210206,"path_taken":["M","M","?","?","?","R","$","?","T","?","$","E","$","?","R","BOSS","M","?","?","M","?","E","$","R","T","?","R","M","R","?","R","BOSS","M","$","?","M","M","R","?","E","T","R","?","M","?","E","R","BOSS","R","$","E","BOSS"],"items_purchased_type":["Relic","Card","Card","Card","Relic","Card","Card","Relic"],"build_version":"2020-12-22","purchased_purges":11,"victory":true,"max_hp_per_floor":[95,105,115,125,135,145,155,165,175,185,195,205,215,225,235,245,255,265,275,285,295,305,315,325,335,345,355,365,375,385,395,405,415,425,435,445,455,465,475,485,495,505,515,525,535,545,555,565,575,585,595,605,615,625,635],"card_choices":[{"not_picked":["Blizzard","Lockon"],"picked":"Double Energy","floor":1.0},{"not_picked":["Darkness","Coolheaded"],"picked":"Hologram","floor":2.0},{"not_picked":["Rebound","Steam"],"picked":"Redo","floor":8.0},{"not_picked":["Barrage","Leap","Self Repair"],"picked":"SKIP","floor":12.0},{"not_picked":["Core Surge","Reboot"],"picked":"Rainbow","floor":16.0},{"not_picked":["Steam+1","Force Field","Blizzard"],"picked":"SKIP","floor":18.0},{"not_picked":["Conserve Battery","Leap"],"picked":"Go for the Eyes+1","floor":21.0},{"not_picked":["Fission","Rebound+1"],"picked":"Gash+1","floor":23},{"not_picked":["Steam Power","Ball Lightning+1"],"picked":"Gash+1","floor":29},{"not_picked":["Stack","Darkness","Ball Lightning+1"],"picked":"SKIP","floor":31},{"not_picked":["Reboot","Core Surge+1"],"picked":"Fission","floor":33},{"not_picked":["Fusion","Steam+1","Leap+1"],"picked":"SKIP","floor":35},{"not_picked":["Coolheaded","Compile Driver+1","Conserve Battery+1"],"picked":"SKIP","floor":38},{"not_picked":["Compile Driver+1","Static Discharge+1","Consume+1"],"picked":"SKIP","floor":39},{"not_picked":["HandOfGreed+1","Thinking Ahead"],"picked":"Finesse","floor":41},{"not_picked":["Turbo+1","Sweeping Beam+1"],"picked":"Beam Cell+1","floor":42},{"not_picked":["Turbo+1","Glacier+1","Coolheaded+1"],"picked":"SKIP","floor":46},{"not_picked":["Self Repair","Machine Learning","Steam Power+1"],"picked":"SKIP","floor":48},{"not_picked":["Core Surge+1","Rainbow"],"picked":"Reprogram+1","floor":54}],"player_experience":239674,"relics_obtained":[{"floor":9.0,"key":"Kunai"},{"floor":12.0,"key":"Bronze Scales"},{"floor":14.0,"key":"Whetstone"},{"floor":23,"key":"Lantern"},{"floor":26,"key":"Bottled Flame"},{"floor":37,"key":"Thread and Needle"},{"floor":42,"key":"Anchor"},{"floor":47,"key":"TungstenRod"},{"floor":48,"key":"Ancient Tea Set"},{"floor":54,"key":"Ornamental Fan"}],"event_choices":[{"damage_healed":0.0,"max_hp_gain":0.0,"max_hp_loss":0.0,"gold_gain":175.0,"event_name":"Liars Game","player_choice":"AGREE","floor":3.0,"gold_loss":0.0,"damage_taken":0.0,"cards_obtained":["Doubt"]},{"damage_healed":0.0,"max_hp_gain":0.0,"max_hp_loss":0.0,"gold_gain":75.0,"event_name":"World of Goop","player_choice":"Gather Gold","floor":4.0,"gold_loss":0.0,"damage_taken":11.0},{"cards_removed":["Strike_B"],"damage_healed":0.0,"max_hp_gain":0.0,"max_hp_loss":0.0,"gold_gain":0.0,"event_name":"Bonfire Elementals","player_choice":"Offered Basic","floor":5.0,"gold_loss":0.0,"damage_taken":0.0},{"damage_healed":0.0,"max_hp_gain":0.0,"max_hp_loss":0.0,"gold_gain":0.0,"event_name":"Golden Idol","player_choice":"Take Damage","floor":10.0,"gold_loss":0.0,"damage_taken":43.0,"relics_obtained":["Golden Idol"]},{"damage_healed":0.0,"max_hp_gain":0.0,"max_hp_loss":0.0,"gold_gain":99.0,"event_name":"Nest","player_choice":"Stole From Cult","floor":19.0,"gold_loss":0.0,"damage_taken":0.0},{"damage_healed":0.0,"max_hp_gain":0.0,"max_hp_loss":0.0,"gold_gain":0.0,"event_name":"Vampires","player_choice":"Ignored","floor":20.0,"gold_loss":0.0,"damage_taken":0.0},{"damage_healed":0,"gold_gain":0,"player_choice":"Traded Relic","damage_taken":0,"relics_obtained":["Nloth\u0027s Gift"],"max_hp_gain":0,"max_hp_loss":0,"event_name":"N\u0027loth","floor":27,"relics_lost":["Bronze Scales"],"gold_loss":0},{"damage_healed":0,"gold_gain":0,"player_choice":"Fight","damage_taken":0,"max_hp_gain":0,"max_hp_loss":0,"event_name":"Mysterious Sphere","floor":37,"gold_loss":0},{"damage_healed":0,"gold_gain":0,"player_choice":"Memory 1","damage_taken":0,"max_hp_gain":0,"max_hp_loss":0,"event_name":"SensoryStone","floor":41,"gold_loss":0},{"damage_healed":0,"gold_gain":0,"player_choice":"Paid","damage_taken":0,"relics_obtained":["Red Mask"],"max_hp_gain":0,"max_hp_loss":0,"event_name":"Tomb of Lord Red Mask","floor":45,"gold_loss":131},{"damage_healed":0,"gold_gain":0,"player_choice":"Fight","damage_taken":0,"max_hp_gain":0,"max_hp_loss":0,"event_name":"MindBloom","floor":47,"gold_loss":0}],"is_beta":false,"boss_relics":[{"not_picked":["Runic Pyramid","Nuclear Battery"],"picked":"Runic Dome"},{"not_picked":["Astrolabe","SacredBark"],"picked":"Inserter"}],"items_purged_floors":[7,7,7,7,13,13,13,13,36,53,53],"is_endless":false,"potions_floor_spawned":[1,2,16,18,29,35,39,42,54],"ascension_level":1}}