{"host":"s41rn2jhghpwfrvz","time":1614136275,"event":{"mods":["BaseMod","Minty Spire (QoL Compilation)","Quick Restart","Relic Stats","SuperFastMode"],"gold_per_floor":[111,127,127,277,63,89,89,120,147,187,187,223,223,223,223,317,317,336,356,371,371,83,122,22,58,58,93,112,112,147,147,147,236,236,254,273,273,286,69,103,103,142,142,186,201,239,239,274,274,274,274,274,274,42,77,77],"floor_reached":57,"language":"ENG","playtime":1649,"items_purged":["Doubt","Melter","Carnage","Swivel+1"],"score":4125,"play_id":"3d507ea5-5466-4ebd-a008-de41d5d2bf37","local_time":"20210224051115","daily_mods":["SealedDeck","Diverse","Elite Swarm"],"is_ascension_mode":true,"campfire_choices":[{"data":"Body Slam","floor":11,"key":"SMITH"},{"data":"Offering","floor":13,"key":"SMITH"},{"data":"Genetic Algorithm","floor":15,"key":"SMITH"},{"data":"Scrawl","floor":32,"key":"SMITH"},{"floor":41,"key":"RECALL"},{"data":"Backflip","floor":47,"key":"SMITH"},{"data":"Scrawl","floor":49,"key":"SMITH"},{"data":"Uppercut","floor":53,"key":"SMITH"}],"circlet_count":0,"master_deck":["AscendersBane","Carnage","Ghostly Armor","Uppercut+1","Blade Dance+1","Genetic Algorithm+1","Intimidate","Feel No Pain+1","Body Slam+1","Offering+1","Core Surge","Core Surge","DeusExMachina","Backflip+1","Offering","Scrawl+1","Scrawl+1","CutThroughFate"],"relics":["Burning Blood","Blue Candle","Golden Idol","Eternal Feather","Anchor","War Paint","Blood Vial","Sozu","MutagenicStrength","Sundial","Mercury Hourglass","StoneCalendar","Ginger","Orichalcum","Calling Bell","Smiling Mask","Darkstone Periapt","Champion Belt","ClockworkSouvenir","Bronze Scales","Self Forming Clay","Ornamental Fan","Ice Cream","Oddly Smooth Stone","The Courier","Lantern","Du-Vu Doll"],"acts_visited":["Exordium","TheCity","TheBeyond","TheEnding"],"potions_floor_usage":[10,56,56],"damage_taken":[{"damage":0,"enemies":"Cultist","floor":1,"turns":3},{"damage":0,"enemies":"2 Louse","floor":2,"turns":3},{"damage":4,"enemies":"Lagavulin","floor":6,"turns":6},{"damage":15,"enemies":"3 Sentries","floor":8,"turns":6},{"damage":6,"enemies":"Lagavulin","floor":10,"turns":5},{"damage":6,"enemies":"3 Sentries","floor":12,"turns":4},{"damage":16,"enemies":"The Guardian","floor":16,"turns":8},{"damage":6,"enemies":"3 Byrds","floor":18,"turns":4},{"damage":6,"enemies":"Chosen","floor":19,"turns":2},{"damage":13,"enemies":"Shelled Parasite and Fungi","floor":20,"turns":3},{"damage":6,"enemies":"Gremlin Leader","floor":23,"turns":3},{"damage":6,"enemies":"Book of Stabbing","floor":25,"turns":3},{"damage":12,"enemies":"Gremlin Leader","floor":27,"turns":3},{"damage":6,"enemies":"Snecko","floor":28,"turns":3},{"damage":12,"enemies":"Slavers","floor":30,"turns":2},{"damage":12,"enemies":"Collector","floor":33,"turns":3},{"damage":12,"enemies":"3 Darklings","floor":35,"turns":1},{"damage":12,"enemies":"3 Shapes","floor":36,"turns":1},{"damage":12,"enemies":"Jaw Worm Horde","floor":38,"turns":1},{"damage":12,"enemies":"Nemesis","floor":40,"turns":3},{"damage":6,"enemies":"Reptomancer","floor":42,"turns":1},{"damage":12,"enemies":"Nemesis","floor":44,"turns":1},{"damage":12,"enemies":"Maw","floor":45,"turns":1},{"damage":12,"enemies":"Giant Head","floor":46,"turns":1},{"damage":12,"enemies":"Nemesis","floor":48,"turns":3},{"damage":12,"enemies":"Donu and Deca","floor":50,"turns":1},{"damage":12,"enemies":"Awakened One","floor":51,"turns":3},{"damage":12,"enemies":"Shield and Spear","floor":55,"turns":1},{"damage":37,"enemies":"The Heart","floor":56,"turns":5}],"seed_played":"-8395480841403564600","potions_obtained":[{"floor":1,"key":"Fruit Juice"},{"floor":2,"key":"SpeedPotion"},{"floor":16,"key":"PowerPotion"}],"is_trial":true,"path_per_floor":["M","M","?","?","$","E","?","E","T","E","R","E","R","?","R","B",null,"M","M","M","?","$","E","$","E","T","E","M","?","E","?","R","B",null,"M","M","?","M","$","E","R","E","T","E","M","E","R","E","R","B","B",null,"R","$","E","B",null],"character_chosen":"IRONCLAD","items_purchased":["Feel No Pain","Body Slam","Sundial","ClockworkSouvenir","Lantern","CutThroughFate"],"campfire_rested":0,"item_purchase_floors":[5,5,22,39,54,54],"current_hp_per_floor":[74,75,80,80,80,80,52,43,43,48,57,57,66,66,75,67,81,83,85,78,78,78,80,80,82,82,78,80,85,79,54,66,62,83,79,75,75,71,71,67,76,78,78,74,70,66,75,71,80,76,72,86,90,90,84,55],"gold":77,"neow_bonus":"","is_daily":false,"chose_seed":false,"campfire_upgraded":7,"win_rate":0.0,"timestamp":1614136275,"path_taken":["M","M","?","?","$","E","?","E","T","E","R","E","R","?","R","BOSS","M","M","M","?","?","E","$","E","T","E","M","?","E","?","R","BOSS","M","M","?","?","$","E","R","E","T","E","M","E","R","E","R","BOSS","BOSS","R","$","E","BOSS"],"items_purchased_type":["Card","Card","Relic","Relic","Relic","Card"],"build_version":"2020-12-22","purchased_purges":4,"victory":true,"max_hp_per_floor":[75,75,80,80,80,80,80,80,80,85,85,85,85,85,85,85,85,85,85,85,85,85,85,85,85,85,85,85,85,85,90,90,90,90,90,90,90,90,90,90,90,90,90,90,90,90,90,90,90,90,90,90,90,90,90,90],"relic_stats":{"Darkstone Periapt":0,"counters":[29,84],"Golden Idol":217,"Self Forming Clay":[15],"Blue Candle":[0],"Eternal Feather":70,"StoneCalendar":[0],"Ginger":[4],"War Paint":["Blade Dance","Swivel"],"Orichalcum":[0],"Smiling Mask":145,"Burning Blood":167,"Mercury Hourglass":[155],"Blood Vial":40,"Sozu":8,"Sundial":[80],"Ornamental Fan":[156],"Bronze Scales":[63],"Champion Belt":[15],"obtain_stats":[{"Darkstone Periapt":34,"Ice Cream":44,"Lantern":54,"StoneCalendar":25,"Ginger":27,"Smiling Mask":34,"Burning Blood":0,"ClockworkSouvenir":39,"Blood Vial":12,"Sozu":17,"Sundial":22,"Golden Idol":7,"Self Forming Clay":42,"Blue Candle":6,"Oddly Smooth Stone":46,"Eternal Feather":8,"The Courier":48,"War Paint":10,"Orichalcum":30,"Mercury Hourglass":23,"Calling Bell":34,"Du-Vu Doll":55,"Anchor":9,"Ornamental Fan":43,"MutagenicStrength":21,"Bronze Scales":40,"Champion Belt":34},{"Darkstone Periapt":16,"Ice Cream":22,"Lantern":27,"StoneCalendar":12,"Ginger":13,"Smiling Mask":16,"Burning Blood":0,"ClockworkSouvenir":19,"Blood Vial":6,"Sozu":7,"Sundial":10,"Golden Idol":3,"Self Forming Clay":21,"Blue Candle":3,"Oddly Smooth Stone":24,"Eternal Feather":4,"The Courier":25,"War Paint":5,"Orichalcum":15,"Mercury Hourglass":11,"Calling Bell":16,"Du-Vu Doll":28,"Anchor":4,"Ornamental Fan":21,"MutagenicStrength":10,"Bronze Scales":20,"Champion Belt":16},{"Darkstone Periapt":61,"Ice Cream":69,"Lantern":78,"StoneCalendar":50,"Ginger":53,"Smiling Mask":61,"Burning Blood":0,"ClockworkSouvenir":64,"Blood Vial":27,"Sozu":35,"Sundial":44,"Golden Idol":12,"Self Forming Clay":68,"Blue Candle":12,"Oddly Smooth Stone":71,"Eternal Feather":18,"The Courier":74,"War Paint":23,"Orichalcum":58,"Mercury Hourglass":47,"Calling Bell":61,"Du-Vu Doll":79,"Anchor":18,"Ornamental Fan":68,"MutagenicStrength":44,"Bronze Scales":67,"Champion Belt":61}]},"card_choices":[{"not_picked":["CutThroughFate","Steam","Quick Slash"],"picked":"SKIP","floor":1},{"not_picked":["Hemokinesis","Prostrate","Turbo"],"picked":"SKIP","floor":2},{"not_picked":["All For One","Fiend Fire"],"picked":"Offering","floor":6},{"not_picked":["Bludgeon","A Thousand Cuts"],"picked":"Core Surge","floor":8},{"not_picked":["Judgement","Envenom"],"picked":"Core Surge","floor":10},{"not_picked":["Judgement","Wish","Storm of Steel"],"picked":"SKIP","floor":12},{"not_picked":["Reboot","Alpha"],"picked":"DeusExMachina","floor":16},{"not_picked":["Outmaneuver+1","EmptyFist","Backstab"],"picked":"SKIP","floor":18},{"not_picked":["Stack","Pummel","Masterful Stab"],"picked":"SKIP","floor":19},{"not_picked":["Clothesline+1","Pommel Strike"],"picked":"Backflip","floor":20},{"not_picked":["LessonLearned","Storm of Steel","Immolate"],"picked":"SKIP","floor":23},{"not_picked":["Venomology","Wish"],"picked":"Offering","floor":25},{"not_picked":["Bludgeon","Grand Finale"],"picked":"Scrawl","floor":27},{"not_picked":["Turbo","Barrage","Go for the Eyes"],"picked":"SKIP","floor":28},{"not_picked":["Seek","Immolate"],"picked":"Scrawl","floor":30},{"not_picked":["Protect+1","Redo","Backstab"],"picked":"SKIP","floor":35},{"not_picked":["Wild Strike","Spot Weakness","Pommel Strike"],"picked":"SKIP","floor":36},{"not_picked":["Dagger Spray+1","Exhume","BattleHymn+1"],"picked":"SKIP","floor":38},{"not_picked":["Wraith Form v2","Thunder Strike","Omniscience"],"picked":"SKIP","floor":40},{"not_picked":["SpiritShield","Burst","Rainbow"],"picked":"SKIP","floor":42},{"not_picked":["Ragnarok","Grand Finale","Tools of the Trade"],"picked":"SKIP","floor":44},{"not_picked":["Rebound","Clothesline+1","Dagger Spray"],"picked":"SKIP","floor":45},{"not_picked":["Creative AI","Immolate","Reboot"],"picked":"SKIP","floor":46},{"not_picked":["Bludgeon","Doppelganger","Juggernaut"],"picked":"SKIP","floor":48},{"not_picked":["Exhume","Establishment","ConjureBlade"],"picked":"SKIP","floor":55}],"player_experience":2000188,"relics_obtained":[{"floor":6,"key":"Blue Candle"},{"floor":8,"key":"Eternal Feather"},{"floor":9,"key":"Anchor"},{"floor":10,"key":"War Paint"},{"floor":12,"key":"Blood Vial"},{"floor":23,"key":"Mercury Hourglass"},{"floor":25,"key":"StoneCalendar"},{"floor":27,"key":"Ginger"},{"floor":30,"key":"Orichalcum"},{"floor":34,"key":"Smiling Mask"},{"floor":34,"key":"Darkstone Periapt"},{"floor":34,"key":"Champion Belt"},{"floor":40,"key":"Bronze Scales"},{"floor":42,"key":"Self Forming Clay"},{"floor":43,"key":"Ornamental Fan"},{"floor":44,"key":"Ice Cream"},{"floor":46,"key":"Oddly Smooth Stone"},{"floor":48,"key":"The Courier"},{"floor":55,"key":"Du-Vu Doll"}],"event_choices":[{"damage_healed":0,"gold_gain":0,"player_choice":"Donut","damage_taken":0,"max_hp_gain":5,"max_hp_loss":0,"event_name":"Big Fish","floor":3,"gold_loss":0},{"damage_healed":0,"gold_gain":150,"player_choice":"AGREE","damage_taken":0,"max_hp_gain":0,"max_hp_loss":0,"event_name":"Liars Game","floor":4,"gold_loss":0,"cards_obtained":["Doubt"]},{"damage_healed":0,"gold_gain":0,"player_choice":"Take Damage","damage_taken":28,"relics_obtained":["Golden Idol"],"max_hp_gain":0,"max_hp_loss":0,"event_name":"Golden Idol","floor":7,"gold_loss":0},{"damage_healed":0,"gold_gain":0,"player_choice":"Grow","damage_taken":0,"max_hp_gain":0,"max_hp_loss":0,"event_name":"Living Wall","floor":14,"gold_loss":0,"cards_upgraded":["Feel No Pain"]},{"damage_healed":0,"gold_gain":0,"player_choice":"Inject Mutagens","damage_taken":0,"relics_obtained":["MutagenicStrength"],"max_hp_gain":0,"max_hp_loss":0,"event_name":"Drug Dealer","floor":21,"gold_loss":0},{"damage_healed":17,"gold_gain":0,"player_choice":"Heal","damage_taken":0,"max_hp_gain":0,"max_hp_loss":0,"event_name":"The Library","floor":29,"gold_loss":0},{"damage_healed":0,"gold_gain":0,"player_choice":"Shed Blood","damage_taken":30,"max_hp_gain":5,"max_hp_loss":0,"event_name":"Forgotten Altar","floor":31,"gold_loss":0},{"cards_removed":["Noxious Fumes"],"damage_healed":0,"gold_gain":0,"player_choice":"Card Removal","damage_taken":0,"max_hp_gain":0,"max_hp_loss":0,"event_name":"Wheel of Change","floor":37,"gold_loss":0}],"is_beta":false,"boss_relics":[{"not_picked":["Black Blood","Ectoplasm"],"picked":"Sozu"},{"not_picked":["Tiny House","Velvet Choker"],"picked":"Calling Bell"}],"items_purged_floors":[5,24,39,54],"is_endless":false,"potions_floor_spawned":[1,2,10,16,19,27,28,38,40,45,46,48,55],"ascension_level":20}}