{"host":"en4narc5947t7k9n","time":1614181246,"event":{"mods":["AchievementEnabler","BaseMod","Colored Map","Minty Spire (QoL Compilation)","SuperFastMode"],"gold_per_floor":[119,44,44,54,69,98,113,128,128,46,66,141,26,45,45,148,148,158,174,31,46,56,56,56,70,70,83,83,83,11,23,23,23,23],"floor_reached":33,"language":"KOR","playtime":1322,"items_purged":["Strike_R"],"score":278,"play_id":"a385b93b-4f5b-476e-97b7-d3b8a4a61855","local_time":"20210225004046","is_ascension_mode":false,"campfire_choices":[{"floor":15,"key":"REST"},{"floor":23,"key":"RECALL"},{"data":"Infernal Blade","floor":28,"key":"SMITH"},{"data":"Infernal Blade","floor":32,"key":"SMITH"}],"circlet_count":0,"master_deck":["Defend_R","Defend_R","Defend_R","Defend_R","Bash","Infernal Blade+1","Spot Weakness","Searing Blow","Infernal Blade+1","Feed","Havoc","Flex","Bloodletting+1","True Grit+1","Shockwave+1","Bandage Up+1","Shrug It Off+1","Shrug It Off+1","Offering+1","Clash+1","Armaments+1","Spot Weakness+1","Iron Wave","Flex+1","Exhume+1","Bite","Bite","Bite","Bite","Bite","Limit Break+1","Anger"],"relics":["Burning Blood","Regal Pillow","Happy Flower","Toxic Egg 2","Coffee Dripper"],"acts_visited":["Exordium","TheCity"],"potions_floor_usage":[6,14,16,25,25,25,27,33,33],"damage_taken":[{"damage":1,"enemies":"2 Louse","floor":1,"turns":4},{"damage":1,"enemies":"Cultist","floor":4,"turns":3},{"damage":13,"enemies":"Jaw Worm","floor":5,"turns":2},{"damage":32,"enemies":"Lagavulin","floor":6,"turns":5},{"damage":21,"enemies":"Lots of Slimes","floor":7,"turns":3},{"damage":11,"enemies":"Blue Slaver","floor":8,"turns":3},{"damage":3,"enemies":"Large Slime","floor":11,"turns":4},{"damage":16,"enemies":"Exordium Thugs","floor":14,"turns":3},{"damage":12,"enemies":"The Guardian","floor":16,"turns":12},{"damage":1,"enemies":"Chosen","floor":18,"turns":4},{"damage":5,"enemies":"Shell Parasite","floor":19,"turns":4},{"damage":12,"enemies":"Snecko","floor":21,"turns":5},{"damage":95,"enemies":"Chosen and Byrds","floor":22,"turns":14},{"damage":25,"enemies":"Snake Plant","floor":25,"turns":4},{"damage":12,"enemies":"Cultist and Chosen","floor":27,"turns":4},{"damage":5,"enemies":"Chosen and Byrds","floor":31,"turns":4},{"damage":93,"enemies":"Automaton","floor":33,"turns":6}],"seed_played":"9194232541751321901","potions_obtained":[{"floor":5,"key":"EssenceOfSteel"},{"floor":11,"key":"Weak Potion"},{"floor":14,"key":"GamblersBrew"},{"floor":16,"key":"FairyPotion"},{"floor":18,"key":"Energy Potion"},{"floor":21,"key":"EntropicBrew"},{"floor":27,"key":"FearPotion"}],"is_trial":false,"path_per_floor":["M","$","?","M","M","E","M","M","T","$","M","?","$","M","R","B",null,"M","M","$","M","M","R","$","M","T","M","R","?","$","M","R","B"],"character_chosen":"IRONCLAD","items_purchased":["Bloodletting+1","True Grit+1","Bandage Up+1","Shrug It Off+1","Blood Vial","Limit Break+1"],"campfire_rested":1,"item_purchase_floors":[10,10,13,13,20,30],"current_hp_per_floor":[80,80,80,80,73,47,32,27,27,27,30,19,19,12,51,51,83,83,83,83,77,30,30,30,29,29,31,31,31,31,38,38,0,0],"gold":23,"neow_bonus":"RANDOM_COMMON_RELIC","is_daily":false,"chose_seed":false,"campfire_upgraded":2,"win_rate":0.0,"timestamp":1614181246,"path_taken":["M","$","?","M","M","E","?","M","T","$","M","?","?","M","R","BOSS","M","M","$","M","M","R","?","M","T","M","R","?","$","M","R","BOSS"],"items_purchased_type":["Card","Card","Card","Card","Relic","Card"],"build_version":"2020-12-22","purchased_purges":1,"victory":false,"max_hp_per_floor":[80,80,80,80,80,80,80,80,80,80,80,80,80,83,83,83,83,83,83,83,83,83,83,83,83,83,83,83,83,83,83,83,83,83],"card_choices":[{"not_picked":["Wild Strike","Seeing Red"],"picked":"Infernal Blade","floor":1},{"not_picked":["Hemokinesis","Thunderclap"],"picked":"Searing Blow","floor":4},{"not_picked":["Headbutt","True Grit"],"picked":"Infernal Blade","floor":5},{"not_picked":["Iron Wave","Headbutt"],"picked":"Feed","floor":6},{"not_picked":["True Grit","Twin Strike"],"picked":"Havoc","floor":7},{"not_picked":["Warcry","Armaments"],"picked":"Flex","floor":8},{"not_picked":["Thunderclap","Heavy Blade"],"picked":"Shockwave+1","floor":11},{"not_picked":["Warcry+1","Whirlwind"],"picked":"Shrug It Off+1","floor":14},{"not_picked":["Demon Form","Feed"],"picked":"Offering+1","floor":16},{"not_picked":["Twin Strike","Hemokinesis"],"picked":"Clash+1","floor":18},{"not_picked":["Intimidate+1","Hemokinesis"],"picked":"Armaments+1","floor":19},{"not_picked":["Fire Breathing+1","Twin Strike"],"picked":"Spot Weakness+1","floor":21},{"not_picked":["Heavy Blade+1","Combust"],"picked":"Iron Wave","floor":22},{"not_picked":["Headbutt","Burning Pact+1"],"picked":"Flex+1","floor":25},{"not_picked":["Havoc+1","Heavy Blade+1"],"picked":"Exhume+1","floor":27},{"not_picked":["Twin Strike","Blood for Blood"],"picked":"Anger","floor":31}],"player_experience":205174,"relics_obtained":[{"floor":6,"key":"Happy Flower"},{"floor":9,"key":"Toxic Egg 2"}],"event_choices":[{"damage_healed":0,"gold_gain":0,"player_choice":"1 cards matched","damage_taken":0,"max_hp_gain":0,"max_hp_loss":0,"event_name":"Match and Keep!","floor":3,"gold_loss":0,"cards_obtained":["Spot Weakness"]},{"damage_healed":0,"gold_gain":75,"player_choice":"Gather Gold","damage_taken":11,"max_hp_gain":0,"max_hp_loss":0,"event_name":"World of Goop","floor":12,"gold_loss":0},{"damage_healed":0,"gold_gain":0,"player_choice":"Became a vampire (Vial)","damage_taken":0,"max_hp_gain":0,"max_hp_loss":0,"event_name":"Vampires","floor":29,"relics_lost":["Blood Vial"],"gold_loss":0,"cards_obtained":["Bite","Bite","Bite","Bite","Bite"]}],"is_beta":false,"boss_relics":[{"not_picked":["SlaversCollar","Calling Bell"],"picked":"Coffee Dripper"}],"items_purged_floors":[2],"is_endless":false,"potions_floor_spawned":[5,11,14,16,18,21,27],"killed_by":"Automaton","ascension_level":0}}