{"host":"q0qnzbgdx8oqogg9","time":1614187279,"event":{"mods":["BaseMod","Minty Spire (QoL Compilation)","StSLib"],"gold_per_floor":[17,32,44,44,44,77,126,161,161,161,179,179,179,254,254,328,328,338,338,357,357,375,375,144,172,172,201,211,224,224,224,224,300,300,319,319,333,38,48,79,79,110,110,122,140,140,140,62,62,62],"floor_reached":51,"language":"ENG","playtime":1922,"items_purged":[],"score":1330,"play_id":"3b0d7623-6cbc-443c-b17f-0c5fafc13562","local_time":"20210224122119","is_ascension_mode":true,"campfire_choices":[{"data":"Bouncing Flask","floor":10.0,"key":"SMITH"},{"data":"Skewer","floor":13.0,"key":"SMITH"},{"floor":15.0,"key":"REST"},{"data":"Glass Knife","floor":23.0,"key":"SMITH"},{"floor":32.0,"key":"REST"},{"data":"1","floor":46,"key":"LIFT"},{"data":"2","floor":49,"key":"LIFT"}],"circlet_count":0,"master_deck":["AscendersBane","Defend_G","Defend_G+1","Defend_G+1","Survivor","Neutralize+1","Terror+1","Quick Slash","Quick Slash","Sucker Punch","Bouncing Flask+1","Skewer+1","Glass Knife+1","Cloak And Dagger","Bite","Bite","Bite","Bite","Dash","Infinite Blades","Calculated Gamble","Dash+1","Blade Dance","Die Die Die","Accuracy+1","After Image+1","Secret Technique+1","Blade Dance","Backflip","Footwork","Burst","After Image+1","Finisher","Crippling Poison","Cloak And Dagger","Well Laid Plans+1","Predator"],"relics":["Ring of the Snake","Lizard Tail","Dream Catcher","Potion Belt","War Paint","Oddly Smooth Stone","Cursed Key","Sling","Happy Flower","Boot","Astrolabe","DollysMirror","Eternal Feather","Girya","Smiling Mask"],"acts_visited":["Exordium","TheCity","TheBeyond"],"potions_floor_usage":[45,50,50,50],"damage_taken":[{"damage":1.0,"enemies":"Small Slimes","floor":1.0,"turns":5.0},{"damage":2.0,"enemies":"Jaw Worm","floor":2.0,"turns":5.0},{"damage":0.0,"enemies":"2 Louse","floor":3.0,"turns":3.0},{"damage":24.0,"enemies":"3 Sentries","floor":6.0,"turns":9.0},{"damage":20.0,"enemies":"Lagavulin","floor":8.0,"turns":6.0},{"damage":6.0,"enemies":"Large Slime","floor":11.0,"turns":5.0},{"damage":25.0,"enemies":"Hexaghost","floor":16.0,"turns":9.0},{"damage":8.0,"enemies":"3 Byrds","floor":18.0,"turns":4.0},{"damage":9.0,"enemies":"Shell Parasite","floor":20.0,"turns":4.0},{"damage":8.0,"enemies":"Snake Plant","floor":22.0,"turns":3.0},{"damage":22.0,"enemies":"Gremlin Leader","floor":25.0,"turns":6.0},{"damage":6.0,"enemies":"Book of Stabbing","floor":27.0,"turns":3.0},{"damage":0.0,"enemies":"Centurion and Healer","floor":28.0,"turns":6.0},{"damage":2.0,"enemies":"Snecko","floor":29.0,"turns":3.0},{"damage":92.0,"enemies":"Collector","floor":33.0,"turns":9.0},{"damage":15,"enemies":"3 Darklings","floor":35,"turns":9},{"damage":1,"enemies":"3 Shapes","floor":37,"turns":10},{"damage":0,"enemies":"Transient","floor":39,"turns":5},{"damage":42,"enemies":"Reptomancer","floor":40,"turns":6},{"damage":1,"enemies":"Nemesis","floor":42,"turns":5},{"damage":0,"enemies":"Jaw Worm Horde","floor":44,"turns":4},{"damage":0,"enemies":"Spire Growth","floor":45,"turns":4},{"damage":46,"enemies":"Donu and Deca","floor":50,"turns":9}],"seed_played":"2724972973451744161","potions_obtained":[{"floor":1.0,"key":"GamblersBrew"},{"floor":2.0,"key":"Explosive Potion"},{"floor":8.0,"key":"ColorlessPotion"},{"floor":16.0,"key":"Ancient Potion"},{"floor":20.0,"key":"Dexterity Potion"},{"floor":27.0,"key":"FairyPotion"},{"floor":28.0,"key":"EntropicBrew"},{"floor":29.0,"key":"FearPotion"},{"floor":33.0,"key":"Explosive Potion"},{"floor":39,"key":"Explosive Potion"},{"floor":42,"key":"Ancient Potion"},{"floor":44,"key":"ColorlessPotion"}],"is_trial":false,"path_per_floor":["M","M","M","$","?","E","T","E","T","R","M","?","R","?","R","B",null,"M","?","M","?","M","R","$","E","T","E","M","M","T","?","R","B",null,"M","?","M","$","M","E","?","E","T","M","M","R","?","$","R","B",null],"character_chosen":"THE_SILENT","items_purchased":["Infinite Blades","Sling","Footwork","Burst","DollysMirror","Predator"],"campfire_rested":2,"item_purchase_floors":[24,24,38,38,38,48],"current_hp_per_floor":[58,56,56,56,36,12,12,33,33,33,27,49,49,38,57,32,58,50,50,41,41,37,37,37,29,29,32,46,44,44,33,48,23,44,45,45,46,46,50,14,14,19,19,23,31,51,48,48,48,8],"gold":62,"neow_bonus":"ONE_RARE_RELIC","is_daily":false,"chose_seed":false,"campfire_upgraded":3,"win_rate":0.0,"timestamp":1614187279,"path_taken":["M","M","M","$","?","E","?","E","T","R","M","?","R","?","R","BOSS","M","?","M","?","M","R","$","E","T","E","M","M","?","?","R","BOSS","M","?","M","$","M","E","?","E","T","M","?","R","?","$","R","BOSS"],"items_purchased_type":["Card","Relic","Card","Card","Relic","Card"],"build_version":"2020-12-22","purchased_purges":0,"victory":true,"max_hp_per_floor":[66,66,66,66,66,66,66,66,66,66,66,66,66,66,66,66,66,66,66,66,46,46,46,46,46,46,46,46,46,46,51,51,51,51,51,51,51,51,51,51,51,51,51,51,51,51,48,48,48,48],"card_choices":[{"not_picked":["Deflect","Underhanded Strike"],"picked":"Terror","floor":1.0},{"not_picked":["Outmaneuver","Dagger Throw"],"picked":"Quick Slash","floor":2.0},{"not_picked":["Dagger Throw","Distraction"],"picked":"Quick Slash","floor":3.0},{"not_picked":["Calculated Gamble","Deflect"],"picked":"Sucker Punch","floor":6.0},{"not_picked":["Tools of the Trade","Deflect"],"picked":"Bouncing Flask","floor":8.0},{"not_picked":["Underhanded Strike","Leg Sweep"],"picked":"Skewer","floor":11.0},{"not_picked":["Deadly Poison","Reflex"],"picked":"Dagger Spray","floor":15.0},{"not_picked":["Doppelganger","Storm of Steel"],"picked":"Glass Knife","floor":16.0},{"not_picked":["Dagger Throw","Deflect","Dodge and Roll"],"picked":"SKIP","floor":18.0},{"not_picked":["Bouncing Flask","Setup"],"picked":"Cloak And Dagger","floor":20.0},{"not_picked":["Flechettes","Flying Knee"],"picked":"Dash","floor":22.0},{"not_picked":["A Thousand Cuts","Dagger Throw"],"picked":"Calculated Gamble","floor":25.0},{"not_picked":["Concentrate","Underhanded Strike","Riddle With Holes"],"picked":"SKIP","floor":27.0},{"not_picked":["Backstab","Distraction"],"picked":"Dash+1","floor":28.0},{"not_picked":["Deadly Poison","Dagger Throw","Dodge and Roll"],"picked":"SKIP","floor":29.0},{"not_picked":["Dodge and Roll","Cloak And Dagger"],"picked":"Blade Dance","floor":32.0},{"not_picked":["Malaise","Glass Knife"],"picked":"Die Die Die","floor":33.0},{"not_picked":["Flying Knee","PiercingWail"],"picked":"Blade Dance","floor":35},{"not_picked":["Bouncing Flask","Dagger Spray"],"picked":"Backflip","floor":37},{"not_picked":["Skewer","Deadly Poison+1"],"picked":"Finisher","floor":39},{"not_picked":["Backflip","Expertise+1"],"picked":"Crippling Poison","floor":40},{"not_picked":["Slice","Outmaneuver"],"picked":"Cloak And Dagger","floor":42},{"not_picked":["Choke","Storm of Steel","Skewer"],"picked":"SKIP","floor":44},{"not_picked":["Endless Agony","Dodge and Roll+1"],"picked":"Well Laid Plans+1","floor":45}],"player_experience":378586,"relics_obtained":[{"floor":6.0,"key":"Dream Catcher"},{"floor":7.0,"key":"Potion Belt"},{"floor":8.0,"key":"War Paint"},{"floor":9.0,"key":"Oddly Smooth Stone"},{"floor":25.0,"key":"Happy Flower"},{"floor":27.0,"key":"Boot"},{"floor":40,"key":"Eternal Feather"},{"floor":42,"key":"Smiling Mask"}],"event_choices":[{"damage_healed":0.0,"max_hp_gain":0.0,"max_hp_loss":0.0,"gold_gain":0.0,"event_name":"Shining Light","player_choice":"Entered Light","floor":5.0,"gold_loss":0.0,"damage_taken":20.0,"cards_upgraded":["Defend_G","Neutralize"]},{"damage_healed":22.0,"max_hp_gain":0.0,"max_hp_loss":0.0,"gold_gain":0.0,"event_name":"Big Fish","player_choice":"Banana","floor":12.0,"gold_loss":0.0,"damage_taken":0.0},{"damage_healed":0.0,"max_hp_gain":0.0,"max_hp_loss":0.0,"gold_gain":75.0,"event_name":"World of Goop","player_choice":"Gather Gold","floor":14.0,"gold_loss":0.0,"damage_taken":11.0},{"damage_healed":0.0,"max_hp_gain":0.0,"max_hp_loss":0.0,"gold_gain":0.0,"event_name":"Ghosts","player_choice":"Ignored","floor":19.0,"gold_loss":0.0,"damage_taken":0.0},{"damage_healed":0.0,"max_hp_gain":0.0,"max_hp_loss":20.0,"gold_gain":0.0,"event_name":"Vampires","player_choice":"Became a vampire","floor":21.0,"gold_loss":0.0,"damage_taken":0.0,"cards_obtained":["Bite","Bite","Bite","Bite","Bite"]},{"damage_healed":0.0,"max_hp_gain":5.0,"max_hp_loss":0.0,"gold_gain":0.0,"event_name":"Forgotten Altar","player_choice":"Shed Blood","floor":31.0,"gold_loss":0.0,"damage_taken":16.0},{"cards_removed":["Dagger Spray"],"damage_healed":0,"gold_gain":0,"player_choice":"Removed Attack","damage_taken":0,"max_hp_gain":0,"max_hp_loss":0,"event_name":"Falling","floor":36,"gold_loss":0},{"damage_healed":0,"gold_gain":0,"player_choice":"Gave Potion","damage_taken":0,"relics_obtained":["Girya"],"max_hp_gain":0,"max_hp_loss":0,"event_name":"WeMeetAgain","floor":41,"gold_loss":0},{"damage_healed":0,"gold_gain":0,"player_choice":"Max HP","damage_taken":0,"max_hp_gain":0,"max_hp_loss":3,"event_name":"Winding Halls","floor":47,"gold_loss":0}],"is_beta":false,"boss_relics":[{"not_picked":["Philosopher\u0027s Stone","Sozu"],"picked":"Cursed Key"},{"not_picked":["HoveringKite","Fusion Hammer"],"picked":"Astrolabe"}],"items_purged_floors":[],"is_endless":false,"potions_floor_spawned":[1,2,8,16,20,27,28,29,33,39,42,44],"ascension_level":15}}