{"host":"i9wanet4r0ff4t9y","time":1614168099,"event":{"mods":["2.2 Compatiblity","Act Like it!","BaseMod","Bestiary","Better Altar","Better Match","Better Note","Better Sensory Stone","Better Skull","Better Third Choice","Better Vampires","BetterRewards","CapriCore","Colored Map","Conspire","Curses Come First","Downfall","Energized Spire","Hubris","Minty Spire (QoL Compilation)","Quick Restart","READ ME - Guardian Mod","READ ME - Snecko Mod","Relic Stats","Reliquary","Ruina","Say the Spire","Spicy Shops","StSLib","The Gatherer","Transform Curses","Waifu the Spire"],"gold_per_floor":[111,111,126,126,138,138,138,138,138,138,4,4,14,34,34,113,113,132,132,142,142,0,0,17,17,40,59,59,59,76,94,94,172,172,188,188,199,199,199],"floor_reached":38,"language":"POL","playtime":1018,"items_purged":[],"score":757,"play_id":"631b0935-c288-440c-8957-e60508db15c1","local_time":"20210224130139","is_ascension_mode":true,"campfire_choices":[{"floor":6.0,"key":"REST"},{"floor":8.0,"key":"REST"},{"data":"Noxious Fumes","floor":10.0,"key":"SMITH"},{"data":"Catalyst","floor":15.0,"key":"SMITH"},{"data":"Bouncing Flask","floor":23.0,"key":"SMITH"},{"floor":29.0,"key":"REST"},{"floor":32.0,"key":"REST"}],"circlet_count":0,"master_deck":["AscendersBane","Strike_G","Strike_G","Strike_G","Strike_G","Strike_G","Defend_G","Defend_G","Defend_G","Defend_G","Defend_G","Survivor","Neutralize","Infinite Blades","Predator","Infinite Blades+1","Slice","Backflip","Predator","Quick Slash","Noxious Fumes+1","Regret","Bouncing Flask+1","Dramatic Entrance","Catalyst+1","Die Die Die","Infinite Blades","Cloak And Dagger","Decay","Bouncing Flask","Crippling Poison","Shame","Accuracy","Heel Hook","Glass Knife","Deflect+1","Choke"],"relics":["Ring of the Snake","conspire:DeflatedDodgeball","Bag of Marbles","hexamod:Sixitude","Gremlin Horn","reliquary:RadioactivePellet","Singing Bowl","energizedSpire:PogoStick","Lee\u0027s Waffle","reliquary:Vitrine","Snake Skull","Girya","Black Star","Lantern"],"acts_visited":["Exordium","TheCity","TheBeyond"],"potions_floor_usage":[38],"damage_taken":[{"damage":5.0,"enemies":"Cultist","floor":1.0,"turns":3.0},{"damage":6.0,"enemies":"2 Louse","floor":3.0,"turns":2.0},{"damage":3.0,"enemies":"Jaw Worm","floor":5.0,"turns":3.0},{"damage":2.0,"enemies":"2 Fungi Beasts","floor":13.0,"turns":2.0},{"damage":3.0,"enemies":"Exordium Wildlife","floor":14.0,"turns":3.0},{"damage":23.0,"enemies":"Slime Boss","floor":16.0,"turns":7.0},{"damage":36.0,"enemies":"Shell Parasite","floor":18.0,"turns":4.0},{"damage":4.0,"enemies":"3 Byrds","floor":20.0,"turns":3.0},{"damage":15.0,"enemies":"3 Cultists","floor":24.0,"turns":4.0},{"damage":17.0,"enemies":"Sentry and Sphere","floor":27.0,"turns":4.0},{"damage":27.0,"enemies":"Centurion and Healer","floor":30.0,"turns":4.0},{"damage":8.0,"enemies":"Cultist and Chosen","floor":31.0,"turns":5.0},{"damage":38.0,"enemies":"conspire:MysteriousRune","floor":33.0,"turns":6.0},{"damage":29.0,"enemies":"3 Shapes","floor":35.0,"turns":3.0},{"damage":8.0,"enemies":"Orb Walker","floor":37.0,"turns":3.0},{"damage":38,"enemies":"Writhing Mass","floor":38,"turns":3}],"seed_played":"5563089508575721912","potions_obtained":[{"floor":3.0,"key":"hexamod:SoulburnPotion"},{"floor":5.0,"key":"SpeedPotion"},{"floor":13.0,"key":"BlessingOfTheForge"},{"floor":16.0,"key":"champ:CounterPotion"},{"floor":18.0,"key":"SpeedPotion"},{"floor":27.0,"key":"Fire Potion"},{"floor":37.0,"key":"LiquidMemories"}],"is_trial":false,"path_per_floor":["M","?","M","?","M","R","?","R","T","R","$","?","M","M","R","B",null,"M","?","M","?","$","R","M","?","T","M","T","R","M","M","R","B",null,"M","?","M","M"],"character_chosen":"THE_SILENT","items_purchased":["conspire:DeflatedDodgeball","Bag of Marbles","Infinite Blades","Predator","Infinite Blades","Slice","Backflip","Bouncing Flask","Dramatic Entrance","Lee\u0027s Waffle","Bouncing Flask"],"campfire_rested":4,"item_purchase_floors":[0,0,0,0,0,0,0,11,11,22,22],"current_hp_per_floor":[23,12,6,6,3,22,22,41,41,41,41,37,37,34,34,11,54,20,20,16,16,77,77,62,62,62,45,45,68,43,35,58,20,64,35,35,27,0,0],"gold":199,"neow_bonus":"","is_daily":false,"chose_seed":false,"campfire_upgraded":3,"win_rate":0.0,"timestamp":1614168099,"path_taken":["M","?","M","?","M","R","?","R","T","R","$","?","M","M","R","BOSS","M","?","M","?","?","R","?","?","T","M","?","R","M","M","R","BOSS","M","?","?","M"],"items_purchased_type":["Relic","Relic","Card","Card","Card","Card","Card","Card","Card","Relic","Card"],"build_version":"2020-12-22","purchased_purges":0,"victory":false,"max_hp_per_floor":[66,66,66,66,66,66,66,66,66,66,66,66,68,68,68,68,68,70,70,70,70,77,77,77,77,77,77,77,77,79,79,79,79,79,79,79,79,79,79],"relic_stats":{"Lee\u0027s Waffle":61,"Gremlin Horn":[14,14],"Singing Bowl":6,"counters":[203,939],"Snake Skull":[36],"Black Star":0,"obtain_stats":[{"TwistedFunnel":11,"Spirit Poop":29,"Whetstone":0,"Bottled Tornado":19,"Boot":0,"Sling":11,"reliquary:FerryPass":0,"Blood Vial":0,"hubris:HerbalPaste":19,"Sundial":7,"MealTicket":0,"HandDrill":0,"Kunai":12,"hubris:TinFlute":10,"Pear":23,"Blue Candle":54,"Eternal Feather":26,"Tingsha":1,"Pen Nib":26,"Paper Crane":40,"Akabeko":41,"hubris:BottledHeart":22,"Bird Faced Urn":25,"hubris:TenFootPole":11,"StrikeDummy":23,"Unceasing Top":28,"energizedSpire:PogoStick":17,"Regal Pillow":9,"Lantern":0,"hubris:Metronome":11,"reliquary:SilkGlove":5,"Singing Bowl":0,"Torii":43,"StoneCalendar":0,"Bag of Preparation":27,"hubris:EmptyBottle":0,"Ancient Tea Set":11,"Cursed Key":34,"Smiling Mask":9,"Matryoshka":6,"Shovel":19,"Ninja Scroll":11,"Toolbox":41,"Chemical X":11,"InkBottle":6,"Ring of the Snake":0,"Potion Belt":0,"Lee\u0027s Waffle":0,"The Specimen":0,"Golden Idol":2,"betterThird:NestCultRelic":28,"PreservedInsect":0,"The Courier":6,"Frozen Egg 2":41,"MawBank":27,"reliquary:KinkedSpring":17,"sneckomod:BabySnecko":22,"Ornamental Fan":20,"betterThird:SlimedRelic":5,"Orrery":0,"Bottled Lightning":7,"hexamod:BolsterEngine":42,"hubris:CrackedHourglass":17,"conspire:DeflatedDodgeball":0,"Toy Ornithopter":12,"Gremlin Horn":2,"CeramicFish":9,"Vajra":21,"HoveringKite":34,"hubris:VirtuousBlindfold":17,"Lizard Tail":17,"HornCleat":11,"Strawberry":0,"Philosopher\u0027s Stone":17,"Prayer Wheel":9,"reliquary:Vitrine":25,"Girya":0,"Happy Flower":10,"hubris:DuctTape":11,"Oddly Smooth Stone":53,"War Paint":0,"Question Card":9,"hubris:Zylophone":9,"Shuriken":9,"Bronze Scales":9,"hubris:PeanutButter":11,"Nloth\u0027s Gift":20,"Black Star":17,"hubris:ToyBattleship":21,"bronze:MakeshiftBattery":17,"Meat on the Bone":21,"Darkstone Periapt":0,"SacredBark":17,"reliquary:Firecrackers":7,"Enchiridion":25,"Mango":30,"Snake Skull":9,"reliquary:KillPill":0,"Juzu Bracelet":47,"Incense Burner":41,"hubris:SlimyHat":6,"Dream Catcher":17,"Nunchaku":26,"Tough Bandages":38,"hubris:Icosahedron":14,"TheAbacus":0,"Mummified Hand":13,"Tiny Chest":11,"reliquary:RadioactivePellet":7,"hubris:DisguiseKit":19,"hexamod:Sixitude":9,"Orichalcum":0,"Medical Kit":0,"White Beast Statue":26,"Calling Bell":17,"Cauldron":21,"Strange Spoon":31,"Anchor":24,"CaptainsWheel":27,"hubris:BundleOfHerbs":26,"Bag of Marbles":0,"Membership Card":0},{"TwistedFunnel":126,"Spirit Poop":39,"Whetstone":99,"Bottled Tornado":143,"Boot":26,"Sling":30,"reliquary:FerryPass":163,"Blood Vial":88,"hubris:HerbalPaste":143,"Sundial":138,"MealTicket":119,"HandDrill":26,"Kunai":30,"hubris:TinFlute":126,"Pear":75,"Blue Candle":49,"Eternal Feather":16,"Tingsha":164,"Pen Nib":159,"Paper Crane":45,"Akabeko":45,"hubris:BottledHeart":129,"Bird Faced Urn":62,"hubris:TenFootPole":126,"StrikeDummy":61,"Unceasing Top":77,"energizedSpire:PogoStick":193,"Regal Pillow":10,"Lantern":26,"hubris:Metronome":140,"reliquary:SilkGlove":173,"Singing Bowl":50,"Torii":85,"StoneCalendar":149,"Bag of Preparation":38,"hubris:EmptyBottle":134,"Ancient Tea Set":24,"Cursed Key":80,"Smiling Mask":174,"Matryoshka":6,"Shovel":97,"Ninja Scroll":54,"Toolbox":45,"Chemical X":94,"InkBottle":92,"Ring of the Snake":0,"Potion Belt":64,"Lee\u0027s Waffle":171,"The Specimen":26,"Golden Idol":27,"betterThird:NestCultRelic":16,"PreservedInsect":19,"The Courier":53,"Frozen Egg 2":45,"MawBank":116,"reliquary:KinkedSpring":179,"sneckomod:BabySnecko":16,"Ornamental Fan":97,"betterThird:SlimedRelic":109,"Orrery":64,"Bottled Lightning":10,"hexamod:BolsterEngine":85,"hubris:CrackedHourglass":157,"conspire:DeflatedDodgeball":187,"Toy Ornithopter":25,"Gremlin Horn":188,"CeramicFish":24,"Vajra":35,"HoveringKite":41,"hubris:VirtuousBlindfold":127,"Lizard Tail":71,"HornCleat":69,"Strawberry":50,"Philosopher\u0027s Stone":14,"Prayer Wheel":104,"reliquary:Vitrine":196,"Girya":50,"Happy Flower":11,"hubris:DuctTape":112,"Oddly Smooth Stone":48,"War Paint":88,"Question Card":6,"hubris:Zylophone":167,"Shuriken":30,"Bronze Scales":6,"hubris:PeanutButter":175,"Nloth\u0027s Gift":59,"Black Star":96,"hubris:ToyBattleship":181,"bronze:MakeshiftBattery":57,"Meat on the Bone":97,"Darkstone Periapt":26,"SacredBark":142,"reliquary:Firecrackers":174,"Enchiridion":75,"Mango":63,"Snake Skull":111,"reliquary:KillPill":171,"Juzu Bracelet":47,"Incense Burner":85,"hubris:SlimyHat":167,"Dream Catcher":71,"Nunchaku":75,"Tough Bandages":83,"hubris:Icosahedron":126,"TheAbacus":149,"Mummified Hand":112,"Tiny Chest":30,"reliquary:RadioactivePellet":190,"hubris:DisguiseKit":128,"hexamod:Sixitude":155,"Orichalcum":7,"Medical Kit":171,"White Beast Statue":37,"Calling Bell":71,"Cauldron":16,"Strange Spoon":79,"Anchor":36,"CaptainsWheel":160,"hubris:BundleOfHerbs":116,"Bag of Marbles":50,"Membership Card":88},{"TwistedFunnel":597,"Spirit Poop":174,"Whetstone":458,"Bottled Tornado":690,"Boot":121,"Sling":135,"reliquary:FerryPass":781,"Blood Vial":411,"hubris:HerbalPaste":690,"Sundial":661,"MealTicket":569,"HandDrill":121,"Kunai":135,"hubris:TinFlute":597,"Pear":344,"Blue Candle":226,"Eternal Feather":72,"Tingsha":784,"Pen Nib":761,"Paper Crane":206,"Akabeko":206,"hubris:BottledHeart":615,"Bird Faced Urn":284,"hubris:TenFootPole":597,"StrikeDummy":278,"Unceasing Top":352,"energizedSpire:PogoStick":900,"Regal Pillow":41,"Lantern":121,"hubris:Metronome":671,"reliquary:SilkGlove":826,"Singing Bowl":235,"Torii":393,"StoneCalendar":723,"Bag of Preparation":171,"hubris:EmptyBottle":641,"Ancient Tea Set":102,"Cursed Key":369,"Smiling Mask":831,"Matryoshka":24,"Shovel":450,"Ninja Scroll":245,"Toolbox":206,"Chemical X":433,"InkBottle":427,"Ring of the Snake":0,"Potion Belt":300,"Lee\u0027s Waffle":818,"The Specimen":121,"Golden Idol":124,"betterThird:NestCultRelic":72,"PreservedInsect":89,"The Courier":244,"Frozen Egg 2":206,"MawBank":551,"reliquary:KinkedSpring":850,"sneckomod:BabySnecko":72,"Ornamental Fan":450,"betterThird:SlimedRelic":507,"Orrery":300,"Bottled Lightning":41,"hexamod:BolsterEngine":393,"hubris:CrackedHourglass":753,"conspire:DeflatedDodgeball":880,"Toy Ornithopter":105,"Gremlin Horn":883,"CeramicFish":102,"Vajra":160,"HoveringKite":184,"hubris:VirtuousBlindfold":605,"Lizard Tail":324,"HornCleat":317,"Strawberry":235,"Philosopher\u0027s Stone":64,"Prayer Wheel":486,"reliquary:Vitrine":911,"Girya":235,"Happy Flower":49,"hubris:DuctTape":523,"Oddly Smooth Stone":221,"War Paint":411,"Question Card":24,"hubris:Zylophone":794,"Shuriken":135,"Bronze Scales":24,"hubris:PeanutButter":835,"Nloth\u0027s Gift":266,"Black Star":446,"hubris:ToyBattleship":855,"bronze:MakeshiftBattery":259,"Meat on the Bone":450,"Darkstone Periapt":121,"SacredBark":683,"reliquary:Firecrackers":831,"Enchiridion":344,"Mango":288,"Snake Skull":516,"reliquary:KillPill":818,"Juzu Bracelet":215,"Incense Burner":393,"hubris:SlimyHat":794,"Dream Catcher":324,"Nunchaku":344,"Tough Bandages":383,"hubris:Icosahedron":597,"TheAbacus":723,"Mummified Hand":523,"Tiny Chest":135,"reliquary:RadioactivePellet":888,"hubris:DisguiseKit":609,"hexamod:Sixitude":746,"Orichalcum":28,"Medical Kit":818,"White Beast Statue":166,"Calling Bell":324,"Cauldron":72,"Strange Spoon":359,"Anchor":164,"CaptainsWheel":765,"hubris:BundleOfHerbs":551,"Bag of Marbles":235,"Membership Card":411}],"Ring of the Snake":[391]},"card_choices":[{"not_picked":["Flechettes","hubris:SlightOfHand"],"picked":"Predator","floor":1.0},{"not_picked":["Prepared","hubris:SlightOfHand"],"picked":"Quick Slash","floor":3.0},{"not_picked":["Riddle With Holes","Footwork"],"picked":"Noxious Fumes","floor":5.0},{"not_picked":["Concentrate","Reflex","Deadly Poison"],"picked":"Singing Bowl","floor":13.0},{"not_picked":["Flying Knee","Flechettes"],"picked":"Catalyst","floor":14.0},{"not_picked":["Night Terror","Doppelganger"],"picked":"Die Die Die","floor":16.0},{"not_picked":["Acrobatics","Dagger Throw","Backflip"],"picked":"Singing Bowl","floor":18.0},{"not_picked":["Poisoned Stab+1","Flying Knee"],"picked":"Cloak And Dagger","floor":20.0},{"not_picked":["Well Laid Plans","Outmaneuver"],"picked":"Crippling Poison","floor":24.0},{"not_picked":["Footwork","Cloak And Dagger"],"picked":"Accuracy","floor":27.0},{"not_picked":["Dagger Throw+1","Bane","Reflex"],"picked":"Singing Bowl","floor":30.0},{"not_picked":["hubris:SlightOfHand","Acrobatics"],"picked":"Heel Hook","floor":31.0},{"not_picked":["Unload","Doppelganger"],"picked":"Glass Knife","floor":33.0},{"not_picked":["Bane","Predator+1"],"picked":"Deflect+1","floor":35.0},{"not_picked":["Expertise","Skewer"],"picked":"Choke","floor":37.0}],"player_experience":484129,"relics_obtained":[{"floor":9.0,"key":"Singing Bowl"},{"floor":26.0,"key":"Snake Skull"},{"floor":28.0,"key":"Girya"}],"event_choices":[{"damage_healed":0.0,"max_hp_gain":0.0,"max_hp_loss":0.0,"gold_gain":0.0,"event_name":"betterThird:BetterScrap","player_choice":"Relic ","floor":2.0,"gold_loss":0.0,"damage_taken":11.0,"cards_obtained":["Blasphemy"]},{"damage_healed":0.0,"max_hp_gain":0.0,"max_hp_loss":0.0,"gold_gain":0.0,"event_name":"Living Wall","player_choice":"Grow","floor":4.0,"gold_loss":0.0,"damage_taken":0.0,"cards_upgraded":["Infinite Blades"]},{"damage_healed":0.0,"max_hp_gain":0.0,"max_hp_loss":0.0,"gold_gain":0.0,"event_name":"Big Fish","player_choice":"Box","floor":7.0,"gold_loss":0.0,"damage_taken":0.0,"relics_obtained":["reliquary:RadioactivePellet"],"cards_obtained":["Regret"]},{"damage_healed":0.0,"max_hp_gain":0.0,"max_hp_loss":0.0,"gold_gain":0.0,"event_name":"conspire:Investor","player_choice":"Leave","floor":12.0,"gold_loss":0.0,"damage_taken":0.0},{"damage_healed":0.0,"max_hp_gain":0.0,"max_hp_loss":0.0,"gold_gain":0.0,"event_name":"Ghosts","player_choice":"Ignored","floor":21.0,"gold_loss":0.0,"damage_taken":0.0},{"damage_healed":0.0,"max_hp_gain":0.0,"max_hp_loss":0.0,"gold_gain":0.0,"event_name":"Addict","player_choice":"Stole Relic","floor":25.0,"gold_loss":0.0,"damage_taken":0.0,"relics_obtained":["reliquary:Vitrine"],"cards_obtained":["Shame"]},{"damage_healed":0.0,"max_hp_gain":0.0,"max_hp_loss":0.0,"gold_gain":0.0,"event_name":"WeMeetAgain","player_choice":"Gave Potion","floor":36.0,"gold_loss":0.0,"damage_taken":0.0,"relics_obtained":["Lantern"]}],"is_beta":false,"boss_relics":[{"not_picked":["energizedSpire:HighHeels","Empty Cage"],"picked":"energizedSpire:PogoStick"},{"not_picked":["reliquary:KinkedSpring","Snecko Eye"],"picked":"Black Star"}],"items_purged_floors":[],"is_endless":false,"potions_floor_spawned":[3,5,13,16,18,27,37],"killed_by":"Writhing Mass","ascension_level":20}}