{"host":"1vy6j31128f61x2z","time":1614196793,"event":{"mods":["AchievementEnabler","BaseMod","Colored Powertips","Minty Spire (QoL Compilation)","Permanent Neow","Random Character Button","Relic Stats"],"gold_per_floor":[113,113,129,146,71,104,104,129,129,162,175,175,190,203,203,299,349,366,72,72,88,88,114,129,129,176,205,205,238,238,257,257,354,354,366,366,386,404,418,446,5,34,34,34,14,28,45,61,61,61],"floor_reached":51,"language":"ENG","playtime":3194,"items_purged":["Strike_B","Strike_B"],"score":1093,"play_id":"ddb5bd1c-258f-473e-bbfe-ebbd0cadb0dc","local_time":"20210224145953","is_ascension_mode":true,"campfire_choices":[{"floor":7.0,"key":"REST"},{"floor":15.0,"key":"REST"},{"floor":25.0,"key":"REST"},{"floor":30.0,"key":"REST"},{"floor":32.0,"key":"REST"},{"floor":44,"key":"REST"},{"floor":49,"key":"REST"}],"circlet_count":0,"master_deck":["Defend_B","Defend_B","Defend_B","Defend_B","Zap","Dualcast","Lockon","Glacier+1","Blizzard","Reinforced Body","Ball Lightning","Cold Snap","Gash","Chill+1","Scrape","Seek+1","Steam+1","Steam Power+1","Conserve Battery+1","RitualDagger","Multi-Cast+1","Hologram+1","Core Surge","Hologram+1","Chill+1","Storm","Fission+1","Conserve Battery+1","Skim+1","Beam Cell+1","Gash+1","Steam+1","Chaos+1","Reinforced Body+1","Conserve Battery+1","White Noise+1","Steam+1","Undo+1"],"relics":["Fusion Hammer","Centennial Puzzle","Mango","Toxic Egg 2","Potion Belt","Tiny House","Letter Opener","Gambling Chip","Dream Catcher","Shuriken","Eternal Feather","Mummified Hand","SacredBark","Smiling Mask","FossilizedHelix","Omamori","The Courier"],"acts_visited":["Exordium","TheCity","TheBeyond"],"potions_floor_usage":[42,50,50,50,50],"damage_taken":[{"damage":0.0,"enemies":"Small Slimes","floor":1.0,"turns":3.0},{"damage":0.0,"enemies":"Cultist","floor":3.0,"turns":2.0},{"damage":0.0,"enemies":"Jaw Worm","floor":4.0,"turns":2.0},{"damage":30.0,"enemies":"Gremlin Nob","floor":6.0,"turns":5.0},{"damage":5.0,"enemies":"Lagavulin","floor":8.0,"turns":9.0},{"damage":16.0,"enemies":"Gremlin Nob","floor":10.0,"turns":5.0},{"damage":0.0,"enemies":"Looter","floor":11.0,"turns":2.0},{"damage":1.0,"enemies":"Blue Slaver","floor":13.0,"turns":3.0},{"damage":0.0,"enemies":"Gremlin Gang","floor":14.0,"turns":3.0},{"damage":21.0,"enemies":"The Guardian","floor":16.0,"turns":10.0},{"damage":0.0,"enemies":"Shell Parasite","floor":18.0,"turns":8.0},{"damage":13.0,"enemies":"2 Thieves","floor":21.0,"turns":3.0},{"damage":0.0,"enemies":"Slavers","floor":23.0,"turns":5.0},{"damage":13.0,"enemies":"Sentry and Sphere","floor":24.0,"turns":6.0},{"damage":5.0,"enemies":"Gremlin Leader","floor":27.0,"turns":7.0},{"damage":34.0,"enemies":"Book of Stabbing","floor":29.0,"turns":10.0},{"damage":9.0,"enemies":"Shelled Parasite and Fungi","floor":31.0,"turns":8.0},{"damage":41.0,"enemies":"Automaton","floor":33.0,"turns":13.0},{"damage":1.0,"enemies":"Orb Walker","floor":35.0,"turns":6.0},{"damage":0.0,"enemies":"3 Shapes","floor":37.0,"turns":2.0},{"damage":0.0,"enemies":"Sphere and 2 Shapes","floor":38.0,"turns":4.0},{"damage":2.0,"enemies":"Spire Growth","floor":39.0,"turns":6.0},{"damage":25.0,"enemies":"Reptomancer","floor":40.0,"turns":6.0},{"damage":37,"enemies":"Giant Head","floor":42,"turns":10},{"damage":0,"enemies":"Transient","floor":46,"turns":5},{"damage":0,"enemies":"3 Darklings","floor":47,"turns":2},{"damage":0,"enemies":"4 Shapes","floor":48,"turns":2},{"damage":5,"enemies":"Awakened One","floor":50,"turns":14}],"seed_played":"2284784556952848258","potions_obtained":[{"floor":4.0,"key":"FocusPotion"},{"floor":6.0,"key":"FairyPotion"},{"floor":8.0,"key":"Weak Potion"},{"floor":10.0,"key":"ColorlessPotion"},{"floor":17.0,"key":"Weak Potion"},{"floor":23.0,"key":"Fruit Juice"},{"floor":31.0,"key":"SkillPotion"},{"floor":33.0,"key":"GamblersBrew"},{"floor":35.0,"key":"LiquidBronze"},{"floor":36.0,"key":"Dexterity Potion"},{"floor":36.0,"key":"LiquidMemories"},{"floor":46,"key":"EssenceOfSteel"}],"is_trial":false,"path_per_floor":["M","?","M","M","$","E","R","E","T","E","M","?","M","M","R","B",null,"M","$","?","M","?","E","M","R","T","E","T","E","R","M","R","B",null,"M","?","M","M","M","E","$","E","T","R","$","M","M","M","R","B",null],"character_chosen":"DEFECT","items_purchased":["Conserve Battery+1","Letter Opener","Dexterity Potion","FearPotion","FossilizedHelix","Conserve Battery+1"],"campfire_rested":7,"item_purchase_floors":[19,19,41,41,41,45],"current_hp_per_floor":[68,68,68,68,68,38,60,69,69,53,53,58,57,57,85,64,92,92,92,92,79,73,73,60,89,89,84,84,50,94,85,99,58,89,88,98,98,98,96,71,71,34,34,84,84,84,84,84,109,104],"gold":61,"neow_bonus":"BOSS_RELIC","is_daily":false,"chose_seed":false,"campfire_upgraded":0,"win_rate":0.0,"timestamp":1614196793,"path_taken":["M","?","?","M","$","E","R","E","T","E","M","?","M","M","R","BOSS","M","$","?","M","?","E","M","R","T","E","?","E","R","M","R","BOSS","M","?","M","?","M","E","$","E","T","R","$","M","M","M","R","BOSS"],"items_purchased_type":["Card","Relic","Potion","Potion","Relic","Card"],"build_version":"2020-12-22","purchased_purges":2,"victory":true,"max_hp_per_floor":[75,75,75,75,75,75,75,89,89,89,89,94,94,94,94,94,99,99,99,99,99,99,99,99,99,99,99,99,99,99,99,99,99,99,99,109,109,109,109,109,109,109,109,109,109,109,109,109,109,109],"relic_stats":{"Centennial Puzzle":[45],"Dream Catcher":4,"counters":[28,161],"Shuriken":[27],"Mummified Hand":[6],"Gambling Chip":[27],"Eternal Feather":68,"Letter Opener":[525],"Smiling Mask":50,"obtain_stats":[{"Potion Belt":10,"Tiny House":17,"SacredBark":34,"Mango":8,"Eternal Feather":28,"The Courier":43,"Omamori":42,"Letter Opener":19,"Smiling Mask":40,"Centennial Puzzle":6,"Dream Catcher":26,"Shuriken":27,"Mummified Hand":29,"Gambling Chip":23,"Fusion Hammer":0,"Toxic Egg 2":9,"Cracked Core":0,"FossilizedHelix":41},{"Potion Belt":6,"Tiny House":10,"SacredBark":18,"Mango":5,"Eternal Feather":15,"The Courier":24,"Omamori":24,"Letter Opener":11,"Smiling Mask":23,"Centennial Puzzle":4,"Dream Catcher":14,"Shuriken":15,"Mummified Hand":16,"Gambling Chip":13,"Fusion Hammer":0,"Toxic Egg 2":5,"Cracked Core":0,"FossilizedHelix":23},{"Potion Belt":26,"Tiny House":44,"SacredBark":104,"Mango":21,"Eternal Feather":73,"The Courier":138,"Omamori":138,"Letter Opener":52,"Smiling Mask":128,"Centennial Puzzle":12,"Dream Catcher":66,"Shuriken":73,"Mummified Hand":83,"Gambling Chip":60,"Fusion Hammer":0,"Toxic Egg 2":21,"Cracked Core":0,"FossilizedHelix":128}]},"card_choices":[{"not_picked":["Beam Cell","Hello World"],"picked":"Lockon","floor":1.0},{"not_picked":["Rebound","Storm"],"picked":"Glacier","floor":3.0},{"not_picked":["Gash","Leap"],"picked":"Blizzard","floor":4.0},{"not_picked":["Gash","Amplify"],"picked":"Reinforced Body","floor":6.0},{"not_picked":["Go for the Eyes","Streamline"],"picked":"Ball Lightning","floor":8.0},{"not_picked":["Go for the Eyes","Auto Shields+1"],"picked":"Cold Snap","floor":10.0},{"not_picked":["Sweeping Beam","Hello World"],"picked":"Gash","floor":11.0},{"not_picked":["Leap+1","FTL"],"picked":"Chill+1","floor":13.0},{"not_picked":["Skim+1","Storm"],"picked":"Scrape","floor":14.0},{"not_picked":["Biased Cognition","Amplify+1"],"picked":"Seek+1","floor":16.0},{"not_picked":["Reinforced Body+1","Auto Shields+1"],"picked":"Steam+1","floor":17.0},{"not_picked":["Barrage","Conserve Battery+1"],"picked":"Steam Power+1","floor":18.0},{"not_picked":["Cold Snap","Conserve Battery+1","Doom and Gloom"],"picked":"SKIP","floor":21.0},{"not_picked":["Ball Lightning+1","Sweeping Beam"],"picked":"Multi-Cast+1","floor":23.0},{"not_picked":["Rebound","Steam+1"],"picked":"Hologram+1","floor":24.0},{"not_picked":["Go for the Eyes","Rip and Tear"],"picked":"Core Surge","floor":27.0},{"not_picked":["Turbo+1","Beam Cell+1"],"picked":"Hologram+1","floor":29.0},{"not_picked":["Steam+1","Beam Cell+1"],"picked":"Chill+1","floor":30.0},{"not_picked":["Leap+1","Auto Shields+1"],"picked":"Storm","floor":31.0},{"not_picked":["Machine Learning","Rainbow+1"],"picked":"Fission+1","floor":33.0},{"not_picked":["Recycle+1","Leap+1"],"picked":"Conserve Battery+1","floor":35.0},{"not_picked":["Steam+1","Static Discharge+1"],"picked":"Skim+1","floor":37.0},{"not_picked":["Coolheaded+1","Storm+1"],"picked":"Beam Cell+1","floor":38.0},{"not_picked":["Conserve Battery+1","Beam Cell"],"picked":"Gash+1","floor":39.0},{"not_picked":["Melter","Ball Lightning"],"picked":"Steam+1","floor":40.0},{"not_picked":["Hologram+1","Reprogram+1"],"picked":"Chaos+1","floor":42},{"not_picked":["Self Repair+1","Reprogram+1"],"picked":"Reinforced Body+1","floor":44},{"not_picked":["Double Energy+1","Redo+1"],"picked":"White Noise+1","floor":46},{"not_picked":["Barrage","Hologram+1","Sweeping Beam"],"picked":"SKIP","floor":47},{"not_picked":["Hologram+1","Conserve Battery+1"],"picked":"Steam+1","floor":48},{"not_picked":["Rebound","Compile Driver+1"],"picked":"Undo+1","floor":49}],"player_experience":143541,"relics_obtained":[{"floor":6.0,"key":"Centennial Puzzle"},{"floor":8.0,"key":"Mango"},{"floor":9.0,"key":"Toxic Egg 2"},{"floor":10.0,"key":"Potion Belt"},{"floor":23.0,"key":"Gambling Chip"},{"floor":26.0,"key":"Dream Catcher"},{"floor":27.0,"key":"Shuriken"},{"floor":28.0,"key":"Eternal Feather"},{"floor":29.0,"key":"Mummified Hand"},{"floor":40.0,"key":"Smiling Mask"},{"floor":42,"key":"Omamori"},{"floor":43,"key":"The Courier"}],"event_choices":[{"cards_removed":["Strike_B"],"damage_healed":0.0,"max_hp_gain":0.0,"max_hp_loss":0.0,"gold_gain":0.0,"event_name":"Bonfire Elementals","player_choice":"Offered Basic","floor":2.0,"gold_loss":0.0,"damage_taken":0.0},{"damage_healed":0.0,"max_hp_gain":5.0,"max_hp_loss":0.0,"gold_gain":0.0,"event_name":"Big Fish","player_choice":"Donut","floor":12.0,"gold_loss":0.0,"damage_taken":0.0},{"cards_removed":["Strike_B"],"damage_healed":0.0,"max_hp_gain":0.0,"max_hp_loss":0.0,"gold_gain":0.0,"event_name":"Back to Basics","player_choice":"Elegance","floor":20.0,"gold_loss":0.0,"damage_taken":0.0},{"damage_healed":0.0,"max_hp_gain":0.0,"max_hp_loss":0.0,"gold_gain":0.0,"event_name":"Nest","player_choice":"Joined the Cult","floor":22.0,"gold_loss":0.0,"damage_taken":6.0,"cards_obtained":["RitualDagger"]},{"damage_healed":0.0,"max_hp_gain":0.0,"max_hp_loss":0.0,"gold_gain":0.0,"event_name":"Lab","player_choice":"Got Potions","floor":36.0,"gold_loss":0.0,"damage_taken":0.0}],"is_beta":false,"boss_relics":[{"not_picked":["Ectoplasm","Velvet Choker"],"picked":"Tiny House"},{"not_picked":["Cursed Key","Black Star"],"picked":"SacredBark"}],"items_purged_floors":[5,41],"is_endless":false,"potions_floor_spawned":[4,6,8,10,23,31,33,35,46,48],"ascension_level":6}}