{"host":"ovcza0gnr2tscsgg","time":1614179969,"event":{"mods":["BaseMod","Colored Powertips","Marisa£®ÏF”Í°°ƒß¿Ì…≥£©","Minty Spire (QoL Compilation)","StSLib","The Bug Knight","UnlockEverythingMod","noobMod"],"gold_per_floor":[118,134,151,151,168,193,203,213,213,244,254,270,303,323,323,419,419,436,436,361,361,59,59,86,97,97,122,122,122,147,147,147,244,244,262,282,328,348,358,390,265,277,300,332,364,376,435,475,487,499],"floor_reached":51,"language":"ZHS","playtime":1900,"items_purged":["Strike_G","Defend_G","Strike_G"],"score":1136,"play_id":"ec1f1f6e-b2f5-4369-8eab-9c5b8960afa8","local_time":"20210224231929","is_ascension_mode":true,"campfire_choices":[{"data":"Bouncing Flask","floor":15,"key":"SMITH"},{"data":"Doppelganger","floor":23,"key":"SMITH"},{"data":"Catalyst","floor":28,"key":"SMITH"},{"data":"Catalyst","floor":32,"key":"SMITH"},{"data":"Envenom","floor":46,"key":"SMITH"},{"data":"Prepared","floor":49,"key":"SMITH"}],"circlet_count":0,"master_deck":["Strike_G","Strike_G","Strike_G","Defend_G","Defend_G","Defend_G","Defend_G","Survivor","Neutralize","Clumsy","Die Die Die","Poisoned Stab","Outmaneuver","Catalyst+1","Reflex","Expertise","Bane","Adrenaline","Backflip","Crippling Poison","Bouncing Flask+1","Crippling Poison","Doppelganger+1","Poisoned Stab+1","Sucker Punch+1","Catalyst+1","Prepared+1","Writhe","Envenom+1","Dagger Spray+1","Heel Hook+1","Concentrate","Skewer+1","Blade Dance+1","Acrobatics"],"relics":["Ring of the Snake","ice","Shuriken","White Beast Statue","Tingsha","Molten Egg 2","Singing Bowl","HoveringKite","Sundial","Bag of Preparation","Akabeko","Nunchaku","Question Card","Torii","Toy Ornithopter","Sozu","CatCart","Centennial Puzzle","Bag of Marbles","MawBank","Happy Flower","Ginger"],"acts_visited":["Exordium","TheCity","TheBeyond"],"potions_floor_usage":[],"damage_taken":[{"damage":0,"enemies":"Cultist","floor":1,"turns":3},{"damage":3,"enemies":"Jaw Worm","floor":2,"turns":5},{"damage":7,"enemies":"Small Slimes","floor":3,"turns":3},{"damage":10,"enemies":"2 Fungi Beasts","floor":5,"turns":3},{"damage":49,"enemies":"Lagavulin","floor":6,"turns":9},{"damage":0,"enemies":"Exordium Wildlife","floor":7,"turns":4},{"damage":14,"enemies":"Red Slaver","floor":8,"turns":2},{"damage":18,"enemies":"3 Sentries","floor":10,"turns":5},{"damage":21,"enemies":"Gremlin Gang","floor":11,"turns":3},{"damage":8,"enemies":"Looter","floor":12,"turns":2},{"damage":6,"enemies":"Gremlin Nob","floor":13,"turns":4},{"damage":0,"enemies":"2 Fungi Beasts","floor":14,"turns":1},{"damage":0,"enemies":"Slime Boss","floor":16,"turns":4},{"damage":0,"enemies":"3 Byrds","floor":18,"turns":2},{"damage":12,"enemies":"Slavers","floor":24,"turns":4},{"damage":8,"enemies":"Chosen","floor":25,"turns":2},{"damage":12,"enemies":"Book of Stabbing","floor":27,"turns":3},{"damage":16,"enemies":"Slavers","floor":30,"turns":4},{"damage":0,"enemies":"Collector","floor":33,"turns":3},{"damage":0,"enemies":"3 Darklings","floor":35,"turns":2},{"damage":0,"enemies":"Orb Walker","floor":36,"turns":1},{"damage":0,"enemies":"Orin","floor":37,"turns":4},{"damage":9,"enemies":"Jaw Worm Horde","floor":38,"turns":2},{"damage":0,"enemies":"Spire Growth","floor":39,"turns":2},{"damage":30,"enemies":"Reptomancer","floor":40,"turns":3},{"damage":1,"enemies":"Writhing Mass","floor":42,"turns":3},{"damage":0,"enemies":"Giant Head","floor":44,"turns":3},{"damage":0,"enemies":"Transient","floor":45,"turns":4},{"damage":33,"enemies":"Nemesis","floor":48,"turns":3},{"damage":1,"enemies":"Donu and Deca","floor":50,"turns":4}],"seed_played":"-3418336744539538530","potions_obtained":[{"floor":5,"key":"GhostInAJar"},{"floor":6,"key":"SpeedPotion"},{"floor":7,"key":"Weak Potion"},{"floor":8,"key":"Poison Potion"}],"is_trial":false,"path_per_floor":["M","M","M","T","M","E","M","M","T","E","M","M","E","M","R","B",null,"M","?","$","T","$","R","E","M","T","E","R","$","E","?","R","B",null,"M","M","?","M","M","E","$","M","T","E","M","R","T","E","R","B",null],"character_chosen":"THE_SILENT","items_purchased":["Bag of Preparation","Sucker Punch+1"],"campfire_rested":0,"item_purchase_floors":[22,22],"current_hp_per_floor":[70,67,60,60,50,70,70,56,56,38,17,9,82,82,82,82,82,82,82,82,82,82,82,70,64,64,52,52,52,38,38,38,38,104,104,104,104,97,99,69,69,70,70,70,70,70,70,39,39,38],"gold":511,"neow_bonus":"THREE_RARE_CARDS","is_daily":false,"chose_seed":false,"campfire_upgraded":6,"win_rate":0.0,"timestamp":1614179969,"path_taken":["M","M","?","?","M","E","M","M","T","E","M","?","E","M","R","BOSS","M","?","?","?","$","R","E","M","T","E","R","$","E","?","R","BOSS","M","M","?","M","M","E","$","M","T","E","M","R","?","E","R","BOSS"],"items_purchased_type":["Relic","Card"],"build_version":"2020-12-22","purchased_purges":3,"victory":true,"max_hp_per_floor":[70,70,70,70,70,70,71,72,72,75,80,81,82,82,82,82,82,82,82,82,82,82,82,88,92,92,95,95,95,102,102,102,104,104,104,104,107,111,114,117,117,125,125,127,130,130,130,133,133,137],"card_choices":[{"not_picked":["Malaise","Unload"],"picked":"Die Die Die","floor":0},{"not_picked":["Reflex","Sucker Punch"],"picked":"Poisoned Stab","floor":1},{"not_picked":["Dodge and Roll","Blade Dance"],"picked":"Outmaneuver","floor":2},{"not_picked":["Escape Plan","Calculated Gamble"],"picked":"Catalyst","floor":3},{"not_picked":["Riddle With Holes","Blade Dance"],"picked":"Reflex","floor":5},{"not_picked":["Accuracy","Dagger Spray"],"picked":"Expertise","floor":6},{"not_picked":["Outmaneuver","Sucker Punch"],"picked":"Bane","floor":7},{"not_picked":["Backstab","Heel Hook"],"picked":"Adrenaline","floor":8},{"not_picked":["Flying Knee+1","Underhanded Strike+1"],"picked":"Backflip","floor":10},{"not_picked":["Expertise","Underhanded Strike+1","Footwork"],"picked":"SKIP","floor":11},{"not_picked":["Flechettes+1","Dagger Throw+1"],"picked":"Crippling Poison","floor":12},{"not_picked":["Crippling Poison","Night Terror"],"picked":"Bouncing Flask","floor":13},{"not_picked":["Flying Knee+1","Choke+1"],"picked":"Crippling Poison","floor":14},{"not_picked":["Die Die Die+1","Adrenaline"],"picked":"Doppelganger","floor":16},{"not_picked":["Deflect+1","Distraction"],"picked":"Poisoned Stab+1","floor":18},{"not_picked":["Blade Dance","Poisoned Stab+1"],"picked":"Catalyst","floor":24},{"not_picked":["Bane+1","Backflip","Footwork"],"picked":"Singing Bowl","floor":25},{"not_picked":["Quick Slash+1","Cloak And Dagger"],"picked":"Prepared","floor":27},{"not_picked":["Unload+1","Flechettes+1","Dagger Throw+1","Glass Knife+1"],"picked":"Singing Bowl","floor":30},{"not_picked":["Phantasmal Killer","A Thousand Cuts","Die Die Die+1"],"picked":"Envenom","floor":33},{"not_picked":["Slice+1","Choke+1","Blur"],"picked":"Dagger Spray+1","floor":35},{"not_picked":["Blade Dance","Endless Agony+1","Sucker Punch+1"],"picked":"Heel Hook+1","floor":36},{"not_picked":["Reflex+1","Predator+1","Flying Knee+1"],"picked":"Concentrate","floor":37},{"not_picked":["Flying Knee+1","Bane+1","Quick Slash+1","Outmaneuver+1"],"picked":"Singing Bowl","floor":38},{"not_picked":["Deadly Poison","Cloak And Dagger","Quick Slash+1","Deflect"],"picked":"Singing Bowl","floor":39},{"not_picked":["Deflect","Tools of the Trade","Backflip"],"picked":"Skewer+1","floor":40},{"not_picked":["Footwork","Dagger Throw+1","Acrobatics","Bane+1"],"picked":"Singing Bowl","floor":42},{"not_picked":["Cloak And Dagger+1","Wraith Form v2","Dodge and Roll"],"picked":"Blade Dance+1","floor":44},{"not_picked":["Setup","Concentrate+1","Masterful Stab+1"],"picked":"Acrobatics","floor":45},{"not_picked":["Masterful Stab+1","Blade Dance+1","Dodge and Roll","Skewer+1"],"picked":"Singing Bowl","floor":48}],"player_experience":136925,"relics_obtained":[{"floor":4,"key":"Shuriken"},{"floor":6,"key":"White Beast Statue"},{"floor":9,"key":"Tingsha"},{"floor":10,"key":"Molten Egg 2"},{"floor":13,"key":"Singing Bowl"},{"floor":21,"key":"Sundial"},{"floor":24,"key":"Akabeko"},{"floor":26,"key":"Nunchaku"},{"floor":27,"key":"Question Card"},{"floor":30,"key":"Torii"},{"floor":37,"key":"CatCart"},{"floor":40,"key":"Centennial Puzzle"},{"floor":43,"key":"Bag of Marbles"},{"floor":44,"key":"MawBank"},{"floor":47,"key":"Happy Flower"},{"floor":48,"key":"Ginger"}],"event_choices":[{"damage_healed":0,"gold_gain":0,"player_choice":"Ignored","damage_taken":0,"max_hp_gain":0,"max_hp_loss":0,"event_name":"Ghosts","floor":19,"gold_loss":0},{"damage_healed":0,"gold_gain":0,"player_choice":"Opened","damage_taken":0,"relics_obtained":["Toy Ornithopter"],"max_hp_gain":0,"max_hp_loss":0,"event_name":"The Mausoleum","floor":31,"gold_loss":0,"cards_obtained":["Writhe"]},{"damage_healed":0,"gold_gain":0,"player_choice":"Fight","damage_taken":0,"max_hp_gain":0,"max_hp_loss":0,"event_name":"OrinTheCat","floor":37,"gold_loss":0}],"is_beta":false,"boss_relics":[{"not_picked":["Cursed Key","Fusion Hammer"],"picked":"HoveringKite"},{"not_picked":["SacredBark","Coffee Dripper"],"picked":"Sozu"}],"items_purged_floors":[20,22,41],"is_endless":false,"potions_floor_spawned":[5,6,7,8,10,11,12,13,14,16,18,24,25,27,30,33,35,36,37,38,39,40,42,44,45,48],"ascension_level":2}}