{"host":"snd6571rw3150vxe","time":1614206440,"event":{"mods":["AchievementEnabler","BaseMod","Bestiary","Colored Powertips","Highlight Path","Minty Spire (QoL Compilation)","Quick Restart","Random Character Button","Relic Stats","StSLib","slay the spire mod where everything is the same but ironclad has a cowboy hat"],"gold_per_floor":[217,233,233,253,203,203,243,243,324,246,246,327,366,366,366,486,486,509,532,350,370,370,370,370,72,95,46,46,46,59,59,59,189,189,203,217,280,280,293,317,97,122,196,230,230,265,8,49,49,49],"floor_reached":51,"language":"ENG","playtime":10767,"items_purged":["Decay"],"score":1016,"play_id":"002fa299-6635-4121-a1d9-03b17c6cd0d3","local_time":"20210225004040","is_ascension_mode":true,"campfire_choices":[{"data":"Flame Barrier","floor":6.0,"key":"SMITH"},{"floor":8.0,"key":"REST"},{"floor":15.0,"key":"REST"},{"data":"Inflame","floor":24.0,"key":"SMITH"},{"data":"Berserk","floor":28.0,"key":"SMITH"},{"floor":32.0,"key":"REST"},{"data":"Demon Form","floor":45.0,"key":"SMITH"},{"data":"Bash","floor":49.0,"key":"SMITH"}],"circlet_count":0,"master_deck":["Strike_R","Strike_R","Strike_R","Strike_R","Strike_R","Defend_R","Defend_R","Defend_R","Defend_R","Bash+1","Flame Barrier+1","Berserk+1","Inflame+1","Iron Wave","Pummel+1","CurseOfTheBell","Infernal Blade+1","Wild Strike+1","Inflame+1","Pummel+1","Heavy Blade+1","Thunderclap+1","Double Tap+1","Flex+1","Uppercut+1","Heavy Blade+1","Inflame+1","Shrug It Off+1","Clothesline+1","Demon Form+1","Twin Strike+1","Dropkick+1","Thunderclap+1","Uppercut+1","Heavy Blade+1"],"relics":["Burning Blood","Golden Idol","Bag of Preparation","Question Card","Pen Nib","Molten Egg 2","Toxic Egg 2","Calling Bell","Nunchaku","Meat on the Bone","Gambling Chip","Champion Belt","Anchor","SacredBark","Prayer Wheel","Sling","Eternal Feather","Oddly Smooth Stone","Kunai","Membership Card","Akabeko","Blood Vial"],"acts_visited":["Exordium","TheCity","TheBeyond"],"potions_floor_usage":[50,50,50],"damage_taken":[{"damage":4.0,"enemies":"Small Slimes","floor":1.0,"turns":4.0},{"damage":9.0,"enemies":"2 Louse","floor":2.0,"turns":3.0},{"damage":10.0,"enemies":"Cultist","floor":4.0,"turns":5.0},{"damage":44.0,"enemies":"Gremlin Nob","floor":7.0,"turns":6.0},{"damage":29.0,"enemies":"3 Sentries","floor":12.0,"turns":10.0},{"damage":35.0,"enemies":"3 Sentries","floor":13.0,"turns":9.0},{"damage":30.0,"enemies":"Hexaghost","floor":16.0,"turns":10.0},{"damage":12.0,"enemies":"Shell Parasite","floor":18.0,"turns":2.0},{"damage":0.0,"enemies":"Chosen","floor":19.0,"turns":3.0},{"damage":42.0,"enemies":"Snake Plant","floor":21.0,"turns":4.0},{"damage":0.0,"enemies":"Book of Stabbing","floor":23.0,"turns":1.0},{"damage":46.0,"enemies":"3 Cultists","floor":30.0,"turns":5.0},{"damage":46.0,"enemies":"Champ","floor":33.0,"turns":7.0},{"damage":4.0,"enemies":"3 Shapes","floor":35.0,"turns":4.0},{"damage":30.0,"enemies":"3 Darklings","floor":36.0,"turns":3.0},{"damage":29.0,"enemies":"Mind Bloom Boss Battle","floor":37.0,"turns":7.0},{"damage":10.0,"enemies":"Jaw Worm Horde","floor":39.0,"turns":3.0},{"damage":10.0,"enemies":"Transient","floor":40.0,"turns":5.0},{"damage":14.0,"enemies":"4 Shapes","floor":42.0,"turns":4.0},{"damage":0.0,"enemies":"Nemesis","floor":44.0,"turns":3.0},{"damage":32.0,"enemies":"Reptomancer","floor":46.0,"turns":4.0},{"damage":0.0,"enemies":"Giant Head","floor":48.0,"turns":4.0},{"damage":100,"enemies":"Donu and Deca","floor":50,"turns":6}],"seed_played":"3805692671501176741","potions_obtained":[{"floor":4.0,"key":"FearPotion"},{"floor":7.0,"key":"Strength Potion"},{"floor":12.0,"key":"Swift Potion"},{"floor":13.0,"key":"HeartOfIron"},{"floor":19.0,"key":"SkillPotion"},{"floor":21.0,"key":"FearPotion"},{"floor":22.0,"key":"DistilledChaos"},{"floor":22.0,"key":"SmokeBomb"},{"floor":35.0,"key":"ElixirPotion"},{"floor":39.0,"key":"BlessingOfTheForge"},{"floor":40.0,"key":"Block Potion"},{"floor":44.0,"key":"BloodPotion"}],"is_trial":false,"path_per_floor":["M","M","?","M","?","R","E","R","T","$","?","?","E","T","R","B",null,"M","M","$","M","?","E","R","$","T","$","R","?","M","?","R","B",null,"M","M","?","?","M","M","$","M","T","E","R","E","$","E","R","B",null],"character_chosen":"IRONCLAD","items_purchased":["Inflame","Inflame","EntropicBrew","Champion Belt","Heavy Blade+1","Sling","Membership Card","Akabeko","Uppercut+1"],"campfire_rested":3,"item_purchase_floors":[10,20,20,25,27,41,47,47,47],"current_hp_per_floor":[80,77,77,73,73,73,35,59,59,59,59,36,7,7,31,7,80,74,80,80,56,56,62,62,62,62,62,62,54,26,26,50,22,80,80,56,45,45,53,49,49,53,53,59,77,51,51,57,78,50],"gold":49,"neow_bonus":"HUNDRED_GOLD","is_daily":false,"chose_seed":false,"campfire_upgraded":5,"win_rate":0.0,"timestamp":1614206440,"path_taken":["M","M","?","M","?","R","E","R","T","$","?","?","E","?","R","BOSS","M","?","$","M","?","E","R","$","T","?","R","?","?","?","R","BOSS","M","M","?","?","M","?","$","M","T","E","R","E","?","E","R","BOSS"],"items_purchased_type":["Card","Card","Potion","Relic","Card","Relic","Relic","Relic","Card"],"build_version":"2020-12-22","purchased_purges":1,"victory":true,"max_hp_per_floor":[80,80,80,80,80,80,80,80,80,80,80,80,80,80,80,80,80,80,80,80,80,80,80,80,80,80,80,80,80,80,80,80,80,80,80,80,80,80,80,80,80,80,80,80,80,80,80,80,80,80],"relic_stats":{"counters":[23,112],"Golden Idol":198,"Eternal Feather":39,"Pen Nib":[16],"Bag of Preparation":[38],"Question Card":21,"Burning Blood":134,"Blood Vial":2,"Nunchaku":[13],"Gambling Chip":[50],"Prayer Wheel":3,"Champion Belt":[33],"Kunai":[2],"obtain_stats":[{"Golden Idol":3,"SacredBark":34,"Oddly Smooth Stone":44,"Eternal Feather":43,"Pen Nib":12,"Bag of Preparation":7,"Question Card":9,"Sling":41,"Burning Blood":0,"Akabeko":47,"Calling Bell":17,"Blood Vial":48,"Nunchaku":17,"Anchor":26,"Gambling Chip":17,"Molten Egg 2":13,"Prayer Wheel":37,"Champion Belt":25,"Kunai":46,"Membership Card":47,"Toxic Egg 2":14,"Meat on the Bone":17},{"Golden Idol":2,"SacredBark":13,"Oddly Smooth Stone":20,"Eternal Feather":19,"Pen Nib":5,"Bag of Preparation":4,"Question Card":4,"Sling":18,"Burning Blood":0,"Akabeko":21,"Calling Bell":7,"Blood Vial":22,"Nunchaku":7,"Anchor":11,"Gambling Chip":7,"Molten Egg 2":6,"Prayer Wheel":16,"Champion Belt":11,"Kunai":21,"Membership Card":21,"Toxic Egg 2":6,"Meat on the Bone":7},{"Golden Idol":7,"SacredBark":69,"Oddly Smooth Stone":98,"Eternal Feather":95,"Pen Nib":28,"Bag of Preparation":18,"Question Card":18,"Sling":91,"Burning Blood":0,"Akabeko":102,"Calling Bell":47,"Blood Vial":106,"Nunchaku":47,"Anchor":57,"Gambling Chip":47,"Molten Egg 2":37,"Prayer Wheel":83,"Champion Belt":57,"Kunai":102,"Membership Card":102,"Toxic Egg 2":37,"Meat on the Bone":47}],"Meat on the Bone":72},"card_choices":[{"not_picked":["Havoc","Reckless Charge","Thunderclap"],"picked":"SKIP","floor":1.0},{"not_picked":["True Grit","Evolve","Body Slam"],"picked":"SKIP","floor":2.0},{"not_picked":["Searing Blow","Anger"],"picked":"Flame Barrier","floor":4.0},{"not_picked":["Pommel Strike","Shrug It Off"],"picked":"Berserk","floor":7.0},{"not_picked":["Infernal Blade","Dropkick","Flex"],"picked":"Iron Wave","floor":12.0},{"not_picked":["Shrug It Off","Armaments","True Grit"],"picked":"Pummel+1","floor":13.0},{"not_picked":["Pommel Strike+1","Metallicize+1","Combust"],"picked":"Infernal Blade+1","floor":18.0},{"not_picked":["Headbutt+1","Flex+1","Perfected Strike+1"],"picked":"Wild Strike+1","floor":19.0},{"not_picked":["Pommel Strike+1","True Grit+1","Headbutt+1"],"picked":"Pummel+1","floor":21.0},{"not_picked":["Hemokinesis+1","Havoc+1","True Grit+1"],"picked":"Thunderclap+1","floor":30.0},{"not_picked":["Berserk","Immolate+1","Corruption"],"picked":"Double Tap+1","floor":33.0},{"not_picked":["True Grit+1","Havoc+1","Perfected Strike+1"],"picked":"Flex+1","floor":35.0},{"not_picked":["Shockwave+1","Dark Embrace+1","Flex+1"],"picked":"Uppercut+1","floor":36.0},{"not_picked":["Fiend Fire+1","Iron Wave+1","Thunderclap+1"],"picked":"Heavy Blade+1","floor":37.0},{"not_picked":["Pommel Strike+1","Blood for Blood+1","Iron Wave+1"],"picked":"Inflame+1","floor":39.0},{"not_picked":["Disarm+1","Power Through+1","Headbutt+1"],"picked":"Shrug It Off+1","floor":39.0},{"not_picked":["Flex+1","Perfected Strike+1","Shrug It Off+1"],"picked":"Clothesline+1","floor":40.0},{"not_picked":["Combust+1","Carnage+1","Intimidate+1","Second Wind+1"],"picked":"SKIP","floor":40.0},{"not_picked":["Uppercut+1","Rupture+1","Ghostly Armor+1"],"picked":"Demon Form","floor":42.0},{"not_picked":["Rampage+1","Clothesline+1","Havoc+1"],"picked":"Twin Strike+1","floor":42.0},{"not_picked":["Hemokinesis+1","Flex+1","Second Wind+1"],"picked":"Dropkick+1","floor":44.0},{"not_picked":["Armaments+1","True Grit+1","Fire Breathing+1"],"picked":"Thunderclap+1","floor":46.0},{"not_picked":["Dropkick+1","Iron Wave+1","Impervious+1"],"picked":"Heavy Blade+1","floor":48.0}],"player_experience":411303,"relics_obtained":[{"floor":7.0,"key":"Bag of Preparation"},{"floor":9.0,"key":"Question Card"},{"floor":12.0,"key":"Pen Nib"},{"floor":13.0,"key":"Molten Egg 2"},{"floor":14.0,"key":"Toxic Egg 2"},{"floor":17.0,"key":"Nunchaku"},{"floor":17.0,"key":"Meat on the Bone"},{"floor":17.0,"key":"Gambling Chip"},{"floor":26.0,"key":"Anchor"},{"floor":37.0,"key":"Prayer Wheel"},{"floor":43.0,"key":"Eternal Feather"},{"floor":44.0,"key":"Oddly Smooth Stone"},{"floor":46.0,"key":"Kunai"},{"floor":48.0,"key":"Blood Vial"}],"event_choices":[{"damage_healed":0.0,"max_hp_gain":0.0,"max_hp_loss":0.0,"gold_gain":0.0,"event_name":"Golden Idol","player_choice":"Take Wound","floor":3.0,"gold_loss":0.0,"damage_taken":0.0,"relics_obtained":["Golden Idol"],"cards_obtained":["Injury"]},{"cards_removed":["Injury"],"damage_healed":0.0,"max_hp_gain":0.0,"max_hp_loss":0.0,"gold_gain":0.0,"event_name":"The Cleric","player_choice":"Card Removal","floor":5.0,"gold_loss":50.0,"damage_taken":0.0},{"damage_healed":0.0,"max_hp_gain":0.0,"max_hp_loss":0.0,"gold_gain":0.0,"event_name":"Living Wall","player_choice":"Grow","floor":11.0,"gold_loss":0.0,"damage_taken":0.0,"cards_upgraded":["Inflame"]},{"damage_healed":0.0,"max_hp_gain":0.0,"max_hp_loss":0.0,"gold_gain":0.0,"event_name":"Dead Adventurer","player_choice":"Searched \u00271\u0027 times","floor":12.0,"gold_loss":0.0,"damage_taken":0.0},{"damage_healed":0.0,"max_hp_gain":0.0,"max_hp_loss":0.0,"gold_gain":0.0,"event_name":"Lab","player_choice":"Got Potions","floor":22.0,"gold_loss":0.0,"damage_taken":0.0},{"damage_healed":0.0,"max_hp_gain":0.0,"max_hp_loss":0.0,"gold_gain":0.0,"event_name":"Wheel of Change","player_choice":"Damaged","floor":29.0,"gold_loss":0.0,"damage_taken":8.0},{"damage_healed":0.0,"max_hp_gain":0.0,"max_hp_loss":0.0,"gold_gain":0.0,"event_name":"Vampires","player_choice":"Ignored","floor":31.0,"gold_loss":0.0,"damage_taken":0.0},{"damage_healed":0.0,"max_hp_gain":0.0,"max_hp_loss":0.0,"gold_gain":0.0,"event_name":"MindBloom","player_choice":"Fight","floor":37.0,"gold_loss":0.0,"damage_taken":0.0},{"damage_healed":0.0,"max_hp_gain":0.0,"max_hp_loss":0.0,"gold_gain":0.0,"event_name":"Wheel of Change","player_choice":"Cursed","floor":38.0,"gold_loss":0.0,"damage_taken":0.0,"cards_obtained":["Decay"]}],"is_beta":false,"boss_relics":[{"not_picked":["Pandora\u0027s Box","Ectoplasm"],"picked":"Calling Bell"},{"not_picked":["Runic Pyramid","Busted Crown"],"picked":"SacredBark"}],"items_purged_floors":[41],"is_endless":false,"potions_floor_spawned":[4,7,12,13,19,21,35,39,40,44,48],"ascension_level":4}}