{"host":"rb2p2z6v6vieend5","time":1614210625,"event":{"mods":["BaseMod","Block Reminder","Colored Map","DeckTracker","Highlight Path","Minty Spire (QoL Compilation)","Random Character Button","Relic Stats"],"gold_per_floor":[112,125,136,156,156,156,184,184,184,184,213,213,162,162,162,162,162],"floor_reached":16,"language":"ENG","playtime":399,"items_purged":[],"score":211,"play_id":"75d182c9-edcb-4a02-acaa-f256db28caff","local_time":"20210225005025","is_ascension_mode":true,"campfire_choices":[{"data":"Combust","floor":6,"key":"SMITH"},{"data":"Whirlwind","floor":8,"key":"SMITH"},{"data":"Bash","floor":10,"key":"SMITH"},{"floor":12,"key":"REST"},{"data":"Uppercut","floor":15,"key":"SMITH"}],"circlet_count":0,"master_deck":["AscendersBane","Strike_R","Strike_R","Strike_R","Strike_R","Strike_R","Defend_R","Defend_R","Defend_R","Defend_R","Bash+1","Iron Wave","Shrug It Off","Combust+1","Whirlwind+1","Uppercut+1","Rampage"],"relics":["Burning Blood","NeowsBlessing","MealTicket","Smiling Mask","Bottled Lightning"],"acts_visited":["Exordium"],"potions_floor_usage":[7],"damage_taken":[{"damage":0,"enemies":"Cultist","floor":1,"turns":1},{"damage":0,"enemies":"2 Louse","floor":2,"turns":1},{"damage":0,"enemies":"Small Slimes","floor":3,"turns":1},{"damage":13,"enemies":"3 Louse","floor":4,"turns":6},{"damage":43,"enemies":"Lagavulin","floor":7,"turns":9},{"damage":27,"enemies":"Gremlin Nob","floor":11,"turns":4},{"damage":41,"enemies":"The Guardian","floor":16,"turns":6}],"seed_played":"8410756241298965324","potions_obtained":[{"floor":1,"key":"Block Potion"},{"floor":4,"key":"SneckoOil"}],"is_trial":false,"path_per_floor":["M","M","M","M","?","R","E","R","T","R","E","R","?","?","R","B"],"character_chosen":"IRONCLAD","items_purchased":[],"campfire_rested":1,"item_purchase_floors":[],"current_hp_per_floor":[74,75,75,68,73,73,36,36,36,36,15,39,39,39,39,0,0],"gold":162,"neow_bonus":"THREE_ENEMY_KILL","is_daily":false,"chose_seed":false,"campfire_upgraded":4,"win_rate":0.0,"timestamp":1614210625,"path_taken":["M","?","?","M","?","R","E","R","T","R","E","R","?","?","R","BOSS"],"items_purchased_type":[],"build_version":"2020-12-22","purchased_purges":0,"victory":false,"max_hp_per_floor":[75,75,75,75,80,80,80,80,80,80,80,80,80,80,80,80,80],"relic_stats":{"counters":[7,28],"MealTicket":0,"Smiling Mask":0,"obtain_stats":[{"NeowsBlessing":0,"MealTicket":7,"Bottled Lightning":11,"Smiling Mask":9,"Burning Blood":0},{"NeowsBlessing":0,"MealTicket":5,"Bottled Lightning":6,"Smiling Mask":5,"Burning Blood":0},{"NeowsBlessing":0,"MealTicket":18,"Bottled Lightning":22,"Smiling Mask":18,"Burning Blood":0}],"Burning Blood":25},"card_choices":[{"not_picked":["Seeing Red","Reckless Charge"],"picked":"Iron Wave","floor":1},{"not_picked":["Warcry","Havoc","Pummel"],"picked":"SKIP","floor":2},{"not_picked":["Armaments","Evolve"],"picked":"Shrug It Off","floor":3},{"not_picked":["Headbutt","Warcry"],"picked":"Combust","floor":4},{"not_picked":["Fiend Fire","Pummel"],"picked":"Whirlwind","floor":7},{"not_picked":["True Grit","Flex"],"picked":"Uppercut","floor":11}],"player_experience":821657,"relics_obtained":[{"floor":7,"key":"MealTicket"},{"floor":9,"key":"Smiling Mask"},{"floor":11,"key":"Bottled Lightning"}],"event_choices":[{"damage_healed":0,"gold_gain":0,"player_choice":"Donut","damage_taken":0,"max_hp_gain":5,"max_hp_loss":0,"event_name":"Big Fish","floor":5,"gold_loss":0},{"damage_healed":0,"gold_gain":0,"player_choice":"Left Gold","damage_taken":0,"max_hp_gain":0,"max_hp_loss":0,"event_name":"World of Goop","floor":13,"gold_loss":51},{"damage_healed":0,"gold_gain":0,"player_choice":"1 cards matched","damage_taken":0,"max_hp_gain":0,"max_hp_loss":0,"event_name":"Match and Keep!","floor":14,"gold_loss":0,"cards_obtained":["Rampage"]}],"is_beta":false,"boss_relics":[],"items_purged_floors":[],"is_endless":false,"potions_floor_spawned":[1,4],"killed_by":"The Guardian","ascension_level":19}}