{"host":"sgdhw3pdkzxa44vc","time":1614185332,"event":{"mods":["BaseMod","Bestiary","Colored Map","Highlight Path","Minty Spire (QoL Compilation)","Relic Stats"],"gold_per_floor":[116,116,139,158,181,212,212,212,212],"floor_reached":8,"language":"ENG","playtime":215,"items_purged":[],"score":58,"play_id":"901ab914-a698-45f9-b099-0fb0b0f50c7c","local_time":"20210224184852","is_ascension_mode":false,"campfire_choices":[],"circlet_count":0,"master_deck":["Strike_B","Strike_B","Strike_B","Strike_B","Defend_B","Defend_B","Defend_B","Defend_B","Zap","Dualcast","Doom and Gloom","Capacitor","Heatsinks","Go for the Eyes"],"relics":["Cracked Core","NeowsBlessing","Golden Idol","Potion Belt","Darkstone Periapt"],"acts_visited":["Exordium"],"potions_floor_usage":[6],"damage_taken":[{"damage":0,"enemies":"Small Slimes","floor":1,"turns":1},{"damage":0,"enemies":"Jaw Worm","floor":3,"turns":1},{"damage":0,"enemies":"Cultist","floor":4,"turns":1},{"damage":11,"enemies":"Red Slaver","floor":5,"turns":3},{"damage":48,"enemies":"Gremlin Nob","floor":6,"turns":5},{"damage":0,"enemies":"3 Sentries","floor":8,"turns":1}],"seed_played":"-6376846283353135918","potions_obtained":[{"floor":1,"key":"Energy Potion"},{"floor":5,"key":"Fruit Juice"},{"floor":6,"key":"Swift Potion"}],"is_trial":false,"path_per_floor":["M","?","M","M","M","E","T","E"],"character_chosen":"DEFECT","items_purchased":[],"campfire_rested":0,"item_purchase_floors":[],"current_hp_per_floor":[75,57,57,57,46,3,3,3,3],"gold":212,"neow_bonus":"THREE_ENEMY_KILL","is_daily":false,"chose_seed":false,"campfire_upgraded":0,"win_rate":0.0,"timestamp":1614185332,"path_taken":["M","?","M","M","M","E","?","E"],"items_purchased_type":[],"build_version":"2020-12-22","purchased_purges":0,"victory":false,"max_hp_per_floor":[75,75,75,75,75,80,80,80,80],"relic_stats":{"Darkstone Periapt":0,"counters":[6,12],"Golden Idol":20,"obtain_stats":[{"Potion Belt":6,"Darkstone Periapt":7,"NeowsBlessing":0,"Golden Idol":2,"Cracked Core":0},{"Potion Belt":5,"Darkstone Periapt":5,"NeowsBlessing":0,"Golden Idol":1,"Cracked Core":0},{"Potion Belt":11,"Darkstone Periapt":11,"NeowsBlessing":0,"Golden Idol":1,"Cracked Core":0}]},"card_choices":[{"not_picked":["Heatsinks","Beam Cell"],"picked":"Doom and Gloom","floor":1},{"not_picked":["Conserve Battery","Beam Cell"],"picked":"Capacitor","floor":3},{"not_picked":["Capacitor","Steam"],"picked":"Heatsinks","floor":4},{"not_picked":["Steam Power","Undo"],"picked":"Go for the Eyes","floor":5},{"not_picked":["Gash","Aggregate","Beam Cell"],"picked":"SKIP","floor":6}],"player_experience":576888,"relics_obtained":[{"floor":6,"key":"Potion Belt"},{"floor":7,"key":"Darkstone Periapt"}],"event_choices":[{"damage_healed":0,"gold_gain":0,"player_choice":"Take Damage","damage_taken":18,"relics_obtained":["Golden Idol"],"max_hp_gain":0,"max_hp_loss":0,"event_name":"Golden Idol","floor":2,"gold_loss":0}],"is_beta":false,"boss_relics":[],"items_purged_floors":[],"is_endless":false,"potions_floor_spawned":[1,5,6],"killed_by":"3 Sentries","ascension_level":0}}