{"host":"g11d3x3m0pyxfasu","time":1614179473,"event":{"mods":["BaseMod","Block Reminder","Hubris","Infinite Spire","Minty Spire (QoL Compilation)","Quick Restart","Reliquary","Replay The Spire","StSLib","SuperFastMode"],"gold_per_floor":[113,128,403,421,36,66,66,77,100,127,144,155,155,174,174,275,275,290,389,389,389,404,404,117,155,155,195,232,266,283,316,316,421,421,432,447,465,465,26,26,26],"floor_reached":40,"language":"ENG","playtime":1926,"items_purged":["Defend_R","Regret","Strike_R"],"score":467,"play_id":"a9c62298-c53b-4886-b391-6b2114e70fde","local_time":"20210224161113","is_ascension_mode":false,"campfire_choices":[{"floor":7,"key":"REST"},{"floor":15,"key":"REST"},{"data":"Pommel Strike","floor":23,"key":"SMITH"},{"data":"Juggernaut","floor":32,"key":"SMITH"}],"circlet_count":0,"master_deck":["Strike_R","Strike_R","Strike_R","Strike_R","Defend_R","Defend_R","Defend_R","Burning Pact","Shrug It Off","Shrug It Off","Searing Blow","Pommel Strike+1","Clothesline","Survivor","Neutralize","Juggernaut","Juggernaut+1","ReplayTheSpireMod:Limb From Limb","HandOfGreed","Armaments+1","Iron Wave","Bludgeon+1","Dual Wield+1","Barricade","Iron Wave+1","Flame Barrier+1","Pommel Strike+1"],"relics":["Snecko Heart","ReplayTheSpireMod:Ninjato","hubris:SlimyHat","hubris:ToyBattleship","MealTicket","hubris:RunicObelisk","Darkstone Periapt","Molten Egg 2","Incense Burner","Cursed Key","Bird Faced Urn"],"acts_visited":["Exordium","TheCity","TheBeyond"],"potions_floor_usage":[6,16],"damage_taken":[{"damage":5,"enemies":"Small Slimes","floor":1,"turns":3},{"damage":0,"enemies":"Cultist","floor":2,"turns":4},{"damage":0,"enemies":"2 Louse","floor":4,"turns":2},{"damage":37,"enemies":"Gremlin Nob","floor":6,"turns":4},{"damage":2,"enemies":"Blue Slaver","floor":8,"turns":2},{"damage":12,"enemies":"Lagavulin","floor":10,"turns":5},{"damage":15,"enemies":"3 Louse","floor":11,"turns":4},{"damage":19,"enemies":"Large Slime","floor":12,"turns":2},{"damage":0,"enemies":"Red Slaver","floor":14,"turns":2},{"damage":37,"enemies":"Fading Forest","floor":16,"turns":11},{"damage":2,"enemies":"Chosen","floor":18,"turns":4},{"damage":11,"enemies":"2 Thieves","floor":22,"turns":4},{"damage":1,"enemies":"Cultist and Chosen","floor":25,"turns":3},{"damage":5,"enemies":"Centurion and Healer","floor":27,"turns":6},{"damage":17,"enemies":"Sentry and Sphere","floor":28,"turns":4},{"damage":5,"enemies":"Book of Stabbing","floor":29,"turns":5},{"damage":15,"enemies":"Snake Plant","floor":30,"turns":3},{"damage":5,"enemies":"Gremlin Leader","floor":31,"turns":4},{"damage":7,"enemies":"Collector","floor":33,"turns":7},{"damage":40,"enemies":"3 Shapes","floor":35,"turns":5},{"damage":11,"enemies":"Orb Walker","floor":36,"turns":3},{"damage":6,"enemies":"4 Shapes","floor":37,"turns":6},{"damage":45,"enemies":"Nightmare","floor":40,"turns":5}],"seed_played":"-3266684076853409198","potions_obtained":[{"floor":1,"key":"Death Potion"},{"floor":2,"key":"BlessingOfTheForge"},{"floor":8,"key":"Adrenaline Potion"},{"floor":10,"key":"LiquidBronze"},{"floor":25,"key":"Fire Potion"}],"is_trial":false,"path_per_floor":["M","M","?","M","$","E","R","M","T","E","M","M","?","M","R","B",null,"M","?","?","?","M","R","$","M","T","M","M","E","M","E","R","B",null,"M","M","M","?","$","NM"],"character_chosen":"IRONCLAD","items_purchased":["ReplayTheSpireMod:Ninjato","Shrug It Off","HandOfGreed","Bird Faced Urn"],"campfire_rested":2,"item_purchase_floors":[5,5,24,39],"current_hp_per_floor":[75,75,75,75,75,38,62,60,60,48,33,14,14,14,38,27,80,78,78,78,78,67,67,80,79,79,74,57,52,37,32,32,25,80,40,29,23,23,38,0,0],"gold":26,"neow_bonus":"BOSS_RELIC","is_daily":false,"chose_seed":false,"campfire_upgraded":2,"win_rate":0.0,"timestamp":1614179473,"path_taken":["M","M","?","M","$","E","R","M","T","E","M","?","?","M","R","BOSS","M","?","?","?","M","R","$","?","T","M","M","E","M","E","R","BOSS","M","?","M","?","$","NM"],"items_purchased_type":["Relic","Card","Card","Relic"],"build_version":"2020-12-22","purchased_purges":3,"victory":false,"max_hp_per_floor":[80,80,80,80,80,80,80,80,80,80,80,80,80,80,80,80,80,80,80,80,80,80,80,80,80,80,80,80,80,80,80,80,80,80,80,80,80,80,80,80,80],"card_choices":[{"not_picked":["Rupture","Massacre"],"picked":"Burning Pact","floor":1},{"not_picked":["Rupture","Clothesline"],"picked":"Shrug It Off","floor":2},{"not_picked":["Clash","Headbutt","ReplayTheSpireMod:Strike From Hell"],"picked":"SKIP","floor":4},{"not_picked":["Warcry","Body Slam","Flex"],"picked":"SKIP","floor":6},{"not_picked":["Perfected Strike","Replay:Undeath\u0027s Touch"],"picked":"Searing Blow","floor":8},{"not_picked":["Massacre","Abandon","Ghostly Armor"],"picked":"SKIP","floor":10},{"not_picked":["Intimidate","Run Through"],"picked":"Pommel Strike","floor":11},{"not_picked":["Replay:Undeath\u0027s Touch","infinitespire:OneForAll"],"picked":"Clothesline","floor":12},{"not_picked":["hubris:SharpeningStone","Twin Strike","Anger"],"picked":"SKIP","floor":14},{"not_picked":["Replay:Many Hands","Demonic Infusion"],"picked":"Juggernaut","floor":16},{"not_picked":["Run Through+1","Ghostly Armor","Twin Strike"],"picked":"SKIP","floor":18},{"not_picked":["True Grit","Life Link"],"picked":"ReplayTheSpireMod:Limb From Limb","floor":22},{"not_picked":["ReplayTheSpireMod:Strike From Hell","Flame Barrier"],"picked":"Armaments+1","floor":25},{"not_picked":["Intimidate","Sword Boomerang","Power Through"],"picked":"SKIP","floor":27},{"not_picked":["Bloodletting+1","Headbutt+1"],"picked":"Iron Wave","floor":28},{"not_picked":["Iron Wave+1","Thunderclap+1"],"picked":"Bludgeon+1","floor":29},{"not_picked":["Blood for Blood+1","Cleave+1"],"picked":"Dual Wield+1","floor":30},{"not_picked":["Impervious","Iron Wave+1","Replay:Undeath\u0027s Touch+1"],"picked":"SKIP","floor":31},{"not_picked":["Brutality","Eclipse"],"picked":"Barricade","floor":33},{"not_picked":["Sword Boomerang+1","hubris:ReadiedAction"],"picked":"Iron Wave+1","floor":35},{"not_picked":["Abandon","Massacre+1"],"picked":"Flame Barrier+1","floor":36},{"not_picked":["Perfected Strike+1","Massacre+1"],"picked":"Pommel Strike+1","floor":37}],"player_experience":0,"relics_obtained":[{"floor":6,"key":"hubris:SlimyHat"},{"floor":9,"key":"hubris:ToyBattleship"},{"floor":10,"key":"MealTicket"},{"floor":26,"key":"Darkstone Periapt"},{"floor":29,"key":"Molten Egg 2"},{"floor":31,"key":"Incense Burner"}],"event_choices":[{"damage_healed":0,"gold_gain":275,"player_choice":"Desecrate","damage_taken":0,"max_hp_gain":0,"max_hp_loss":0,"event_name":"Golden Shrine","floor":3,"gold_loss":0,"cards_obtained":["Regret"]},{"damage_healed":0,"gold_gain":99,"player_choice":"Stole From Cult","damage_taken":0,"max_hp_gain":0,"max_hp_loss":0,"event_name":"Nest","floor":19,"gold_loss":0},{"damage_healed":0,"gold_gain":0,"player_choice":"Ignored","damage_taken":0,"max_hp_gain":0,"max_hp_loss":0,"event_name":"Beggar","floor":20,"gold_loss":0},{"damage_healed":0,"gold_gain":0,"player_choice":"Copied","damage_taken":0,"max_hp_gain":0,"max_hp_loss":0,"event_name":"Duplicator","floor":21,"gold_loss":0,"cards_obtained":["Juggernaut"]},{"damage_healed":0,"gold_gain":0,"player_choice":"Ignored","damage_taken":0,"max_hp_gain":0,"max_hp_loss":0,"event_name":"SecretPortal","floor":38,"gold_loss":0}],"is_beta":false,"boss_relics":[{"not_picked":["Replay:Drink Me","Electric Blood"],"picked":"hubris:RunicObelisk"},{"not_picked":["Ring of Chaos","Empty Cage"],"picked":"Cursed Key"}],"items_purged_floors":[5,24,39],"is_endless":false,"potions_floor_spawned":[1,2,8,10,14,25,27,31],"killed_by":"Nightmare","ascension_level":0}}