{"host":"g11d3x3m0pyxfasu","time":1614185478,"event":{"mods":["BaseMod","Block Reminder","Minty Spire (QoL Compilation)","Quick Restart","StSLib","SuperFastMode"],"gold_per_floor":[117,134,209,209,209,240,258,11,84,84,184,196,210,234,234,234,234],"floor_reached":16,"language":"ENG","playtime":361,"items_purged":["Defend_R"],"score":150,"play_id":"893fffd3-dc66-4558-8709-81715edcf817","local_time":"20210224175118","is_ascension_mode":false,"campfire_choices":[{"data":"Inflame","floor":10,"key":"SMITH"},{"data":"Demon Form","floor":15,"key":"SMITH"}],"circlet_count":0,"master_deck":["Strike_R","Strike_R","Strike_R+1","Strike_R+1","Defend_R","Defend_R","Defend_R","Bash","Shrug It Off","Battle Trance","Inflame+1","Shrug It Off","Cleave","Demon Form+1"],"relics":["Burning Blood","Strawberry","Regal Pillow","Ornamental Fan","Toy Ornithopter"],"acts_visited":["Exordium"],"potions_floor_usage":[6],"damage_taken":[{"damage":2,"enemies":"2 Louse","floor":1,"turns":3},{"damage":2,"enemies":"Small Slimes","floor":2,"turns":3},{"damage":16,"enemies":"Gremlin Nob","floor":6,"turns":3},{"damage":2,"enemies":"Cultist","floor":7,"turns":4},{"damage":7,"enemies":"Exordium Wildlife","floor":12,"turns":6},{"damage":8,"enemies":"Red Slaver","floor":13,"turns":4},{"damage":44,"enemies":"Slime Boss","floor":16,"turns":6}],"seed_played":"2137545063132735109","potions_obtained":[{"floor":2,"key":"DuplicationPotion"},{"floor":6,"key":"PowerPotion"},{"floor":7,"key":"Weak Potion"}],"is_trial":true,"path_per_floor":["M","M","?","?","?","E","M","$","T","R","?","M","M","T","R","B"],"character_chosen":"IRONCLAD","items_purchased":["Regal Pillow","Shrug It Off"],"campfire_rested":0,"item_purchase_floors":[8,8],"current_hp_per_floor":[80,80,69,62,46,43,47,47,47,47,47,46,44,44,44,0,0],"gold":234,"neow_bonus":"","is_daily":false,"chose_seed":false,"campfire_upgraded":2,"win_rate":0.0,"timestamp":1614185478,"path_taken":["M","M","?","?","?","E","M","$","T","R","?","?","M","?","R","BOSS"],"items_purchased_type":["Relic","Card"],"build_version":"2020-12-22","purchased_purges":1,"victory":false,"max_hp_per_floor":[80,80,80,80,80,87,87,87,87,87,87,87,87,87,87,87,87],"card_choices":[{"not_picked":["Havoc","Twin Strike"],"picked":"Shrug It Off","floor":1},{"not_picked":["Reckless Charge","Headbutt"],"picked":"Battle Trance","floor":2},{"not_picked":["Heavy Blade","Cleave"],"picked":"Inflame","floor":6},{"not_picked":["Warcry","Battle Trance","Flame Barrier"],"picked":"SKIP","floor":7},{"not_picked":["Sword Boomerang","Headbutt"],"picked":"Cleave","floor":12},{"not_picked":["Body Slam","Pommel Strike"],"picked":"Demon Form","floor":13}],"player_experience":2549,"relics_obtained":[{"floor":6,"key":"Strawberry"},{"floor":9,"key":"Ornamental Fan"},{"floor":14,"key":"Toy Ornithopter"}],"event_choices":[{"damage_healed":0,"gold_gain":75,"player_choice":"Gather Gold","damage_taken":11,"max_hp_gain":0,"max_hp_loss":0,"event_name":"World of Goop","floor":3,"gold_loss":0},{"cards_removed":["Strike_R"],"damage_healed":0,"gold_gain":0,"player_choice":"Card Removal","damage_taken":7,"max_hp_gain":0,"max_hp_loss":0,"event_name":"Golden Wing","floor":4,"gold_loss":0},{"damage_healed":0,"gold_gain":0,"player_choice":"Entered Light","damage_taken":16,"max_hp_gain":0,"max_hp_loss":0,"event_name":"Shining Light","floor":5,"gold_loss":0,"cards_upgraded":["Strike_R","Strike_R"]},{"damage_healed":0,"gold_gain":100,"player_choice":"Pray","damage_taken":0,"max_hp_gain":0,"max_hp_loss":0,"event_name":"Golden Shrine","floor":11,"gold_loss":0}],"is_beta":false,"boss_relics":[],"items_purged_floors":[8],"is_endless":true,"potions_floor_spawned":[2,6,7],"killed_by":"Slime Boss","ascension_level":0}}