{"host":"o5lch9xvacbb0fa4","time":1614177951,"event":{"mods":["AchievementEnabler","Act Like it!","Aspiration","Bard","BaseMod","Better Altar","Better Match","Better Note","Better Sensory Stone","Better Skull","Better Third Choice","Better Vampires","BetterRewards","CCEM","Colored Map","Conspire","Downfall","GifTheSpireLib","Googly Eyes","GungeonMod","Halation","Hermit","Highlight Path","Hubris","Infinite Spire","Jedi Mod","Jorbs\u0027s Wanderer Trilogy","Marisa????????","Marked Mod","Mimic Mod","Minty Spire (QoL Compilation)","Permanent Neow","Relic Filter","Relic Sorter","Relic Stats","Replay The Spire","Shade Mod","Shop Mod","Small Relic Pack","StSLib","Stuff the Spire","The Blackbeard","The Cursed","The Runesmith","Unceasing Turn Reminder","everything is the same but u backflip on backflip","slay the spire mod where everything is the same but ironclad has a cowboy hat"],"gold_per_floor":[112,124,124,143,143,143,173,173,207,242,262,280,280,312,312,408,408,427,627,645,658,658,658,690,690,690,690,690,690,723,737,737,834,834,853,863,863,763,763,777,831,831,831,845,845,845,865,899,899,899,899],"floor_reached":50,"playtime":2627,"items_purged":[],"score":753,"play_id":"543383b6-099a-403e-a595-0501afcaa691","local_time":"20210224224551","is_ascension_mode":false,"campfire_choices":[{"data":"Runesmith:UnlimitedPower","floor":6,"key":"SMITH"},{"data":"Runesmith:Fortify","floor":8,"key":"SMITH"},{"data":"Runesmith:PoweredAnvil","floor":13,"key":"SMITH"},{"floor":15,"key":"REST"},{"data":"Runesmith:DuctTape","floor":23,"key":"SMITH"},{"data":"Runesmith:CreatorForm","floor":25,"key":"SMITH"},{"data":"Runesmith:CraftIndustria","floor":27,"key":"SMITH"},{"data":"Runesmith:CraftPrismatica","floor":29,"key":"SMITH"},{"data":"Runesmith:PoweredAnvil","floor":42,"key":"SMITH"},{"floor":45,"key":"RECALL"},{"data":"Runesmith:LithiumIon","floor":49,"key":"SMITH"}],"circlet_count":0,"master_deck":["Runesmith:Strike_RS","Runesmith:Strike_RS","Runesmith:Defend_RS","Runesmith:Defend_RS","Runesmith:Defend_RS","Runesmith:Defend_RS","Runesmith:CraftFirestone","Runesmith:Fortify+1","Runesmith:CraftProtectio","Runesmith:Accelerate","Runesmith:UnlimitedPower+1","expansioncontent:YouAreMine","Runesmith:Discharge","Runesmith:CraftMagma","Runesmith:RuneHurl+1","Runesmith:PoweredAnvil+1","Runesmith:CraftPrismatica+1","Runesmith:PoweredAnvil+1","Runesmith:StaticCage","Runesmith:CraftIndustria+1","Runesmith:StaticCage","Runesmith:DuctTape+1","Runesmith:CraftIncendium+1","Runesmith:CreatorForm+1","Runesmith:CraftMagma","Runesmith:StaticCage","Runesmith:LithiumIon+1","Runesmith:ArcReactor","Runesmith:ChaoticBlast+1","Runesmith:HammerThrow+1","Clumsy","Spreading Infection","Runesmith:CraftIncendium","Runesmith:CraftProtectio","Runesmith:CraftMagma+1"],"relics":["Runesmith:BrokenRuby","DemoMod:ClearGuonStone","DemoMod:VorpalBullet","infinitespire:CheckeredPen","Tiny Chest","Onion Ring","Prayer Wheel","Cursed Key","halation:Prosthetics","aspiration:SeaSaltIceCream","hubris:OldNail","Replay:Bottled Snecko","Mummified Hand","aspiration:ChemicalBlood","StuffTheSpire:RunicHypercube","CCEMRelics:GrindingGear","White Beast Statue"],"acts_visited":["Exordium","TheCity","TheBeyond"],"potions_floor_usage":[14,24,30,33],"damage_taken":[{"damage":0,"enemies":"2 Louse","floor":1,"turns":2},{"damage":5,"enemies":"Cultist","floor":2,"turns":6},{"damage":0,"enemies":"conspire:RoseBush","floor":4,"turns":5},{"damage":6,"enemies":"Replay:BlueRogue","floor":7,"turns":7},{"damage":0,"enemies":"Large Slime","floor":9,"turns":3},{"damage":14,"enemies":"Gremlin Nob","floor":10,"turns":4},{"damage":0,"enemies":"Large Slime","floor":11,"turns":5},{"damage":0,"enemies":"Blue Slaver","floor":12,"turns":3},{"damage":0,"enemies":"Lagavulin","floor":14,"turns":6},{"damage":0,"enemies":"The Guardian","floor":16,"turns":8},{"damage":0,"enemies":"Chosen","floor":18,"turns":5},{"damage":0,"enemies":"Spheric Guardian","floor":20,"turns":5},{"damage":5,"enemies":"Centurion and Healer","floor":21,"turns":5},{"damage":2,"enemies":"Book of Stabbing","floor":24,"turns":6},{"damage":0,"enemies":"Replay:Snechameleon","floor":30,"turns":2},{"damage":0,"enemies":"Shelled Parasite and Fungi","floor":31,"turns":3},{"damage":0,"enemies":"conspire:MysteriousRune","floor":33,"turns":4},{"damage":2,"enemies":"3 Shapes","floor":35,"turns":2},{"damage":1,"enemies":"3 Darklings","floor":36,"turns":3},{"damage":0,"enemies":"Transient","floor":40,"turns":5},{"damage":0,"enemies":"Sphere and 2 Shapes","floor":44,"turns":2},{"damage":3,"enemies":"3 Darklings","floor":47,"turns":4},{"damage":0,"enemies":"Nemesis","floor":48,"turns":1},{"damage":21,"enemies":"infinitespire:MassOfShapes","floor":50,"turns":1}],"seed_played":"8309957346029918734","potions_obtained":[{"floor":1,"key":"SteroidPotion"},{"floor":10,"key":"Swift Potion"},{"floor":11,"key":"Weak Potion"},{"floor":16,"key":"DistilledChaos"},{"floor":31,"key":"Weak Potion"},{"floor":33,"key":"FearPotion"},{"floor":35,"key":"Swift Potion"},{"floor":47,"key":"ColorlessPotion"}],"is_trial":false,"path_per_floor":["M","M","?","M","$","R","E","R","MIM","E","M","M","R","E","R","B",null,"M","?","M","M","?","R","E","R","T","R","T","R","E","M","R_BF","B",null,"M","M","?","NS","?","M","T","R","T","M","R","?","M","E","R","B"],"character_chosen":"RUNESMITH_CLASS","items_purchased":["DemoMod:ClearGuonStone","Runesmith:CraftProtectio","Runesmith:Accelerate","Runesmith:UnlimitedPower"],"campfire_rested":1,"item_purchase_floors":[0,0,0,0],"current_hp_per_floor":[49,44,44,44,44,44,38,38,38,24,24,24,24,24,45,45,70,70,70,70,65,18,18,16,16,16,16,16,16,16,16,18,18,18,16,15,15,15,15,15,15,15,15,15,15,15,12,12,12,0,0],"gold":899,"neow_bonus":"","is_daily":false,"chose_seed":false,"campfire_upgraded":9,"win_rate":0.0,"timestamp":1614177951,"path_taken":["M","M","?","?","$","R","E","R","MIM","E","M","M","R","E","R","BOSS","M","?","M","?","?","R","E","R","T","R","?","R","E","M","R_BF","BOSS","M","M","?","NS","?","?","?","R","T","M","R","?","M","E","R","BOSS"],"items_purchased_type":["Relic","Card","Card","Card"],"build_version":"2020-12-13","purchased_purges":0,"victory":false,"max_hp_per_floor":[70,70,70,70,70,70,70,70,70,70,70,70,70,70,70,70,70,70,70,70,70,18,18,18,18,18,18,18,18,18,18,18,18,18,18,18,18,18,15,15,15,15,15,15,15,15,15,15,15,15,15],"relic_stats":{"counters":[208,877],"Mummified Hand":[40],"Tiny Chest":2,"Prayer Wheel":10,"Cursed Key":4,"obtain_stats":[{"Replay:Accelerometer":21,"Golden Egg":26,"StuffTheSpire:Rhapsscallions":26,"infinitespire:Cubic Diamond":3,"Bottled Tornado":19,"Boot":0,"jedi:shrinkray":0,"halation:HeavySnake":34,"relicPack:OneForAll":2,"Replay:Ringing Soul":26,"Replay:Bronze Core":17,"CCEMRelics:DissonantTune":27,"Replay:Bottled Flurry":7,"halation:PromiseList":24,"Replay:Wax Seal":9,"hubris:MobiusCoin":25,"Runesmith:BrokenRuby":2,"infinitespire:EvilPickle":33,"CCEMRelics:FestiveHat":0,"aspiration:SilentSkillbook":34,"CultistMask":13,"conspire:BottledYoYo":9,"hubris:TenFootPole":13,"Kintsugi":0,"infinitespire:PuzzleCube":26,"Lantern":0,"StuffTheSpire:EmeraldSignet":2,"Bag of Preparation":8,"jedi:archwizardhat":6,"Ancient Tea Set":8,"Cursed Key":17,"Pet Ghost":9,"m_SlimeRing":3,"hubris:Backtick":17,"infinitespire:Bottled Soul":11,"aspiration:AnachronicSnailShell":33,"halation:Toothbrush":9,"hubris:CuriousFeather":0,"CCEMRelics:JestersCrown":6,"Ring of the Snake":0,"aspiration:ChemicalBlood":25,"hubris:GlazedTorus":40,"StuffTheSpire:TintedRock":11,"Lee\u0027s Waffle":0,"halation:MonkeysPaw":0,"Damaru":14,"StuffTheSpire:Expresso":36,"jedi:crownofsimplicity":0,"infinitespire:Lucky Rock":37,"infinitespire:CheckeredPen":7,"Frozen Egg 2":9,"Ring of Misfortune":0,"Durian":22,"Bottled Lightning":9,"ReplayTheSpireMod:Lightbulb":9,"halation:PinkSoulGem":4,"DemoMod:GlassGuonStoneRelic":1,"aspiration:BardSkillbook":17,"halation:Prosthetics":22,"halation:StarCompass":21,"Centennial Puzzle":7,"infinitespire:SolderingIron":0,"Prayer Wheel":12,"DemoMod:ClearGuonStone":0,"Girya":51,"hubris:Teleporter":14,"Happy Flower":3,"aspiration:Nostalgia":0,"hubris:HollowSoul":0,"halation:Thesaurus":21,"aspiration:SeaSaltIceCream":24,"WarpedTongs":19,"hubris:Zylophone":31,"conspire:GiftBox":4,"Replay:Baseball":11,"jedi:hotpepper":17,"relicPack:KazumaCape":17,"Bronze Scales":8,"Molten Egg 2":7,"StuffTheSpire:DarkSteelAnvil":14,"Onion Ring":10,"infinitespire:EmpoweringShard":3,"Grinning Jar":20,"CatCart":38,"Darkstone Periapt":10,"Replay:PocketPolymizer":5,"SacredBark":25,"conspire:SpecialSausage":17,"jedi:command_boss":25,"Incense Burner":26,"hubris:SlimyHat":0,"relicPack:DarknessArmor":0,"CCEMRelics:TechnogenicHelmet":26,"Replay:Mystery Machine":5,"PrismaticShard":24,"conspire:TopHat":6,"Chameleon Ring":9,"Mummified Hand":28,"StuffTheSpire:HeavyRock":6,"jedi:matchstick":9,"jedi:cryingmask":9,"Tiny Chest":9,"DemoMod:ElasticCartridgeClip":36,"Replay:Bottled Snecko":26,"halation:LettersToHer":0,"Cracked Core":7,"DemoMod:JetPack":12,"StuffTheSpire:Tea":45,"DemoMod:Dog":6,"StuffTheSpire:RunicHypercube":34,"infinitespire:CursedDice":47,"Guide Book":14,"White Beast Statue":0,"CCEMRelics:SpiritsEdge":9,"jedi:fakemustache":0,"Anchor":0,"infinitespire:DarkRift":0,"jedi:ominousloannote":0,"halation:EternalFortune":3,"CCEMRelics:GrindingGear":41,"Snack Pack":11,"PureWater":6,"jedi:arcanewood":12,"DemoMod:VorpalBullet":0,"hubris:OldNail":24},{"Replay:Accelerometer":118,"Golden Egg":175,"StuffTheSpire:Rhapsscallions":138,"infinitespire:Cubic Diamond":126,"Bottled Tornado":63,"Boot":29,"jedi:shrinkray":29,"halation:HeavySnake":178,"relicPack:OneForAll":1,"Replay:Ringing Soul":11,"Replay:Bronze Core":39,"CCEMRelics:DissonantTune":105,"Replay:Bottled Flurry":71,"halation:PromiseList":137,"Replay:Wax Seal":158,"hubris:MobiusCoin":174,"Runesmith:BrokenRuby":186,"infinitespire:EvilPickle":47,"CCEMRelics:FestiveHat":66,"aspiration:SilentSkillbook":47,"CultistMask":72,"conspire:BottledYoYo":35,"hubris:TenFootPole":60,"Kintsugi":159,"infinitespire:PuzzleCube":104,"Lantern":0,"StuffTheSpire:EmeraldSignet":108,"Bag of Preparation":26,"jedi:archwizardhat":93,"Ancient Tea Set":19,"Cursed Key":194,"Pet Ghost":87,"m_SlimeRing":126,"hubris:Backtick":62,"infinitespire:Bottled Soul":59,"aspiration:AnachronicSnailShell":141,"halation:Toothbrush":71,"hubris:CuriousFeather":107,"CCEMRelics:JestersCrown":17,"Ring of the Snake":0,"aspiration:ChemicalBlood":104,"hubris:GlazedTorus":181,"StuffTheSpire:TintedRock":21,"Lee\u0027s Waffle":90,"halation:MonkeysPaw":153,"Damaru":38,"StuffTheSpire:Expresso":49,"jedi:crownofsimplicity":29,"infinitespire:Lucky Rock":180,"infinitespire:CheckeredPen":188,"Frozen Egg 2":95,"Ring of Misfortune":150,"Durian":42,"Bottled Lightning":58,"ReplayTheSpireMod:Lightbulb":19,"halation:PinkSoulGem":83,"DemoMod:GlassGuonStoneRelic":1,"aspiration:BardSkillbook":74,"halation:Prosthetics":197,"halation:StarCompass":171,"Centennial Puzzle":57,"infinitespire:SolderingIron":14,"Prayer Wheel":22,"DemoMod:ClearGuonStone":184,"Girya":148,"hubris:Teleporter":73,"Happy Flower":92,"aspiration:Nostalgia":125,"hubris:HollowSoul":52,"halation:Thesaurus":118,"aspiration:SeaSaltIceCream":198,"WarpedTongs":40,"hubris:Zylophone":106,"conspire:GiftBox":25,"Replay:Baseball":167,"jedi:hotpepper":8,"relicPack:KazumaCape":115,"Bronze Scales":112,"Molten Egg 2":3,"StuffTheSpire:DarkSteelAnvil":28,"Onion Ring":190,"infinitespire:EmpoweringShard":155,"Grinning Jar":9,"CatCart":50,"Darkstone Periapt":130,"Replay:PocketPolymizer":127,"SacredBark":43,"conspire:SpecialSausage":134,"jedi:command_boss":43,"Incense Burner":43,"hubris:SlimyHat":90,"relicPack:DarknessArmor":29,"CCEMRelics:TechnogenicHelmet":122,"Replay:Mystery Machine":17,"PrismaticShard":10,"conspire:TopHat":85,"Chameleon Ring":26,"Mummified Hand":198,"StuffTheSpire:HeavyRock":34,"jedi:matchstick":112,"jedi:cryingmask":129,"Tiny Chest":189,"DemoMod:ElasticCartridgeClip":142,"Replay:Bottled Snecko":198,"halation:LettersToHer":14,"Cracked Core":18,"DemoMod:JetPack":167,"StuffTheSpire:Tea":145,"DemoMod:Dog":93,"StuffTheSpire:RunicHypercube":201,"infinitespire:CursedDice":147,"Guide Book":133,"White Beast Statue":90,"CCEMRelics:SpiritsEdge":4,"jedi:fakemustache":14,"Anchor":90,"infinitespire:DarkRift":125,"jedi:ominousloannote":29,"halation:EternalFortune":16,"CCEMRelics:GrindingGear":204,"Snack Pack":89,"PureWater":34,"jedi:arcanewood":6,"DemoMod:VorpalBullet":184,"hubris:OldNail":198},{"Replay:Accelerometer":505,"Golden Egg":750,"StuffTheSpire:Rhapsscallions":597,"infinitespire:Cubic Diamond":548,"Bottled Tornado":263,"Boot":139,"jedi:shrinkray":139,"halation:HeavySnake":759,"relicPack:OneForAll":2,"Replay:Ringing Soul":52,"Replay:Bronze Core":172,"CCEMRelics:DissonantTune":439,"Replay:Bottled Flurry":298,"halation:PromiseList":592,"Replay:Wax Seal":684,"hubris:MobiusCoin":747,"Runesmith:BrokenRuby":787,"infinitespire:EvilPickle":206,"CCEMRelics:FestiveHat":278,"aspiration:SilentSkillbook":206,"CultistMask":301,"conspire:BottledYoYo":156,"hubris:TenFootPole":254,"Kintsugi":689,"infinitespire:PuzzleCube":433,"Lantern":0,"StuffTheSpire:EmeraldSignet":446,"Bag of Preparation":117,"jedi:archwizardhat":379,"Ancient Tea Set":96,"Cursed Key":829,"Pet Ghost":361,"m_SlimeRing":548,"hubris:Backtick":260,"infinitespire:Bottled Soul":252,"aspiration:AnachronicSnailShell":617,"halation:Toothbrush":298,"hubris:CuriousFeather":444,"CCEMRelics:JestersCrown":82,"Ring of the Snake":0,"aspiration:ChemicalBlood":433,"hubris:GlazedTorus":768,"StuffTheSpire:TintedRock":105,"Lee\u0027s Waffle":368,"halation:MonkeysPaw":667,"Damaru":166,"StuffTheSpire:Expresso":214,"jedi:crownofsimplicity":139,"infinitespire:Lucky Rock":763,"infinitespire:CheckeredPen":800,"Frozen Egg 2":389,"Ring of Misfortune":659,"Durian":181,"Bottled Lightning":247,"ReplayTheSpireMod:Lightbulb":96,"halation:PinkSoulGem":344,"DemoMod:GlassGuonStoneRelic":2,"aspiration:BardSkillbook":313,"halation:Prosthetics":844,"halation:StarCompass":736,"Centennial Puzzle":244,"infinitespire:SolderingIron":65,"Prayer Wheel":106,"DemoMod:ClearGuonStone":780,"Girya":652,"hubris:Teleporter":305,"Happy Flower":375,"aspiration:Nostalgia":544,"hubris:HollowSoul":226,"halation:Thesaurus":505,"aspiration:SeaSaltIceCream":850,"WarpedTongs":174,"hubris:Zylophone":443,"conspire:GiftBox":114,"Replay:Baseball":725,"jedi:hotpepper":41,"relicPack:KazumaCape":488,"Bronze Scales":471,"Molten Egg 2":10,"StuffTheSpire:DarkSteelAnvil":125,"Onion Ring":807,"infinitespire:EmpoweringShard":674,"Grinning Jar":45,"CatCart":220,"Darkstone Periapt":564,"Replay:PocketPolymizer":551,"SacredBark":188,"conspire:SpecialSausage":580,"jedi:command_boss":188,"Incense Burner":188,"hubris:SlimyHat":368,"relicPack:DarknessArmor":139,"CCEMRelics:TechnogenicHelmet":527,"Replay:Mystery Machine":82,"PrismaticShard":46,"conspire:TopHat":354,"Chameleon Ring":117,"Mummified Hand":850,"StuffTheSpire:HeavyRock":153,"jedi:matchstick":471,"jedi:cryingmask":560,"Tiny Chest":803,"DemoMod:ElasticCartridgeClip":626,"Replay:Bottled Snecko":850,"halation:LettersToHer":65,"Cracked Core":83,"DemoMod:JetPack":725,"StuffTheSpire:Tea":639,"DemoMod:Dog":377,"StuffTheSpire:RunicHypercube":859,"infinitespire:CursedDice":649,"Guide Book":573,"White Beast Statue":368,"CCEMRelics:SpiritsEdge":18,"jedi:fakemustache":65,"Anchor":368,"infinitespire:DarkRift":544,"jedi:ominousloannote":139,"halation:EternalFortune":75,"CCEMRelics:GrindingGear":869,"Snack Pack":367,"PureWater":150,"jedi:arcanewood":24,"DemoMod:VorpalBullet":780,"hubris:OldNail":850}]},"card_choices":[{"not_picked":["Runesmith:ChaoticBlast","Runesmith:EarthShield"],"picked":"Runesmith:Discharge","floor":1},{"not_picked":["Runesmith:HeatExchange","Runesmith:EarthShield","Runesmith:BackupBattery"],"picked":"SKIP","floor":2},{"not_picked":["Runesmith:HeatExchange","Runesmith:FrozenChisel"],"picked":"Runesmith:CraftMagma","floor":4},{"not_picked":["Runesmith:CraftProtectio","Runesmith:Grindstone"],"picked":"Runesmith:RuneHurl","floor":7},{"not_picked":["Runesmith:Refine","Runesmith:GenerateForcefield"],"picked":"Runesmith:PoweredAnvil","floor":9},{"not_picked":["Runesmith:UnstableHammer","Runesmith:Repurpose"],"picked":"Runesmith:CraftPrismatica","floor":10},{"not_picked":["Runesmith:CraftProtectio","Runesmith:StaticCage"],"picked":"Runesmith:PoweredAnvil","floor":11},{"not_picked":["Runesmith:ShiftingStrike","Runesmith:Accelerate","Runesmith:Overpower"],"picked":"SKIP","floor":12},{"not_picked":["Runesmith:BackupBattery","Runesmith:ChiselStab"],"picked":"Runesmith:StaticCage","floor":14},{"not_picked":["Runesmith:ReplicatingBarrier","Runesmith:CreatorForm"],"picked":"Runesmith:CraftIndustria","floor":16},{"not_picked":["Runesmith:CraftProtectio","Runesmith:ElementalConversion"],"picked":"Runesmith:CraftMagma+1","floor":18},{"not_picked":["Runesmith:CraftMagma","Runesmith:Prism+1"],"picked":"Runesmith:StaticCage","floor":18},{"not_picked":["Runesmith:HammerThrow","Runesmith:UnstableHammer"],"picked":"Runesmith:DuctTape","floor":20},{"not_picked":["Runesmith:ShiftingStrike","Runesmith:Prism","Runesmith:EnergizedChisel"],"picked":"SKIP","floor":20},{"not_picked":["Runesmith:ShiftingStrike","Runesmith:Prism","Runesmith:EnergizedChisel"],"picked":"SKIP","floor":20},{"not_picked":["Runesmith:Grindstone","Runesmith:UnstableHammer"],"picked":"Runesmith:CraftIncendium+1","floor":21},{"not_picked":["Runesmith:ShiftingStrike","Runesmith:Grindstone"],"picked":"Runesmith:CreatorForm","floor":21},{"not_picked":["Runesmith:Permafrost+1","Runesmith:ShiftingStrike"],"picked":"Runesmith:CraftMagma","floor":24},{"not_picked":["Runesmith:HammerAndChisel","Runesmith:CraftMagma","Runesmith:CraftMedicinae"],"picked":"SKIP","floor":30},{"not_picked":["Runesmith:MakeshiftArmor","Runesmith:HammerAndChisel"],"picked":"Runesmith:StaticCage","floor":31},{"not_picked":["Runesmith:HeatedChisel","Runesmith:RuneHurl"],"picked":"Runesmith:LithiumIon","floor":31},{"not_picked":["Runesmith:LastStand","Runesmith:GenerateForcefield"],"picked":"Runesmith:ArcReactor","floor":33},{"not_picked":["Runesmith:Duplicate","Runesmith:Firewall"],"picked":"Runesmith:HammerThrow+1","floor":35},{"not_picked":["Runesmith:BackupBattery+1","Runesmith:MakeshiftArmor"],"picked":"Runesmith:ChaoticBlast+1","floor":35},{"not_picked":["Runesmith:StaticCage+1","Runesmith:CraftProtectio","Runesmith:GoWithTheFlow+1"],"picked":"SKIP","floor":36},{"not_picked":["Runesmith:Superposition","Runesmith:UnstableHammer+1","Runesmith:Permafrost+1"],"picked":"SKIP","floor":36},{"not_picked":["Runesmith:Malloc+1","Runesmith:CraftMagma+1"],"picked":"Runesmith:HammerThrow+1","floor":40},{"not_picked":["Runesmith:Overpower+1","Runesmith:RunicBlueprint","Runesmith:GoWithTheFlow"],"picked":"SKIP","floor":40},{"not_picked":["Runesmith:Supernova","Runesmith:EarthShield","Runesmith:ChiselStab+1"],"picked":"SKIP","floor":44},{"not_picked":["Runesmith:BackupBattery","Runesmith:Superposition","Runesmith:GoWithTheFlow+1"],"picked":"SKIP","floor":44},{"not_picked":["Runesmith:Grindstone","Runesmith:NanitesCloud"],"picked":"Runesmith:CraftIncendium","floor":47},{"not_picked":["Runesmith:UnstableHammer+1","Runesmith:CraftReservo+1"],"picked":"Runesmith:CraftProtectio","floor":47},{"not_picked":["Runesmith:HeatedChisel","Runesmith:Malloc"],"picked":"Runesmith:CraftMagma+1","floor":48}],"player_experience":60837,"relics_obtained":[{"floor":7,"key":"infinitespire:CheckeredPen"},{"floor":9,"key":"Tiny Chest"},{"floor":10,"key":"Onion Ring"},{"floor":14,"key":"Prayer Wheel"},{"floor":24,"key":"aspiration:SeaSaltIceCream"},{"floor":26,"key":"Replay:Bottled Snecko"},{"floor":28,"key":"Mummified Hand"},{"floor":30,"key":"aspiration:ChemicalBlood"},{"floor":41,"key":"CCEMRelics:GrindingGear"},{"floor":48,"key":"White Beast Statue"}],"event_choices":[{"cards_removed":["Runesmith:Strike_RS"],"damage_healed":0,"gold_gain":0,"player_choice":"Purged","damage_taken":0,"max_hp_gain":0,"max_hp_loss":0,"event_name":"Purifier","floor":3,"gold_loss":0},{"damage_healed":0,"gold_gain":200,"player_choice":"Gold","damage_taken":0,"max_hp_gain":0,"max_hp_loss":0,"event_name":"Wheel of Change","floor":19,"gold_loss":0},{"cards_removed":["Voices","Parasite"],"damage_healed":0,"gold_gain":0,"player_choice":"Removed Curses","damage_taken":0,"max_hp_gain":0,"max_hp_loss":0,"event_name":"Fountain of Cleansing","floor":39,"gold_loss":0},{"damage_healed":0,"gold_gain":0,"player_choice":"Ignored","damage_taken":0,"max_hp_gain":0,"max_hp_loss":0,"event_name":"Tomb of Lord Red Mask","floor":46,"gold_loss":0}],"is_beta":false,"boss_relics":[{"not_picked":["halation:PlatinumPhoenix","Snecko Eye"],"picked":"Cursed Key"},{"not_picked":["relicPack:KazumaCape","halation:Risk"],"picked":"StuffTheSpire:RunicHypercube"}],"items_purged_floors":[],"is_endless":false,"potions_floor_spawned":[1,10,11,12,16,18,20,31,33,35,40,44],"killed_by":"infinitespire:MassOfShapes","ascension_level":0}}