{"host":"cd25ms2o8pjhjp7m","time":1614155664,"event":{"mods":["Aspiration","BaseMod","Bestiary","Better Third Choice","BetterRewards","Conspire","Curses Come First","Friendly Minions","GifTheSpireLib","Hubris","Infinite Spire","Minty Spire (QoL Compilation)","Rare Cards Sparkle","Relic Stats","Reliquary","Replay The Spire","Robot Space Explorer","StSLib","The Poker Player","The Runesmith","Uncapped","[IsaacMod]????","??????REMEMod"],"gold_per_floor":[119,119,44,44,44,44,60,60,60,77,94,58,92,92,92,203,203,220,220,244,255,287,287,321,341,390,390,407,427,342,354,354,483,483,498,516,516,516,496,496,496,496,496,496,496,512,512,472,472,472,472],"floor_reached":50,"language":"DEU","playtime":1745,"items_purged":["Strike_B"],"score":510,"play_id":"c582c81a-5eec-4cba-87cd-dccd6fa16141","local_time":"20210224093424","is_ascension_mode":false,"campfire_choices":[{"data":"Dualcast","floor":6.0,"key":"SMITH"},{"data":"Double Energy","floor":8.0,"key":"SMITH"},{"data":"ReplayRNGCard","floor":15.0,"key":"SMITH"},{"data":"Fusion","floor":23.0,"key":"SMITH"},{"data":"conspire:Banana","floor":27.0,"key":"SMITH"},{"data":"BettingIsNotGood","floor":32.0,"key":"SMITH"},{"data":"ElectricPowerLearning","floor":40.0,"key":"SMITH"},{"floor":45.0,"key":"RECALL"},{"data":"ReplayTheSpireMod:Calculation Training","floor":47.0,"key":"SMITH"},{"data":"Zap","floor":49.0,"key":"SMITH"}],"circlet_count":0,"master_deck":["Strike_B","Strike_B","Strike_B","Defend_B","Defend_B","Defend_B","Defend_B","Zap+1","Dualcast+1","BettingIsNotGood+1","conspire:Banana+1","RobotSpaceExplorer:DroneSwarm","ReplayTheSpireMod:Calculation Training+1","Double Energy+1","ReplayRNGCard+1","Conserve Battery","Conserve Battery","Thunder Strike","Fusion+1","Chaos+1","Ball Lightning","REME_Shoggoth","ElectricPowerLearning+1","ReplayTheSpireMod:Calculation Training+1","Bomb","Writhe","ReplayTheSpireMod:Calculation Training+1","REME_DataAnalysis+1"],"relics":["Cracked Core","REME_ComplimentaryCards","HushsDoor","Chaos","GuppysHead","Coffee Dripper","Cables","reliquary:BrokenClock","aspiration:RitualDagger","SlaversCollar","aspiration:Stellarator","hubris:Towel","hubris:Icosahedron","Runic Cube","Prayer Wheel"],"acts_visited":["Exordium","TheCity","TheBeyond"],"potions_floor_usage":[50],"damage_taken":[{"damage":6.0,"enemies":"Jaw Worm","floor":1.0,"turns":4.0},{"damage":16.0,"enemies":"infinitespire:Voidling","floor":7.0,"turns":3.0},{"damage":1.0,"enemies":"2 Louse","floor":10.0,"turns":2.0},{"damage":0.0,"enemies":"Blue Slaver","floor":11.0,"turns":4.0},{"damage":31.0,"enemies":"3 Sentries","floor":13.0,"turns":10.0},{"damage":26.0,"enemies":"Hexaghost","floor":16.0,"turns":11.0},{"damage":1.0,"enemies":"3 Byrds","floor":18.0,"turns":3.0},{"damage":16.0,"enemies":"conspire:FuzzyDice","floor":21.0,"turns":7.0},{"damage":0.0,"enemies":"Centurion and Healer","floor":22.0,"turns":6.0},{"damage":35.0,"enemies":"Slavers","floor":24.0,"turns":5.0},{"damage":2.0,"enemies":"Snake Plant","floor":25.0,"turns":3.0},{"damage":30.0,"enemies":"3 Cultists","floor":28.0,"turns":4.0},{"damage":29.0,"enemies":"Centurion and Healer","floor":29.0,"turns":4.0},{"damage":12.0,"enemies":"Cultist and Chosen","floor":31.0,"turns":4.0},{"damage":82.0,"enemies":"Automaton","floor":33.0,"turns":9.0},{"damage":30.0,"enemies":"3 Shapes","floor":35.0,"turns":3.0},{"damage":54.0,"enemies":"3 Darklings","floor":36.0,"turns":4.0},{"damage":60.0,"enemies":"Jaw Worm Horde","floor":46.0,"turns":3.0},{"damage":54.0,"enemies":"4 Shapes","floor":48.0,"turns":5.0},{"damage":35,"enemies":"Time Eater","floor":50,"turns":2}],"seed_played":"-8567778914820454514","potions_obtained":[{"floor":7.0,"key":"PowerPotion"},{"floor":10.0,"key":"Fire Potion"},{"floor":13.0,"key":"Languid Potion"},{"floor":16.0,"key":"Energy Potion"},{"floor":24.0,"key":"FocusPotion"},{"floor":25.0,"key":"ColorlessPotion"},{"floor":29.0,"key":"AttackPotion"},{"floor":35.0,"key":"DuplicationPotion"},{"floor":39.0,"key":"GamblersBrew"},{"floor":46.0,"key":"FairyPotion"},{"floor":48.0,"key":"PowerPotion"}],"is_trial":false,"path_per_floor":["M","?","$","?","$","R","M","R","T","M","M","$","E","?","R","B",null,"M","?","T","M","M","R","E","M","T","R","M","M","?","M","R","B",null,"M","M","?","?","?","R","?","?","T","?","R","M","R","M","R","B"],"character_chosen":"DEFECT","items_purchased":["Conserve Battery"],"campfire_rested":0,"item_purchase_floors":[12],"current_hp_per_floor":[70,70,70,70,70,70,59,59,59,59,65,65,40,40,40,15,81,81,81,81,71,72,72,38,36,36,36,13,89,89,89,89,43,93,78,46,46,46,46,46,46,46,46,70,70,27,27,26,26,0,0],"gold":472,"neow_bonus":"RANDOM_COLORLESS","is_daily":false,"chose_seed":false,"campfire_upgraded":9,"win_rate":0.0,"timestamp":1614155664,"path_taken":["M","?","$","?","?","R","?","R","T","M","M","$","E","?","R","BOSS","M","?","?","M","M","R","E","M","T","R","?","M","?","M","R","BOSS","M","M","?","?","?","R","?","?","T","?","R","?","R","M","R","BOSS"],"items_purchased_type":["Card"],"build_version":"2020-12-22","purchased_purges":1,"victory":false,"max_hp_per_floor":[76,76,76,76,76,76,77,77,77,78,79,79,80,80,80,81,81,82,82,82,83,84,84,85,85,85,85,87,89,89,91,91,93,93,95,97,97,97,97,97,97,97,97,97,97,99,99,101,101,103,103],"relic_stats":{"counters":[20,96],"Prayer Wheel":0,"obtain_stats":[{"KeepersGift":0,"Chaos":0,"aspiration:Stellarator":34,"hubris:Towel":38,"Cables":17,"SlaversCollar":30,"hubris:Icosahedron":41,"Prayer Wheel":50,"Coffee Dripper":13,"reliquary:BrokenClock":24,"GuppysHead":9,"aspiration:RitualDagger":26,"Cracked Core":0,"HushsDoor":0,"REME_ComplimentaryCards":0,"Runic Cube":43},{"KeepersGift":0,"Chaos":0,"aspiration:Stellarator":15,"hubris:Towel":17,"Cables":6,"SlaversCollar":13,"hubris:Icosahedron":17,"Prayer Wheel":20,"Coffee Dripper":5,"reliquary:BrokenClock":10,"GuppysHead":2,"aspiration:RitualDagger":11,"Cracked Core":0,"HushsDoor":0,"REME_ComplimentaryCards":0,"Runic Cube":17},{"KeepersGift":0,"Chaos":0,"aspiration:Stellarator":79,"hubris:Towel":86,"Cables":34,"SlaversCollar":66,"hubris:Icosahedron":86,"Prayer Wheel":95,"Coffee Dripper":23,"reliquary:BrokenClock":55,"GuppysHead":7,"aspiration:RitualDagger":58,"Cracked Core":0,"HushsDoor":0,"REME_ComplimentaryCards":0,"Runic Cube":86}],"Cables":[41,24,8,3,6],"Runic Cube":[19]},"card_choices":[{"not_picked":[],"picked":"BettingIsNotGood","floor":0.0},{"not_picked":["Jack Of All Trades","Discovery"],"picked":"conspire:Banana","floor":0.0},{"not_picked":["Rip and Tear","Beam Cell"],"picked":"ReplayTheSpireMod:Calculation Training","floor":1.0},{"not_picked":["BasicCrystalCard","Steam"],"picked":"Double Energy","floor":7.0},{"not_picked":["Ball Lightning","Bomb"],"picked":"ReplayRNGCard","floor":10.0},{"not_picked":["Beam Cell","Sunder","Recycle"],"picked":"SKIP","floor":11.0},{"not_picked":["Compile Driver","ReplayTheSpireMod:Dual Polarity","Go for the Eyes"],"picked":"SKIP","floor":13.0},{"not_picked":["Seek","Machine Learning"],"picked":"Thunder Strike","floor":16.0},{"not_picked":["Turbo","Compile Driver+1"],"picked":"Fusion","floor":18.0},{"not_picked":["Reprogram","Rebound"],"picked":"Chaos+1","floor":21.0},{"not_picked":["Go for the Eyes","Redo","BootSequence"],"picked":"SKIP","floor":22.0},{"not_picked":["Conserve Battery","Coolheaded","ReplaySort"],"picked":"SKIP","floor":24.0},{"not_picked":["Conserve Battery","Compile Driver+1","Panic Button+1"],"picked":"SKIP","floor":25.0},{"not_picked":["Stack","Streamline"],"picked":"Ball Lightning","floor":28.0},{"not_picked":["Undo+1","conspire:SharedLibrary"],"picked":"REME_Shoggoth","floor":29.0},{"not_picked":["Streamline","Redo+1","hubris:PowerSurge"],"picked":"SKIP","floor":31.0},{"not_picked":["Hyperbeam","hubris:Prefetch"],"picked":"ElectricPowerLearning","floor":33.0},{"not_picked":["Coolheaded+1","Hologram"],"picked":"ReplayTheSpireMod:Calculation Training+1","floor":35.0},{"not_picked":["REME_Compress","Ball Lightning","BasicCrystalCard+1"],"picked":"SKIP","floor":36.0},{"not_picked":["Jack Of All Trades","Mind Blast"],"picked":"Bomb","floor":37.0},{"not_picked":["Hologram+1","Sweeping Beam+1"],"picked":"ReplayTheSpireMod:Calculation Training","floor":46.0},{"not_picked":["Distribution","Recycle"],"picked":"REME_DataAnalysis+1","floor":48.0}],"player_experience":503767,"relics_obtained":[{"floor":9.0,"key":"GuppysHead"},{"floor":13.0,"key":"Coffee Dripper"},{"floor":24.0,"key":"reliquary:BrokenClock"},{"floor":26.0,"key":"aspiration:RitualDagger"},{"floor":43.0,"key":"Runic Cube"}],"event_choices":[{"damage_healed":0.0,"max_hp_gain":0.0,"max_hp_loss":0.0,"gold_gain":0.0,"event_name":"Living Wall","player_choice":"Grow","floor":4.0,"gold_loss":0.0,"damage_taken":0.0,"cards_upgraded":["ReplayTheSpireMod:Calculation Training"]},{"damage_healed":0.0,"max_hp_gain":0.0,"max_hp_loss":0.0,"gold_gain":0.0,"event_name":"conspire:Investor","player_choice":"Leave","floor":19.0,"gold_loss":0.0,"damage_taken":0.0},{"damage_healed":0.0,"max_hp_gain":0.0,"max_hp_loss":0.0,"gold_gain":0.0,"event_name":"Addict","player_choice":"Obtained Relic","floor":30.0,"gold_loss":85.0,"damage_taken":0.0,"relics_obtained":["SlaversCollar"]},{"damage_healed":0.0,"max_hp_gain":0.0,"max_hp_loss":0.0,"gold_gain":0.0,"event_name":"SensoryStone","player_choice":"Memory 1","floor":37.0,"gold_loss":0.0,"damage_taken":0.0},{"damage_healed":0.0,"max_hp_gain":0.0,"max_hp_loss":0.0,"gold_gain":0.0,"event_name":"The Woman in Blue","player_choice":"Bought 1 Potion","floor":39.0,"gold_loss":0.0,"damage_taken":0.0},{"damage_healed":24.0,"max_hp_gain":0.0,"max_hp_loss":0.0,"gold_gain":0.0,"event_name":"Winding Halls","player_choice":"Writhe","floor":44.0,"gold_loss":0.0,"damage_taken":0.0,"cards_obtained":["Writhe"]}],"is_beta":false,"boss_relics":[{"not_picked":["HowToJump","Charon\u0027s Ashes"],"picked":"Cables"},{"not_picked":[]},{"not_picked":["Snake Skull","Golden Egg"],"picked":"aspiration:Stellarator"},{"not_picked":[]}],"items_purged_floors":[3],"is_endless":false,"potions_floor_spawned":[7,10,13,16,24,25,29,31,35,46,48],"killed_by":"Time Eater","ascension_level":0}}