{"host":"whyfdmrq1ty0e9zp","time":1614147748,"event":{"mods":["Act Like it!","BaseMod","Colored Map","Colored Powertips","Conspire","Energized Spire","Gensokyo","Marisa（F雨　魔理沙）","Minty Spire (QoL Compilation)","MostiFishMod","Prisma Mod","Quick Restart","Relic Filter Mod","Relic Stats","Reliquary","Remilia（蕾米莉亚）","Replay The Spire","StSLib","TestMod","The Servant 0.9.4","【遗物卡牌】REMEMod","残留之物"],"gold_per_floor":[109,109,128,128,74,84,119,51,51,64,64,80,80,113,113,218,218,233,250,102,12,27,57,71,71,71,97,197,209,209,229,229,332,332,350,0,19,49,49,49,0,0,51,76,76,124,138,164,164,164,164,164,64,99,99],"floor_reached":56,"language":"ZHS","playtime":3155,"items_purged":["PlaceholderMod:PoisonWhip"],"score":1428,"play_id":"b464b9d2-2773-463c-af6a-7e53b222be79","local_time":"20210224142228","is_ascension_mode":false,"campfire_choices":[{"data":"PlaceholderMod:DiffusionChemical","floor":11.0,"key":"SMITH"},{"data":"PlaceholderMod:HardStinger","floor":15.0,"key":"SMITH"},{"data":"PlaceholderMod:UnpureUse","floor":15.0,"key":"SMITH"},{"data":"PlaceholderMod:HighConcentration","floor":25.0,"key":"SMITH"},{"data":"PlaceholderMod:DirectingGroup","floor":25.0,"key":"SMITH"},{"data":"Gensokyo:LifeSpringInfinity","floor":32.0,"key":"SMITH"},{"data":"PlaceholderMod:NearChange","floor":32.0,"key":"SMITH"},{"data":"PlaceholderMod:SelectReaction","floor":40,"key":"SMITH"},{"data":"PlaceholderMod:TriggerStrike","floor":40,"key":"SMITH"},{"floor":42,"key":"RECALL"},{"data":"PlaceholderMod:PoisonAbsorb","floor":49,"key":"SMITH"},{"floor":52,"key":"REST"}],"circlet_count":0,"master_deck":["PlaceholderMod:BaseDefend+1","PlaceholderMod:BaseDefend+1","PlaceholderMod:Crystal+1","Gensokyo:LifeSpringInfinity+1","PlaceholderMod:DirectingGroup+1","PlaceholderMod:NearChange+1","PlaceholderMod:Hyperplasia+1","PlaceholderMod:HardStinger+1","PlaceholderMod:UnpureUse+1","PlaceholderMod:DiffusionChemical+1","PlaceholderMod:HighConcentration+1","PlaceholderMod:CorePoison+1","PlaceholderMod:DiffusionPoison+1","PlaceholderMod:PoisonAbsorb+1","PlaceholderMod:TriggerStrike+1","PlaceholderMod:ParasiteChange+1","PlaceholderMod:SelectReaction+1","PlaceholderMod:FastReaction+1","PlaceholderMod:HardStinger+1","PlaceholderMod:HardStrike+1","PlaceholderMod:DiffusionPoison+1","PlaceholderMod:EnergyAbsorb+1","PlaceholderMod:FinalSpray+1","AbeCurse","PlaceholderMod:ChainPoly+1","PlaceholderMod:HardStrike+1","PlaceholderMod:NearChange+1","PlaceholderMod:CorePoison+1","PlaceholderMod:DissolvingSpikes+1","CurseOfTheBell","PlaceholderMod:SevereHeat+1","PlaceholderMod:Corrosion+1","PlaceholderMod:PoisonAbsorb+1","PlaceholderMod:PoisonBlast"],"relics":["testmod-TestBox","DaveBox","REME_ComplimentaryCards","BrkXgEgg","testmod-Temperance","conspire:RunicOctahedron","SynthV:TestCard","Du-Vu Doll","ThornShield","Replay:Arrowhead","conspire:SlowCooker","OriginationStaff","Molten Egg 2","reliquary:Firecrackers","testmod-Laevatain","Replay:Bottled Flurry","Abe\u0027s Treasure","Mummified Hand","Replay:Bottled Snecko","Red Mask","Snack Pack","Replay:Towering Pillar of Hats","ReplayTheSpireMod:TigerMarble","The Courier","CatCart","Replay:Bottled Eggs","Anchor"],"acts_visited":["Exordium","TheCity","TheBeyond","TheEnding"],"potions_floor_usage":[],"damage_taken":[{"damage":0.0,"enemies":"2 Louse","floor":1.0,"turns":4.0},{"damage":0.0,"enemies":"Small Slimes","floor":3.0,"turns":4.0},{"damage":0.0,"enemies":"Jaw Worm","floor":6.0,"turns":3.0},{"damage":24.0,"enemies":"Gremlin Nob","floor":7.0,"turns":5.0},{"damage":0.0,"enemies":"Gremlin Gang","floor":10.0,"turns":6.0},{"damage":0.0,"enemies":"Exordium Thugs","floor":12.0,"turns":4.0},{"damage":0.0,"enemies":"3 Sentries","floor":14.0,"turns":8.0},{"damage":0.0,"enemies":"The Guardian","floor":16.0,"turns":7.0},{"damage":0.0,"enemies":"Shell Parasite","floor":18.0,"turns":3.0},{"damage":0.0,"enemies":"2 Thieves","floor":19.0,"turns":4.0},{"damage":0.0,"enemies":"Snake Plant","floor":22.0,"turns":3.0},{"damage":27.0,"enemies":"Gremlin Leader","floor":23.0,"turns":5.0},{"damage":0.0,"enemies":"Centurion and Healer","floor":24.0,"turns":6.0},{"damage":1.0,"enemies":"Replay:Snechameleon","floor":27.0,"turns":4.0},{"damage":0.0,"enemies":"Colosseum Slavers","floor":28.0,"turns":4.0},{"damage":0.0,"enemies":"Colosseum Nobs","floor":28.0,"turns":4.0},{"damage":0.0,"enemies":"Shelled Parasite and Fungi","floor":29.0,"turns":4.0},{"damage":1.0,"enemies":"Snake Plant","floor":31.0,"turns":4.0},{"damage":1.0,"enemies":"Automaton","floor":33.0,"turns":8.0},{"damage":4.0,"enemies":"3 Darklings","floor":35.0,"turns":4.0},{"damage":0.0,"enemies":"Orb Walker","floor":37.0,"turns":3.0},{"damage":0.0,"enemies":"conspire:MimicChest","floor":38.0,"turns":4.0},{"damage":0,"enemies":"Giant Head","floor":44,"turns":4},{"damage":0,"enemies":"Orin","floor":46,"turns":3},{"damage":0,"enemies":"3 Darklings","floor":47,"turns":2},{"damage":10,"enemies":"R_Hoarder","floor":48,"turns":4},{"damage":3,"enemies":"Time Eater","floor":50,"turns":5},{"damage":0,"enemies":"Shield and Spear","floor":54,"turns":2},{"damage":6,"enemies":"The Heart","floor":55,"turns":4}],"seed_played":"-1203626493375945018","potions_obtained":[{"floor":10.0,"key":"FearPotion"},{"floor":12.0,"key":"SpeedPotion"},{"floor":16.0,"key":"AttackPotion"}],"is_trial":false,"path_per_floor":["M","?","M","?","$","M","E","$","T","M","R","M","?","E","R","B",null,"M","M","$","?","M","E","M","R","T","E","?","M","?","M","R","B",null,"M","$","M","?","?","R","?","R","T","E","?","?","M","E","R","B",null,"R","$","E","B",null],"character_chosen":"THE_PLACEHOLDER","items_purchased":["PlaceholderMod:HardStinger","PlaceholderMod:UnpureUse","PlaceholderMod:Crystallization","Mummified Hand","PlaceholderMod:HardStrike+1","PlaceholderMod:PoisonBlast","SkillPotion"],"campfire_rested":1,"item_purchase_floors":[5,8,20,36,36,53,53],"current_hp_per_floor":[78,78,78,78,78,78,54,54,54,54,54,54,54,54,54,54,78,78,78,78,78,78,51,51,51,51,50,50,50,50,49,49,48,78,74,64,64,64,78,78,78,78,78,78,78,78,78,68,68,65,78,78,78,78,74],"gold":99,"neow_bonus":"BOSS_RELIC","is_daily":false,"chose_seed":false,"campfire_upgraded":10,"win_rate":0.0,"timestamp":1614147748,"path_taken":["M","?","M","?","$","M","E","$","T","M","R","M","?","E","R","BOSS","M","M","$","?","M","E","?","R","T","E","?","M","?","M","R","BOSS","M","$","?","?","?","R","?","R","T","E","?","?","?","E","R","BOSS","R","$","E","BOSS"],"items_purchased_type":["Card","Card","Card","Relic","Card","Card","Potion"],"build_version":"2020-12-22","purchased_purges":1,"victory":true,"max_hp_per_floor":[78,78,78,78,78,78,78,78,78,78,78,78,78,78,78,78,78,78,78,78,78,78,78,78,78,78,78,78,78,78,78,78,78,78,78,78,78,78,78,78,78,78,78,78,78,78,78,78,78,78,78,78,78,78,78],"relic_stats":{"counters":[29,125],"Mummified Hand":[38],"obtain_stats":[{"PlaceholderMod:Tancle":0,"DaveBox":0,"testmod-Temperance":0,"reliquary:Firecrackers":27,"testmod-Laevatain":28,"Mummified Hand":36,"Replay:Bottled Flurry":28,"Red Mask":41,"Replay:Bottled Snecko":38,"Replay:Bottled Eggs":48,"testmod-TestBox":0,"Replay:Towering Pillar of Hats":45,"conspire:RunicOctahedron":0,"BrkXgEgg":0,"conspire:SlowCooker":17,"The Courier":45,"ThornShield":9,"Replay:Arrowhead":14,"Du-Vu Doll":7,"Calling Bell":45,"Anchor":54,"SynthV:TestCard":1,"Molten Egg 2":26,"OriginationStaff":23,"Snack Pack":44,"ReplayTheSpireMod:TigerMarble":45,"CatCart":46,"Abe\u0027s Treasure":34,"REME_ComplimentaryCards":0},{"PlaceholderMod:Tancle":0,"DaveBox":0,"testmod-Temperance":0,"reliquary:Firecrackers":14,"testmod-Laevatain":16,"Mummified Hand":20,"Replay:Bottled Flurry":16,"Red Mask":22,"Replay:Bottled Snecko":22,"Replay:Bottled Eggs":26,"testmod-TestBox":0,"Replay:Towering Pillar of Hats":23,"conspire:RunicOctahedron":0,"BrkXgEgg":0,"conspire:SlowCooker":8,"The Courier":23,"ThornShield":4,"Replay:Arrowhead":7,"Du-Vu Doll":4,"Calling Bell":23,"Anchor":28,"SynthV:TestCard":1,"Molten Egg 2":13,"OriginationStaff":12,"Snack Pack":23,"ReplayTheSpireMod:TigerMarble":23,"CatCart":24,"Abe\u0027s Treasure":19,"REME_ComplimentaryCards":0},{"PlaceholderMod:Tancle":0,"DaveBox":0,"testmod-Temperance":0,"reliquary:Firecrackers":66,"testmod-Laevatain":74,"Mummified Hand":94,"Replay:Bottled Flurry":74,"Red Mask":101,"Replay:Bottled Snecko":101,"Replay:Bottled Eggs":114,"testmod-TestBox":0,"Replay:Towering Pillar of Hats":105,"conspire:RunicOctahedron":0,"BrkXgEgg":0,"conspire:SlowCooker":41,"The Courier":105,"ThornShield":16,"Replay:Arrowhead":34,"Du-Vu Doll":16,"Calling Bell":105,"Anchor":121,"SynthV:TestCard":4,"Molten Egg 2":62,"OriginationStaff":56,"Snack Pack":105,"ReplayTheSpireMod:TigerMarble":105,"CatCart":108,"Abe\u0027s Treasure":90,"REME_ComplimentaryCards":0}]},"card_choices":[{"not_picked":["PlaceholderMod:StrongAcid","PlaceholderMod:DissolvingSpikes"],"picked":"PlaceholderMod:DirectingGroup","floor":1.0},{"not_picked":["PlaceholderMod:ParasiteChange","PlaceholderMod:Break","PlaceholderMod:Hard","PlaceholderMod:SprayAttack"],"picked":"PlaceholderMod:NearChange","floor":3.0},{"not_picked":["PlaceholderMod:Internalization","PlaceholderMod:ThreeBenzyolStart","PlaceholderMod:ComplexForm","PlaceholderMod:Polyp","PlaceholderMod:StressReaction"],"picked":"SKIP","floor":6.0},{"not_picked":["PlaceholderMod:ThreeBenzyolStart","PlaceholderMod:ParasiteChange","PlaceholderMod:ComplexForm","PlaceholderMod:AttackAsDefend"],"picked":"PlaceholderMod:DirectingGroup","floor":7.0},{"not_picked":["PlaceholderMod:HardStrike","PlaceholderMod:Turn","PlaceholderMod:Eat+1","PlaceholderMod:StressReaction"],"picked":"PlaceholderMod:DiffusionChemical","floor":10.0},{"not_picked":["PlaceholderMod:Turn","PlaceholderMod:SeverePoisonStrike","PlaceholderMod:HardStinger","PlaceholderMod:Internalization"],"picked":"PlaceholderMod:HighConcentration","floor":12.0},{"not_picked":["PlaceholderMod:OHStrongAttack","PlaceholderMod:Break","PlaceholderMod:ProliferateStrike","PlaceholderMod:Stable"],"picked":"PlaceholderMod:CorePoison+1","floor":14.0},{"not_picked":["PlaceholderMod:GrowthForm+1","PlaceholderMod:HornyCollision+1","PlaceholderMod:BlastSpray+1","PlaceholderMod:Assimilation+1"],"picked":"PlaceholderMod:DiffusionPoison+1","floor":16.0},{"not_picked":["PlaceholderMod:PoisonExcitation","PlaceholderMod:TriggerStrike+1","PlaceholderMod:HighConcentration+1","PlaceholderMod:Polyp"],"picked":"PlaceholderMod:PoisonAbsorb","floor":18.0},{"not_picked":["PlaceholderMod:PoisonExcitation","PlaceholderMod:Polyp","PlaceholderMod:SprayAttack","PlaceholderMod:ChainPoly"],"picked":"PlaceholderMod:TriggerStrike","floor":19.0},{"not_picked":["PlaceholderMod:DissolvingSpikes","PlaceholderMod:DiffusionChemical","PlaceholderMod:HornyBlast+1","PlaceholderMod:Break+1"],"picked":"PlaceholderMod:ParasiteChange+1","floor":22.0},{"not_picked":["PlaceholderMod:Inner+1","PlaceholderMod:SeverePoisonStrike","PlaceholderMod:OHStrongAttack","PlaceholderMod:FastReaction"],"picked":"PlaceholderMod:SelectReaction","floor":23.0},{"not_picked":["PlaceholderMod:HardStrike","PlaceholderMod:PoisonExcitation","PlaceholderMod:Turn","PlaceholderMod:ProliferateStrike"],"picked":"PlaceholderMod:FastReaction+1","floor":24.0},{"not_picked":["PlaceholderMod:ParasiteChange","PlaceholderMod:DiffusionChemical+1","PlaceholderMod:HornyBlast+1","PlaceholderMod:OHStrongAttack+1","PlaceholderMod:SpinBlade+1"],"picked":"SKIP","floor":27.0},{"not_picked":["PlaceholderMod:Hyperplasia","PlaceholderMod:DoublePoint+1","PlaceholderMod:TriggerStrike+1","PlaceholderMod:Turn"],"picked":"PlaceholderMod:HardStinger+1","floor":28.0},{"not_picked":["PlaceholderMod:Internalization+1","PlaceholderMod:HardStinger","PlaceholderMod:SelectReaction","PlaceholderMod:SpinBlade+1"],"picked":"PlaceholderMod:HardStrike+1","floor":29.0},{"not_picked":["PlaceholderMod:Internalization","PlaceholderMod:PoisonAbsorb","PlaceholderMod:Sweep+1","PlaceholderMod:OHStrongAttack+1"],"picked":"PlaceholderMod:EnergyAbsorb+1","floor":31.0},{"not_picked":["PlaceholderMod:Inner+1","PlaceholderMod:BlastSpray+1","PlaceholderMod:AbsorbTouch+1","PlaceholderMod:Eat+1"],"picked":"PlaceholderMod:FinalSpray+1","floor":33.0},{"not_picked":["PlaceholderMod:OHStrongAttack+1","PlaceholderMod:Colorful+1","PlaceholderMod:NutritionAbsorb+1","PlaceholderMod:Polyp"],"picked":"PlaceholderMod:ChainPoly+1","floor":35.0},{"not_picked":["PlaceholderMod:Internalization+1","PlaceholderMod:TriggerStrike+1","PlaceholderMod:FastReaction","PlaceholderMod:HardStinger+1"],"picked":"PlaceholderMod:NearChange+1","floor":37.0},{"not_picked":["PlaceholderMod:ProliferateStrike+1","PlaceholderMod:Turn+1","PlaceholderMod:ThreeBenzyolStart+1","PlaceholderMod:DirectingGroup"],"picked":"PlaceholderMod:CorePoison+1","floor":38.0},{"not_picked":["PlaceholderMod:StressReaction","PlaceholderMod:HornyBlast+1","PlaceholderMod:UnpureUse+1","PlaceholderMod:ProliferateStrike+1"],"picked":"PlaceholderMod:DissolvingSpikes+1","floor":44},{"not_picked":["PlaceholderMod:ParasiteChange+1","PlaceholderMod:DissolvingSpikes+1","PlaceholderMod:SpinBlade+1","PlaceholderMod:CrystallizationStrike+1"],"picked":"PlaceholderMod:SevereHeat+1","floor":46},{"not_picked":["PlaceholderMod:HardStrike+1","PlaceholderMod:HardStinger","PlaceholderMod:OHStrongAttack+1","PlaceholderMod:StressReaction+1"],"picked":"PlaceholderMod:Corrosion+1","floor":47},{"not_picked":["PlaceholderMod:ProliferateStrike+1","PlaceholderMod:AbsorbTouch+1","PlaceholderMod:Polyp+1","PlaceholderMod:DissolvingSpikes+1"],"picked":"PlaceholderMod:PoisonAbsorb","floor":48},{"not_picked":["PlaceholderMod:ComplexForm+1","PlaceholderMod:Polyp+1","PlaceholderMod:NearChange+1","PlaceholderMod:SubstitutionNucleophilic1+1","PlaceholderMod:DissolvingSpikes+1"],"picked":"SKIP","floor":54}],"player_experience":520323,"relics_obtained":[{"floor":1.0,"key":"SynthV:TestCard"},{"floor":7.0,"key":"Du-Vu Doll"},{"floor":9.0,"key":"ThornShield"},{"floor":14.0,"key":"Replay:Arrowhead"},{"floor":23.0,"key":"OriginationStaff"},{"floor":26.0,"key":"Molten Egg 2"},{"floor":27.0,"key":"reliquary:Firecrackers"},{"floor":28.0,"key":"testmod-Laevatain"},{"floor":28.0,"key":"Replay:Bottled Flurry"},{"floor":38.0,"key":"Replay:Bottled Snecko"},{"floor":44,"key":"Snack Pack"},{"floor":45,"key":"Replay:Towering Pillar of Hats"},{"floor":45,"key":"ReplayTheSpireMod:TigerMarble"},{"floor":45,"key":"The Courier"},{"floor":46,"key":"CatCart"},{"floor":48,"key":"Replay:Bottled Eggs"},{"floor":54,"key":"Anchor"}],"event_choices":[{"damage_healed":0.0,"max_hp_gain":0.0,"max_hp_loss":0.0,"gold_gain":0.0,"event_name":"conspire:Investor","player_choice":"Leave","floor":2.0,"gold_loss":0.0,"damage_taken":0.0},{"cards_removed":["PlaceholderMod:BaseStrike"],"damage_healed":0.0,"max_hp_gain":0.0,"max_hp_loss":0.0,"gold_gain":0.0,"event_name":"Designer","player_choice":"Upgrade and Remove","floor":21.0,"gold_loss":90.0,"damage_taken":0.0,"cards_upgraded":["PlaceholderMod:PoisonAbsorb"]},{"damage_healed":0.0,"max_hp_gain":0.0,"max_hp_loss":0.0,"gold_gain":0.0,"event_name":"Colosseum","player_choice":"Fight","floor":28.0,"gold_loss":0.0,"damage_taken":0.0},{"damage_healed":0.0,"max_hp_gain":0.0,"max_hp_loss":0.0,"gold_gain":0.0,"event_name":"Colosseum","player_choice":"Fought Nobs","floor":28.0,"gold_loss":0.0,"damage_taken":0.0},{"damage_healed":0.0,"max_hp_gain":0.0,"max_hp_loss":0.0,"gold_gain":0.0,"event_name":"Duplicator","player_choice":"Copied","floor":30.0,"gold_loss":0.0,"damage_taken":0.0,"cards_obtained":["PlaceholderMod:DiffusionPoison"]},{"damage_healed":20,"gold_gain":0,"player_choice":"Writhe","damage_taken":0,"max_hp_gain":0,"max_hp_loss":0,"event_name":"Winding Halls","floor":39,"gold_loss":0,"cards_obtained":["Writhe"]},{"damage_healed":0,"gold_gain":0,"player_choice":"Paid","damage_taken":0,"relics_obtained":["Red Mask"],"max_hp_gain":0,"max_hp_loss":0,"event_name":"Tomb of Lord Red Mask","floor":41,"gold_loss":49},{"damage_healed":0,"gold_gain":0,"player_choice":"Swap Relic","damage_taken":0,"relics_obtained":["Calling Bell"],"max_hp_gain":0,"max_hp_loss":0,"event_name":"给自己的盒子","floor":45,"relics_lost":["Calling Bell"],"gold_loss":0},{"damage_healed":0,"gold_gain":0,"player_choice":"Fight","damage_taken":0,"max_hp_gain":0,"max_hp_loss":0,"event_name":"OrinTheCat","floor":46,"gold_loss":0}],"is_beta":false,"boss_relics":[{"not_picked":["Velvet Choker","Snecko Eye"],"picked":"conspire:SlowCooker"},{"not_picked":["REME_ChargedStone","xbg"],"picked":"Abe\u0027s Treasure"}],"items_purged_floors":[20],"is_endless":false,"potions_floor_spawned":[10,12,16,22,24,29,33,35,38,44,46],"ascension_level":0}}