{"host":"4kmvpqjeiacgn1pr","time":1614138203,"event":{"mods":["A Penny For Your Troubles","AchievementEnabler","AlwaysNeverKeys","Aspiration","BaseMod","Bestiary","Better Altar","Better Match","Better Note","Better Sensory Stone","Better Skull","Better Third Choice","Better Vampires","BetterRewards","Colored Map","Colored Powertips","Conspire","Curses Come First","Downfall","Halation","Highlight Path","Infinite Spire","Minty Spire (QoL Compilation)","Permanent Neow","Quick Restart","Rare Cards Sparkle","Relic Sorter","Relic Stats","Replay The Spire","Reworked Bosses","Shop Mod","Smile Girya","Spicy Shops","Spikes Relics","StSLib","Waifu the Spire"],"gold_per_floor":[115,115,115,131,144,178,178,198,198,198,212,212,228,253,253,379,379,393,393,393,408,433,433,468,69,69,138,138,138,162,197,197,321,321,365,109,442,489,489,489,537,590,617,617,617,668,721,787,787,839],"floor_reached":51,"language":"ENG","playtime":2991,"items_purged":["Normality"],"score":941,"play_id":"95540541-79ac-4289-a638-08a2ba5c3107","local_time":"20210223224323","is_ascension_mode":false,"campfire_choices":[{"data":"Slimebound:Gluttony","floor":7,"key":"SMITH"},{"data":"Slimebound:LeechEnergy","floor":10,"key":"SMITH"},{"data":"Slimebound:RallyTheTroops","floor":12,"key":"SMITH"},{"data":"1","floor":23,"key":"LIFT"},{"data":"2","floor":29,"key":"LIFT"},{"data":"3","floor":32,"key":"LIFT"},{"data":"Slimebound:SelfFormingGoo","floor":40,"key":"SMITH"}],"circlet_count":0,"master_deck":["Slimebound:Strike_Slimebound","Slimebound:Strike_Slimebound","Slimebound:Tackle","Slimebound:Defend_Slimebound","Slimebound:Defend_Slimebound","Slimebound:Defend_Slimebound","Slimebound:Defend_Slimebound","Slimebound:Split+1","Slimebound:CorrosiveSpit","Slimebound:Nibble+1","Slimebound:GoopSpray","Slimebound:Gluttony+1","Slimebound:LeechEnergy+1","Slimebound:RallyTheTroops+1","Slimebound:RejuvenatingLick","Slimebound:GoopSpray","Slimebound:ProtectTheBoss","Slimebound:LeechLife","CurseOfTheBell","Slimebound:SamplingLick","Slimebound:RollThrough","Slimebound:Repurpose+1","Slimebound:GrowthPunch+1","Slimebound:SplitSpecialist+1","Slimebound:SelfFormingGoo+1","Slimebound:DisruptingSlam","Slimebound:SplitBruiser","Slimebound:RollThrough","Slimebound:FormOfPuddle","Slimebound:RollThrough+1","Slimebound:Gluttony+1","Slimebound:HauntingLick+1","Slimebound:GoopTackle+1","Slimebound:FinishingTackle+1"],"relics":["Slimebound:AbsorbEndCombat","aspiration:DSix","aspiration:Nostalgia","Ring of the Snake","InkBottle","Calling Bell","Bag of Preparation","Iron Hammer","Girya","aspiration:ChemicalBlood","aspiration:SeaSaltIceCream","Lizard Tail","Lee\u0027s Waffle","Bottled Flame","Matryoshka","FossilizedHelix","aspiration:SecretTechniqueScroll","infinitespire:EvilPickle","ReplayTheSpireMod:CursedCoin","ZombieTooth","Orichalcum","halation:PrussianBluePaint","Regal Pillow","halation:PenCase","Bag of Marbles"],"acts_visited":["Exordium","TheCity","TheBeyond"],"potions_floor_usage":[18,21,30,31,33,33,33,33,47,47,48,50,50,50,50,50,50,50],"damage_taken":[{"damage":13,"enemies":"Jaw Worm","floor":1,"turns":4},{"damage":0,"enemies":"Small Slimes","floor":4,"turns":3},{"damage":2,"enemies":"2 Louse","floor":5,"turns":3},{"damage":13,"enemies":"Lagavulin","floor":6,"turns":6},{"damage":1,"enemies":"2 Fungi Beasts","floor":8,"turns":3},{"damage":0,"enemies":"Red Slaver","floor":11,"turns":3},{"damage":9,"enemies":"Gremlin Gang","floor":13,"turns":3},{"damage":0,"enemies":"Exordium Thugs","floor":14,"turns":4},{"damage":3,"enemies":"Slime Boss","floor":16,"turns":7},{"damage":1,"enemies":"Shell Parasite","floor":18,"turns":4},{"damage":2,"enemies":"Spheric Guardian","floor":21,"turns":3},{"damage":5,"enemies":"Snake Plant","floor":22,"turns":3},{"damage":33,"enemies":"Book of Stabbing","floor":24,"turns":5},{"damage":29,"enemies":"Sentry and Sphere","floor":30,"turns":6},{"damage":9,"enemies":"Gremlin Leader","floor":31,"turns":4},{"damage":25,"enemies":"Pondfish","floor":33,"turns":10},{"damage":0,"enemies":"3 Darklings","floor":35,"turns":4},{"damage":0,"enemies":"3 Shapes","floor":38,"turns":3},{"damage":1,"enemies":"3 Darklings","floor":41,"turns":3},{"damage":14,"enemies":"Writhing Mass","floor":42,"turns":4},{"damage":16,"enemies":"Maw","floor":46,"turns":8},{"damage":25,"enemies":"Jaw Worm Horde","floor":47,"turns":3},{"damage":15,"enemies":"Writhing Mass","floor":48,"turns":5},{"damage":60,"enemies":"Time Eater","floor":50,"turns":7}],"seed_played":"3819962231837020115","potions_obtained":[{"floor":13,"key":"Reflective Coating"},{"floor":14,"key":"Block Potion"},{"floor":16,"key":"Fire Potion"},{"floor":18,"key":"Slimebound:SlimyTonguePotion"},{"floor":21,"key":"SpeedPotion"},{"floor":30,"key":"Regen Potion"},{"floor":31,"key":"Energy Potion"},{"floor":31,"key":"Regen Potion"},{"floor":41,"key":"Slimebound:SlimedPotion"},{"floor":47,"key":"Slimebound:SlimedPotion"},{"floor":48,"key":"BlessingOfTheForge"}],"is_trial":false,"path_per_floor":["M","?","?","M","M","E","R","M","T","R","M","R","M","M","R_BF","B",null,"M","?","?","M","M","R","E","$","T","T","?","R","M","E","R","B",null,"M","$","?","M","?","R","M","M","T","T","?","M","M","M","R_BF","B",null],"character_chosen":"SLIMEBOUND","items_purchased":["aspiration:SeaSaltIceCream","Lee\u0027s Waffle","ReplayTheSpireMod:CursedCoin","ZombieTooth","Slimebound:SplitBruiser","Slimebound:RollThrough","Orichalcum"],"campfire_rested":0,"item_purchase_floors":[25,25,36,36,36,36,36],"current_hp_per_floor":[58,45,45,51,53,48,48,51,51,51,57,57,56,60,60,57,60,60,60,60,60,59,59,36,67,67,67,67,67,42,46,46,62,67,67,67,67,67,67,67,67,67,67,67,64,63,60,58,58,11],"gold":839,"neow_bonus":"NOSTALGIA","is_daily":false,"chose_seed":false,"campfire_upgraded":4,"win_rate":0.0,"timestamp":1614138203,"path_taken":["M","?","?","M","M","E","R","M","T","R","M","R","?","M","R_BF","BOSS","M","?","?","M","?","R","E","?","T","?","?","R","M","E","R","BOSS","M","$","?","M","?","R","M","M","T","?","?","?","M","M","R_BF","BOSS"],"items_purchased_type":["Relic","Relic","Relic","Relic","Card","Card","Relic"],"build_version":"2020-12-22","purchased_purges":1,"victory":true,"max_hp_per_floor":[65,65,60,60,60,60,60,60,60,60,60,60,60,60,60,60,60,60,60,60,60,60,60,60,67,67,67,67,67,67,67,67,67,67,67,67,67,67,67,67,67,67,67,67,64,64,64,69,66,66],"relic_stats":{"Lizard Tail":0,"Lee\u0027s Waffle":31,"Regal Pillow":0,"counters":[24,107],"Bag of Preparation":[30],"Orichalcum":[36],"obtain_stats":[{"Regal Pillow":43,"Bag of Preparation":17,"Lizard Tail":25,"ZombieTooth":36,"Matryoshka":27,"halation:PrussianBluePaint":43,"Iron Hammer":17,"aspiration:DSix":9,"InkBottle":6,"Ring of the Snake":0,"aspiration:ChemicalBlood":24,"Girya":17,"Lee\u0027s Waffle":25,"aspiration:Nostalgia":0,"Golden Idol":3,"ReplayTheSpireMod:CursedCoin":36,"aspiration:SeaSaltIceCream":25,"aspiration:SecretTechniqueScroll":34,"Orichalcum":36,"Calling Bell":17,"infinitespire:EvilPickle":34,"Bottled Flame":26,"halation:PenCase":44,"Slimebound:AbsorbEndCombat":0,"Bag of Marbles":44,"FossilizedHelix":31},{"Regal Pillow":20,"Bag of Preparation":9,"Lizard Tail":13,"ZombieTooth":17,"Matryoshka":13,"halation:PrussianBluePaint":20,"Iron Hammer":9,"aspiration:DSix":5,"InkBottle":4,"Ring of the Snake":0,"aspiration:ChemicalBlood":13,"Girya":9,"Lee\u0027s Waffle":13,"aspiration:Nostalgia":0,"Golden Idol":1,"ReplayTheSpireMod:CursedCoin":17,"aspiration:SeaSaltIceCream":13,"aspiration:SecretTechniqueScroll":16,"Orichalcum":17,"Calling Bell":9,"infinitespire:EvilPickle":16,"Bottled Flame":13,"halation:PenCase":20,"Slimebound:AbsorbEndCombat":0,"Bag of Marbles":20,"FossilizedHelix":15},{"Regal Pillow":84,"Bag of Preparation":35,"Lizard Tail":50,"ZombieTooth":74,"Matryoshka":50,"halation:PrussianBluePaint":84,"Iron Hammer":35,"aspiration:DSix":18,"InkBottle":15,"Ring of the Snake":0,"aspiration:ChemicalBlood":50,"Girya":35,"Lee\u0027s Waffle":50,"aspiration:Nostalgia":0,"Golden Idol":4,"ReplayTheSpireMod:CursedCoin":74,"aspiration:SeaSaltIceCream":50,"aspiration:SecretTechniqueScroll":70,"Orichalcum":74,"Calling Bell":35,"infinitespire:EvilPickle":70,"Bottled Flame":50,"halation:PenCase":84,"Slimebound:AbsorbEndCombat":0,"Bag of Marbles":84,"FossilizedHelix":60}],"InkBottle":[43],"Ring of the Snake":[48]},"card_choices":[{"not_picked":["Slimebound:LeechingTouch","Slimebound:HauntingLick"],"picked":"Slimebound:Nibble","floor":1},{"not_picked":["Slimebound:FinishingTackle","Slimebound:ComboTackle","Slimebound:ServeAndProtect"],"picked":"SKIP","floor":4},{"not_picked":["Slimebound:Prepare","Slimebound:TongueLash"],"picked":"Slimebound:GoopSpray","floor":5},{"not_picked":["Slimebound:SlimeSpikes","Slimebound:Prepare"],"picked":"Slimebound:Gluttony","floor":6},{"not_picked":["Slimebound:Dissolve","Slimebound:BestDefense"],"picked":"Slimebound:LeechEnergy","floor":8},{"not_picked":["Slimebound:GoopSpray","Slimebound:RollThrough"],"picked":"Slimebound:RallyTheTroops","floor":11},{"not_picked":["Slimebound:LivingWall","Slimebound:SplitMire"],"picked":"Slimebound:RejuvenatingLick","floor":13},{"not_picked":["Slimebound:PressTheAttack","Slimebound:Replication"],"picked":"Slimebound:GoopSpray","floor":14},{"not_picked":["Slimebound:Overexert","Slimebound:PrepareCrush"],"picked":"Slimebound:LeechLife","floor":16},{"not_picked":["Slimebound:BestDefense+1","Slimebound:FinishingTackle"],"picked":"Slimebound:SamplingLick","floor":18},{"not_picked":["Slimebound:SlimeBrawl","Slimebound:FinishingTackle+1"],"picked":"Slimebound:RollThrough","floor":21},{"not_picked":["Slimebound:CheckThePlaybook","Slimebound:SplitBruiser"],"picked":"Slimebound:Repurpose+1","floor":22},{"not_picked":["Slimebound:LeadByExample","Slimebound:PressTheAttack"],"picked":"Slimebound:GrowthPunch+1","floor":24},{"not_picked":["Slimebound:SplitMire","Slimebound:LeechEnergy+1"],"picked":"Slimebound:SplitSpecialist+1","floor":30},{"not_picked":["Slimebound:ComboTackle","Slimebound:SamplingLick"],"picked":"Slimebound:LeechLife","floor":31},{"not_picked":["Slimebound:LeechLife","Slimebound:RallyTheTroops"],"picked":"Slimebound:SelfFormingGoo","floor":33},{"not_picked":["Slimebound:DivideAndConquer","Slimebound:BestDefense"],"picked":"Slimebound:DisruptingSlam","floor":35},{"not_picked":["Slimebound:SplitMire","Slimebound:SlimeSpikes"],"picked":"Slimebound:FormOfPuddle","floor":38},{"not_picked":["Slimebound:ComboTackle+1","Slimebound:SplitBruiser"],"picked":"Slimebound:RollThrough+1","floor":41},{"not_picked":["Slimebound:MegaLick","Slimebound:ComboTackle+1"],"picked":"Slimebound:Gluttony+1","floor":42},{"not_picked":["Slimebound:RejuvenatingLick+1","Slimebound:SlimeBrawl+1"],"picked":"Slimebound:HauntingLick+1","floor":46},{"not_picked":["Slimebound:GrowthPunch+1","Slimebound:RollThrough"],"picked":"Slimebound:GoopTackle+1","floor":47},{"not_picked":["Slimebound:TongueLash+1","Slimebound:ComboTackle+1"],"picked":"Slimebound:FinishingTackle+1","floor":48}],"player_experience":509525,"relics_obtained":[{"floor":6,"key":"InkBottle"},{"floor":9,"key":"aspiration:DSix"},{"floor":17,"key":"Bag of Preparation"},{"floor":17,"key":"Iron Hammer"},{"floor":17,"key":"Girya"},{"floor":24,"key":"aspiration:ChemicalBlood"},{"floor":26,"key":"Bottled Flame"},{"floor":27,"key":"Matryoshka"},{"floor":31,"key":"FossilizedHelix"},{"floor":43,"key":"halation:PrussianBluePaint"},{"floor":43,"key":"Regal Pillow"},{"floor":44,"key":"halation:PenCase"},{"floor":44,"key":"Bag of Marbles"}],"event_choices":[{"damage_healed":58,"gold_gain":0,"player_choice":"Upgrade","damage_taken":13,"max_hp_gain":0,"max_hp_loss":65,"event_name":"betterThird:BetterShining","floor":2,"gold_loss":0,"cards_upgraded":["Slimebound:Nibble","Slimebound:Split"]},{"damage_healed":0,"gold_gain":0,"player_choice":"Lose Max HP","damage_taken":0,"relics_obtained":["Golden Idol"],"max_hp_gain":0,"max_hp_loss":5,"event_name":"Golden Idol","floor":3,"gold_loss":0},{"damage_healed":0,"gold_gain":0,"player_choice":"Bought 0 Potions","damage_taken":0,"max_hp_gain":0,"max_hp_loss":0,"event_name":"The Woman in Blue","floor":19,"gold_loss":0},{"cards_removed":["Slimebound:Split"],"damage_healed":0,"gold_gain":0,"player_choice":"Give","damage_taken":0,"max_hp_gain":0,"max_hp_loss":0,"event_name":"betterNote:BetterNote","floor":20,"gold_loss":0,"cards_obtained":["None"]},{"damage_healed":0,"gold_gain":0,"player_choice":"Leave","damage_taken":0,"max_hp_gain":0,"max_hp_loss":0,"event_name":"conspire:Investor","floor":28,"gold_loss":0},{"damage_healed":0,"gold_gain":333,"player_choice":"Gave Idol","damage_taken":0,"max_hp_gain":0,"max_hp_loss":0,"event_name":"The Moai Head","floor":37,"relics_lost":["Golden Idol"],"gold_loss":0},{"cards_removed":["Slimebound:LeechLife"],"damage_healed":0,"gold_gain":0,"player_choice":"Removed Attack","damage_taken":0,"max_hp_gain":0,"max_hp_loss":0,"event_name":"Falling","floor":39,"gold_loss":0},{"damage_healed":0,"gold_gain":0,"player_choice":"Max HP","damage_taken":0,"max_hp_gain":0,"max_hp_loss":3,"event_name":"Winding Halls","floor":45,"gold_loss":0},{"cards_removed":["Parasite"],"damage_healed":0,"gold_gain":0,"player_choice":"Removed Curses","damage_taken":0,"max_hp_gain":0,"max_hp_loss":0,"event_name":"Fountain of Cleansing","floor":49,"gold_loss":0}],"is_beta":false,"boss_relics":[{"not_picked":["Velvet Choker","Abe\u0027s Treasure"],"picked":"Calling Bell"},{"not_picked":["bronze:MakeshiftBattery","aspiration:FutureDiary"],"picked":"aspiration:SecretTechniqueScroll"}],"items_purged_floors":[36],"is_endless":false,"potions_floor_spawned":[13,14,16,18,21,31,41,42,46,48],"ascension_level":0}}