{"host":"2c1pg2m9wpz3w4c0","time":1614131280,"event":{"mods":["A Penny For Your Troubles","AchievementEnabler","Act Like it!","Aspiration","BaseMod","Better Note","BetterRewards","Curses Come First","Disable Question Mark Monsters","Evolution","Halation","Hubris","Infinite Spire","Lotus Mark","Marisa????????","Minty Spire (QoL Compilation)","Reliquary","Replay The Spire","StSLib","SuperFastMode","The Clintock","The Jungle","The Marked","The Runesmith","Transform Curses","Wide Potions"],"gold_per_floor":[109,124,140,16,34,60,60,74,74,74,74,84,103,118,118,223,223,242,258,238,251,251,251,251,266,266,279,292,311,311,327,327,425,425,435,435,448,459,388,388,388,388,388,407,425,441,322,333,333,334],"floor_reached":51,"language":"ENG","playtime":3764,"items_purged":[],"score":936,"play_id":"480f2bfe-84ec-400d-80c5-0cba9a45d129","local_time":"20210223184800","is_ascension_mode":false,"campfire_choices":[{"data":"Infernal Blade","floor":7,"key":"SMITH"},{"data":"Spot Weakness","floor":11,"key":"SMITH"},{"floor":15,"key":"REST"},{"data":"Spot Weakness","floor":15,"key":"SMITH"},{"data":"Demon Form","floor":23,"key":"SMITH"},{"data":"Feed","floor":30,"key":"SMITH"},{"data":"Reaper","floor":32,"key":"SMITH"},{"floor":40,"key":"REST"},{"data":"Limit Break","floor":40,"key":"SMITH"},{"data":"Spot Weakness","floor":42,"key":"SMITH"},{"floor":49,"key":"REST"},{"data":"Ghostly Armor","floor":49,"key":"SMITH"}],"circlet_count":0,"master_deck":["Strike_R","Strike_R","Strike_R","Strike_R","Strike_R","Defend_R+1","Defend_R","Defend_R","Defend_R+1","Bash","Spot Weakness+1","Anger","Shrug It Off","Replay:Undeath\u0027s Touch+1","Spot Weakness+1","Seeing Red","Infernal Blade+1","Anger","hubris:ReadiedAction+1","Armaments","Cleave","Shrug It Off","Pommel Strike","Demon Form+1","Body Slam+1","Twin Strike","Spot Weakness+1","Reaper+1","hubris:ReadiedAction+1","Inflame+1","Feed+1","Rampage+1","Flex+1","Feed","Heavy Blade","Twin Strike+1","Flex+1","Limit Break+1","Limit Break+1","Ghostly Armor+1","Demonic Infusion","Finesse","Pummel+1"],"relics":["Burning Blood","EVO:Axolotl","Membership Card","Bronze Scales","StoneCalendar","Runesmith:Nanobots","Simple Rune","White Beast Statue","infinitespire:Magic Flask","Ooze Armor","reliquary:BallBearing","reliquary:RedCape","halation:PinkSoulGem","reliquary:IridiumChain","Lee\u0027s Waffle"],"acts_visited":["Exordium","theJungle:Jungle","TheBeyond"],"potions_floor_usage":[2,6,16,16,21,21,25,28,28,29,31,33,33,35,37,38,44,45,46,50],"damage_taken":[{"damage":3,"enemies":"infinitespire:Voidling","floor":1,"turns":3},{"damage":4,"enemies":"Cultist","floor":2,"turns":4},{"damage":1,"enemies":"Jaw Worm","floor":3,"turns":3},{"damage":0,"enemies":"Lots of Slimes","floor":5,"turns":1},{"damage":29,"enemies":"3 Sentries","floor":6,"turns":6},{"damage":6,"enemies":"Large Slime","floor":8,"turns":7},{"damage":0,"enemies":"Blue Slaver","floor":12,"turns":2},{"damage":4,"enemies":"3 Louse","floor":13,"turns":3},{"damage":0,"enemies":"Looter","floor":14,"turns":2},{"damage":0,"enemies":"Fading Forest","floor":16,"turns":11},{"damage":0,"enemies":"theJungle:MUSHROOMGANG","floor":18,"turns":3},{"damage":7,"enemies":"theJungle:Flameango_and_Byrd","floor":19,"turns":4},{"damage":10,"enemies":"theJungle:2_Flameangoes","floor":21,"turns":4},{"damage":10,"enemies":"theJungle:Snecko_Cultist_And_Trap","floor":25,"turns":5},{"damage":14,"enemies":"theJungle:SlimyTreeVines","floor":27,"turns":3},{"damage":9,"enemies":"Snake Plant","floor":28,"turns":3},{"damage":8,"enemies":"theJungle:2_Snecko_Cultists","floor":29,"turns":4},{"damage":6,"enemies":"theJungle:JungleHuntersEncounter","floor":31,"turns":3},{"damage":29,"enemies":"theJungle:FunGuy","floor":33,"turns":10},{"damage":24,"enemies":"3 Darklings","floor":35,"turns":5},{"damage":0,"enemies":"3 Shapes","floor":37,"turns":7},{"damage":32,"enemies":"3 Darklings","floor":38,"turns":4},{"damage":18,"enemies":"Maw","floor":44,"turns":5},{"damage":12,"enemies":"Sphere and 2 Shapes","floor":45,"turns":3},{"damage":29,"enemies":"Spire Growth","floor":46,"turns":3},{"damage":20,"enemies":"Transient","floor":48,"turns":5},{"damage":67,"enemies":"Time Eater","floor":50,"turns":6}],"seed_played":"-6424705530430874682","potions_obtained":[{"floor":1,"key":"Fruit Juice"},{"floor":2,"key":"Ancient Potion"},{"floor":6,"key":"ElixirPotion"},{"floor":12,"key":"Block Potion"},{"floor":13,"key":"Elixir"},{"floor":14,"key":"Reflective Coating"},{"floor":16,"key":"Reflective Coating"},{"floor":18,"key":"SpeedPotion"},{"floor":19,"key":"DistilledChaos"},{"floor":20,"key":"BlessingOfTheForge"},{"floor":21,"key":"DuplicationPotion"},{"floor":25,"key":"Cursed Concoction"},{"floor":27,"key":"LiquidMemories"},{"floor":28,"key":"Energy Potion"},{"floor":29,"key":"LiquidBronze"},{"floor":31,"key":"Energy Potion"},{"floor":33,"key":"Energy Potion"},{"floor":35,"key":"AttackPotion"},{"floor":37,"key":"AttackPotion"},{"floor":38,"key":"Adrenaline Potion"},{"floor":44,"key":"AttackPotion"},{"floor":45,"key":"ColorlessPotion"},{"floor":46,"key":"SneckoOil"},{"floor":48,"key":"Regen Potion"}],"is_trial":false,"path_per_floor":["M","M","M","$","M","E","R","M","T","?","R","M","M","M","R","B",null,"M","M","?","M","?","R","?","M","T","M","M","M","R","M","R","B",null,"M","?","M","M","$","R","?","R","T","M","M","M","$","M","R","B",null],"character_chosen":"IRONCLAD","items_purchased":["Membership Card","Bronze Scales","Spot Weakness","Anger","Shrug It Off","Replay:Undeath\u0027s Touch+1","Runesmith:Nanobots","Limit Break","Lee\u0027s Waffle","Finesse"],"campfire_rested":3,"item_purchase_floors":[0,0,0,0,0,0,4,39,47,47],"current_hp_per_floor":[61,75,80,80,86,63,63,63,63,63,63,69,71,77,92,92,92,92,91,91,87,87,87,87,92,92,92,89,90,90,90,90,87,95,95,95,102,76,76,102,102,102,102,90,84,82,109,95,109,74],"gold":334,"neow_bonus":"","is_daily":false,"chose_seed":false,"campfire_upgraded":9,"win_rate":0.0,"timestamp":1614131280,"path_taken":["M","?","M","?","M","E","R","M","T","?","R","M","M","M","R","BOSS","M","?","?","M","?","R","?","M","T","M","M","M","R","M","R","BOSS","M","?","M","M","$","R","?","R","T","M","?","M","?","?","R","BOSS"],"items_purchased_type":["Relic","Relic","Card","Card","Card","Card","Relic","Card","Relic","Card"],"build_version":"2020-12-22","purchased_purges":0,"victory":true,"max_hp_per_floor":[80,92,92,92,92,92,92,92,92,92,92,92,92,92,92,92,92,92,92,92,92,92,92,92,92,92,92,92,95,95,95,95,95,95,95,95,102,102,102,102,102,102,102,102,102,102,109,109,109,109],"card_choices":[{"not_picked":["Wild Strike","Bloodletting"],"picked":"Spot Weakness","floor":1},{"not_picked":["Abandon","Combust"],"picked":"Seeing Red","floor":2},{"not_picked":["Heavy Blade","Body Slam"],"picked":"Infernal Blade","floor":3},{"not_picked":["Bludgeon","Warcry"],"picked":"Anger","floor":5},{"not_picked":["ReplayTheSpireMod:LeadingStrike","Sentinel"],"picked":"hubris:ReadiedAction","floor":6},{"not_picked":["Pommel Strike","Run Through"],"picked":"Armaments","floor":8},{"not_picked":["Havoc","Blood for Blood"],"picked":"Cleave","floor":12},{"not_picked":["Havoc","Power Through"],"picked":"Shrug It Off","floor":13},{"not_picked":["Blood for Blood","Clash"],"picked":"Pommel Strike","floor":14},{"not_picked":["Barricade","Reaper"],"picked":"Demon Form","floor":16},{"not_picked":["Armaments","Fire Breathing"],"picked":"Body Slam+1","floor":18},{"not_picked":["Run Through","Whirlwind"],"picked":"Twin Strike","floor":19},{"not_picked":["Havoc","Iron Wave"],"picked":"Spot Weakness","floor":21},{"not_picked":["Wild Strike","Shrug It Off"],"picked":"hubris:ReadiedAction+1","floor":25},{"not_picked":["ReplayTheSpireMod:Strike From Hell","Perfected Strike"],"picked":"Inflame+1","floor":27},{"not_picked":["Thunderclap","Wild Strike"],"picked":"Feed","floor":28},{"not_picked":["Body Slam+1","Perfected Strike"],"picked":"Rampage+1","floor":29},{"not_picked":["Cleave","Dropkick"],"picked":"Flex+1","floor":31},{"not_picked":["Barricade","Bludgeon"],"picked":"Feed","floor":33},{"not_picked":["Havoc","ReplayTheSpireMod:Limb From Limb+1"],"picked":"Heavy Blade","floor":35},{"not_picked":["ReplayTheSpireMod:Strike From Hell+1","Perfected Strike+1"],"picked":"Twin Strike+1","floor":37},{"not_picked":["Clash+1","hubris:SharpeningStone"],"picked":"Flex+1","floor":38},{"not_picked":["Uppercut","Clash+1"],"picked":"Ghostly Armor","floor":44},{"not_picked":["Second Wind+1","Headbutt+1","ReplayTheSpireMod:Strike From Hell"],"picked":"SKIP","floor":45},{"not_picked":["hubris:CleavingFinish","ReplayTheSpireMod:Strike From Hell"],"picked":"Demonic Infusion","floor":46},{"not_picked":["Clash","Burning Pact"],"picked":"Pummel+1","floor":48}],"player_experience":1239848,"relics_obtained":[{"floor":6,"key":"Simple Rune"},{"floor":9,"key":"White Beast Statue"},{"floor":26,"key":"reliquary:BallBearing"},{"floor":43,"key":"reliquary:IridiumChain"}],"event_choices":[{"damage_healed":0,"gold_gain":0,"player_choice":"Gave Potion","damage_taken":0,"relics_obtained":["infinitespire:Magic Flask"],"max_hp_gain":0,"max_hp_loss":0,"event_name":"WeMeetAgain","floor":10,"gold_loss":0},{"damage_healed":0,"gold_gain":0,"player_choice":"Bought 1 Potion","damage_taken":0,"max_hp_gain":0,"max_hp_loss":0,"event_name":"The Woman in Blue","floor":20,"gold_loss":0},{"damage_healed":0,"gold_gain":0,"player_choice":"1 cards matched","damage_taken":0,"max_hp_gain":0,"max_hp_loss":0,"event_name":"Match and Keep!","floor":22,"gold_loss":0,"cards_obtained":["Reaper"]},{"damage_healed":0,"gold_gain":0,"player_choice":"Forge","damage_taken":0,"max_hp_gain":0,"max_hp_loss":0,"event_name":"Accursed Blacksmith","floor":24,"gold_loss":0,"cards_upgraded":["hubris:ReadiedAction"]},{"damage_healed":0,"gold_gain":0,"player_choice":"Copied","damage_taken":0,"max_hp_gain":0,"max_hp_loss":0,"event_name":"Duplicator","floor":41,"gold_loss":0,"cards_obtained":["Limit Break"]}],"is_beta":false,"boss_relics":[{"not_picked":["Sozu","aspiration:SilentSkillbook"],"picked":"Ooze Armor"},{"not_picked":["ReplayTheSpireMod:DimensionalGlitch","Painkiller Herb"],"picked":"reliquary:RedCape"}],"items_purged_floors":[],"is_endless":false,"potions_floor_spawned":[1,2,6,12,13,14,16,18,19,21,25,27,28,29,31,33,35,37,38,44,45,46,48],"ascension_level":0}}