{"host":"sjo4oracihb00px1","time":1614128966,"event":{"mods":["100% Spire Juice","Astrologer","BaseMod","Better Note","Colored Powertips","Conspire","Defective Defect","Friendly Minions","Gremlin Mod","Hermit","HololiveMod","Hubris","Jorbs\u0027s Wanderer Trilogy","Kiyohime????","Koishi","Marisa????????","Minty Spire (QoL Compilation)","Morshu Shopkeeper","Morshu Shopkeeper - ENHANCED","Quick Restart","Random Character Button","Remilia??????","Replay The Spire","Shop Mod","ShortenTheSpire","Somnambulant","StSLib","The Administrix","The Animator","The Awakened One except there are too many feathers","The Bug Knight","The Cursed","The Death Knight","The Disciple","The Gatherer","The IronCluck","The Necromancer","The Problem Sleuth","The Runesmith","The Senshi","The Servant 0.9.4","The Vixen","TheBandit","Waifu the Spire","Wandering Minibosses","Wide Potions","Yuri Mod","everything is the same but u backflip on backflip","slay the spire mod where everything is the same but ironclad has a cowboy hat","thorton"],"gold_per_floor":[111,40,40,140,150,181,192,192,192,218,218,233,233,21,21,122,122,141,123,140,159,114,114,160,160,186,216,216,263,263,296,296,440,440,453,518,1517,1551,864,930,930,970,970,989,549,559,584,221,225,249],"floor_reached":51,"language":"ENG","playtime":4570,"items_purged":[],"score":1071,"play_id":"48995804-5d11-444e-95ba-b6835be03bbf","local_time":"20210223200926","is_ascension_mode":true,"campfire_choices":[{"data":"yuri:yuriStab","floor":11,"key":"SMITH"},{"data":"yuri:HeavierStrike","floor":13,"key":"SMITH"},{"data":"yuri:HoldBack","floor":15,"key":"SMITH"},{"data":"yuri:StealPen","floor":23,"key":"SMITH"},{"data":"yuri:BookPurple","floor":25,"key":"SMITH"},{"data":"yuri:MultiDip","floor":28,"key":"SMITH"},{"floor":30,"key":"REST"},{"data":"yuri:BookRed","floor":32,"key":"SMITH"},{"floor":41,"key":"REST"},{"data":"yuri:MagneticKnives","floor":44,"key":"SMITH"},{"data":"yuri:DragonForm","floor":49,"key":"SMITH"}],"circlet_count":0,"master_deck":["yuri:yuriStrike","yuri:yuriStrike","yuri:yuriStrike","yuri:yuriStrike","yuri:yuriStrike","yuri:yuriDefend","yuri:yuriDefend","yuri:yuriDefend","yuri:yuriDefend","yuri:yuriDefend","yuri:Oolong+1","yuri:yuriStab+1","yuri:BookPurple+1","yuri:CalmingAura","yuri:Torment","yuri:HeavierStrike+1","yuri:yuriQuickStrike","yuri:BookRed+1","yuri:HoldBack+1","yuri:DisableStrike+1","yuri:HeavierStrike","yuri:BookPurple+1","yuri:MultiDip+1","yuri:WickedSlash+1","yuri:BookPurple+1","yuri:StealPen+1","yuri:Parry+1","yuri:DejaVu+1","yuri:Parry","yuri:StealPen+1","yuri:MagneticKnives+1","yuri:MPose","yuri:WickedSlash+1","Normality","Normality","yuri:BookBlue","yuri:TeaSet+1","yuri:DragonForm+1","Mayhem"],"relics":["yuri:yuriKnife","NeowsBlessing","Whetstone","Blue Doll","Onion Ring","yuri:BookOfBooks","Replay:Bottled Eggs","Happy Flower","Incense Burner","Simple Rune","thethorton:BottledFunds","FossilizedHelix","Bag of Preparation","ClockworkSouvenir","Replay:Accelerometer","Gambling Chip","thethorton:BankDeed","Membership Card","hubris:BottledRain","ReplayTheSpireMod:TigerMarble","hubris:Icosahedron","Replay:Baseball","Bottled Flame","Medical Kit"],"acts_visited":["Exordium","TheCity","TheBeyond"],"potions_floor_usage":[10,16,24,29,31,35,40,40,50,50],"damage_taken":[{"damage":0,"enemies":"2 Louse","floor":1,"turns":1},{"damage":0,"enemies":"Jaw Worm","floor":5,"turns":1},{"damage":0,"enemies":"Gremlin Nob","floor":6,"turns":1},{"damage":3,"enemies":"Cultist","floor":7,"turns":3},{"damage":18,"enemies":"HollowMod:MossKnight","floor":10,"turns":9},{"damage":2,"enemies":"Looter","floor":12,"turns":2},{"damage":0,"enemies":"Hexaghost","floor":16,"turns":7},{"damage":14,"enemies":"conspire:FuzzyDice","floor":18,"turns":6},{"damage":21,"enemies":"2 Thieves","floor":19,"turns":4},{"damage":4,"enemies":"Chosen and Byrds","floor":20,"turns":5},{"damage":43,"enemies":"Centurion and Healer","floor":21,"turns":6},{"damage":9,"enemies":"conspire:Head Lice","floor":24,"turns":7},{"damage":15,"enemies":"Snecko","floor":27,"turns":6},{"damage":22,"enemies":"HollowMod:Nosk","floor":29,"turns":6},{"damage":7,"enemies":"Replay:Snechameleon","floor":31,"turns":4},{"damage":16,"enemies":"Champ","floor":33,"turns":9},{"damage":2,"enemies":"3 Darklings","floor":35,"turns":2},{"damage":44,"enemies":"2 Orb Walkers","floor":36,"turns":3},{"damage":0,"enemies":"3 Shapes","floor":38,"turns":6},{"damage":12,"enemies":"Nemesis","floor":40,"turns":7},{"damage":2,"enemies":"Spire Growth","floor":42,"turns":3},{"damage":7,"enemies":"Sphere and 2 Shapes","floor":47,"turns":4},{"damage":25,"enemies":"hubris:GrandSnecko","floor":50,"turns":5}],"seed_played":"3509861599569769256","potions_obtained":[{"floor":6,"key":"SkillPotion"},{"floor":7,"key":"LiquidBronze"},{"floor":10,"key":"DistilledChaos"},{"floor":19,"key":"SpeedPotion"},{"floor":27,"key":"Swift Potion"},{"floor":33,"key":"Adrenaline Potion"},{"floor":36,"key":"LiquidMemories"},{"floor":40,"key":"BlessingOfTheForge"}],"is_trial":false,"path_per_floor":["M","$","?","?","M","E","M","?","T","E","R","M","R","$","R","B",null,"M","M","M","M","$","R","E","R","T","M","R","E","R","E","R","B",null,"M","?","?","M","$","E","R","M","T","R","$","?","M","$","R","B",null],"character_chosen":"YURI","items_purchased":["yuri:BookPurple","yuri:HoldBack","yuri:DisableStrike+1","yuri:HeavierStrike","yuri:StealPen","Bag of Preparation","yuri:BookBlue","AttackPotion","ClockworkSouvenir","Replay:Accelerometer","Membership Card","hubris:BottledRain","ReplayTheSpireMod:TigerMarble","yuri:DragonForm","Regen Potion","Replay:Baseball","Bottled Flame","Mayhem","Medical Kit"],"campfire_rested":2,"item_purchase_floors":[2,14,14,14,22,39,39,39,39,39,45,45,45,45,45,48,48,48,48],"current_hp_per_floor":[72,72,72,72,72,72,76,81,81,68,68,73,73,73,73,83,85,77,63,76,40,40,40,48,48,48,40,40,29,54,58,58,59,79,77,40,40,47,47,49,74,79,79,79,79,79,78,78,78,69],"gold":253,"neow_bonus":"THREE_ENEMY_KILL","is_daily":false,"chose_seed":false,"campfire_upgraded":9,"win_rate":0.0,"timestamp":1614128966,"path_taken":["M","$","?","?","?","E","M","?","T","E","R","M","R","?","R","BOSS","M","?","M","M","$","R","E","R","T","M","R","E","R","E","R","BOSS","M","?","?","M","$","E","R","M","T","R","$","?","M","$","R","BOSS"],"items_purchased_type":["Card","Card","Card","Card","Card","Relic","Card","Potion","Relic","Relic","Relic","Relic","Relic","Card","Potion","Relic","Relic","Card","Relic"],"build_version":"2020-12-22","purchased_purges":0,"victory":true,"max_hp_per_floor":[80,80,80,80,80,80,80,85,85,85,85,85,85,85,85,85,85,85,85,85,85,85,85,85,85,85,85,85,85,85,85,85,85,85,85,85,85,85,85,85,85,85,85,85,85,85,85,85,85,85],"card_choices":[{"not_picked":["yuri:ThrowingKnives","yuri:TPose","yuri:AdaptiveAI"],"picked":"SKIP","floor":1},{"not_picked":["yuri:yuriQuickStrike","yuri:BrokenCode"],"picked":"yuri:CalmingAura","floor":5},{"not_picked":["yuri:Skip","yuri:ThrowingKnives"],"picked":"yuri:Torment","floor":6},{"not_picked":["yuri:DebugCard","yuri:Spin"],"picked":"yuri:HeavierStrike","floor":7},{"not_picked":["yuri:yuriHeavyStrike","yuri:TPose"],"picked":"yuri:yuriQuickStrike","floor":10},{"not_picked":["yuri:RepairCode","yuri:ThrowingKnives"],"picked":"yuri:BookRed","floor":12},{"not_picked":["yuri:BookRed+1","yuri:BookGreen+1","yuri:BookBlue+1"],"picked":"yuri:BookPurple+1","floor":17},{"not_picked":["yuri:HeavierStrike","yuri:Skip"],"picked":"yuri:MultiDip","floor":18},{"not_picked":["yuri:BookGreen","yuri:MPose"],"picked":"yuri:WickedSlash+1","floor":19},{"not_picked":["yuri:AdaptiveAI","yuri:TPose+1","yuri:ChibiInvasion"],"picked":"SKIP","floor":20},{"not_picked":["yuri:yuriHeavyStrike","yuri:CalmingAura"],"picked":"yuri:BookPurple+1","floor":21},{"not_picked":["yuri:DebugCard","yuri:InduceGlitch"],"picked":"yuri:Parry+1","floor":24},{"not_picked":["yuri:BrokenCode","yuri:HeavierStrike+1"],"picked":"yuri:DejaVu+1","floor":27},{"not_picked":["yuri:yuriHeavyStrike","yuri:Skip"],"picked":"yuri:Parry","floor":29},{"not_picked":["yuri:ArmBrace+1","yuri:MirrorInsanity"],"picked":"yuri:StealPen+1","floor":31},{"not_picked":["yuri:BlackTea","yuri:ConsumeGlitch"],"picked":"yuri:MagneticKnives","floor":33},{"not_picked":["yuri:HoldBack","yuri:Stalk+1"],"picked":"yuri:MPose","floor":35},{"not_picked":["yuri:HeavierStrike+1","yuri:Skip+1"],"picked":"yuri:WickedSlash+1","floor":36},{"not_picked":["yuri:HeavierStrike","yuri:TPose+1","yuri:Spin+1"],"picked":"SKIP","floor":38},{"not_picked":["yuri:yuriHeavyStrike+1","yuri:ArmBrace+1"],"picked":"yuri:TeaSet+1","floor":40},{"not_picked":["yuri:Stalk+1","yuri:ChibiInvasion+1","yuri:DebugCard+1"],"picked":"SKIP","floor":42},{"not_picked":["yuri:CalmingAura+1","yuri:ThrowBook","yuri:Skip+1"],"picked":"SKIP","floor":47}],"player_experience":731653,"relics_obtained":[{"floor":6,"key":"Whetstone"},{"floor":9,"key":"Blue Doll"},{"floor":10,"key":"Onion Ring"},{"floor":24,"key":"Replay:Bottled Eggs"},{"floor":26,"key":"Happy Flower"},{"floor":29,"key":"Incense Burner"},{"floor":31,"key":"Simple Rune"},{"floor":36,"key":"FossilizedHelix"},{"floor":40,"key":"Gambling Chip"},{"floor":43,"key":"thethorton:BankDeed"}],"event_choices":[{"damage_healed":0,"gold_gain":100,"player_choice":"Pray","damage_taken":0,"max_hp_gain":0,"max_hp_loss":0,"event_name":"Golden Shrine","floor":4,"gold_loss":0},{"damage_healed":0,"gold_gain":0,"player_choice":"Donut","damage_taken":0,"max_hp_gain":5,"max_hp_loss":0,"event_name":"Big Fish","floor":8,"gold_loss":0},{"damage_healed":0,"gold_gain":0,"player_choice":"Fight","damage_taken":0,"max_hp_gain":0,"max_hp_loss":0,"event_name":"Mysterious Sphere","floor":36,"gold_loss":0},{"damage_healed":0,"gold_gain":999,"player_choice":"Gold","damage_taken":0,"max_hp_gain":0,"max_hp_loss":0,"event_name":"MindBloom","floor":37,"gold_loss":0,"cards_obtained":["Normality","Normality"]}],"is_beta":false,"boss_relics":[{"not_picked":["hubris:Backtick","Ring of Chaos"],"picked":"yuri:BookOfBooks"},{"not_picked":["Hololive_Finger","conspire:RunicOctahedron"],"picked":"thethorton:BottledFunds"}],"items_purged_floors":[],"is_endless":false,"potions_floor_spawned":[6,7,10,19,27,33,36,40,47],"ascension_level":6}}