{"host":"blnmo1e2jbqugfxh","time":1614186048,"event":{"mods":["2.2 Compatiblity","AchievementEnabler","Astrologer","Bard","BaseMod","Beaked The Cultist","Colored Map","Colored Powertips","Conspire","Downfall","Friendly Minions","Googly Eyes","Hermit","Highlight Path","Hubris","Infinite Spire","Lobotomy","Marisa????????","Mimic Mod","Minty Spire (QoL Compilation)","Prisma Mod","Quick Restart","Rare Cards Sparkle","Replay The Spire","Shop Mod","StSLib","The Bug Knight","The Construct","The Cursed","The Disciple","The Exalted","The Hierophant","The Mystic","The Servant 0.9.4"],"gold_per_floor":[110,29,39,57,72,97,25,25,25,38,65,65,90,119,119,119,119],"floor_reached":16,"language":"ENG","playtime":663,"items_purged":[],"score":138,"play_id":"e2745b9e-d7b3-400e-89b3-3456a2ca8b1d","local_time":"20210224120048","is_ascension_mode":true,"campfire_choices":[{"floor":8,"key":"REST"},{"floor":12,"key":"REST"},{"data":"Neutralize","floor":12,"key":"SMITH"}],"circlet_count":0,"master_deck":["Strike_G","Strike_G","Defend_G","Defend_G","Defend_G","Defend_G","Defend_G","Survivor","Neutralize+1","Backstab","Accuracy","Dagger Throw","Backstab","ReplayTheSpireMod:Shiv Toss","Masterful Stab","PiercingWail","Distraction","Outmaneuver","Prepared","hubris:Sniper","Outmaneuver","ReplayTheSpireMod:Speed Training"],"relics":["Ring of the Snake","Letter Opener","infinitespire:CheckeredPen","infinitespire:Magic Flask","Odd Mushroom","Byrd Skull"],"acts_visited":["Exordium"],"potions_floor_usage":[7,14,16],"damage_taken":[{"damage":2,"enemies":"2 Louse","floor":1,"turns":3},{"damage":2,"enemies":"Jaw Worm","floor":3,"turns":4},{"damage":1,"enemies":"Cultist","floor":4,"turns":3},{"damage":1,"enemies":"Blue Slaver","floor":5,"turns":3},{"damage":14,"enemies":"3 Sentries","floor":6,"turns":10},{"damage":0,"enemies":"Red Slaver","floor":10,"turns":3},{"damage":25,"enemies":"Lagavulin","floor":11,"turns":5},{"damage":7,"enemies":"The Mushroom Lair","floor":13,"turns":3},{"damage":13,"enemies":"Gremlin Nob","floor":14,"turns":4},{"damage":46,"enemies":"Fading Forest","floor":16,"turns":6}],"seed_played":"7199478325560175534","potions_obtained":[{"floor":4,"key":"SpeedPotion"},{"floor":6,"key":"Fruit Juice"},{"floor":11,"key":"Languid Potion"},{"floor":14,"key":"Strength Potion"}],"is_trial":false,"path_per_floor":["M","$","M","M","M","E","$","R","T","M","E","R","?","E","R_BF","B"],"character_chosen":"THE_SILENT","items_purchased":["Backstab","Distraction"],"campfire_rested":2,"item_purchase_floors":[2,7],"current_hp_per_floor":[47,47,45,44,43,29,34,56,56,56,31,53,46,33,33,0,0],"gold":119,"neow_bonus":"TRANSFORM_TWO_CARDS","is_daily":false,"chose_seed":false,"campfire_upgraded":1,"win_rate":0.0,"timestamp":1614186048,"path_taken":["M","$","M","M","M","E","$","R","T","M","E","R","?","E","R_BF","BOSS"],"items_purchased_type":["Card","Card"],"build_version":"2020-12-22","purchased_purges":0,"victory":false,"max_hp_per_floor":[70,70,70,70,70,70,75,75,75,75,75,75,75,75,75,75,75],"card_choices":[{"not_picked":["Eviscerate","Outmaneuver"],"picked":"Dagger Throw","floor":1},{"not_picked":["Poisoned Stab","Backflip"],"picked":"ReplayTheSpireMod:Shiv Toss","floor":3},{"not_picked":["Slice","Underhanded Strike","Bane"],"picked":"SKIP","floor":4},{"not_picked":["Leg Sweep","Deflect"],"picked":"Masterful Stab","floor":5},{"not_picked":["hubris:SlightOfHand","Quick Slash"],"picked":"PiercingWail","floor":6},{"not_picked":["Draining Mist","Bane"],"picked":"Outmaneuver","floor":10},{"not_picked":["ReplayTheSpireMod:Necrosis","Poisoned Stab"],"picked":"Prepared","floor":11},{"not_picked":["Dagger Spray","Footwork"],"picked":"hubris:Sniper","floor":13},{"not_picked":["Crippling Poison","ReplayTheSpireMod:Exploit Weakness"],"picked":"Outmaneuver","floor":14}],"player_experience":73777,"relics_obtained":[{"floor":6,"key":"Letter Opener"},{"floor":9,"key":"infinitespire:CheckeredPen"},{"floor":11,"key":"infinitespire:Magic Flask"},{"floor":13,"key":"Odd Mushroom"},{"floor":14,"key":"Byrd Skull"}],"event_choices":[{"damage_healed":0,"gold_gain":0,"player_choice":"Fought Mushrooms","damage_taken":0,"max_hp_gain":0,"max_hp_loss":0,"event_name":"Mushrooms","floor":13,"gold_loss":0}],"is_beta":false,"boss_relics":[],"items_purged_floors":[],"is_endless":false,"potions_floor_spawned":[4,6,11,14],"killed_by":"Fading Forest","ascension_level":3}}