{"host":"5n1fl7z5i1vf7jan","time":1614159304,"event":{"mods":["BaseMod","Minty Spire (QoL Compilation)","Quick Restart","Relic Stats"],"gold_per_floor":[115,115,180,195,215,215,228,253,253,253,303,353,397,60,60,158,158,178,199,66,296,11,11,86,136,204,204,254,295,320,33,33,123,123,143,526,10,28,47,74,92,142,192,223,285,298,310,320,320,320,320],"floor_reached":50,"language":"ENG","playtime":2810,"items_purged":["Strike_B","Defend_B"],"score":1168,"play_id":"55f24361-f59f-48b5-b9a0-c59cb183f850","local_time":"20210224013504","is_ascension_mode":true,"campfire_choices":[{"data":"Beam Cell","floor":6.0,"key":"SMITH"},{"data":"Doom and Gloom","floor":10.0,"key":"SMITH"},{"floor":15.0,"key":"REST"},{"data":"Chill","floor":23.0,"key":"SMITH"},{"floor":27.0,"key":"REST"},{"floor":32.0,"key":"REST"},{"floor":49.0,"key":"RECALL"}],"circlet_count":0,"master_deck":["AscendersBane","Defend_B","Defend_B","Defend_B","Zap","Dualcast","Rebound","Ball Lightning","Beam Cell+1","Streamline","Leap","Doom and Gloom+1","Chill+1","Core Surge","Compile Driver","Melter","Conserve Battery","Rip and Tear","Ghostly+1","Ghostly+1","Ghostly+1","Ball Lightning+1","Hologram+1","Stack+1","Coolheaded+1","Machine Learning","Ball Lightning+1","Buffer+1","Auto Shields+1","Glacier+1","White Noise+1","Defragment+1","Static Discharge+1","Reinforced Body+1","Loop"],"relics":["Cracked Core","Akabeko","SsserpentHead","Ancient Tea Set","CaptainsWheel","Turnip","HornCleat","Nuclear Battery","Sling","Cables","Toxic Egg 2","Mummified Hand","DataDisk","Astrolabe","Strawberry","Symbiotic Virus","Singing Bowl"],"acts_visited":["Exordium","TheCity","TheBeyond"],"potions_floor_usage":[50,50],"damage_taken":[{"damage":0.0,"enemies":"Small Slimes","floor":1.0,"turns":2.0},{"damage":1.0,"enemies":"Cultist","floor":3.0,"turns":3.0},{"damage":7.0,"enemies":"Jaw Worm","floor":4.0,"turns":2.0},{"damage":4.0,"enemies":"2 Fungi Beasts","floor":5.0,"turns":3.0},{"damage":12.0,"enemies":"Lots of Slimes","floor":7.0,"turns":4.0},{"damage":8.0,"enemies":"Gremlin Nob","floor":8.0,"turns":3.0},{"damage":15.0,"enemies":"Lagavulin","floor":13.0,"turns":3.0},{"damage":20.0,"enemies":"Hexaghost","floor":16.0,"turns":8.0},{"damage":0.0,"enemies":"2 Thieves","floor":18.0,"turns":3.0},{"damage":0.0,"enemies":"Chosen","floor":19.0,"turns":4.0},{"damage":15.0,"enemies":"Shelled Parasite and Fungi","floor":24.0,"turns":5.0},{"damage":7.0,"enemies":"Slavers","floor":29.0,"turns":7.0},{"damage":0.0,"enemies":"Snecko","floor":30.0,"turns":4.0},{"damage":12.0,"enemies":"Champ","floor":33.0,"turns":13.0},{"damage":0.0,"enemies":"3 Darklings","floor":35.0,"turns":6.0},{"damage":0.0,"enemies":"3 Shapes","floor":38.0,"turns":4.0},{"damage":0.0,"enemies":"Sphere and 2 Shapes","floor":39.0,"turns":3.0},{"damage":2.0,"enemies":"Giant Head","floor":40.0,"turns":9.0},{"damage":0.0,"enemies":"Jaw Worm Horde","floor":41.0,"turns":6.0},{"damage":3.0,"enemies":"Nemesis","floor":44.0,"turns":11.0},{"damage":0.0,"enemies":"Spire Growth","floor":45.0,"turns":5.0},{"damage":0.0,"enemies":"4 Shapes","floor":46.0,"turns":6.0},{"damage":0.0,"enemies":"3 Darklings","floor":47.0,"turns":5.0},{"damage":0.0,"enemies":"Writhing Mass","floor":48.0,"turns":8.0},{"damage":50,"enemies":"Donu and Deca","floor":50,"turns":13}],"seed_played":"-8719368882914380441","potions_obtained":[{"floor":5.0,"key":"GamblersBrew"},{"floor":13.0,"key":"LiquidBronze"},{"floor":16.0,"key":"DistilledChaos"},{"floor":18.0,"key":"PowerPotion"},{"floor":29.0,"key":"FocusPotion"},{"floor":30.0,"key":"Strength Potion"},{"floor":38.0,"key":"GamblersBrew"},{"floor":40.0,"key":"DuplicationPotion"}],"is_trial":false,"path_per_floor":["M","?","M","M","M","R","M","E","T","R","?","?","E","$","R","B",null,"M","M","$","?","$","R","M","?","T","R","?","E","M","$","R","B",null,"M","?","$","M","M","E","M","?","T","E","M","M","M","M","R","B"],"character_chosen":"DEFECT","items_purchased":["HornCleat","Conserve Battery","Sling","Cables","DataDisk","Stack+1","Coolheaded+1","White Noise+1","Strawberry","EntropicBrew","SpeedPotion"],"campfire_rested":3,"item_purchase_floors":[14,20,20,22,31,31,31,37,37,37,37],"current_hp_per_floor":[64,64,63,56,52,52,40,32,32,32,32,32,17,17,36,16,52,52,52,52,33,33,33,18,18,18,37,32,25,25,25,32,20,29,29,29,36,36,36,34,34,34,34,31,33,35,37,39,39,0,0],"gold":320,"neow_bonus":"RANDOM_COMMON_RELIC","is_daily":false,"chose_seed":false,"campfire_upgraded":3,"win_rate":0.0,"timestamp":1614159304,"path_taken":["M","?","?","M","M","R","M","E","T","R","?","?","E","$","R","BOSS","M","M","?","?","$","R","?","?","T","R","?","E","M","$","R","BOSS","M","?","$","M","M","E","M","?","T","E","?","M","M","M","R","BOSS"],"items_purchased_type":["Relic","Card","Relic","Relic","Relic","Card","Card","Card","Relic","Potion","Potion"],"build_version":"2020-12-22","purchased_purges":2,"victory":false,"max_hp_per_floor":[71,71,71,71,71,71,71,71,71,71,64,64,64,64,64,64,64,64,64,64,64,64,64,64,64,64,64,32,32,32,32,32,32,32,32,32,39,39,39,39,39,39,39,39,41,43,45,47,47,47,47],"relic_stats":{"SsserpentHead":550,"Singing Bowl":8,"counters":[25,140],"Mummified Hand":[52],"Astrolabe":["Ball Lightning","Buffer","Auto Shields"],"Turnip":[17],"obtain_stats":[{"Singing Bowl":44,"Golden Idol":11,"Astrolabe":34,"Ancient Tea Set":8,"Sling":20,"Akabeko":0,"Nuclear Battery":17,"Cables":22,"SsserpentHead":2,"CaptainsWheel":9,"DataDisk":31,"HornCleat":14,"Mummified Hand":29,"Strawberry":37,"Turnip":13,"Toxic Egg 2":26,"Cracked Core":0,"Symbiotic Virus":40},{"Singing Bowl":20,"Golden Idol":6,"Astrolabe":14,"Ancient Tea Set":6,"Sling":10,"Akabeko":0,"Nuclear Battery":8,"Cables":10,"SsserpentHead":1,"CaptainsWheel":6,"DataDisk":13,"HornCleat":7,"Mummified Hand":12,"Strawberry":15,"Turnip":7,"Toxic Egg 2":11,"Cracked Core":0,"Symbiotic Virus":18},{"Singing Bowl":103,"Golden Idol":17,"Astrolabe":64,"Ancient Tea Set":17,"Sling":35,"Akabeko":0,"Nuclear Battery":28,"Cables":35,"SsserpentHead":2,"CaptainsWheel":17,"DataDisk":51,"HornCleat":20,"Mummified Hand":47,"Strawberry":70,"Turnip":20,"Toxic Egg 2":40,"Cracked Core":0,"Symbiotic Virus":86}],"Cables":[94,29,36,21,8]},"card_choices":[{"not_picked":["Coolheaded","Leap"],"picked":"Rebound","floor":1.0},{"not_picked":["Conserve Battery","Turbo"],"picked":"Ball Lightning","floor":3.0},{"not_picked":["Amplify","Turbo"],"picked":"Beam Cell","floor":4.0},{"not_picked":["Steam","Stack"],"picked":"Streamline","floor":5.0},{"not_picked":["Steam","Multi-Cast"],"picked":"Leap","floor":7.0},{"not_picked":["Beam Cell","Darkness"],"picked":"Doom and Gloom","floor":8.0},{"not_picked":["Coolheaded","Streamline"],"picked":"Chill","floor":13.0},{"not_picked":["Seek","Multi-Cast"],"picked":"Core Surge","floor":16.0},{"not_picked":["Sweeping Beam","Fusion"],"picked":"Compile Driver","floor":18.0},{"not_picked":["Sweeping Beam","Blizzard"],"picked":"Melter","floor":19.0},{"not_picked":["Turbo","Hello World"],"picked":"Rip and Tear","floor":24.0},{"not_picked":["Sweeping Beam","All For One"],"picked":"Ball Lightning+1","floor":29.0},{"not_picked":["Self Repair","Ball Lightning"],"picked":"Hologram+1","floor":30.0},{"not_picked":["Reboot+1","Hyperbeam"],"picked":"Machine Learning","floor":33.0},{"not_picked":["Sweeping Beam","Coolheaded+1"],"picked":"Glacier+1","floor":35.0},{"not_picked":["Sweeping Beam+1","Steam+1"],"picked":"Defragment","floor":38.0},{"not_picked":["Recycle+1","Beam Cell"],"picked":"Static Discharge+1","floor":39.0},{"not_picked":["Cold Snap","Chaos+1"],"picked":"Reinforced Body+1","floor":40.0},{"not_picked":["Conserve Battery+1","Rebound","BootSequence+1"],"picked":"SKIP","floor":41.0},{"not_picked":["Redo+1","All For One"],"picked":"Loop","floor":44.0},{"not_picked":["Conserve Battery+1","Compile Driver","Steam Power+1"],"picked":"Singing Bowl","floor":45.0},{"not_picked":["Go for the Eyes","Self Repair","Scrape+1"],"picked":"Singing Bowl","floor":46.0},{"not_picked":["Reprogram+1","Sweeping Beam","Rebound"],"picked":"Singing Bowl","floor":47.0},{"not_picked":["Consume+1","Hello World","Ball Lightning"],"picked":"Singing Bowl","floor":48.0}],"player_experience":392172,"relics_obtained":[{"floor":8.0,"key":"Ancient Tea Set"},{"floor":9.0,"key":"CaptainsWheel"},{"floor":13.0,"key":"Turnip"},{"floor":26.0,"key":"Toxic Egg 2"},{"floor":29.0,"key":"Mummified Hand"},{"floor":40.0,"key":"Symbiotic Virus"},{"floor":44.0,"key":"Singing Bowl"}],"event_choices":[{"damage_healed":0.0,"max_hp_gain":0.0,"max_hp_loss":0.0,"gold_gain":0.0,"event_name":"FaceTrader","player_choice":"Trade","floor":2.0,"gold_loss":0.0,"damage_taken":0.0,"relics_obtained":["SsserpentHead"]},{"damage_healed":0.0,"max_hp_gain":0.0,"max_hp_loss":7.0,"gold_gain":0.0,"event_name":"Golden Idol","player_choice":"Lose Max HP","floor":11.0,"gold_loss":0.0,"damage_taken":0.0,"relics_obtained":["Golden Idol"]},{"damage_healed":0.0,"max_hp_gain":0.0,"max_hp_loss":0.0,"gold_gain":0.0,"event_name":"Match and Keep!","player_choice":"0 cards matched","floor":12.0,"gold_loss":0.0,"damage_taken":0.0,"cards_obtained":[]},{"damage_healed":0.0,"max_hp_gain":0.0,"max_hp_loss":0.0,"gold_gain":180.0,"event_name":"Knowing Skull","player_choice":"GOLD GOLD ","floor":21.0,"potions_obtained":[],"gold_loss":0.0,"damage_taken":19.0,"cards_obtained":[]},{"damage_healed":0.0,"max_hp_gain":0.0,"max_hp_loss":0.0,"gold_gain":0.0,"event_name":"The Mausoleum","player_choice":"Ignored","floor":25.0,"gold_loss":0.0,"damage_taken":0.0},{"damage_healed":0.0,"max_hp_gain":0.0,"max_hp_loss":32.0,"gold_gain":0.0,"event_name":"Ghosts","player_choice":"Became a Ghost","floor":28.0,"gold_loss":0.0,"damage_taken":0.0,"cards_obtained":["Ghostly","Ghostly","Ghostly"]},{"damage_healed":0.0,"max_hp_gain":0.0,"max_hp_loss":0.0,"gold_gain":333.0,"event_name":"The Moai Head","player_choice":"Gave Idol","floor":36.0,"relics_lost":["Golden Idol"],"gold_loss":0.0,"damage_taken":0.0},{"damage_healed":0.0,"max_hp_gain":0.0,"max_hp_loss":0.0,"gold_gain":0.0,"event_name":"Accursed Blacksmith","player_choice":"Forge","floor":42.0,"gold_loss":0.0,"damage_taken":0.0,"cards_upgraded":["Defragment"]}],"is_beta":false,"boss_relics":[{"not_picked":["SacredBark","Fusion Hammer"],"picked":"Nuclear Battery"},{"not_picked":["Snecko Eye","Tiny House"],"picked":"Astrolabe"}],"items_purged_floors":[14,37],"is_endless":false,"potions_floor_spawned":[5,13,16,18,29,30,38,40,44,45,47],"killed_by":"Donu and Deca","ascension_level":20}}