{"host":"i00ba8z59misjd3q","time":1614196072,"event":{"mods":["Aspiration","BaseMod","Hubris","Minty Spire (QoL Compilation)","Replay The Spire","StSLib","SuperFastMode","The Construct","The Jungle"],"gold_per_floor":[109,109,110,121,121,121,146,146,146,146,161,194,194,218,218,349,349,365,50,70,70,84,84,98,114,114,114,114,114],"floor_reached":28,"language":"ENG","playtime":1158,"items_purged":["Normality"],"score":220,"play_id":"7ba73032-990f-4988-a1d6-3e8ff753bc54","local_time":"20210224204752","is_ascension_mode":false,"campfire_choices":[{"data":"Body Slam","floor":6.0,"key":"SMITH"},{"data":"Entrench","floor":8.0,"key":"SMITH"},{"data":"Juggernaut","floor":15,"key":"SMITH"},{"data":"Body Slam","floor":23,"key":"SMITH"}],"circlet_count":0,"master_deck":["Strike_R","Strike_R","Strike_R","Strike_R","Strike_R","Defend_R","Defend_R","Defend_R","Defend_R","Bash","Body Slam+1","Entrench+1","Whirlwind","Shrug It Off","hubris:SharpeningStone","Juggernaut+1","Injury","Reaper","Metallicize+1","Body Slam+1","Body Slam","Shame","Demonic Infusion+1"],"relics":["Burning Blood","NeowsBlessing","ReplayTheSpireMod:CursedCoin","Golden Idol","Red Skull","hubris:Icosahedron","Strawberry","Toxic Egg 2","hubris:RunicObelisk","Kunai","Oddly Smooth Stone","Sundial","aspiration:RitualStick"],"acts_visited":["Exordium","TheCity"],"potions_floor_usage":[16,28],"damage_taken":[{"damage":0.0,"enemies":"2 Louse","floor":1.0,"turns":1.0},{"damage":0.0,"enemies":"Cultist","floor":4.0,"turns":1.0},{"damage":0.0,"enemies":"Jaw Worm","floor":7.0,"turns":1.0},{"damage":0,"enemies":"Looter","floor":11,"turns":3},{"damage":18,"enemies":"3 Sentries","floor":12,"turns":8},{"damage":0,"enemies":"Blue Slaver","floor":14,"turns":3},{"damage":36,"enemies":"The Guardian","floor":16,"turns":12},{"damage":28,"enemies":"3 Byrds","floor":18,"turns":5},{"damage":25,"enemies":"Shell Parasite","floor":20,"turns":5},{"damage":25,"enemies":"Sentry and Sphere","floor":22,"turns":6},{"damage":10,"enemies":"Centurion and Healer","floor":24,"turns":7},{"damage":4,"enemies":"Cultist and Chosen","floor":25,"turns":6},{"damage":39,"enemies":"Slavers","floor":28,"turns":2}],"seed_played":"-4323382677147641478","potions_obtained":[{"floor":4.0,"key":"Reflective Coating"},{"floor":7.0,"key":"Adrenaline Potion"},{"floor":12,"key":"SteroidPotion"},{"floor":25,"key":"Languid Potion"}],"is_trial":false,"path_per_floor":["M","?","$","M","?","R","M","R","T","?","M","E","?","M","R","B",null,"M","$","M","?","M","R","M","M","T","?","E"],"character_chosen":"IRONCLAD","items_purchased":["Entrench","ReplayTheSpireMod:CursedCoin","Kunai","Body Slam"],"campfire_rested":0,"item_purchase_floors":[3,3,19,19],"current_hp_per_floor":[80,80,80,80,60,60,66,66,66,66,72,67,67,73,73,43,87,68,68,55,55,40,40,50,56,56,39,0,0],"gold":114,"neow_bonus":"THREE_ENEMY_KILL","is_daily":false,"chose_seed":false,"campfire_upgraded":4,"win_rate":0.0,"timestamp":1614196072,"path_taken":["M","?","$","?","?","R","M","R","T","?","M","E","?","M","R","BOSS","M","$","M","?","M","R","M","M","T","?","E"],"items_purchased_type":["Card","Relic","Relic","Card"],"build_version":"2020-12-22","purchased_purges":1,"victory":false,"max_hp_per_floor":[80,80,80,80,80,80,80,80,80,80,80,87,87,87,87,87,87,87,87,87,87,87,87,87,87,87,87,87,87],"card_choices":[{"not_picked":["ReplayTheSpireMod:Stacked","Replay:Undeath\u0027s Touch"],"picked":"Body Slam","floor":1.0},{"not_picked":["hubris:CleavingFinish","Anger"],"picked":"Whirlwind","floor":4.0},{"not_picked":["Sword Boomerang","Clash"],"picked":"Shrug It Off","floor":7.0},{"not_picked":["Clothesline","hubris:ReadiedAction"],"picked":"hubris:SharpeningStone","floor":11},{"not_picked":["Massacre","Metallicize"],"picked":"Juggernaut","floor":12},{"not_picked":["ReplayTheSpireMod:Strike From Hell","Feel No Pain","Run Through"],"picked":"SKIP","floor":14},{"not_picked":["Feed","Replay:Many Hands+1"],"picked":"Reaper","floor":16},{"not_picked":["Perfected Strike","hubris:ReadiedAction+1"],"picked":"Metallicize+1","floor":18},{"not_picked":["Heavy Blade","Uppercut"],"picked":"Body Slam","floor":20},{"not_picked":["Clothesline","True Grit+1"],"picked":"Demonic Infusion+1","floor":22},{"not_picked":["Second Wind+1","Heavy Blade","ReplayReversal+1"],"picked":"SKIP","floor":24},{"not_picked":["Uppercut","Anger+1","Run Through"],"picked":"SKIP","floor":25}],"player_experience":582399,"relics_obtained":[{"floor":9.0,"key":"Red Skull"},{"floor":12,"key":"Strawberry"},{"floor":26,"key":"Sundial"}],"event_choices":[{"damage_healed":0.0,"max_hp_gain":0.0,"max_hp_loss":0.0,"gold_gain":0.0,"event_name":"The Woman in Blue","player_choice":"Bought 0 Potions","floor":2.0,"gold_loss":0.0,"damage_taken":0.0},{"damage_healed":0.0,"max_hp_gain":0.0,"max_hp_loss":0.0,"gold_gain":0.0,"event_name":"Golden Idol","player_choice":"Take Damage","floor":5.0,"gold_loss":0.0,"damage_taken":20.0,"relics_obtained":["Golden Idol"]},{"damage_healed":0,"gold_gain":0,"player_choice":"Stole Relic","damage_taken":0,"relics_obtained":["Oddly Smooth Stone"],"max_hp_gain":0,"max_hp_loss":0,"event_name":"Addict","floor":21,"gold_loss":0,"cards_obtained":["Shame"]}],"is_beta":false,"boss_relics":[{"not_picked":["Runic Pyramid","SlaversCollar"],"picked":"hubris:RunicObelisk"}],"items_purged_floors":[3],"is_endless":false,"potions_floor_spawned":[4,7,12,25],"killed_by":"Slavers","ascension_level":0}}