{"host":"4so6zk3ni2nu7g2c","time":1614174991,"event":{"mods":["BaseMod","Downfall","Minty Spire (QoL Compilation)","Quick Restart","Replay The Spire","Shop Mod","StSLib"],"gold_per_floor":[0,18,48,63,77,62,88,121,133,170,200,212,258,281,312,429,441,453,483,79,93,55,389,389,405,405,405,205,219,230,264,278,383,383,383,398,409,409,409,123,123,123,23,58,58,86,96,28,41,41,41,71,71,71,71,71,71,71],"floor_reached":56,"language":"ZHS","playtime":3266,"items_purged":["Pain"],"score":926,"play_id":"51aa032f-8267-429b-80b9-8b84ae813018","local_time":"20210224215631","is_ascension_mode":true,"campfire_choices":[{"data":"Slimebound:Split","floor":1.0,"key":"SMITH"},{"data":"Slimebound:TagTeam","floor":12.0,"key":"SMITH"},{"data":"Slimebound:DuplicatedForm","floor":18.0,"key":"SMITH"},{"data":"expansioncontent:StudyTheSpire","floor":28.0,"key":"SMITH"},{"floor":35.0,"key":"RECALL"},{"data":"expansioncontent:QuickStudy","floor":43.0,"key":"SMITH"},{"data":"Slimebound:MassRepurpose","floor":45.0,"key":"SMITH"},{"data":"Slimebound:LevelUp","floor":54.0,"key":"SMITH"}],"circlet_count":0,"master_deck":["Slimebound:Strike_Slimebound+1","Slimebound:Strike_Slimebound","Slimebound:Strike_Slimebound","Slimebound:Tackle","Slimebound:Defend_Slimebound","Slimebound:Defend_Slimebound+1","Slimebound:Defend_Slimebound","Slimebound:Defend_Slimebound","Slimebound:Split+1","Slimebound:CorrosiveSpit","Slimebound:HauntingLick","Slimebound:GoopSpray","Slimebound:Prepare","Slimebound:TagTeam+1","Slimebound:MinionMaster","Slimebound:SamplingLick","Slimebound:Nibble","Slimebound:DuplicatedForm+1","Slimebound:Schlurp+1","expansioncontent:StudyTheSpire+1","Slimebound:Recycling","Slimebound:Repurpose+1","expansioncontent:QuickStudy+1","Slimebound:LevelUp+1","Slimebound:MassRepurpose+1","Slimebound:SlimeSpikes+1","Slimebound:RejuvenatingLick+1","Slimebound:RainOfGoop+1","Slimebound:LevelUp+1","Slimebound:SpikyOuterGoop+1","Slimebound:HauntingLick+1"],"relics":["Slimebound:AbsorbEndCombat","Unceasing Top","Replay:Rubber Ducky","Akabeko","MawBank","WarpedTongs","Pocketwatch","Girya","Coffee Dripper","Juzu Bracelet","Old Coin","downfall:HeartBlessingGreen","downfall:HeartBlessingBlue","Simple Rune","SlaversCollar","Bag of Marbles","Ancient Tea Set","Bottled Lightning","downfall:HeartBlessingRed","StoneCalendar","Dream Catcher","Golden Egg"],"acts_visited":["Exordium","TheCity","TheBeyond","TheEnding"],"potions_floor_usage":[56,56,56],"damage_taken":[{"damage":4.0,"enemies":"Small Slimes","floor":2.0,"turns":4.0},{"damage":4.0,"enemies":"Cultist","floor":4.0,"turns":3.0},{"damage":10.0,"enemies":"Jaw Worm","floor":5.0,"turns":3.0},{"damage":0.0,"enemies":"downfall:FleeingMerchant","floor":6.0,"turns":4.0},{"damage":2.0,"enemies":"Lagavulin","floor":8.0,"turns":7.0},{"damage":5.0,"enemies":"3 Sentries","floor":10.0,"turns":5.0},{"damage":3.0,"enemies":"3 Louse","floor":11.0,"turns":3.0},{"damage":40.0,"enemies":"Gremlin Nob","floor":13.0,"turns":5.0},{"damage":5.0,"enemies":"Red Slaver","floor":14.0,"turns":4.0},{"damage":1.0,"enemies":"2 Fungi Beasts","floor":15.0,"turns":3.0},{"damage":6.0,"enemies":"SI_SHIV_ARCHETYPE","floor":16.0,"turns":6.0},{"damage":20.0,"enemies":"Chosen","floor":19.0,"turns":3.0},{"damage":22.0,"enemies":"downfall:FleeingMerchant","floor":20.0,"turns":4.0},{"damage":1.0,"enemies":"Shell Parasite","floor":21.0,"turns":2.0},{"damage":0.0,"enemies":"downfall:FleeingMerchant","floor":22.0,"turns":4.0},{"damage":29.0,"enemies":"Slavers","floor":23.0,"turns":5.0},{"damage":14.0,"enemies":"Centurion and Healer","floor":25.0,"turns":5.0},{"damage":15.0,"enemies":"3 Cultists","floor":29.0,"turns":3.0},{"damage":15.0,"enemies":"Chosen and Byrds","floor":30.0,"turns":7.0},{"damage":0.0,"enemies":"Gremlin Leader","floor":31.0,"turns":4.0},{"damage":17.0,"enemies":"Centurion and Healer","floor":32.0,"turns":4.0},{"damage":32.0,"enemies":"IC_MUSHROOM_ARCHETYPE","floor":33.0,"turns":5.0},{"damage":0.0,"enemies":"3 Shapes","floor":36.0,"turns":4.0},{"damage":13.0,"enemies":"3 Darklings","floor":37.0,"turns":6.0},{"damage":36.0,"enemies":"3 Darklings","floor":38.0,"turns":6.0},{"damage":15.0,"enemies":"Transient","floor":42.0,"turns":2.0},{"damage":54.0,"enemies":"Reptomancer","floor":44.0,"turns":5.0},{"damage":0.0,"enemies":"R_Hoarder","floor":46.0,"turns":5.0},{"damage":0.0,"enemies":"Sphere and 2 Shapes","floor":47.0,"turns":1.0},{"damage":18.0,"enemies":"Spire Growth","floor":49.0,"turns":4.0},{"damage":27.0,"enemies":"DF_ARCHETYPE_ORBS","floor":50.0,"turns":7.0},{"damage":25.0,"enemies":"downfall:CharBossMerchant","floor":52.0,"turns":7.0},{"damage":15,"enemies":"downfall:NeowBoss","floor":55,"turns":8},{"damage":83,"enemies":"downfall:NeowBossFinal","floor":56,"turns":3}],"seed_played":"4211878484800311635","potions_obtained":[{"floor":4.0,"key":"Adrenaline Potion"},{"floor":5.0,"key":"Explosive Potion"},{"floor":11.0,"key":"GamblersBrew"},{"floor":13.0,"key":"Weak Potion"},{"floor":19.0,"key":"Explosive Potion"},{"floor":26.0,"key":"CultistPotion"},{"floor":29.0,"key":"SmokeBomb"},{"floor":33.0,"key":"PowerPotion"},{"floor":46.0,"key":"Energy Potion"}],"is_trial":false,"path_per_floor":["R","M","?","M","M","$","T","E","?","E","M","R","E","M","M","B",null,"R","M","$","M","$","E","T","M","?","?","R","M","M","E","M","B",null,"R","M","M","?","?","$","T","M","R","E","R","E","M","$","M","B",null,"E","$","R","B","B"],"character_chosen":"SLIMEBOUND","items_purchased":["expansioncontent:StudyTheSpire","Slimebound:Recycling","Slimebound:Repurpose+1","Juzu Bracelet","expansioncontent:QuickStudy","Bag of Marbles","Ancient Tea Set","Slimebound:LevelUp"],"campfire_rested":0,"item_purchase_floors":[20,20,22,22,22,40,40,48],"current_hp_per_floor":[65,65,65,64,58,64,64,65,65,63,62,62,28,25,30,32,65,65,64,65,65,65,57,57,49,49,49,59,65,71,75,75,66,75,75,75,68,55,75,75,75,75,75,40,40,56,56,56,57,38,75,66,66,66,74,0,0,0],"gold":71,"neow_bonus":"ONE_RARE_RELIC","is_daily":false,"chose_seed":false,"campfire_upgraded":7,"win_rate":0.0,"timestamp":1614174991,"path_taken":["R","M","?","M","M","$","T","E","?","E","?","R","E","M","M","BOSS","R","M","$","M","$","E","T","M","?","?","R","M","M","E","M","BOSS","R","M","M","?","?","$","T","M","R","E","R","E","M","$","M","BOSS","E","$","R","BOSS","BOSS"],"items_purchased_type":["Card","Card","Card","Relic","Card","Relic","Relic","Card"],"build_version":"2020-12-22","purchased_purges":1,"victory":false,"max_hp_per_floor":[65,65,65,65,65,65,65,65,65,65,65,65,65,65,65,65,65,65,65,65,65,65,65,65,65,65,65,75,75,75,75,75,75,75,75,75,75,75,75,75,75,75,75,75,75,75,75,75,75,75,75,75,75,75,75,75,75,75],"card_choices":[{"not_picked":["Slimebound:SplitBruiser","Slimebound:GrowthPunch"],"picked":"Slimebound:HauntingLick","floor":2.0},{"not_picked":["Slimebound:HauntingLick","Slimebound:LeechEnergy"],"picked":"Slimebound:GoopSpray","floor":4.0},{"not_picked":["Slimebound:ViciousTackle","Slimebound:RollThrough"],"picked":"Slimebound:Prepare","floor":5.0},{"not_picked":["Slimebound:Chomp","Slimebound:DivideAndConquer"],"picked":"Slimebound:TagTeam","floor":6.0},{"not_picked":["Slimebound:LivingWall","Slimebound:FlameTackle"],"picked":"Slimebound:MinionMaster","floor":8.0},{"not_picked":["Slimebound:RollThrough","Slimebound:FinishingTackle"],"picked":"Slimebound:SamplingLick","floor":10.0},{"not_picked":["Slimebound:SplitAcid","Slimebound:LeechEnergy"],"picked":"Slimebound:Nibble","floor":11.0},{"not_picked":["Slimebound:Chomp","Slimebound:RollThrough","Slimebound:LeechingTouch"],"picked":"SKIP","floor":13.0},{"not_picked":["Slimebound:AcidTongue","Slimebound:SamplingLick","Slimebound:HauntingLick"],"picked":"SKIP","floor":14.0},{"not_picked":["Slimebound:GoopTackle","Slimebound:Equalize"],"picked":"Slimebound:SlimeBarrage","floor":15.0},{"not_picked":["Slimebound:FirmFortitude","Slimebound:SelfFormingGoo"],"picked":"Slimebound:DuplicatedForm","floor":16.0},{"not_picked":["Slimebound:RejuvenatingLick","Slimebound:PressTheAttack","Slimebound:SlimeBarrage"],"picked":"SKIP","floor":19.0},{"not_picked":["Slimebound:ServeAndProtect","Slimebound:RainOfGoop"],"picked":"Slimebound:Schlurp+1","floor":20.0},{"not_picked":["Slimebound:SamplingLick","Slimebound:ProtectTheBoss","Slimebound:BestDefense"],"picked":"SKIP","floor":21.0},{"not_picked":["Slimebound:FinishingTackle","Slimebound:FlameTackle","Slimebound:ComboTackle+1"],"picked":"SKIP","floor":22.0},{"not_picked":["Slimebound:ItLooksTasty","Slimebound:PressTheAttack"],"picked":"Slimebound:LevelUp+1","floor":23.0},{"not_picked":["Slimebound:SplitMire+1","Slimebound:SplitSpecialist","Slimebound:AcidTongue"],"picked":"SKIP","floor":25.0},{"not_picked":["Slimebound:HauntingLick","Slimebound:RejuvenatingLick","Slimebound:DisruptingSlam"],"picked":"SKIP","floor":29.0},{"not_picked":["Slimebound:SplitMire","Slimebound:SplitAcid","Slimebound:ServeAndProtect+1"],"picked":"SKIP","floor":30.0},{"not_picked":["Slimebound:Replication","Slimebound:ItLooksTasty","Slimebound:BestDefense"],"picked":"SKIP","floor":31.0},{"not_picked":["Slimebound:Chomp","Slimebound:SplitLeeching","Slimebound:RollThrough+1"],"picked":"SKIP","floor":32.0},{"not_picked":["Slimebound:Overexert","Slimebound:Darklings"],"picked":"Slimebound:MassRepurpose","floor":33.0},{"not_picked":["Slimebound:ComboTackle+1","Slimebound:ItLooksTasty","Slimebound:RollThrough+1"],"picked":"SKIP","floor":36.0},{"not_picked":["Slimebound:SplitBruiser+1","Slimebound:HauntingLick","Slimebound:SplitAcid+1"],"picked":"SKIP","floor":37.0},{"not_picked":["Slimebound:SplitAcid","Slimebound:SplitMire+1"],"picked":"Slimebound:SlimeSpikes+1","floor":38.0},{"not_picked":["Slimebound:FlameTackle+1","Slimebound:MegaLick"],"picked":"Slimebound:RejuvenatingLick+1","floor":44.0},{"not_picked":["Slimebound:ComboTackle","Slimebound:HauntingLick","Slimebound:Overexert"],"picked":"SKIP","floor":46.0},{"not_picked":["Slimebound:PressTheAttack+1","Slimebound:Prepare"],"picked":"Slimebound:RainOfGoop+1","floor":47.0},{"not_picked":["Slimebound:ViciousTackle+1","Slimebound:RollThrough"],"picked":"Slimebound:SpikyOuterGoop+1","floor":49.0},{"not_picked":["Slimebound:Overexert","Slimebound:GoopTackle"],"picked":"Slimebound:HauntingLick+1","floor":52.0}],"player_experience":415816,"relics_obtained":[{"floor":7.0,"key":"Akabeko"},{"floor":8.0,"key":"MawBank"},{"floor":10.0,"key":"Pocketwatch"},{"floor":13.0,"key":"Girya"},{"floor":23.0,"key":"Old Coin"},{"floor":31.0,"key":"Simple Rune"},{"floor":41.0,"key":"Bottled Lightning"},{"floor":44.0,"key":"StoneCalendar"},{"floor":46.0,"key":"Dream Catcher"},{"floor":52.0,"key":"Golden Egg"}],"event_choices":[{"damage_healed":0.0,"max_hp_gain":0.0,"max_hp_loss":0.0,"gold_gain":0.0,"event_name":"Accursed Blacksmith","player_choice":"Rummage","floor":9.0,"gold_loss":0.0,"damage_taken":0.0,"relics_obtained":["WarpedTongs"],"cards_obtained":["Pain"]},{"damage_healed":0.0,"max_hp_gain":0.0,"max_hp_loss":0.0,"gold_gain":0.0,"event_name":"Vampires","player_choice":"Ignored","floor":27.0,"gold_loss":0.0,"damage_taken":0.0},{"cards_removed":["Slimebound:SlimeBarrage"],"damage_healed":20.0,"max_hp_gain":0.0,"max_hp_loss":0.0,"gold_gain":0.0,"event_name":"Bonfire Elementals","player_choice":"Offered Uncommon","floor":39.0,"gold_loss":0.0,"damage_taken":0.0}],"is_beta":false,"boss_relics":[{"not_picked":["Fusion Hammer","bronze:MakeshiftBattery"],"picked":"Coffee Dripper"},{"not_picked":["Velvet Choker","ChewingGum"],"picked":"SlaversCollar"}],"items_purged_floors":[20],"is_endless":false,"potions_floor_spawned":[4,5,11,13,19,29,30,32,33,37,38,46,52],"killed_by":"downfall:NeowBossFinal","ascension_level":2}}