{"host":"mujoymdbv27pmqgz","time":1614147358,"event":{"mods":["BaseMod","Downfall","KinomotoSakuraMod(????)","Minty Spire (QoL Compilation)","StSLib","The Jungle"],"gold_per_floor":[115,125,138,156,175,175,205,224,224,241,241,241,256,275,275,378,378,394,394,406,425,425,425,425,453,523,553,553,578,596,621,621,726,726,739,739,296,308,320,350,93,127,151,164,191,246,468,468,468,468,468,468,44,71,71],"floor_reached":56,"language":"ZHS","playtime":4237,"items_purged":[],"score":1874,"play_id":"f1174bd7-1b16-44f4-bb3e-bc756d7119f1","local_time":"20210224011558","is_ascension_mode":true,"campfire_choices":[{"data":"ClowCardTheFlower","floor":6.0,"key":"SMITH"},{"floor":12,"key":"RECALL"},{"data":"ClowCardTheMirror","floor":15,"key":"SMITH"},{"floor":24,"key":"REST"},{"floor":28,"key":"REST"},{"floor":32,"key":"REST"},{"data":"ClowCardTheDark","floor":49,"key":"SMITH"},{"floor":52,"key":"REST"}],"circlet_count":0,"master_deck":["SakuraCardTheSweet+","SakuraCardTheCloud+","SakuraCardTheWatery+","ClowCardTheSword","ClowCardTheSword","ClowCardTheSword","ClowCardTheSword","ClowCardTheShield","ClowCardTheShield","ClowCardTheShield","ClowCardTheShield","SpellCardSeal","SpellCardRelease","ClowCardTheJump","ClowCardTheRain","ClowCardTheFlower+1","ClowCardTheLoop","ClowCardTheMirror+1","ClowCardTheDream","ClowCardTheTime","ClowCardTheDark+1","ClowCardTheBubbles","ClowCardTheFight+1","ClowCardTheLight","ClowCardTheSnow+1","ClowCardTheTwin","ClowCardTheCloud+","ClowCardTheIllusion+1","ClowCardTheGlow","ClowCardTheFly+1"],"relics":["KSMOD_SealedBook","KSMOD_SealedWand","Art of War","HornCleat","KSMOD_TaoistSuit","Philosopher\u0027s Stone","Singing Bowl","KSMOD_SwordJade","Red Mask","Nunchaku","Guardian:GemstoneGun","bronze:MakeshiftBattery","Toy Ornithopter","StoneCalendar","KSMOD_YukitosBentoBox","Mummified Hand","PreservedInsect","Anchor","Gremlin Horn","Regal Pillow","Turnip","Membership Card","Pear","Pantograph","Bag of Preparation"],"acts_visited":["Exordium","TheCity","TheBeyond","TheEnding"],"potions_floor_usage":[14,16,25,25,30,31,31,40,44,55],"damage_taken":[{"damage":0.0,"enemies":"2 Louse","floor":1.0,"turns":2.0},{"damage":1.0,"enemies":"Cultist","floor":2.0,"turns":3.0},{"damage":4.0,"enemies":"Small Slimes","floor":3.0,"turns":3.0},{"damage":5.0,"enemies":"Looter","floor":4.0,"turns":4.0},{"damage":9.0,"enemies":"Exordium Wildlife","floor":5.0,"turns":4.0},{"damage":15.0,"enemies":"Gremlin Nob","floor":7.0,"turns":4.0},{"damage":15.0,"enemies":"Gremlin Gang","floor":8.0,"turns":5.0},{"damage":8,"enemies":"Lots of Slimes","floor":10,"turns":3},{"damage":1,"enemies":"Exordium Wildlife","floor":13,"turns":5},{"damage":0,"enemies":"2 Fungi Beasts","floor":14,"turns":2},{"damage":68,"enemies":"Slime Boss","floor":16,"turns":14},{"damage":10,"enemies":"Spheric Guardian","floor":18,"turns":5},{"damage":19,"enemies":"Shell Parasite","floor":20,"turns":7},{"damage":15,"enemies":"Sentry and Sphere","floor":21,"turns":8},{"damage":22,"enemies":"Slavers","floor":25,"turns":7},{"damage":9,"enemies":"Masked Bandits","floor":27,"turns":4},{"damage":4,"enemies":"Gremlin Leader","floor":29,"turns":7},{"damage":1,"enemies":"Snake Plant","floor":30,"turns":3},{"damage":16,"enemies":"Slavers","floor":31,"turns":5},{"damage":11,"enemies":"Automaton","floor":33,"turns":8},{"damage":4,"enemies":"3 Shapes","floor":35,"turns":2},{"damage":3,"enemies":"Orb Walker","floor":38,"turns":2},{"damage":12,"enemies":"Spire Growth","floor":39,"turns":6},{"damage":33,"enemies":"Nemesis","floor":40,"turns":6},{"damage":5,"enemies":"Giant Head","floor":42,"turns":4},{"damage":0,"enemies":"Jaw Worm Horde","floor":44,"turns":4},{"damage":16,"enemies":"Reptomancer","floor":45,"turns":6},{"damage":24,"enemies":"2 Orb Walkers","floor":46,"turns":5},{"damage":63,"enemies":"Time Eater","floor":50,"turns":11},{"damage":81,"enemies":"Shield and Spear","floor":54,"turns":6},{"damage":43,"enemies":"The Heart","floor":55,"turns":9}],"seed_played":"-8819712278128225217","potions_obtained":[{"floor":2.0,"key":"Fire Potion"},{"floor":4.0,"key":"Weak Potion"},{"floor":5.0,"key":"Fire Potion"},{"floor":10,"key":"Explosive Potion"},{"floor":13,"key":"Fire Potion"},{"floor":20,"key":"Explosive Potion"},{"floor":21,"key":"Strength Potion"},{"floor":27,"key":"Block Potion"},{"floor":29,"key":"Weak Potion"},{"floor":31,"key":"Fruit Juice"},{"floor":35,"key":"Strength Potion"},{"floor":38,"key":"ColorlessPotion"},{"floor":42,"key":"AttackPotion"},{"floor":44,"key":"SmokeBomb"}],"is_trial":false,"path_per_floor":["M","M","M","M","M","R","E","M","T","M","?","R","M","M","R","B",null,"M","T","M","M","?","?","R","E","T","?","R","E","M","E","R","B",null,"M","?","$","M","M","E","$","E","T","M","E","?","?","?","R","B",null,"R","$","E","B",null],"character_chosen":"KINOMOTOSAKURA","items_purchased":["Toy Ornithopter","StoneCalendar","Mummified Hand","Membership Card","Pear","Pantograph","ClowCardTheGlow"],"campfire_rested":4,"item_purchase_floors":[37,37,41,53,53,53,53],"current_hp_per_floor":[63,62,58,53,44,44,29,14,14,6,70,70,69,69,69,1,53,43,43,26,11,11,11,32,12,12,5,27,23,24,13,37,26,69,67,67,67,66,56,28,28,40,40,51,45,51,51,51,51,34,78,93,103,46,53],"gold":71,"neow_bonus":"RANDOM_COMMON_RELIC","is_daily":false,"chose_seed":false,"campfire_upgraded":3,"win_rate":0.0,"timestamp":1614147358,"path_taken":["M","M","M","M","M","R","E","M","T","M","?","R","M","M","R","BOSS","M","?","?","M","?","?","R","E","T","?","R","E","M","E","R","BOSS","M","?","$","M","?","E","?","E","T","?","E","?","?","?","R","BOSS","R","$","E","BOSS"],"items_purchased_type":["Relic","Relic","Relic","Relic","Relic","Relic","Card"],"build_version":"2020-12-22","purchased_purges":0,"victory":true,"max_hp_per_floor":[70,70,70,70,70,70,70,70,70,70,70,70,70,70,70,70,70,70,70,72,72,72,72,72,74,74,76,76,76,78,83,83,83,83,85,85,85,87,89,89,89,89,89,91,91,93,93,93,93,93,93,93,103,103,103],"card_choices":[{"not_picked":["ClowCardTheErase","ClowCardTheSilent"],"picked":"ClowCardTheJump","floor":1.0},{"not_picked":["ClowCardTheMove","ClowCardTheShadow"],"picked":"ClowCardTheRain","floor":2.0},{"not_picked":["ClowCardTheCloud","ClowCardTheThrough"],"picked":"ClowCardTheFlower","floor":3.0},{"not_picked":["ClowCardTheBig","ClowCardTheRain"],"picked":"ClowCardTheWatery","floor":4.0},{"not_picked":["ClowCardTheVoice","ClowCardTheDream"],"picked":"ClowCardTheLoop","floor":5.0},{"not_picked":["ClowCardTheMist","ClowCardTheArrow"],"picked":"ClowCardTheJump","floor":7.0},{"not_picked":["ClowCardTheArrow","ClowCardTheLock"],"picked":"ClowCardTheMirror","floor":8.0},{"not_picked":["ClowCardThePower","ClowCardTheLoop"],"picked":"ClowCardTheDream","floor":10},{"not_picked":["ClowCardTheRain","ClowCardTheMist"],"picked":"ClowCardTheTime","floor":13},{"not_picked":["ClowCardTheMaze","ClowCardTheMove"],"picked":"ClowCardTheCloud","floor":14},{"not_picked":["ClowCardTheThrough","ClowCardTheReturn"],"picked":"ClowCardTheDark","floor":16},{"not_picked":["ClowCardTheFreeze","ClowCardTheMirror"],"picked":"ClowCardTheBubbles","floor":18},{"not_picked":["ClowCardTheMaze+1","ClowCardTheRain","ClowCardTheErase"],"picked":"Singing Bowl","floor":20},{"not_picked":["ClowCardTheMirror","ClowCardTheMove"],"picked":"ClowCardTheFight","floor":21},{"not_picked":["ClowCardTheMirror","ClowCardThePower","ClowCardTheRain"],"picked":"Singing Bowl","floor":25},{"not_picked":["ClowCardTheLibra","ClowCardTheShot","ClowCardTheRain"],"picked":"Singing Bowl","floor":27},{"not_picked":["ClowCardTheSong","ClowCardTheWood+1"],"picked":"ClowCardTheLight","floor":29},{"not_picked":["ClowCardThePower+1","ClowCardTheFloat","ClowCardTheMirror"],"picked":"Singing Bowl","floor":30},{"not_picked":["ClowCardTheThrough","ClowCardTheLibra"],"picked":"ClowCardTheSnow+1","floor":31},{"not_picked":["ClowCardTheThunder","ClowCardTheLight"],"picked":"ClowCardTheTwin","floor":33},{"not_picked":["ClowCardTheIllusion","ClowCardTheFirey","ClowCardTheCloud"],"picked":"Singing Bowl","floor":35},{"not_picked":["ClowCardTheLock","ClowCardTheWood+1","ClowCardTheWindy"],"picked":"Singing Bowl","floor":38},{"not_picked":["ClowCardTheSleep+1","ClowCardTheSand+1","ClowCardThePower"],"picked":"Singing Bowl","floor":39},{"not_picked":["ClowCardTheSilent","ClowCardTheWood+1"],"picked":"ClowCardTheSweet+1","floor":40},{"not_picked":["ClowCardTheBig+1","ClowCardTheThunder"],"picked":"ClowCardTheCreate","floor":42},{"not_picked":["ClowCardTheShot+1","ClowCardTheBubbles+1","ClowCardThePower"],"picked":"Singing Bowl","floor":44},{"not_picked":["ClowCardTheTime","ClowCardTheErase"],"picked":"ClowCardTheIllusion+1","floor":45},{"not_picked":["ClowCardTheShot+1","ClowCardTheSilent+1","ClowCardTheMist+1"],"picked":"Singing Bowl","floor":46},{"not_picked":["ClowCardTheVoice+1","ClowCardTheWave+1"],"picked":"ClowCardTheFly+1","floor":54}],"player_experience":518161,"relics_obtained":[{"floor":7.0,"key":"HornCleat"},{"floor":9.0,"key":"KSMOD_TaoistSuit"},{"floor":19,"key":"Singing Bowl"},{"floor":25,"key":"KSMOD_SwordJade"},{"floor":27,"key":"Red Mask"},{"floor":29,"key":"Nunchaku"},{"floor":31,"key":"Guardian:GemstoneGun"},{"floor":40,"key":"KSMOD_YukitosBentoBox"},{"floor":42,"key":"PreservedInsect"},{"floor":43,"key":"Anchor"},{"floor":44,"key":"Gremlin Horn"},{"floor":45,"key":"Regal Pillow"},{"floor":46,"key":"Turnip"},{"floor":54,"key":"Bag of Preparation"}],"event_choices":[{"cards_removed":["ClowCardTheJump"],"damage_healed":64,"gold_gain":0,"player_choice":"Offered Uncommon","damage_taken":0,"max_hp_gain":0,"max_hp_loss":0,"event_name":"Bonfire Elementals","floor":11,"gold_loss":0},{"damage_healed":0,"gold_gain":0,"player_choice":"Ignored","damage_taken":0,"max_hp_gain":0,"max_hp_loss":0,"event_name":"Vampires","floor":23,"gold_loss":0},{"damage_healed":0,"gold_gain":0,"player_choice":"Fought Bandits","damage_taken":0,"max_hp_gain":0,"max_hp_loss":0,"event_name":"Masked Bandits","floor":27,"gold_loss":0},{"damage_healed":0,"gold_gain":0,"player_choice":"Copied","damage_taken":0,"max_hp_gain":0,"max_hp_loss":0,"event_name":"Duplicator","floor":36,"gold_loss":0,"cards_obtained":["ClowCardTheCloud"]},{"damage_healed":0,"gold_gain":0,"player_choice":"Fight","damage_taken":0,"max_hp_gain":0,"max_hp_loss":0,"event_name":"Mysterious Sphere","floor":46,"gold_loss":0},{"damage_healed":0,"gold_gain":222,"player_choice":"Wore Mask","damage_taken":0,"max_hp_gain":0,"max_hp_loss":0,"event_name":"Tomb of Lord Red Mask","floor":47,"gold_loss":0},{"damage_healed":0,"gold_gain":0,"player_choice":"Upgraded","damage_taken":0,"max_hp_gain":0,"max_hp_loss":0,"event_name":"Upgrade Shrine","floor":48,"gold_loss":0,"cards_upgraded":["ClowCardTheFight"]}],"is_beta":false,"boss_relics":[{"not_picked":["Empty Cage","Fusion Hammer"],"picked":"Philosopher\u0027s Stone"},{"not_picked":["Coffee Dripper","Astrolabe"],"picked":"bronze:MakeshiftBattery"}],"items_purged_floors":[],"is_endless":false,"potions_floor_spawned":[2,4,5,10,13,20,21,27,29,31,35,38,42,44],"ascension_level":8}}