{"host":"en4narc5947t7k9n","time":1614190279,"event":{"mods":["AchievementEnabler","BaseMod","Colored Map","Minty Spire (QoL Compilation)","SuperFastMode"],"gold_per_floor":[114,289,174,174,174,209,237,249,261,285,331,343,367,407,419,532,544,576,602,614,614],"floor_reached":20,"language":"KOR","playtime":988,"items_purged":["Doubt"],"score":217,"play_id":"c5a715ca-a54b-409b-8723-2bf37a0dd034","local_time":"20210225031119","is_ascension_mode":false,"campfire_choices":[{"data":"Searing Blow+1","floor":8,"key":"SMITH"},{"data":"Searing Blow+2","floor":12,"key":"SMITH"},{"floor":15,"key":"RECALL"}],"circlet_count":0,"master_deck":["Strike_R","Strike_R","Strike_R","Strike_R","Defend_R+1","Defend_R","Defend_R","Defend_R","Bash","Shrug It Off","Searing Blow+3","Rage","True Grit","Clash","Iron Wave","Intimidate","Inflame","Double Tap","Pommel Strike+1","Dropkick+1"],"relics":["Burning Blood","NeowsBlessing","MawBank","Centennial Puzzle","Question Card","SlaversCollar"],"acts_visited":["Exordium","TheCity"],"potions_floor_usage":[11,14,16,16,18],"damage_taken":[{"damage":2,"enemies":"Small Slimes","floor":1,"turns":2},{"damage":0,"enemies":"Lagavulin","floor":6,"turns":1},{"damage":0,"enemies":"2 Louse","floor":7,"turns":1},{"damage":0,"enemies":"Cultist","floor":10,"turns":2},{"damage":42,"enemies":"3 Sentries","floor":11,"turns":13},{"damage":0,"enemies":"Large Slime","floor":13,"turns":4},{"damage":7,"enemies":"Gremlin Nob","floor":14,"turns":4},{"damage":31,"enemies":"The Guardian","floor":16,"turns":11},{"damage":43,"enemies":"Chosen","floor":18,"turns":7},{"damage":26,"enemies":"Shell Parasite","floor":19,"turns":8},{"damage":24,"enemies":"Centurion and Healer","floor":20,"turns":3}],"seed_played":"3960977414759070622","potions_obtained":[{"floor":7,"key":"Explosive Potion"},{"floor":11,"key":"GamblersBrew"},{"floor":13,"key":"GamblersBrew"},{"floor":14,"key":"Explosive Potion"},{"floor":16,"key":"GamblersBrew"}],"is_trial":false,"path_per_floor":["M","?","$","?","?","E","M","R","T","M","E","R","M","E","R","B",null,"M","M","M"],"character_chosen":"IRONCLAD","items_purchased":["Searing Blow"],"campfire_rested":0,"item_purchase_floors":[3],"current_hp_per_floor":[80,80,80,64,64,70,76,76,76,80,44,44,50,49,49,24,80,43,23,0,0],"gold":614,"neow_bonus":"THREE_ENEMY_KILL","is_daily":false,"chose_seed":false,"campfire_upgraded":2,"win_rate":0.0,"timestamp":1614190279,"path_taken":["M","?","$","?","?","E","?","R","T","M","E","R","M","E","R","BOSS","M","M","M"],"items_purchased_type":["Card"],"build_version":"2020-12-22","purchased_purges":1,"victory":false,"max_hp_per_floor":[80,80,80,80,80,80,80,80,80,80,80,80,80,80,80,80,80,80,80,80,80],"card_choices":[{"not_picked":["Perfected Strike","Twin Strike"],"picked":"Shrug It Off","floor":1},{"not_picked":["Sever Soul","Spot Weakness"],"picked":"Rage","floor":6},{"not_picked":["Perfected Strike","Pummel"],"picked":"True Grit","floor":7},{"not_picked":["Perfected Strike","Twin Strike"],"picked":"Clash","floor":10},{"not_picked":["Clash","Evolve"],"picked":"Iron Wave","floor":11},{"not_picked":["Berserk","Heavy Blade"],"picked":"Intimidate","floor":13},{"not_picked":["Sword Boomerang","Warcry"],"picked":"Inflame","floor":14},{"not_picked":["Corruption","Fiend Fire","Berserk"],"picked":"Double Tap","floor":16},{"not_picked":["Thunderclap","Havoc","Clash"],"picked":"Pommel Strike+1","floor":18},{"not_picked":["Power Through","Intimidate","Body Slam+1"],"picked":"Dropkick+1","floor":19}],"player_experience":206496,"relics_obtained":[{"floor":6,"key":"MawBank"},{"floor":11,"key":"Centennial Puzzle"},{"floor":14,"key":"Question Card"}],"event_choices":[{"damage_healed":0,"gold_gain":175,"player_choice":"AGREE","damage_taken":0,"max_hp_gain":0,"max_hp_loss":0,"event_name":"Liars Game","floor":2,"gold_loss":0,"cards_obtained":["Doubt"]},{"damage_healed":0,"gold_gain":0,"player_choice":"Entered Light","damage_taken":16,"max_hp_gain":0,"max_hp_loss":0,"event_name":"Shining Light","floor":4,"gold_loss":0,"cards_upgraded":["Searing Blow","Defend_R"]},{"cards_removed":["Strike_R"],"damage_healed":0,"gold_gain":0,"player_choice":"Purged","damage_taken":0,"max_hp_gain":0,"max_hp_loss":0,"event_name":"Purifier","floor":5,"gold_loss":0}],"is_beta":false,"boss_relics":[{"not_picked":["Ectoplasm","Snecko Eye"],"picked":"SlaversCollar"}],"items_purged_floors":[3],"is_endless":false,"potions_floor_spawned":[7,11,13,14,16],"killed_by":"Centurion and Healer","ascension_level":0}}