{"host":"rgcz6yx3duq0lh14","time":1614182285,"event":{"mods":["100% Spire Juice","ATMod(à¢‡ıMod)","AchievementEnabler","Act Like it!","Aspiration","Astrologer","BaseMod","CapriCore","Chen","Colored Map","Decade(â§è¨ñæ)","Friendly Minions","Gensokyo","GungeonMod","Hallownest","Hermit","Jedi Mod","KinomotoSakuraMod(ñÿîVñ{?)","Koishi","Mari Mod (Legacy)","Mari\u0027s V1 Patch","MarisaÅiñ∂âJÅ@ñÇóùçπÅj","Minty Spire (QoL Compilation)","MostiFishMod","Pale of the Ancients","Permanent Neow","Potionbrewer","Prisma Mod","Quarter Circle Forward PUNCH!","Quick Restart","ReimuÅiîé??öÎÅj","Reliquary","Replay The Spire","Robot Space Explorer","RumiaBox-òIïƒ?ìIê_îÈ·¥éq","SIMod","Spicy Shops","StSLib","The Alterego","The Animator","The Bug Knight","The Cursed","The Dragon Tamer","The Forsaken","The Gatherer","The Immortal","The Marked","The Mystic","The Poker Player","The Runesmith","The Servant 0.9.4","TheWitcher","Yakumo Yukari mod","YoumuÅiç∞ÈÆódöÎÅj","Åy?ï®?îvÅzREMEMod"],"gold_per_floor":[111,111,61,61,21,51,51,377,424,635,669,689,689,689,689],"floor_reached":14,"language":"ZHS","playtime":502,"items_purged":[],"score":159,"play_id":"ceac4a01-0e80-42ec-96b7-f935fac90fd6","local_time":"20210224235805","is_ascension_mode":true,"campfire_choices":[],"circlet_count":0,"master_deck":["AscendersBane","astrologer:Strike","astrologer:Strike","astrologer:Strike","astrologer:Defend","astrologer:Defend","astrologer:Defend","astrologer:Defend","astrologer:NorthStar","astrologer:TheFool","AT_WindRun","Gensokyo:UnlikelyAid","astrologer:Confirmation","astrologer:StarOfMisfortune","astrologer:ShootingStar","astrologer:Novile","astrologer:FadingStar","astrologer:Fireball","astrologer:Moonlight","Injury","Pot Of Greed","Pot Of Greed"],"relics":["astrologer:SkyMirror","AT_ATBox","DaveBox","REME_ComplimentaryCards","ChiXiaoBlade","SynthV:TestCard","Mango","qcfpunch:Red_Headband","GodSword6","reliquary:RosewoodLute","reliquary:Stiletto","DemoMod:GlassGuonStoneRelic","Grinning Jar"],"acts_visited":["Exordium"],"potions_floor_usage":[11],"damage_taken":[{"damage":2,"enemies":"Gensokyo:Python","floor":1,"turns":3},{"damage":41,"enemies":"Gensokyo:Aya","floor":6,"turns":6},{"damage":3,"enemies":"Gensokyo:Mamizou","floor":8,"turns":8},{"damage":0,"enemies":"Gensokyo:3_Fairies","floor":10,"turns":4},{"damage":13,"enemies":"Gensokyo:Aya","floor":11,"turns":6},{"damage":2,"enemies":"Gensokyo:2_Kodama","floor":12,"turns":2},{"damage":0,"enemies":"Gensokyo:Cirno","floor":14,"turns":2}],"seed_played":"4404102187939318315","potions_obtained":[{"floor":6,"key":"FairyPotion"},{"floor":10,"key":"DemoMod:LeadSkinPotion"},{"floor":12,"key":"PowerPotion"}],"is_trial":false,"path_per_floor":["M","?","COS","?","$","E","$","E","T","M","E","M","?","E"],"character_chosen":"ASTROLOGER","items_purchased":["astrologer:StarOfMisfortune"],"campfire_rested":0,"item_purchase_floors":[5],"current_hp_per_floor":[57,50,50,50,50,9,9,6,6,6,23,21,21,21,21],"gold":689,"neow_bonus":"REMOVE_CARD","is_daily":false,"chose_seed":false,"campfire_upgraded":0,"win_rate":0.0,"timestamp":1614182285,"path_taken":["M","?","COS","?","$","E","?","E","T","M","E","?","?","E"],"items_purchased_type":["Card"],"build_version":"2020-12-22","purchased_purges":0,"victory":false,"max_hp_per_floor":[65,79,79,79,79,79,79,79,79,79,79,79,79,79,79],"card_choices":[{"not_picked":["astrologer:Strength","astrologer:ReadTheStars"],"picked":"astrologer:Confirmation","floor":1},{"not_picked":["astrologer:ShiningStar","astrologer:TheHighPriestess","astrologer:Sunrise","astrologer:TheHermit"],"picked":"astrologer:ShootingStar","floor":6},{"not_picked":["astrologer:TheEmperor","astrologer:Cataclysm","astrologer:Still","astrologer:CometStrike"],"picked":"astrologer:Novile","floor":8},{"not_picked":["astrologer:TheEmpress","astrologer:Stardust","astrologer:Premeditation","astrologer:Observe"],"picked":"astrologer:FadingStar","floor":10},{"not_picked":["astrologer:Stardust","astrologer:Temperance","astrologer:Opposition","astrologer:Radiance"],"picked":"astrologer:Fireball","floor":11},{"not_picked":["astrologer:StarOfChange","astrologer:Still","astrologer:Wish","astrologer:FrozenStar"],"picked":"astrologer:Moonlight","floor":12}],"player_experience":960458,"relics_obtained":[{"floor":1,"key":"SynthV:TestCard"},{"floor":6,"key":"qcfpunch:Red_Headband"},{"floor":8,"key":"GodSword6"},{"floor":9,"key":"reliquary:RosewoodLute"},{"floor":11,"key":"reliquary:Stiletto"}],"event_choices":[],"is_beta":false,"boss_relics":[],"items_purged_floors":[],"is_endless":false,"potions_floor_spawned":[6,10,12],"killed_by":"Gensokyo:Cirno","ascension_level":14}}