{"host":"n0aqkby80ppfgdru","time":1614211013,"event":{"mods":["BaseMod","Block Reminder","Minty Spire (QoL Compilation)","Permanent Neow","Quick Restart"],"gold_per_floor":[117,117,135,152,169,169,204,204,204,204,52,52,80,92,92,169,169,139,150,150,65,65,65,65,65],"floor_reached":24,"language":"ENG","playtime":878,"items_purged":["Strike_G"],"score":357,"play_id":"9c61756a-9b43-4a1f-896c-edec37c2ceae","local_time":"20210224185653","is_ascension_mode":true,"campfire_choices":[{"floor":6.0,"key":"REST"},{"floor":8.0,"key":"REST"},{"data":"Slice","floor":10.0,"key":"SMITH"},{"data":"Accuracy","floor":15.0,"key":"SMITH"},{"floor":23,"key":"REST"}],"circlet_count":0,"master_deck":["AscendersBane","Strike_G","Strike_G","Strike_G","Defend_G","Defend_G+1","Defend_G","Defend_G","Defend_G","Survivor","Neutralize+1","Slice+1","Backstab","Accuracy+1","Slice","Burst","Slice","Escape Plan","RitualDagger"],"relics":["WristBlade","Omamori","Centennial Puzzle","Kunai","Sozu","Anchor"],"acts_visited":["Exordium","TheCity"],"potions_floor_usage":[],"damage_taken":[{"damage":4.0,"enemies":"Small Slimes","floor":1.0,"turns":5.0},{"damage":0.0,"enemies":"2 Louse","floor":3.0,"turns":4.0},{"damage":0.0,"enemies":"Cultist","floor":4.0,"turns":4.0},{"damage":7.0,"enemies":"3 Louse","floor":5.0,"turns":4.0},{"damage":17.0,"enemies":"Gremlin Nob","floor":7.0,"turns":4.0},{"damage":5.0,"enemies":"Lagavulin","floor":13.0,"turns":8.0},{"damage":1.0,"enemies":"Large Slime","floor":14.0,"turns":6.0},{"damage":12.0,"enemies":"Slime Boss","floor":16.0,"turns":16.0},{"damage":6.0,"enemies":"2 Thieves","floor":18.0,"turns":5.0},{"damage":11,"enemies":"Chosen","floor":19,"turns":5},{"damage":59,"enemies":"Gremlin Leader","floor":24,"turns":6}],"seed_played":"4276637215766194981","potions_obtained":[{"floor":4.0,"key":"SkillPotion"},{"floor":7.0,"key":"Energy Potion"},{"floor":13.0,"key":"Weak Potion"},{"floor":14.0,"key":"Swift Potion"},{"floor":16.0,"key":"LiquidBronze"}],"is_trial":false,"path_per_floor":["M","?","M","M","M","R","E","R","T","R","$","?","E","M","R","B",null,"M","M","?","?","$","R","E"],"character_chosen":"THE_SILENT","items_purchased":["Backstab"],"campfire_rested":3,"item_purchase_floors":[11],"current_hp_per_floor":[55,35,35,35,28,47,30,49,49,49,49,49,44,43,43,31,57,51,40,34,34,34,53,0,0],"gold":65,"neow_bonus":"BOSS_RELIC","is_daily":false,"chose_seed":false,"campfire_upgraded":2,"win_rate":0.0,"timestamp":1614211013,"path_taken":["M","?","M","M","M","R","E","R","T","R","$","?","E","?","R","BOSS","M","M","?","?","$","R","E"],"items_purchased_type":["Card"],"build_version":"2020-12-22","purchased_purges":1,"victory":false,"max_hp_per_floor":[66,66,66,66,66,66,66,66,66,66,66,66,66,66,66,66,66,66,66,66,66,66,66,66,66],"card_choices":[{"not_picked":["Underhanded Strike","Noxious Fumes","Catalyst"],"picked":"SKIP","floor":1.0},{"not_picked":["Outmaneuver","Footwork"],"picked":"Slice","floor":3.0},{"not_picked":["Deadly Poison","Riddle With Holes","Underhanded Strike"],"picked":"SKIP","floor":4.0},{"not_picked":["Poisoned Stab","All Out Attack","Dodge and Roll"],"picked":"SKIP","floor":5.0},{"not_picked":["Poisoned Stab","Outmaneuver","Sucker Punch"],"picked":"SKIP","floor":7.0},{"not_picked":["Quick Slash","All Out Attack"],"picked":"Accuracy","floor":13.0},{"not_picked":["Glass Knife","Dodge and Roll"],"picked":"Slice","floor":14.0},{"not_picked":["After Image","Adrenaline"],"picked":"Burst","floor":16.0},{"not_picked":["Leg Sweep","Flying Knee"],"picked":"Slice","floor":18.0},{"not_picked":["Skewer","Underhanded Strike"],"picked":"Escape Plan","floor":19}],"player_experience":1281013,"relics_obtained":[{"floor":7.0,"key":"Omamori"},{"floor":9.0,"key":"Centennial Puzzle"},{"floor":13.0,"key":"Kunai"}],"event_choices":[{"damage_healed":0.0,"max_hp_gain":0.0,"max_hp_loss":0.0,"gold_gain":0.0,"event_name":"Shining Light","player_choice":"Entered Light","floor":2.0,"gold_loss":0.0,"damage_taken":20.0,"cards_upgraded":["Defend_G","Neutralize"]},{"cards_removed":["Strike_G"],"damage_healed":0.0,"max_hp_gain":0.0,"max_hp_loss":0.0,"gold_gain":0.0,"event_name":"Purifier","player_choice":"Purged","floor":12.0,"gold_loss":0.0,"damage_taken":0.0},{"damage_healed":0,"gold_gain":0,"player_choice":"Joined the Cult","damage_taken":6,"max_hp_gain":0,"max_hp_loss":0,"event_name":"Nest","floor":20,"gold_loss":0,"cards_obtained":["RitualDagger"]},{"damage_healed":0,"gold_gain":0,"player_choice":"Obtained Relic","damage_taken":0,"relics_obtained":["Anchor"],"max_hp_gain":0,"max_hp_loss":0,"event_name":"Addict","floor":21,"gold_loss":85}],"is_beta":false,"boss_relics":[{"not_picked":["Ectoplasm","Snecko Eye"],"picked":"Sozu"}],"items_purged_floors":[11],"is_endless":false,"potions_floor_spawned":[4,7,13,14,16,18],"killed_by":"Gremlin Leader","ascension_level":15}}