{"host":"Slaske","time":1614196809,"event":{"mods":["AchievementEnabler","BaseMod","Colored Map","Colored Powertips","Minty Spire (QoL Compilation)","Random Character Button","Relic Stats","slay the spire mod where everything is the same but ironclad has a cowboy hat"],"gold_per_floor":[114,114,114,114,64,64,98,111,138,163,163,77,87,107,107,202,202,112,27,40,59,79,79,79],"floor_reached":23,"language":"ENG","playtime":1309,"items_purged":[],"score":249,"play_id":"81118e16-8931-46c0-bed7-b742d88b0377","local_time":"20210224210009","is_ascension_mode":true,"campfire_choices":[{"data":"Terror","floor":6,"key":"SMITH"},{"floor":11,"key":"REST"},{"data":"Noxious Fumes","floor":15,"key":"SMITH"}],"circlet_count":0,"master_deck":["Strike_G","Strike_G","Defend_G","Defend_G","Defend_G","Survivor","Neutralize","Terror+1","Adrenaline","Noxious Fumes+1","PiercingWail","Accuracy","Well Laid Plans","Dodge and Roll","Dodge and Roll","Acrobatics","After Image","Distraction","Bane","Corpse Explosion","Outmaneuver"],"relics":["Empty Cage","HornCleat","Ornamental Fan","Nunchaku","Blue Candle","SacredBark","Snake Skull"],"acts_visited":["Exordium","TheCity"],"potions_floor_usage":[16,18,18,21,22],"damage_taken":[{"damage":0,"enemies":"2 Louse","floor":1,"turns":4},{"damage":17,"enemies":"Gremlin Nob","floor":7,"turns":5},{"damage":3,"enemies":"Small Slimes","floor":8,"turns":3},{"damage":25,"enemies":"Lagavulin","floor":10,"turns":11},{"damage":0,"enemies":"Jaw Worm","floor":13,"turns":6},{"damage":0,"enemies":"2 Fungi Beasts","floor":14,"turns":5},{"damage":13,"enemies":"Hexaghost","floor":16,"turns":12},{"damage":4,"enemies":"2 Thieves","floor":18,"turns":5},{"damage":2,"enemies":"Shell Parasite","floor":20,"turns":7},{"damage":5,"enemies":"Centurion and Healer","floor":21,"turns":3},{"damage":2,"enemies":"Snake Plant","floor":22,"turns":7},{"damage":51,"enemies":"Slavers","floor":23,"turns":3}],"seed_played":"4836050580172424943","potions_obtained":[{"floor":8,"key":"SteroidPotion"},{"floor":13,"key":"GamblersBrew"},{"floor":16,"key":"SpeedPotion"},{"floor":20,"key":"SkillPotion"},{"floor":21,"key":"LiquidMemories"}],"is_trial":false,"path_per_floor":["M","?","?","?","?","R","E","M","T","E","R","$","M","M","R","B",null,"M","?","M","M","M","E"],"character_chosen":"THE_SILENT","items_purchased":["Well Laid Plans","Dodge and Roll"],"campfire_rested":1,"item_purchase_floors":[12,12],"current_hp_per_floor":[70,58,51,51,51,51,34,31,31,6,27,27,27,27,27,14,56,52,52,50,45,43,0,0],"gold":79,"neow_bonus":"BOSS_RELIC","is_daily":false,"chose_seed":false,"campfire_upgraded":2,"win_rate":0.0,"timestamp":1614196809,"path_taken":["M","?","?","?","?","R","E","M","T","E","R","$","M","M","R","BOSS","M","?","M","M","M","E"],"items_purchased_type":["Card","Card"],"build_version":"2020-12-18","purchased_purges":0,"victory":false,"max_hp_per_floor":[70,70,70,70,70,70,70,70,70,70,70,70,70,70,70,70,70,70,70,70,70,70,70,70],"relic_stats":{"Nunchaku":[7],"counters":[12,71],"Ornamental Fan":[48],"Blue Candle":[0],"Snake Skull":[21],"obtain_stats":[{"Nunchaku":9,"HornCleat":2,"Ornamental Fan":7,"Blue Candle":10,"SacredBark":17,"Snake Skull":19,"Empty Cage":0,"Ring of the Snake":0},{"Nunchaku":3,"HornCleat":1,"Ornamental Fan":2,"Blue Candle":4,"SacredBark":7,"Snake Skull":8,"Empty Cage":0,"Ring of the Snake":0},{"Nunchaku":12,"HornCleat":4,"Ornamental Fan":9,"Blue Candle":23,"SacredBark":46,"Snake Skull":51,"Empty Cage":0,"Ring of the Snake":0}]},"card_choices":[{"not_picked":["Cloak And Dagger","Backstab"],"picked":"Terror","floor":1},{"not_picked":["All Out Attack","Underhanded Strike"],"picked":"Noxious Fumes","floor":7},{"not_picked":["Slice","Deadly Poison"],"picked":"PiercingWail","floor":8},{"not_picked":["Expertise","Infinite Blades"],"picked":"Accuracy","floor":10},{"not_picked":["Backstab","Terror"],"picked":"Dodge and Roll","floor":13},{"not_picked":["Choke","Masterful Stab"],"picked":"Acrobatics","floor":14},{"not_picked":["Unload","Storm of Steel"],"picked":"After Image","floor":16},{"not_picked":["Heel Hook","Acrobatics"],"picked":"Distraction","floor":18},{"not_picked":["Dagger Spray","PiercingWail"],"picked":"Bane","floor":20},{"not_picked":["Dodge and Roll","Infinite Blades"],"picked":"Corpse Explosion","floor":21},{"not_picked":["Underhanded Strike","Cloak And Dagger"],"picked":"Outmaneuver","floor":22}],"player_experience":553956,"relics_obtained":[{"floor":7,"key":"Ornamental Fan"},{"floor":9,"key":"Nunchaku"},{"floor":10,"key":"Blue Candle"}],"event_choices":[{"damage_healed":0,"gold_gain":0,"player_choice":"Success","damage_taken":12,"relics_obtained":["HornCleat"],"max_hp_gain":0,"max_hp_loss":0,"event_name":"Scrap Ooze","floor":2,"gold_loss":0},{"cards_removed":["Defend_G"],"damage_healed":0,"gold_gain":0,"player_choice":"Card Removal","damage_taken":7,"max_hp_gain":0,"max_hp_loss":0,"event_name":"Golden Wing","floor":3,"gold_loss":0},{"damage_healed":0,"gold_gain":0,"cards_transformed":["Strike_G"],"player_choice":"Change","damage_taken":0,"max_hp_gain":0,"max_hp_loss":0,"event_name":"Living Wall","floor":4,"gold_loss":0,"cards_obtained":["Adrenaline"]},{"cards_removed":["Defend_G"],"damage_healed":0,"gold_gain":0,"player_choice":"Card Removal","damage_taken":0,"max_hp_gain":0,"max_hp_loss":0,"event_name":"The Cleric","floor":5,"gold_loss":50},{"damage_healed":0,"gold_gain":0,"player_choice":"Obtained Relic","damage_taken":0,"relics_obtained":["Snake Skull"],"max_hp_gain":0,"max_hp_loss":0,"event_name":"Addict","floor":19,"gold_loss":85}],"is_beta":true,"boss_relics":[{"not_picked":["Velvet Choker","Cursed Key"],"picked":"SacredBark"}],"items_purged_floors":[],"is_endless":false,"potions_floor_spawned":[8,13,16,20,21],"killed_by":"Slavers","ascension_level":5}}