{"host":"e0rtortnmozl44qq","time":1614195028,"event":{"mods":["AchievementEnabler","Act Like it!","BaseMod","Better Third Choice","Colored Map","Downfall","Gensokyo","Hermit","Highlight Path","Marisa????????","Minty Spire (QoL Compilation)","Permanent Neow","Quick Restart","Remilia??????","Shop Mod","StSLib","SuperFastMode","The Cursed","The Jungle","The Senshi","The Servant 0.9.4"],"gold_per_floor":[99,109,125,144,154,214,214,214,226,226,252,252,278,296,312,312,312,312],"floor_reached":16,"language":"ENG","playtime":1608,"items_purged":[],"score":104,"play_id":"1e510a9d-68b4-468d-af53-9721bb87a2b9","local_time":"20210224203028","is_ascension_mode":false,"campfire_choices":[{"data":"Guardian:TwinSlam","floor":1,"key":"SMITH"},{"data":"Guardian:SentryBeam","floor":8,"key":"SMITH"},{"data":"Guardian:ArmoredProtocol","floor":10,"key":"SMITH"}],"circlet_count":0,"master_deck":["Guardian:Strike_Guardian","Guardian:Strike_Guardian","Guardian:Strike_Guardian","Guardian:Strike_Guardian","Guardian:Defend_Guardian","Guardian:Defend_Guardian","Guardian:Defend_Guardian","Guardian:Defend_Guardian","Guardian:CurlUp","Guardian:TwinSlam+1","Guardian:Planning","Guardian:ArmoredProtocol+1","Guardian:StasisField","Guardian:SentryBeam+1","Guardian:SentryBeam+1","Guardian:TimeSifter","Guardian:RollAttack","Guardian:BronzeOrb"],"relics":["Guardian:ModeShifter","Potion Belt","Pear","Pantograph","Odd Mushroom","Juzu Bracelet"],"acts_visited":["Exordium"],"potions_floor_usage":[6,13,14,15,16],"damage_taken":[{"damage":1,"enemies":"Cultist","floor":2,"turns":3},{"damage":3,"enemies":"2 Louse","floor":3,"turns":3},{"damage":0,"enemies":"Small Slimes","floor":4,"turns":4},{"damage":19,"enemies":"Exordium Thugs","floor":5,"turns":6},{"damage":10,"enemies":"Lagavulin Event","floor":6,"turns":8},{"damage":10,"enemies":"downfall:LooterAlt","floor":9,"turns":4},{"damage":9,"enemies":"The Mushroom Lair","floor":11,"turns":5},{"damage":10,"enemies":"3 Sentries","floor":13,"turns":6},{"damage":0,"enemies":"Red Slaver","floor":14,"turns":3},{"damage":10,"enemies":"Gremlin Gang","floor":15,"turns":4},{"damage":68,"enemies":"DF_ARCHETYPE_STREAMLINE","floor":16,"turns":14}],"seed_played":"-7908982770591541748","potions_obtained":[{"floor":3,"key":"sneckomod:MuddlingPotion"},{"floor":4,"key":"Block Potion"},{"floor":11,"key":"SteroidPotion"},{"floor":13,"key":"PowerPotion"},{"floor":15,"key":"Block Potion"}],"is_trial":false,"path_per_floor":["R","M","M","M","M","?","T","R","M","R","?","?","E","M","M","B"],"character_chosen":"GUARDIAN","items_purchased":[],"campfire_rested":0,"item_purchase_floors":[],"current_hp_per_floor":[80,79,76,76,57,57,57,57,47,47,38,38,28,28,18,0,0,0],"gold":312,"neow_bonus":"RANDOM_COMMON_RELIC","is_daily":false,"chose_seed":false,"campfire_upgraded":3,"win_rate":0.0,"timestamp":1614195028,"path_taken":["R","M","?","M","M","?","T","R","M","R","?","?","E","M","M","BOSS"],"items_purchased_type":[],"build_version":"2020-12-22","purchased_purges":0,"victory":false,"max_hp_per_floor":[80,80,80,80,80,90,90,90,90,90,90,90,90,90,90,90,90,90],"card_choices":[{"not_picked":["Guardian:TimeCapacitor","Guardian:PrimingBeam"],"picked":"Guardian:Planning","floor":2},{"not_picked":["Guardian:BodySlam","Guardian:Gem_Purple"],"picked":"Guardian:ArmoredProtocol","floor":3},{"not_picked":["Guardian:RollAttack","Guardian:Planning"],"picked":"Guardian:StasisField","floor":4},{"not_picked":["Guardian:BronzeArmor","Guardian:Recover"],"picked":"Guardian:SentryBeam","floor":5},{"not_picked":["Guardian:TemporalShield","Guardian:ChargeCore","Guardian:PrimingBeam"],"picked":"SKIP","floor":9},{"not_picked":["Guardian:DonusPower","Guardian:CrystalBeam"],"picked":"Guardian:TimeSifter","floor":13},{"not_picked":["Guardian:Reroute","Guardian:Gem_Lightblue"],"picked":"Guardian:RollAttack","floor":14},{"not_picked":["Guardian:PiercingHide","Guardian:TemporalStrike"],"picked":"Guardian:BronzeOrb","floor":15}],"player_experience":100581,"relics_obtained":[{"floor":7,"key":"Pantograph"},{"floor":11,"key":"Odd Mushroom"},{"floor":13,"key":"Juzu Bracelet"}],"event_choices":[{"damage_healed":0,"gold_gain":0,"player_choice":"Fought Mushrooms","damage_taken":0,"max_hp_gain":0,"max_hp_loss":0,"event_name":"Mushrooms","floor":11,"gold_loss":0}],"is_beta":false,"boss_relics":[],"items_purged_floors":[],"is_endless":false,"potions_floor_spawned":[3,4,11,13,15],"killed_by":"DF_ARCHETYPE_STREAMLINE","ascension_level":0}}