{"host":"ox77rn1xcurm2t5a","time":1614204593,"event":{"mods":["2.2 Compatiblity","AchievementEnabler","Act Like it!","Aspiration","BaseMod","Best Route Mod","Better Match","Better Note","Better Sensory Stone","Block Reminder","Colored Map","Colored Powertips","Conjunction","Conspire","Custom Start","Energized Spire","GifTheSpireLib","Gold Saver","Gremlin Skip","Halation","Highlight Path","Hubris","Infinite Spire","Minty Spire (QoL Compilation)","Pale of the Ancients","Quick Restart","Reliquary","Replay The Spire","Reworked Bosses","ShortenTheSpire","Spire Exporter","StSLib","Stuff the Spire","Wandering Minibosses"],"gold_per_floor":[260,280,311,311,323,355,355,385,385,397,397,66,100,130,130,130,130],"floor_reached":16,"language":"ENG","playtime":438,"items_purged":["Defend_R"],"score":189,"play_id":"1a3fbfad-9493-4855-a459-24907a627b40","local_time":"20210225000953","is_ascension_mode":true,"campfire_choices":[{"floor":7,"key":"RECALL"},{"floor":15,"key":"REST"}],"circlet_count":0,"master_deck":["AscendersBane","Strike_R","Strike_R","Strike_R","Strike_R","Defend_R","Defend_R","Defend_R","Bash","Anger","Cleave","Clash","Violence+1"],"relics":["Burning Blood","Blue Doll","Mercury Hourglass","Durian","aspiration:Nostalgia","infinitespire:DarkRift","ReplayTheSpireMod:Shallot"],"acts_visited":["Exordium"],"potions_floor_usage":[2,6,8,10,14],"damage_taken":[{"damage":0,"enemies":"Small Slimes","floor":1,"turns":3},{"damage":2,"enemies":"Cultist","floor":2,"turns":3},{"damage":7,"enemies":"2 Louse","floor":3,"turns":4},{"damage":13,"enemies":"Red Slaver","floor":5,"turns":3},{"damage":39,"enemies":"Lagavulin","floor":6,"turns":6},{"damage":30,"enemies":"3 Sentries","floor":8,"turns":7},{"damage":1,"enemies":"Lots of Slimes","floor":10,"turns":3},{"damage":18,"enemies":"Gremlin Nob","floor":13,"turns":3},{"damage":0,"enemies":"Large Slime","floor":14,"turns":3},{"damage":48,"enemies":"The Guardian","floor":16,"turns":9}],"seed_played":"2637389252636102077","potions_obtained":[{"floor":1,"key":"EssenceOfSteel"},{"floor":5,"key":"BlessingOfTheForge"},{"floor":6,"key":"Conjunction:LightningMarble"},{"floor":8,"key":"PowerPotion"},{"floor":13,"key":"FearPotion"}],"is_trial":false,"path_per_floor":["M","M","M","?","M","E","R","E","T","M","?","$","E","M","R","B"],"character_chosen":"IRONCLAD","items_purchased":["aspiration:Nostalgia","Violence+1"],"campfire_rested":1,"item_purchase_floors":[12,12],"current_hp_per_floor":[78,80,79,79,72,39,39,20,20,25,25,25,13,19,44,0,0],"gold":130,"neow_bonus":"HUNDRED_GOLD","is_daily":false,"chose_seed":false,"campfire_upgraded":0,"win_rate":0.0,"timestamp":1614204593,"path_taken":["M","M","M","?","M","E","R","E","T","?","?","$","E","?","R","BOSS"],"items_purchased_type":["Relic","Card"],"build_version":"2020-12-22","purchased_purges":1,"victory":false,"max_hp_per_floor":[80,80,80,80,80,80,80,85,85,85,85,85,85,85,85,85,85],"card_choices":[{"not_picked":["StuffTheSpire:Incineration","Body Slam"],"picked":"Anger","floor":1},{"not_picked":["Pummel","infinitespire:OneForAll"],"picked":"Rage","floor":2},{"not_picked":["Havoc","StuffTheSpire:RockThrow"],"picked":"Cleave","floor":3},{"not_picked":["infinitespire:OneForAll","Defy Death","StuffTheSpire:RockThrow"],"picked":"SKIP","floor":5},{"not_picked":["Hemogenesis","Armaments"],"picked":"Clash","floor":6},{"not_picked":["Iron Wave","Seeing Red","StuffTheSpire:Pyroclast"],"picked":"SKIP","floor":8},{"not_picked":["Replay:Undeath\u0027s Touch","Warcry","Flex"],"picked":"SKIP","floor":10},{"not_picked":["ReplayTheSpireMod:Stacked","Evolve","StuffTheSpire:Slingshot"],"picked":"SKIP","floor":13},{"not_picked":["Warcry","hubris:SharpeningStone","Replay:Undeath\u0027s Touch"],"picked":"SKIP","floor":14}],"player_experience":3240418,"relics_obtained":[{"floor":6,"key":"Mercury Hourglass"},{"floor":8,"key":"Durian"},{"floor":13,"key":"ReplayTheSpireMod:Shallot"}],"event_choices":[{"cards_removed":["Rage"],"damage_healed":0,"gold_gain":0,"player_choice":"Gave Card","damage_taken":0,"relics_obtained":["Blue Doll"],"max_hp_gain":0,"max_hp_loss":0,"event_name":"WeMeetAgain","floor":4,"gold_loss":0},{"cards_removed":["Strike_R"],"damage_healed":0,"gold_gain":0,"player_choice":"Purged","damage_taken":0,"max_hp_gain":0,"max_hp_loss":0,"event_name":"Purifier","floor":11,"gold_loss":0}],"is_beta":false,"boss_relics":[],"items_purged_floors":[12],"is_endless":false,"potions_floor_spawned":[1,5,6,8,13],"killed_by":"The Guardian","ascension_level":11}}