{"host":"0xrtbk0xxukcoky5","time":1614179041,"event":{"mods":["BaseMod","Colored Map","Hermit","Minty Spire (QoL Compilation)","Reliquary","Replay The Spire","StSLib"],"gold_per_floor":[119,119,119,144,159,159,200,200,200,200,234,305,305,348,348,478,478,491,511,511,535,634,667,582,197,197,222,68,107,107,150,150,269,269,289,307,307,307,407,442,442,455,455,489,21,354,371,396,396,396,396,396,32,63,63],"floor_reached":56,"language":"ENG","playtime":2722,"items_purged":[],"score":1427,"play_id":"9f0fc34a-0a6b-41e0-be72-a7534441e7db","local_time":"20210224160401","is_ascension_mode":true,"campfire_choices":[{"data":"hermit:HighCaliber","floor":6,"key":"SMITH"},{"data":"Double Energy","floor":8,"key":"SMITH"},{"data":"hermit:Snapshot","floor":10,"key":"SMITH"},{"floor":15,"key":"REST"},{"floor":30,"key":"RECALL"},{"data":"1","floor":52,"key":"LIFT"}],"circlet_count":0,"master_deck":["hermit:Strike_Hermit","hermit:Defend_Hermit+1","hermit:Defend_Hermit+1","hermit:Defend_Hermit+1","hermit:Snapshot+1","hermit:Covet","hermit:HighCaliber+1","FTL","Double Energy+1","Vault+1","hermit:EternalForm+1","WindmillStrike+1","Auto Shields+1","Life Link","Ball Lightning","hermit:BigShot+1","hermit:Shortfuse+1","WindmillStrike","Collect+1","hermit:EyeOfTheStorm+1","Demon Form+1","hermit:Horror+1","Streamline","Madness+1","Madness+1","Prostrate+1","hermit:WideOpen","Barricade+1","Panic Button+1","Mind Blast","ReplayUltimateDefense+1","Sanctity+1","Hemokinesis+1","hermit:RoundhouseKick+1","Stack+1","hermit:Enervate+1","hermit:LoneWolf+1","hermit:Adapt+1","PiercingWail+1"],"relics":["hermit:Momento","NeowsBlessing","PrismaticShard","Ginger","Replay:Ringing Soul","ReplayTheSpireMod:Shallot","Golden Egg","Ring of Searing","ReplayTheSpireMod:Ring of Challenge","reliquary:NewFriend","Replay:Drink Me","Pantograph","Ice Cream","War Paint","Replay:Towering Pillar of Hats","Bag of Preparation","reliquary:FingerTrap","Potion Belt","Toxic Egg 2","Honey Jar","Regal Pillow","Girya","Shuriken","Replay:Arrowhead","Replay:Bottled Eggs","reliquary:CitrusReamer","ReplayFunnel"],"acts_visited":["Exordium","TheCity","TheBeyond","TheEnding"],"potions_floor_usage":[14,50,55,55,55,55],"damage_taken":[{"damage":0,"enemies":"Small Slimes","floor":1,"turns":1},{"damage":0,"enemies":"Jaw Worm","floor":5,"turns":1},{"damage":0,"enemies":"Gremlin Nob","floor":7,"turns":1},{"damage":40,"enemies":"Lagavulin","floor":11,"turns":6},{"damage":7,"enemies":"Replay:BlueRogue","floor":14,"turns":3},{"damage":39,"enemies":"The Guardian","floor":16,"turns":8},{"damage":20,"enemies":"3 Byrds","floor":18,"turns":5},{"damage":0,"enemies":"Chosen","floor":19,"turns":4},{"damage":0,"enemies":"Snake Plant","floor":21,"turns":4},{"damage":6,"enemies":"Book of Stabbing","floor":23,"turns":5},{"damage":0,"enemies":"Snecko","floor":27,"turns":3},{"damage":12,"enemies":"Gremlin Leader","floor":29,"turns":4},{"damage":3,"enemies":"Replay:Snechameleon","floor":31,"turns":7},{"damage":0,"enemies":"Champ","floor":33,"turns":6},{"damage":5,"enemies":"3 Darklings","floor":35,"turns":3},{"damage":0,"enemies":"3 Shapes","floor":36,"turns":3},{"damage":19,"enemies":"Nemesis","floor":40,"turns":6},{"damage":0,"enemies":"Sphere and 2 Shapes","floor":42,"turns":4},{"damage":0,"enemies":"Reptomancer","floor":44,"turns":5},{"damage":6,"enemies":"4 Shapes","floor":47,"turns":4},{"damage":8,"enemies":"R_Hoarder","floor":48,"turns":5},{"damage":0,"enemies":"Replay:Hell Engine","floor":50,"turns":7},{"damage":41,"enemies":"Shield and Spear","floor":54,"turns":5},{"damage":0,"enemies":"The Heart","floor":55,"turns":5}],"seed_played":"1445835271045880364","potions_obtained":[{"floor":5,"key":"Strength Potion"},{"floor":21,"key":"Swift Potion"},{"floor":31,"key":"LiquidMemories"},{"floor":33,"key":"Milkshake"},{"floor":35,"key":"BlessingOfTheForge"},{"floor":42,"key":"Cursed Concoction"},{"floor":47,"key":"FairyPotion"}],"is_trial":false,"path_per_floor":["M","?","?","T","M","R","E","R","T","R","E","T","?","E","R","B",null,"M","M","?","M","?","E","?","$","T","M","$","E","R","E","R_BF","B",null,"M","M","?","?","?","E","?","M","T","E","$","?","M","E","R_BF","B",null,"R","$","E","B",null],"character_chosen":"HERMIT","items_purchased":["Replay:Towering Pillar of Hats","hermit:BigShot","reliquary:FingerTrap","Replay:Arrowhead","hermit:RoundhouseKick","reliquary:CitrusReamer","hermit:Adapt","Energy Potion"],"campfire_rested":1,"item_purchase_floors":[25,25,28,45,45,53,53,53],"current_hp_per_floor":[75,57,57,57,57,57,57,57,57,57,17,17,20,16,40,4,63,46,49,49,52,52,49,49,52,52,55,55,46,46,46,49,77,93,91,94,85,85,63,47,45,48,48,51,54,54,51,46,49,74,129,129,132,94,119],"gold":63,"neow_bonus":"THREE_ENEMY_KILL","is_daily":false,"chose_seed":false,"campfire_upgraded":3,"win_rate":0.0,"timestamp":1614179041,"path_taken":["M","?","?","?","M","R","E","R","T","R","E","?","?","E","R","BOSS","M","M","?","?","?","E","?","$","T","M","$","E","R","E","R_BF","BOSS","M","M","?","?","?","E","?","?","T","E","$","?","M","E","R_BF","BOSS","R","$","E","BOSS"],"items_purchased_type":["Relic","Card","Relic","Relic","Card","Relic","Card","Potion"],"build_version":"2020-12-22","purchased_purges":0,"victory":true,"max_hp_per_floor":[75,75,75,75,75,75,75,75,75,75,75,75,78,81,81,84,63,66,69,69,72,72,75,75,78,78,81,81,84,84,87,90,93,93,96,99,102,102,105,108,111,114,114,117,120,120,123,126,129,129,129,129,132,135,135],"card_choices":[{"not_picked":["hermit:Glare","hermit:Snipe"],"picked":"hermit:HighCaliber","floor":1},{"not_picked":["Hemokinesis","Dark Embrace"],"picked":"FTL","floor":5},{"not_picked":["SignatureMove","Madness"],"picked":"Double Energy","floor":7},{"not_picked":["Thunderclap","Havoc","Poisoned Strike"],"picked":"SKIP","floor":11},{"not_picked":["Pommel Strike","Chill"],"picked":"Vault","floor":14},{"not_picked":["hermit:Purgatory","Hemogenesis"],"picked":"hermit:EternalForm","floor":16},{"not_picked":["Halt","Wild Strike"],"picked":"WindmillStrike+1","floor":18},{"not_picked":["Stack","Enlightenment+1"],"picked":"Auto Shields+1","floor":19},{"not_picked":["FollowUp","Body Slam"],"picked":"Life Link","floor":21},{"not_picked":["Heavy Blade","Blizzard"],"picked":"Ball Lightning","floor":23},{"not_picked":["Aggregate","Survey Options+1"],"picked":"hermit:Shortfuse+1","floor":27},{"not_picked":["SashWhip","ReplayTheSpireMod:Necrosis"],"picked":"WindmillStrike","floor":29},{"not_picked":["Halt+1","Sever Soul"],"picked":"Collect+1","floor":31},{"not_picked":["hermit:EternalForm","DeusExMachina+1"],"picked":"Demon Form","floor":33},{"not_picked":["Protect+1","hermit:Glare+1","hermit:TrackingShot"],"picked":"hermit:Horror+1","floor":35},{"not_picked":["Deflect+1","hermit:HighCaliber","Self Repair"],"picked":"Streamline","floor":36},{"not_picked":["hermit:ItchyTrigger+1","hermit:Quickdraw+1","FlurryOfBlows"],"picked":"Prostrate+1","floor":39},{"not_picked":["Rebound+1","True Grit+1","Clothesline"],"picked":"hermit:WideOpen","floor":39},{"not_picked":["Storm+1","hermit:Vantage+1","Wild Strike"],"picked":"Barricade","floor":39},{"not_picked":["hermit:Roulette+1","Endless Agony+1","Crow Ritual"],"picked":"Panic Button+1","floor":40},{"not_picked":["Bandage Up+1","ReplayTheSpireMod:Private Reserves+1","Forethought+1"],"picked":"Mind Blast","floor":41},{"not_picked":["Forethought+1","Poisoned Strike","Replay:Sssssssssstrike"],"picked":"ReplayUltimateDefense","floor":41},{"not_picked":["hermit:SprayPray","Setup+1","Hologram+1"],"picked":"Sanctity+1","floor":42},{"not_picked":["Self Repair","Rupture+1","Evaluate+1"],"picked":"Hemokinesis+1","floor":44},{"not_picked":["Blizzard","Fusion+1","Steam+1"],"picked":"Stack+1","floor":47},{"not_picked":["Darkness+1","Steam+1","Barricade"],"picked":"hermit:Enervate+1","floor":48},{"not_picked":["SashWhip+1","Setup+1","Purity+1"],"picked":"PiercingWail+1","floor":54}],"player_experience":294406,"relics_obtained":[{"floor":7,"key":"Ginger"},{"floor":9,"key":"Replay:Ringing Soul"},{"floor":11,"key":"ReplayTheSpireMod:Shallot"},{"floor":12,"key":"Golden Egg"},{"floor":13,"key":"Ring of Searing"},{"floor":13,"key":"ReplayTheSpireMod:Ring of Challenge"},{"floor":14,"key":"reliquary:NewFriend"},{"floor":23,"key":"Ice Cream"},{"floor":26,"key":"Bag of Preparation"},{"floor":29,"key":"Potion Belt"},{"floor":31,"key":"Toxic Egg 2"},{"floor":40,"key":"Regal Pillow"},{"floor":43,"key":"Girya"},{"floor":44,"key":"Shuriken"},{"floor":48,"key":"Replay:Bottled Eggs"},{"floor":54,"key":"ReplayFunnel"}],"event_choices":[{"damage_healed":0,"gold_gain":0,"player_choice":"Take Damage","damage_taken":18,"relics_obtained":["Golden Idol"],"max_hp_gain":0,"max_hp_loss":0,"event_name":"Golden Idol","floor":2,"gold_loss":0},{"damage_healed":0,"gold_gain":99,"player_choice":"Stole From Cult","damage_taken":0,"max_hp_gain":0,"max_hp_loss":0,"event_name":"Nest","floor":22,"gold_loss":0},{"damage_healed":0,"gold_gain":0,"player_choice":"Obtained Relic","damage_taken":0,"relics_obtained":["War Paint"],"max_hp_gain":0,"max_hp_loss":0,"event_name":"Addict","floor":24,"gold_loss":85},{"damage_healed":0,"gold_gain":0,"player_choice":"Embrace Madness","damage_taken":12,"max_hp_gain":0,"max_hp_loss":0,"event_name":"Winding Halls","floor":37,"gold_loss":0,"cards_obtained":["Madness","Madness"]},{"damage_healed":0,"gold_gain":0,"player_choice":"Ignored","damage_taken":0,"max_hp_gain":0,"max_hp_loss":0,"event_name":"Tomb of Lord Red Mask","floor":38,"gold_loss":0},{"damage_healed":0,"gold_gain":0,"player_choice":"Memory 2","damage_taken":5,"max_hp_gain":0,"max_hp_loss":0,"event_name":"SensoryStone","floor":41,"gold_loss":0},{"damage_healed":0,"gold_gain":333,"player_choice":"Gave Idol","damage_taken":0,"max_hp_gain":0,"max_hp_loss":0,"event_name":"The Moai Head","floor":46,"relics_lost":["Golden Idol"],"gold_loss":0}],"is_beta":false,"boss_relics":[{"not_picked":["Empty Cage","hermit:BartenderGlass"],"picked":"Replay:Drink Me"},{"not_picked":["reliquary:WritOfMandamus","reliquary:ThirdArm"],"picked":"Honey Jar"}],"items_purged_floors":[],"is_endless":false,"potions_floor_spawned":[5,21,31,33,35,42,47],"ascension_level":1}}