{"host":"ronyeowk3fr4dw6n","time":1614143849,"event":{"mods":["AchievementEnabler","BaseMod","Bestiary","Better Note","DeckTracker","Minty Spire (QoL Compilation)","Permanent Neow","Quick Restart","Relic Stats","StSLib","SuperFastMode"],"gold_per_floor":[112,62,74,89,104,104,132,132,132,149,176,50,50,83,83,182,182,193,204,204,18,28,47,47,64,64,64,91,91,125,225,225,323,323,336,221,239,289,289,314,314,314,314,345,359,389,439,449,449,449,449,449,55,86,86],"floor_reached":56,"language":"ENG","playtime":4545,"items_purged":["Strike_P","Strike_P"],"score":1820,"play_id":"b75e0788-0767-4074-8e55-5e130bad17f5","local_time":"20210224121728","is_ascension_mode":true,"campfire_choices":[{"data":"Conclude","floor":6.0,"key":"SMITH"},{"data":"CrushJoints","floor":8.0,"key":"SMITH"},{"data":"Perseverance","floor":15.0,"key":"SMITH"},{"data":"Vigilance","floor":24.0,"key":"SMITH"},{"data":"Wireheading","floor":27.0,"key":"SMITH"},{"data":"Blasphemy","floor":29.0,"key":"SMITH"},{"data":"DevaForm","floor":32.0,"key":"SMITH"},{"floor":42.0,"key":"RECALL"},{"data":"Fasting2","floor":49,"key":"SMITH"},{"floor":52,"key":"REST"}],"circlet_count":0,"master_deck":["Strike_P","Defend_P","Defend_P","Defend_P","Defend_P","Eruption","Vigilance+1","Consecrate","FlyingSleeves","Conclude+1","ReachHeaven","CrushJoints+1","Perseverance+1","Halt","TalkToTheHand+1","SashWhip+1","WheelKick+1","DevaForm+1","TalkToTheHand+1","Wireheading+1","TalkToTheHand+1","Adaptation","EmptyFist+1","Blasphemy+1","DeusExMachina","Fasting2+1","WindmillStrike+1","ClearTheMind","Wallop+1","Parasite","WheelKick+1","TalkToTheHand+1","MentalFortress","InnerPeace+1","Swivel+1"],"relics":["VioletLotus","Kunai","Letter Opener","Molten Egg 2","Blood Vial","Mercury Hourglass","Snecko Eye","FaceOfCleric","Membership Card","Nunchaku","Damaru","Cursed Key","Incense Burner","Darkstone Periapt","Toxic Egg 2","Ice Cream","Potion Belt","Turnip","Shuriken","Melange","Dead Branch"],"acts_visited":["Exordium","TheCity","TheBeyond","TheEnding"],"potions_floor_usage":[48,50,54,55,55,55],"damage_taken":[{"damage":7.0,"enemies":"Cultist","floor":1.0,"turns":6.0},{"damage":5.0,"enemies":"Small Slimes","floor":3.0,"turns":4.0},{"damage":2.0,"enemies":"2 Louse","floor":4.0,"turns":2.0},{"damage":7.0,"enemies":"Looter","floor":5.0,"turns":4.0},{"damage":10.0,"enemies":"Gremlin Nob","floor":7.0,"turns":3.0},{"damage":3.0,"enemies":"Blue Slaver","floor":10.0,"turns":3.0},{"damage":0.0,"enemies":"3 Sentries","floor":11.0,"turns":2.0},{"damage":6.0,"enemies":"Lagavulin","floor":14.0,"turns":4.0},{"damage":6.0,"enemies":"The Guardian","floor":16.0,"turns":8.0},{"damage":3.0,"enemies":"Spheric Guardian","floor":18.0,"turns":3.0},{"damage":9.0,"enemies":"3 Byrds","floor":19.0,"turns":3.0},{"damage":0.0,"enemies":"3 Cultists","floor":22.0,"turns":3.0},{"damage":1.0,"enemies":"Snecko","floor":23.0,"turns":3.0},{"damage":3.0,"enemies":"Cultist and Chosen","floor":25.0,"turns":4.0},{"damage":1.0,"enemies":"Gremlin Leader","floor":28.0,"turns":5.0},{"damage":6.0,"enemies":"Slavers","floor":30.0,"turns":4.0},{"damage":32.0,"enemies":"Automaton","floor":33.0,"turns":6.0},{"damage":0.0,"enemies":"3 Darklings","floor":35.0,"turns":3.0},{"damage":0.0,"enemies":"Orb Walker","floor":37.0,"turns":1.0},{"damage":0.0,"enemies":"Mind Bloom Boss Battle","floor":38.0,"turns":3.0},{"damage":0.0,"enemies":"Reptomancer","floor":40.0,"turns":4.0},{"damage":6.0,"enemies":"Giant Head","floor":44.0,"turns":7.0},{"damage":5.0,"enemies":"4 Shapes","floor":45.0,"turns":3.0},{"damage":0.0,"enemies":"Reptomancer","floor":46.0,"turns":3.0},{"damage":26.0,"enemies":"2 Orb Walkers","floor":47.0,"turns":5.0},{"damage":14,"enemies":"3 Darklings","floor":48,"turns":4},{"damage":45,"enemies":"Donu and Deca","floor":50,"turns":8},{"damage":39,"enemies":"Shield and Spear","floor":54,"turns":6},{"damage":17,"enemies":"The Heart","floor":55,"turns":6}],"seed_played":"9051530405318399920","potions_obtained":[{"floor":7.0,"key":"Fire Potion"},{"floor":11.0,"key":"FearPotion"},{"floor":14.0,"key":"AttackPotion"},{"floor":23.0,"key":"Strength Potion"},{"floor":25.0,"key":"ColorlessPotion"},{"floor":33.0,"key":"AttackPotion"},{"floor":35.0,"key":"Swift Potion"},{"floor":38.0,"key":"StancePotion"},{"floor":44.0,"key":"FearPotion"},{"floor":48,"key":"StancePotion"}],"is_trial":false,"path_per_floor":["M","?","M","M","M","R","E","R","T","M","E","$","?","E","R","B",null,"M","M","?","$","M","M","R","M","T","R","E","R","E","?","R","B",null,"M","$","M","?","?","E","T","R","T","E","M","E","?","M","R","B",null,"R","$","E","B",null],"character_chosen":"WATCHER","items_purchased":["TalkToTheHand+1","SashWhip+1","Membership Card","TalkToTheHand+1","Fasting2","WindmillStrike+1","Shuriken","InnerPeace+1","ColorlessPotion","DuplicationPotion","GamblersBrew","Melange"],"campfire_rested":1,"item_purchase_floors":[12,12,21,21,36,36,53,53,53,53,53,53],"current_hp_per_floor":[58,58,53,51,44,44,34,34,34,31,31,31,24,20,20,16,58,57,50,50,50,53,55,55,55,55,55,57,57,54,54,54,25,65,68,68,71,74,74,77,77,77,83,79,77,80,57,46,46,4,69,90,90,52,38],"gold":86,"neow_bonus":"BOSS_RELIC","is_daily":false,"chose_seed":false,"campfire_upgraded":8,"win_rate":0.0,"timestamp":1614143848,"path_taken":["M","?","M","M","M","R","E","R","T","M","E","$","?","E","R","BOSS","M","M","?","$","M","M","R","M","T","R","E","R","E","?","R","BOSS","M","$","M","?","?","E","?","R","T","E","M","E","?","M","R","BOSS","R","$","E","BOSS"],"items_purchased_type":["Card","Card","Relic","Card","Card","Card","Relic","Card","Potion","Potion","Potion","Relic"],"build_version":"2020-12-22","purchased_purges":2,"victory":true,"max_hp_per_floor":[72,72,72,72,72,72,72,72,72,72,72,72,72,72,72,72,72,72,72,72,72,73,74,74,75,75,75,76,76,77,77,77,78,78,79,79,80,81,77,78,78,78,84,85,86,87,88,89,89,90,90,90,90,91,92],"relic_stats":{"Darkstone Periapt":6,"counters":[29,120],"Dead Branch":[10],"Melange":[6],"Letter Opener":[15],"Cursed Key":1,"Mercury Hourglass":[435],"Blood Vial":41,"Nunchaku":[18],"FaceOfCleric":18,"Shuriken":[8],"Snecko Eye":[154,149,153,152],"VioletLotus":[24],"Turnip":[2],"Kunai":[55],"obtain_stats":[{"Darkstone Periapt":40,"Ice Cream":44,"Potion Belt":46,"Dead Branch":54,"Damaru":30,"Melange":53,"Incense Burner":38,"Letter Opener":9,"Cursed Key":34,"Mercury Hourglass":14,"Blood Vial":13,"Nunchaku":28,"FaceOfCleric":20,"Shuriken":53,"Snecko Eye":17,"Molten Egg 2":11,"VioletLotus":0,"Turnip":47,"Kunai":7,"Membership Card":21,"PureWater":0,"Toxic Egg 2":43},{"Darkstone Periapt":21,"Ice Cream":22,"Potion Belt":24,"Dead Branch":28,"Damaru":16,"Melange":27,"Incense Burner":20,"Letter Opener":5,"Cursed Key":17,"Mercury Hourglass":8,"Blood Vial":7,"Nunchaku":15,"FaceOfCleric":11,"Shuriken":27,"Snecko Eye":9,"Molten Egg 2":7,"VioletLotus":0,"Turnip":25,"Kunai":5,"Membership Card":11,"PureWater":0,"Toxic Egg 2":21},{"Darkstone Periapt":78,"Ice Cream":85,"Potion Belt":91,"Dead Branch":114,"Damaru":61,"Melange":108,"Incense Burner":74,"Letter Opener":19,"Cursed Key":67,"Mercury Hourglass":28,"Blood Vial":24,"Nunchaku":57,"FaceOfCleric":42,"Shuriken":108,"Snecko Eye":36,"Molten Egg 2":24,"VioletLotus":0,"Turnip":96,"Kunai":19,"Membership Card":42,"PureWater":0,"Toxic Egg 2":78}]},"card_choices":[{"not_picked":["BowlingBash","ClearTheMind"],"picked":"Consecrate","floor":1.0},{"not_picked":["Evaluate","Consecrate"],"picked":"FlyingSleeves","floor":3.0},{"not_picked":["EmptyFist","Pray"],"picked":"Conclude","floor":4.0},{"not_picked":["Protect","EmptyBody"],"picked":"ReachHeaven","floor":5.0},{"not_picked":["SashWhip","ThirdEye"],"picked":"CrushJoints","floor":7.0},{"not_picked":["Swivel","EmptyMind"],"picked":"Perseverance","floor":10.0},{"not_picked":["Perseverance","MasterReality"],"picked":"Halt","floor":11.0},{"not_picked":["ThirdEye","Nirvana"],"picked":"WheelKick+1","floor":14.0},{"not_picked":["Establishment","Scrawl"],"picked":"DevaForm","floor":16.0},{"not_picked":["EmptyFist+1","CrushJoints+1"],"picked":"TalkToTheHand+1","floor":18.0},{"not_picked":["EmptyFist+1","Pray+1"],"picked":"Wireheading","floor":19.0},{"not_picked":["Worship+1","Pray","Prostrate"],"picked":"SKIP","floor":22.0},{"not_picked":["FollowUp+1","Conclude+1"],"picked":"Adaptation","floor":23.0},{"not_picked":["Perseverance","SignatureMove+1"],"picked":"EmptyFist+1","floor":25.0},{"not_picked":["CarveReality+1","CutThroughFate+1"],"picked":"Blasphemy","floor":28.0},{"not_picked":["Prostrate","Consecrate+1","PathToVictory+1"],"picked":"SKIP","floor":30.0},{"not_picked":["Brilliance+1","Judgement"],"picked":"DeusExMachina","floor":33.0},{"not_picked":["FollowUp+1","BowlingBash+1","CrushJoints+1"],"picked":"SKIP","floor":35.0},{"not_picked":["Crescendo+1","Halt"],"picked":"ClearTheMind","floor":37.0},{"not_picked":["MentalFortress","EmptyFist+1"],"picked":"Wallop+1","floor":40.0},{"not_picked":["Halt+1","Brilliance+1"],"picked":"WheelKick+1","floor":44.0},{"not_picked":["EmptyBody+1","PathToVictory+1","BowlingBash+1"],"picked":"SKIP","floor":45.0},{"not_picked":["Establishment","EmptyMind+1"],"picked":"TalkToTheHand+1","floor":46.0},{"not_picked":["CrushJoints+1","FollowUp+1"],"picked":"MentalFortress","floor":47.0},{"not_picked":["Perseverance+1","SashWhip+1","Halt+1"],"picked":"SKIP","floor":48},{"not_picked":["Perseverance+1","Consecrate+1"],"picked":"Swivel+1","floor":54}],"player_experience":261465,"relics_obtained":[{"floor":7.0,"key":"Kunai"},{"floor":9.0,"key":"Letter Opener"},{"floor":11.0,"key":"Molten Egg 2"},{"floor":14.0,"key":"Mercury Hourglass"},{"floor":28.0,"key":"Nunchaku"},{"floor":30.0,"key":"Damaru"},{"floor":38.0,"key":"Incense Burner"},{"floor":40.0,"key":"Darkstone Periapt"},{"floor":43.0,"key":"Toxic Egg 2"},{"floor":44.0,"key":"Ice Cream"},{"floor":46.0,"key":"Potion Belt"},{"floor":47.0,"key":"Turnip"},{"floor":54,"key":"Dead Branch"}],"event_choices":[{"cards_removed":["Strike_P"],"damage_healed":0.0,"max_hp_gain":0.0,"max_hp_loss":0.0,"gold_gain":0.0,"event_name":"The Cleric","player_choice":"Card Removal","floor":2.0,"gold_loss":50.0,"damage_taken":0.0},{"damage_healed":0.0,"max_hp_gain":0.0,"max_hp_loss":0.0,"gold_gain":0.0,"event_name":"Scrap Ooze","player_choice":"Success","floor":13.0,"gold_loss":0.0,"damage_taken":7.0,"relics_obtained":["Blood Vial"]},{"damage_healed":0.0,"max_hp_gain":0.0,"max_hp_loss":0.0,"gold_gain":0.0,"event_name":"FaceTrader","player_choice":"Trade","floor":20.0,"gold_loss":0.0,"damage_taken":0.0,"relics_obtained":["FaceOfCleric"]},{"damage_healed":0.0,"max_hp_gain":0.0,"max_hp_loss":0.0,"gold_gain":100.0,"event_name":"Golden Shrine","player_choice":"Pray","floor":31.0,"gold_loss":0.0,"damage_taken":0.0},{"damage_healed":0.0,"max_hp_gain":0.0,"max_hp_loss":0.0,"gold_gain":0.0,"event_name":"MindBloom","player_choice":"Fight","floor":38.0,"gold_loss":0.0,"damage_taken":0.0},{"damage_healed":0.0,"max_hp_gain":0.0,"max_hp_loss":4.0,"gold_gain":0.0,"event_name":"Winding Halls","player_choice":"Max HP","floor":39.0,"gold_loss":0.0,"damage_taken":0.0},{"damage_healed":0.0,"max_hp_gain":0.0,"max_hp_loss":0.0,"gold_gain":0.0,"event_name":"Mysterious Sphere","player_choice":"Fight","floor":47.0,"gold_loss":0.0,"damage_taken":0.0}],"is_beta":false,"boss_relics":[{"not_picked":["SacredBark","Sozu"],"picked":"Snecko Eye"},{"not_picked":["Runic Pyramid","Black Star"],"picked":"Cursed Key"}],"items_purged_floors":[36,53],"is_endless":false,"potions_floor_spawned":[7,11,14,16,23,25,33,35,38,44,48],"ascension_level":8}}