{"host":"j2lclbvdfoh0nnbr","time":1614143817,"event":{"mods":["100% Spire Juice","ATMod(°¢èªMod)","Act Like it!","Aspiration","BaseMod","Bossed Relics","Gensokyo","Library of Ruina","Library of Ruina Extra","Lobotomy","LobotomyExtend","Minty Spire (QoL Compilation)","Reimu£¨²©ÀöÁéÃÎ£©","Reliquary","Replay The Spire","RumiaBox-Â¶Ã×æ«µÄÉñÃØºÐ×Ó","StSLib","The Animator","Waifu the Spire","¡¾ÒÅÎï¿¨ÅÆ¡¿REMEMod"],"gold_per_floor":[114,129,129,145,155,155,185,185,185,260,260,260,274,300,300,395,395,395,395,395,409,409,409,428,242,242,253,253,352,387,407,407,509,509,529,529,529,544,563,563,593,593,593,254,254,267,267,267,267,267,267],"floor_reached":52,"language":"ZHS","playtime":2215,"items_purged":["LightDefense","LightAttack"],"score":1056,"play_id":"f6ad6e46-10c8-4bbb-9211-e78858981102","local_time":"20210224131657","is_ascension_mode":false,"campfire_choices":[{"data":"BattleCommand","floor":6,"key":"SMITH"},{"data":"DegradedFairy","floor":12,"key":"SMITH"},{"floor":15,"key":"REST"},{"data":"GrazeTheGrass","floor":23,"key":"SMITH"},{"data":"Pot Of Greed","floor":28,"key":"SMITH"},{"data":"Pot Of Greed","floor":32,"key":"SMITH"},{"data":"ChargeUp","floor":40,"key":"SMITH"},{"data":"UncannyStrike","floor":42,"key":"SMITH"},{"data":"Pot Of Greed","floor":45,"key":"SMITH"},{"data":"Deep Breath","floor":49,"key":"SMITH"}],"circlet_count":0,"master_deck":["Dodge","LightDefense","LightAttack","LightAttack","LightDefense","LightDefense","ChargeAndCover","FocusedStrikes","SavageMode","AT_FamilyPortrait+1","BattleCommand+1","ReadyUp","DegradedFairy+1","LightAttack","QuickSuppression+1","Rewind","EnergyBeam","Writhe","AbsorbImpact","GrazeTheGrass+1","QuickSuppression","Doubt","Pot Of Greed+1","Pot Of Greed+1","EnergyCycle","Pot Of Greed+1","TrimTheIngredients+1","ChargeUp+1","UncannyStrike+1","Madness","Madness","TrimTheIngredients+1","Parry2+1","QuickSuppression+1","Parasite","SunsetBlade+1","Deep Breath+1"],"relics":["PageOfLibrarian","AT_ATBox","REME_ComplimentaryCards","LetterFromLob","PageOfWizard","PageOfJudgementBird","reliquary:PrincelyHelmet","reliquary:RedCape","ReplayTheSpireMod:CursedCoin","MagicDraw3","Grinning Jar","AT_GoldPhoenixTree","reliquary:RedPaperclip","reliquary:PorcupineQuills","ZombieArmy","PageOfUniverseFragment","Singing Bowl"],"acts_visited":["Exordium","TheCity","TheBeyond"],"potions_floor_usage":[33,46,51],"damage_taken":[{"damage":2,"enemies":"Small Slimes","floor":1,"turns":3},{"damage":0,"enemies":"Cultist","floor":2,"turns":3},{"damage":2,"enemies":"2 Louse","floor":4,"turns":3},{"damage":3,"enemies":"Looter","floor":5,"turns":2},{"damage":5,"enemies":"Gremlin Nob","floor":7,"turns":4},{"damage":0,"enemies":"Blue Slaver","floor":13,"turns":3},{"damage":0,"enemies":"Lagavulin","floor":14,"turns":4},{"damage":4,"enemies":"The Guardian","floor":16,"turns":7},{"damage":0,"enemies":"3 Byrds","floor":21,"turns":5},{"damage":0,"enemies":"Shell Parasite","floor":24,"turns":3},{"damage":0,"enemies":"Centurion and Healer","floor":27,"turns":5},{"damage":9,"enemies":"Replay:Snechameleon","floor":30,"turns":3},{"damage":0,"enemies":"Snake Plant","floor":31,"turns":2},{"damage":6,"enemies":"Pondfish","floor":33,"turns":6},{"damage":0,"enemies":"3 Darklings","floor":35,"turns":4},{"damage":0,"enemies":"Orb Walker","floor":38,"turns":3},{"damage":18,"enemies":"4 Shapes","floor":39,"turns":4},{"damage":15,"enemies":"R_Hoarder","floor":41,"turns":7},{"damage":0,"enemies":"Writhing Mass","floor":46,"turns":3},{"damage":38,"enemies":"Awakened One","floor":50,"turns":8},{"damage":0,"enemies":"Awakened One","floor":51,"turns":8}],"seed_played":"-6509142044504200499","potions_obtained":[{"floor":2,"key":"BlessingOfTheForge"},{"floor":4,"key":"Regen Potion"},{"floor":14,"key":"Dexterity Potion"}],"is_trial":false,"path_per_floor":["M","M","?","M","M","R","E","?","T","?","T","R","M","E","R","B",null,"M","?","?","M","?","R","M","$","T","M","R","?","E","M","R","B",null,"M","?","?","M","M","R","E","R","T","$","R","M","?","T","R","B",null,null],"character_chosen":"Librarian","items_purchased":["ReplayTheSpireMod:CursedCoin","MagicDraw3","PageOfUniverseFragment"],"campfire_rested":1,"item_purchase_floors":[25,25,44],"current_hp_per_floor":[58,58,58,56,53,53,48,33,33,22,22,22,22,22,45,41,77,77,77,77,77,77,77,77,77,77,77,77,77,68,68,68,62,91,91,91,78,78,60,60,45,45,45,45,45,45,45,45,45,38,52],"gold":267,"neow_bonus":"ONE_RANDOM_RARE_CARD","is_daily":false,"chose_seed":false,"campfire_upgraded":9,"win_rate":0.0,"timestamp":1614143817,"path_taken":["M","M","?","M","?","R","E","?","T","?","?","R","?","E","R","BOSS","M","?","?","M","?","R","M","$","T","M","R","?","E","?","R","BOSS","M","?","?","M","M","R","E","R","T","?","R","?","?","?","R","BOSS"],"items_purchased_type":["Relic","Relic","Relic"],"build_version":"2020-12-22","purchased_purges":2,"victory":true,"max_hp_per_floor":[77,77,77,77,77,77,77,77,77,77,77,77,77,77,77,77,77,77,77,77,77,77,77,77,77,77,77,77,77,77,77,77,91,91,91,91,91,91,91,91,91,91,91,91,91,91,91,91,91,91,91],"card_choices":[{"not_picked":["RapidGashes","SnakesPrey"],"picked":"BattleCommand","floor":1},{"not_picked":["SerpentSwordTechnique","PinpointShot"],"picked":"ReadyUp","floor":2},{"not_picked":["CumulusWall","SunsetBlade","EnergyStrike"],"picked":"SKIP","floor":4},{"not_picked":["GreatSerpentsImpact","StrikeDown","Rewind"],"picked":"SKIP","floor":5},{"not_picked":["Overpower","SunsetBlade"],"picked":"QuickSuppression","floor":7},{"not_picked":["StrikeDown","Parry2"],"picked":"Rewind","floor":13},{"not_picked":["MirageStorm","Rewind","SerpentSwordTechnique"],"picked":"SKIP","floor":14},{"not_picked":["RipSpace","MindCrush"],"picked":"EnergyBeam","floor":16},{"not_picked":["KeepItFresh","ScatteringSlash"],"picked":"AbsorbImpact","floor":21},{"not_picked":["Thirst","SerpentSwordTechnique"],"picked":"QuickSuppression","floor":24},{"not_picked":["Rewind","Parry2+1"],"picked":"EnergyCycle","floor":27},{"not_picked":["EnergyStrike","ChargeUp"],"picked":"TrimTheIngredients+1","floor":30},{"not_picked":["ReadyUp","SerpentSwordTechnique","Overpower"],"picked":"SKIP","floor":31},{"not_picked":["RepressedFlesh","GoinFirst"],"picked":"ChargeUp","floor":33},{"not_picked":["VenomousFangs","DarkCloud"],"picked":"UncannyStrike","floor":35},{"not_picked":["DarkCloud","SnakesPrey"],"picked":"TrimTheIngredients+1","floor":38},{"not_picked":["SnakesPrey+1","SerpentSwordTechnique"],"picked":"Parry2+1","floor":39},{"not_picked":["SnakesPrey","CumulusWall"],"picked":"QuickSuppression+1","floor":41},{"not_picked":["GreatSerpentsImpact+1","SerpentSwordTechnique"],"picked":"SunsetBlade+1","floor":46},{"not_picked":["PanicButton","AT_PowerWithin"],"picked":"Deep Breath","floor":47}],"player_experience":326290,"relics_obtained":[{"floor":1,"key":"LetterFromLob"},{"floor":7,"key":"PageOfWizard"},{"floor":9,"key":"Mercury Hourglass"},{"floor":11,"key":"PageOfJudgementBird"},{"floor":14,"key":"reliquary:PrincelyHelmet"},{"floor":26,"key":"Grinning Jar"},{"floor":30,"key":"AT_GoldPhoenixTree"},{"floor":41,"key":"reliquary:PorcupineQuills"},{"floor":43,"key":"ZombieArmy"},{"floor":48,"key":"Singing Bowl"}],"event_choices":[{"damage_healed":0,"gold_gain":0,"player_choice":"Entered Light","damage_taken":15,"max_hp_gain":0,"max_hp_loss":0,"event_name":"Shining Light","floor":8,"gold_loss":0,"cards_upgraded":["AT_FamilyPortrait","QuickSuppression"]},{"damage_healed":0,"gold_gain":75,"player_choice":"Gather Gold","damage_taken":11,"max_hp_gain":0,"max_hp_loss":0,"event_name":"World of Goop","floor":10,"gold_loss":0},{"damage_healed":0,"gold_gain":0,"player_choice":"Ignored","damage_taken":0,"max_hp_gain":0,"max_hp_loss":0,"event_name":"Ghosts","floor":19,"gold_loss":0},{"damage_healed":0,"gold_gain":0,"player_choice":"Opened","damage_taken":0,"relics_obtained":["ReplayTheSpireMod:Shallot"],"max_hp_gain":0,"max_hp_loss":0,"event_name":"The Mausoleum","floor":20,"gold_loss":0,"cards_obtained":["Writhe"]},{"damage_healed":0,"gold_gain":0,"player_choice":"Read","damage_taken":0,"max_hp_gain":0,"max_hp_loss":0,"event_name":"The Library","floor":22,"gold_loss":0,"cards_obtained":["GrazeTheGrass"]},{"damage_healed":0,"gold_gain":99,"player_choice":"Stole From Cult","damage_taken":0,"max_hp_gain":0,"max_hp_loss":0,"event_name":"Nest","floor":29,"gold_loss":0},{"damage_healed":0,"gold_gain":0,"player_choice":"Ignored","damage_taken":0,"max_hp_gain":0,"max_hp_loss":0,"event_name":"Tomb of Lord Red Mask","floor":36,"gold_loss":0},{"damage_healed":0,"gold_gain":0,"player_choice":"Embrace Madness","damage_taken":11,"max_hp_gain":0,"max_hp_loss":0,"event_name":"Winding Halls","floor":37,"gold_loss":0,"cards_obtained":["Madness","Madness"]},{"damage_healed":0,"gold_gain":0,"player_choice":"Memory 1","damage_taken":0,"max_hp_gain":0,"max_hp_loss":0,"event_name":"SensoryStone","floor":47,"gold_loss":0}],"is_beta":false,"boss_relics":[{"not_picked":["Replay:Wanted Poster","AT_TrinityForce"],"picked":"reliquary:RedCape"},{"not_picked":["aspiration:PoetsPen_weak","Snecko Eye"],"picked":"reliquary:RedPaperclip"}],"items_purged_floors":[25,44],"is_endless":false,"potions_floor_spawned":[2,4,14,16,21,33,39],"ascension_level":0}}