{"host":"zwfn3igoxym2o8ah","time":1614178870,"event":{"mods":["AchievementEnabler","BaseMod","Colored Map","Downfall","Hermit","Hubris","Minty Spire (QoL Compilation)","Quick Restart","Replay The Spire","StSLib","The Cursed","The Disciple","The Necromancer"],"gold_per_floor":[117,17,27,102,120,145,145,177,200,237,68,92,38,68,68,183,183,210,240,240,265,29,29,66,93,93,121,146,181,181,214,214,322,322,350,350,371,371,220,220,248,291,291,167,198,147,147,175,175,189],"floor_reached":51,"language":"ENG","playtime":32928,"items_purged":["hubris:Compulsion"],"score":771,"play_id":"080379aa-af1f-4a9f-bfa1-8ec7b0d1b5e7","local_time":"20210224100110","is_ascension_mode":false,"campfire_choices":[{"floor":15,"key":"REST"},{"data":"Self Repair","floor":23,"key":"SMITH"},{"floor":32,"key":"REST"},{"data":"Secret Weapon","floor":40,"key":"SMITH"},{"data":"Glacier","floor":47,"key":"SMITH"},{"floor":49,"key":"REST"}],"circlet_count":0,"master_deck":["Strike_B","Strike_B","Strike_B","Strike_B","Defend_B+1","Defend_B","Defend_B","Defend_B","Zap","Dualcast","Go for the Eyes","Self Repair+1","Coolheaded","Ball Lightning","Ball Lightning","ReplayTheSpireMod:Calculation Training","Glacier+1","Secret Weapon+1","Sweeping Beam","Streamline","Biased Cognition+1","Gash+1","Hologram+1","FIFO Queue+1","Loop+1","Go for the Eyes","Creative AI+1","Ball Lightning+1","Beam Cell+1","Leap+1","Gash+1","Electrodynamics+1","Cold Snap","Ball Lightning+1","Coolheaded+1","Conserve Battery+1","Barrage+1"],"relics":["Cracked Core","Calipers","Frozen Egg 2","Replay:Bandana","Potion Belt","Durian","Cursed Key","Replay:Baseball","PreservedInsect","Toxic Egg 2","sneckomod:BabySnecko","Inserter","ClockworkSouvenir","Gambling Chip","Kunai"],"acts_visited":["Exordium","TheCity","TheBeyond"],"potions_floor_usage":[14,14,16,24,29,50,50,50],"damage_taken":[{"damage":6,"enemies":"Jaw Worm","floor":1,"turns":3},{"damage":5,"enemies":"Small Slimes","floor":3,"turns":3},{"damage":1,"enemies":"Cultist","floor":5,"turns":3},{"damage":30,"enemies":"3 Sentries","floor":6,"turns":7},{"damage":16,"enemies":"Replay:BlueRogue","floor":8,"turns":5},{"damage":7,"enemies":"3 Sentries","floor":10,"turns":11},{"damage":2,"enemies":"Blue Slaver","floor":12,"turns":3},{"damage":7,"enemies":"Large Slime","floor":14,"turns":3},{"damage":0,"enemies":"Fading Forest","floor":16,"turns":11},{"damage":16,"enemies":"3 Byrds","floor":18,"turns":3},{"damage":10,"enemies":"Shell Parasite","floor":19,"turns":5},{"damage":7,"enemies":"Snake Plant","floor":21,"turns":4},{"damage":32,"enemies":"Slavers","floor":24,"turns":5},{"damage":13,"enemies":"Cultist and Chosen","floor":25,"turns":6},{"damage":2,"enemies":"Snecko","floor":27,"turns":4},{"damage":19,"enemies":"Sentry and Sphere","floor":28,"turns":4},{"damage":22,"enemies":"Chosen and Byrds","floor":29,"turns":4},{"damage":14,"enemies":"Centurion and Healer","floor":31,"turns":6},{"damage":5,"enemies":"Automaton","floor":33,"turns":9},{"damage":4,"enemies":"3 Shapes","floor":35,"turns":3},{"damage":8,"enemies":"Orb Walker","floor":37,"turns":3},{"damage":0,"enemies":"Spire Growth","floor":41,"turns":5},{"damage":2,"enemies":"Giant Head","floor":42,"turns":7},{"damage":14,"enemies":"4 Shapes","floor":45,"turns":2},{"damage":26,"enemies":"3 Darklings","floor":48,"turns":3},{"damage":19,"enemies":"Time Eater","floor":50,"turns":11}],"seed_played":"6856003549608209016","potions_obtained":[{"floor":1,"key":"Toxic Potion"},{"floor":10,"key":"Fire Potion"},{"floor":12,"key":"DuplicationPotion"},{"floor":18,"key":"champ:CounterPotion"},{"floor":27,"key":"sneckomod:MuddlingPotion"},{"floor":33,"key":"Doom Potion"},{"floor":37,"key":"SneckoOil"},{"floor":48,"key":"LiquidBronze"}],"is_trial":false,"path_per_floor":["M","$","M","?","M","E","?","E","T","E","$","M","?","M","R_BF","B",null,"M","M","$","M","$","R","E","M","T","M","M","M","?","M","R","B",null,"M","?","M","?","$","R","M","E","T","$","M","$","R","M","R","B",null],"character_chosen":"DEFECT","items_purchased":["Self Repair","Coolheaded","Secret Weapon","Replay:Baseball","Loop+1","Go for the Eyes","ClockworkSouvenir","PowerPotion","Conserve Battery+1"],"campfire_rested":3,"item_purchase_floors":[2,2,11,22,22,22,39,44,46],"current_hp_per_floor":[76,76,78,67,73,50,50,41,41,41,41,46,51,51,77,84,87,78,75,75,75,75,75,53,50,50,58,49,27,27,23,49,44,87,83,83,75,75,75,75,85,87,87,87,73,73,73,57,83,74],"gold":189,"neow_bonus":"TEN_PERCENT_HP_BONUS","is_daily":false,"chose_seed":false,"campfire_upgraded":3,"win_rate":0.0,"timestamp":1614178870,"path_taken":["M","$","M","?","M","E","?","E","T","E","$","M","?","?","R_BF","BOSS","M","M","$","M","$","R","E","M","T","M","M","M","?","M","R","BOSS","M","?","M","?","$","R","?","E","T","?","M","$","R","?","R","BOSS"],"items_purchased_type":["Card","Card","Card","Relic","Card","Card","Relic","Potion","Card"],"build_version":"2020-12-22","purchased_purges":1,"victory":true,"max_hp_per_floor":[82,82,82,82,82,82,82,82,82,82,82,82,87,87,87,87,87,87,87,87,87,87,87,87,87,87,87,87,87,87,87,87,87,87,87,87,87,87,87,87,87,87,87,87,87,87,87,87,87,87],"card_choices":[{"not_picked":["Darkness","Compile Driver"],"picked":"Go for the Eyes","floor":1},{"not_picked":["Steam","Go for the Eyes"],"picked":"Ball Lightning","floor":3},{"not_picked":["Redo","Reprogram"],"picked":"Ball Lightning","floor":5},{"not_picked":["Fusion","Panic Button"],"picked":"ReplayTheSpireMod:Calculation Training","floor":6},{"not_picked":["Coolheaded","ReplayTheSpireMod:Fabricate Wheel"],"picked":"Glacier","floor":8},{"not_picked":["Stack","BasicCrystalCard","Doom and Gloom"],"picked":"SKIP","floor":10},{"not_picked":["ReplaySolidLightProjector","Stack"],"picked":"Sweeping Beam","floor":12},{"not_picked":["Sweeping Beam","Hologram"],"picked":"Streamline","floor":14},{"not_picked":["Creative AI+1","Amplify"],"picked":"Biased Cognition+1","floor":16},{"not_picked":["Genetic Algorithm+1","Ball Lightning"],"picked":"Gash+1","floor":18},{"not_picked":["ReplaySort","Compile Driver+1"],"picked":"Hologram+1","floor":19},{"not_picked":["Hologram","Beam Cell"],"picked":"FIFO Queue+1","floor":21},{"not_picked":["Gash+1","Ball Lightning"],"picked":"Creative AI+1","floor":24},{"not_picked":["Coolheaded","Panic Button"],"picked":"Ball Lightning+1","floor":25},{"not_picked":["Heatsinks+1","Hologram+1"],"picked":"Beam Cell+1","floor":27},{"not_picked":["Stack+1","Auto Shields+1"],"picked":"Leap+1","floor":28},{"not_picked":["Sweeping Beam+1","BasicCrystalCard+1"],"picked":"Gash+1","floor":29},{"not_picked":["Crystallizer+1","Stack+1","BasicCrystalCard+1"],"picked":"SKIP","floor":31},{"not_picked":["hubris:SpecializedCircuitry+1","Multi-Cast+1"],"picked":"Electrodynamics+1","floor":33},{"not_picked":["Redo+1","Reinforced Body+1"],"picked":"Cold Snap","floor":35},{"not_picked":["BasicCrystalCard+1","Sweeping Beam"],"picked":"Ball Lightning+1","floor":37},{"not_picked":["hubris:SpecializedCircuitry+1","Lockon","Hologram+1"],"picked":"SKIP","floor":41},{"not_picked":["Redo+1","Compile Driver+1","BasicCrystalCard+1"],"picked":"SKIP","floor":42},{"not_picked":["BasicCrystalCard+1","Genetic Algorithm+1"],"picked":"Coolheaded+1","floor":45},{"not_picked":["BasicCrystalCard+1","Panic Button+1"],"picked":"Barrage+1","floor":48}],"player_experience":24158,"relics_obtained":[{"floor":6,"key":"Calipers"},{"floor":8,"key":"Frozen Egg 2"},{"floor":9,"key":"Replay:Bandana"},{"floor":10,"key":"Potion Belt"},{"floor":24,"key":"PreservedInsect"},{"floor":26,"key":"Toxic Egg 2"},{"floor":42,"key":"Gambling Chip"},{"floor":43,"key":"Kunai"}],"event_choices":[{"damage_healed":0,"gold_gain":75,"player_choice":"Gather Gold","damage_taken":11,"max_hp_gain":0,"max_hp_loss":0,"event_name":"World of Goop","floor":4,"gold_loss":0},{"damage_healed":0,"gold_gain":0,"player_choice":"Paid Gold","damage_taken":0,"relics_obtained":["Durian"],"max_hp_gain":0,"max_hp_loss":0,"event_name":"WeMeetAgain","floor":13,"gold_loss":54},{"damage_healed":0,"gold_gain":0,"player_choice":"Ignored","damage_taken":0,"max_hp_gain":0,"max_hp_loss":0,"event_name":"Tomb of Lord Red Mask","floor":36,"gold_loss":0},{"cards_removed":["downfall:Bewildered","ReplayTheSpireMod:Restless Dread"],"damage_healed":0,"gold_gain":0,"player_choice":"Removed Curses","damage_taken":0,"max_hp_gain":0,"max_hp_loss":0,"event_name":"Fountain of Cleansing","floor":38,"gold_loss":0}],"is_beta":false,"boss_relics":[{"not_picked":["Coffee Dripper","Velvet Choker"],"picked":"Cursed Key"},{"not_picked":["Replay:Ancient Bell","FrozenCore"],"picked":"Inserter"}],"items_purged_floors":[44],"is_endless":false,"potions_floor_spawned":[1,10,12,18,27,33,37,48],"ascension_level":0}}