{"host":"tljks8peornvp26t","time":1614197707,"event":{"mods":["AchievementEnabler","BaseMod","Downfall","Marisa????????","Minty Spire (QoL Compilation)","Reliquary","Replay The Spire","StSLib","The Cursed","The Servant 0.9.4"],"gold_per_floor":[110,110,110,39,54,54,54,66,134,134,134,134,134,151,151,248,248,259,11,21,38,53,53,53,53,99,99,118,135,0,19,19,19,19],"floor_reached":33,"language":"ENG","playtime":2212,"items_purged":["Regret"],"score":237,"play_id":"980d57c9-dcd9-4740-a83c-0d8ea45e8eba","local_time":"20210224201507","is_ascension_mode":false,"campfire_choices":[{"data":"SilverBlades","floor":6,"key":"SMITH"},{"data":"Ricochet","floor":10,"key":"SMITH"},{"data":"Defy","floor":13,"key":"SMITH"},{"data":"Revamp","floor":15,"key":"SMITH"},{"floor":23,"key":"REST"},{"data":"Apotheosis","floor":25,"key":"SMITH"},{"floor":32,"key":"REST"}],"circlet_count":0,"master_deck":["Strike_S","Strike_S","Strike_S","Strike_S","Defend_S","Defend_S","Defend_S","KidneyShot","Exchange","Rearm","SilverBlades+1","Ricochet+1","Defy+1","Revamp+1","LightFlow","ShiftingGears+1","GearUp","Apotheosis+1","Defy","Unruled","SoulSculpture","Snipe+1","GearUp+1","Barrier+1","DualDimension+1"],"relics":["SplendidAttire","NeowsBlessing","Quantum Egg","Blue Candle","Shuriken","Oddly Smooth Stone"],"acts_visited":["Exordium","TheCity"],"potions_floor_usage":[16,16,20,21,31],"damage_taken":[{"damage":2,"enemies":"2 Louse","floor":1,"turns":2},{"damage":0,"enemies":"Small Slimes","floor":5,"turns":1},{"damage":0,"enemies":"Jaw Worm","floor":8,"turns":1},{"damage":18,"enemies":"Gremlin Gang","floor":14,"turns":4},{"damage":18,"enemies":"Slime Boss","floor":16,"turns":7},{"damage":12,"enemies":"3 Byrds","floor":18,"turns":5},{"damage":0,"enemies":"Spheric Guardian","floor":20,"turns":3},{"damage":17,"enemies":"Centurion and Healer","floor":21,"turns":6},{"damage":14,"enemies":"Cultist and Chosen","floor":22,"turns":6},{"damage":0,"enemies":"Snecko","floor":28,"turns":3},{"damage":14,"enemies":"Shelled Parasite and Fungi","floor":29,"turns":4},{"damage":2,"enemies":"3 Cultists","floor":31,"turns":5},{"damage":45,"enemies":"Collector","floor":33,"turns":8}],"seed_played":"-2330860597460905938","potions_obtained":[{"floor":5,"key":"Adrenaline Potion"},{"floor":14,"key":"BlessingOfTheForge"},{"floor":16,"key":"LiquidMemories"},{"floor":20,"key":"LifebloodPotion"},{"floor":22,"key":"Elixir"},{"floor":29,"key":"PowerPotion"}],"is_trial":false,"path_per_floor":["M","$","?","$","M","R","?","M","T","R","?","T","R","M","R","B",null,"M","$","M","M","M","R","?","R","T","?","M","M","$","M","R","B"],"character_chosen":"THE_SERVANT","items_purchased":["SilverBlades","GearUp","Apotheosis","Barrier+1"],"campfire_rested":2,"item_purchase_floors":[4,19,19,30],"current_hp_per_floor":[63,63,63,63,63,63,63,63,63,63,58,58,58,40,40,22,65,53,53,53,36,22,41,41,41,41,41,41,27,27,25,44,0,0],"gold":19,"neow_bonus":"THREE_ENEMY_KILL","is_daily":false,"chose_seed":false,"campfire_upgraded":5,"win_rate":0.0,"timestamp":1614197707,"path_taken":["M","$","?","$","M","R","?","M","T","R","?","?","R","?","R","BOSS","M","$","?","M","M","R","?","R","T","?","?","M","?","M","R","BOSS"],"items_purchased_type":["Card","Card","Card","Card"],"build_version":"2020-12-22","purchased_purges":1,"victory":false,"max_hp_per_floor":[65,65,65,65,65,65,65,65,65,65,65,65,65,65,65,65,65,65,65,65,65,65,65,65,65,65,65,65,65,65,65,65,65,65],"card_choices":[{"not_picked":["Desolation","ReturningBlade"],"picked":"Rearm","floor":1},{"not_picked":["FastForward","Sabotage"],"picked":"Ricochet","floor":5},{"not_picked":["Starlight","Ricochet"],"picked":"Defy","floor":8},{"not_picked":["Duplication","Foresight"],"picked":"Revamp","floor":14},{"not_picked":["Dilation","SoulSculpture"],"picked":"LightFlow","floor":16},{"not_picked":["Defy","Starlight+1"],"picked":"ShiftingGears+1","floor":18},{"not_picked":["BottledTime","Foresight"],"picked":"BestPractice","floor":20},{"not_picked":["Spin","Misdirection"],"picked":"Defy","floor":21},{"not_picked":["Rewind","ShatteredReality"],"picked":"Unruled","floor":22},{"not_picked":["Revamp+1","TimeWarp"],"picked":"Snipe+1","floor":28},{"not_picked":["FastForward","Alleviate"],"picked":"GearUp+1","floor":29},{"not_picked":["Defy","DoubleEdge"],"picked":"DualDimension+1","floor":31}],"player_experience":171056,"relics_obtained":[{"floor":12,"key":"Shuriken"},{"floor":26,"key":"Oddly Smooth Stone"}],"event_choices":[{"damage_healed":0,"gold_gain":0,"player_choice":"Box","damage_taken":0,"relics_obtained":["Quantum Egg"],"max_hp_gain":0,"max_hp_loss":0,"event_name":"Big Fish","floor":3,"gold_loss":0,"cards_obtained":["Regret"]},{"damage_healed":0,"gold_gain":0,"cards_transformed":["BestPractice"],"player_choice":"Transformed","damage_taken":0,"max_hp_gain":0,"max_hp_loss":0,"event_name":"Transmorgrifier","floor":27,"gold_loss":0,"cards_obtained":["SoulSculpture"]}],"is_beta":false,"boss_relics":[{"not_picked":["reliquary:RedCape","Runic Pyramid"],"picked":"SplendidAttire"}],"items_purged_floors":[30],"is_endless":false,"potions_floor_spawned":[5,14,16,20,22,29],"killed_by":"Collector","ascension_level":0}}