{"host":"w9njud19qyl0lpz1","time":1614194385,"event":{"mods":["BaseMod","Infinite Spire","Minty Spire (QoL Compilation)","StSLib"],"gold_per_floor":[110,123,123,141,158,158,186,204,204,479,491,517,517,297,297,396,396,411,430,207,224,224,240,240,273,273,15,27,27,40,69,69,176,176,193,209,209,209,229,229,240,282,342,365,377,403,415,441,453,469],"floor_reached":51,"language":"ENG","playtime":9628,"items_purged":["Regret","Creative AI","Streamline","Hello World","Force Field"],"score":738,"play_id":"9696c10a-7386-43a9-8cf9-eb281427715a","local_time":"20210224141945","is_ascension_mode":false,"campfire_choices":[{"floor":6.0,"key":"REST"},{"data":"infinitespire:DeathsTouch","floor":13.0,"key":"SMITH"},{"data":"Zap","floor":15.0,"key":"SMITH"},{"data":"Double Energy","floor":24.0,"key":"SMITH"},{"data":"Buffer","floor":29.0,"key":"SMITH"},{"data":"infinitespire:SevenWalls","floor":32.0,"key":"SMITH"},{"data":"Streamline","floor":40.0,"key":"SMITH"},{"data":"Auto Shields","floor":45.0,"key":"SMITH"},{"data":"Self Repair","floor":47.0,"key":"SMITH"},{"floor":49.0,"key":"REST"}],"circlet_count":0,"master_deck":["Zap+1","Dualcast","Capacitor","Leap","infinitespire:DeathsTouch+1","FTL","Chaos+1","Streamline+1","Conserve Battery","Ball Lightning","Thunder Strike","Buffer+1","Steam","Turbo","Echo Form","Lockon+1","Double Energy+1","Self Repair+1","Steam","infinitespire:TheBestDefense","infinitespire:SevenWalls+1","Sweeping Beam+1","Chill","Stack+1","Electrodynamics","Undo","Auto Shields+1","Barrage+1","Compile Driver+1"],"relics":["Cracked Core","Vajra","HornCleat","Nunchaku","Runic Capacitor","Pandora\u0027s Box","Membership Card","Mango","Red Mask","infinitespire:Freezer","Lee\u0027s Waffle","infinitespire:Midas Blood","Cables","SacredBark","Bottled Tornado","MawBank","Dream Catcher"],"acts_visited":["Exordium","TheCity","TheBeyond"],"potions_floor_usage":[50],"damage_taken":[{"damage":7.0,"enemies":"2 Louse","floor":1.0,"turns":2.0},{"damage":6.0,"enemies":"infinitespire:Voidling","floor":2.0,"turns":4.0},{"damage":0.0,"enemies":"Cultist","floor":4.0,"turns":2.0},{"damage":0.0,"enemies":"Lots of Slimes","floor":5.0,"turns":1.0},{"damage":12.0,"enemies":"Lagavulin","floor":7.0,"turns":6.0},{"damage":3.0,"enemies":"3 Louse","floor":8.0,"turns":2.0},{"damage":0.0,"enemies":"Blue Slaver","floor":11.0,"turns":3.0},{"damage":4.0,"enemies":"3 Sentries","floor":12.0,"turns":3.0},{"damage":22.0,"enemies":"The Guardian","floor":16.0,"turns":7.0},{"damage":10.0,"enemies":"2 Thieves","floor":18.0,"turns":3.0},{"damage":10.0,"enemies":"Chosen","floor":19.0,"turns":3.0},{"damage":19.0,"enemies":"Shelled Parasite and Fungi","floor":21.0,"turns":5.0},{"damage":4.0,"enemies":"Sentry and Sphere","floor":23.0,"turns":6.0},{"damage":0.0,"enemies":"Masked Bandits","floor":25.0,"turns":3.0},{"damage":0.0,"enemies":"Cultist and Chosen","floor":28.0,"turns":3.0},{"damage":0.0,"enemies":"Chosen and Byrds","floor":30.0,"turns":4.0},{"damage":15.0,"enemies":"Slavers","floor":31.0,"turns":5.0},{"damage":16.0,"enemies":"Collector","floor":33.0,"turns":8.0},{"damage":0.0,"enemies":"3 Shapes","floor":35.0,"turns":2.0},{"damage":0.0,"enemies":"3 Darklings","floor":36.0,"turns":3.0},{"damage":3.0,"enemies":"4 Shapes","floor":39.0,"turns":2.0},{"damage":0.0,"enemies":"Maw","floor":41.0,"turns":5.0},{"damage":54.0,"enemies":"Nightmare","floor":42.0,"turns":8.0},{"damage":0.0,"enemies":"Jaw Worm Horde","floor":44.0,"turns":2.0},{"damage":12.0,"enemies":"Sphere and 2 Shapes","floor":46.0,"turns":5.0},{"damage":0.0,"enemies":"3 Darklings","floor":48.0,"turns":4.0},{"damage":11,"enemies":"Awakened One","floor":50,"turns":10}],"seed_played":"6200669198820218346","potions_obtained":[{"floor":0.0,"key":"AttackPotion"},{"floor":0.0,"key":"Explosive Potion"},{"floor":0.0,"key":"Fire Potion"},{"floor":5.0,"key":"SkillPotion"},{"floor":11.0,"key":"SteroidPotion"},{"floor":16.0,"key":"AttackPotion"},{"floor":23.0,"key":"Swift Potion"},{"floor":25.0,"key":"PotionOfCapacity"},{"floor":28.0,"key":"PowerPotion"},{"floor":30.0,"key":"Strength Potion"},{"floor":33.0,"key":"ColorlessPotion"},{"floor":36.0,"key":"Block Potion"},{"floor":41.0,"key":"PowerPotion"},{"floor":42.0,"key":"DistilledChaos"},{"floor":46.0,"key":"SpeedPotion"}],"is_trial":false,"path_per_floor":["M","M","?","M","M","R","E","M","T","?","M","E","R","$","R","B",null,"M","M","$","M","AVR","M","R","?","T","$","M","R","M","E","R","B",null,"M","M","?","AVR","M","R","M","NM","T","M","R","M","R","M","R","B",null],"character_chosen":"DEFECT","items_purchased":["Runic Capacitor","Membership Card","Self Repair","Lee\u0027s Waffle","infinitespire:Midas Blood"],"campfire_rested":2,"item_purchase_floors":[14,20,20,27,27],"current_hp_per_floor":[68,62,45,45,45,67,55,52,52,52,52,48,48,48,48,26,75,65,55,55,43,57,60,60,60,60,96,96,96,96,88,88,79,96,96,96,96,96,93,93,96,42,42,42,42,37,37,47,75,74],"gold":481,"neow_bonus":"THREE_SMALL_POTIONS","is_daily":false,"chose_seed":false,"campfire_upgraded":8,"win_rate":0.0,"timestamp":1614194385,"path_taken":["M","M","?","M","M","R","E","M","T","?","M","E","R","$","R","BOSS","M","?","?","?","AVR","M","R","?","T","$","M","R","M","E","R","BOSS","M","M","?","AVR","M","R","M","NM","T","M","R","?","R","M","R","BOSS"],"items_purchased_type":["Relic","Relic","Card","Relic","Relic"],"build_version":"2020-12-22","purchased_purges":5,"victory":true,"max_hp_per_floor":[75,75,75,75,75,75,75,75,75,75,75,75,75,75,75,75,75,75,75,75,75,89,89,89,89,89,96,96,96,96,96,96,96,96,96,96,96,96,96,96,96,96,96,96,96,96,96,96,96,96],"card_choices":[{"not_picked":["Hologram","Sunder"],"picked":"Capacitor","floor":1.0},{"not_picked":["Reinforced Body","Sunder"],"picked":"Leap","floor":2.0},{"not_picked":["infinitespire:SealOfDarkness+","infinitespire:Collect"],"picked":"infinitespire:DeathsTouch","floor":3.0},{"not_picked":["Capacitor","Machine Learning","Stack"],"picked":"SKIP","floor":4.0},{"not_picked":["Blizzard","Hologram"],"picked":"FTL","floor":5.0},{"not_picked":["Tempest","Conserve Battery"],"picked":"Chaos","floor":7.0},{"not_picked":["Steam","Stack"],"picked":"Streamline","floor":8.0},{"not_picked":["Redo","Reinforced Body"],"picked":"Conserve Battery","floor":11.0},{"not_picked":["Beam Cell","Steam"],"picked":"Ball Lightning","floor":12.0},{"not_picked":["Core Surge","All For One"],"picked":"Creative AI","floor":16.0},{"not_picked":["Rebound","Cold Snap+1"],"picked":"Lockon+1","floor":18.0},{"not_picked":["Compile Driver","Ball Lightning+1"],"picked":"Double Energy","floor":19.0},{"not_picked":["Beam Cell","Heatsinks"],"picked":"Steam","floor":21.0},{"not_picked":["Streamline","Go for the Eyes","Stack"],"picked":"SKIP","floor":23.0},{"not_picked":["Lockon","Loop"],"picked":"Sweeping Beam+1","floor":25.0},{"not_picked":["Coolheaded+1","Sweeping Beam"],"picked":"Chill","floor":28.0},{"not_picked":["Machine Learning","Steam+1","Reprogram"],"picked":"SKIP","floor":30.0},{"not_picked":["Rebound","Reinforced Body"],"picked":"Stack+1","floor":31.0},{"not_picked":["Echo Form","Buffer"],"picked":"Electrodynamics","floor":33.0},{"not_picked":["Static Discharge+1","Coolheaded+1","Gash"],"picked":"SKIP","floor":35.0},{"not_picked":["Double Energy","Skim","Cold Snap"],"picked":"SKIP","floor":36.0},{"not_picked":["Compile Driver+1","Biased Cognition"],"picked":"Undo","floor":39.0},{"not_picked":["Go for the Eyes","Chill","Storm"],"picked":"SKIP","floor":41.0},{"not_picked":["Steam+1","Glacier","Hologram+1"],"picked":"SKIP","floor":42.0},{"not_picked":["Redo+1","Reinforced Body"],"picked":"Auto Shields","floor":44.0},{"not_picked":["Melter","Coolheaded+1"],"picked":"Barrage+1","floor":46.0},{"not_picked":["Coolheaded+1","Rebound+1","Gash"],"picked":"SKIP","floor":48.0},{"not_picked":["Core Surge","Streamline"],"picked":"Compile Driver+1","floor":49.0}],"player_experience":2527790,"relics_obtained":[{"floor":7.0,"key":"Vajra"},{"floor":9.0,"key":"HornCleat"},{"floor":12.0,"key":"Nunchaku"},{"floor":25.0,"key":"Red Mask"},{"floor":26.0,"key":"infinitespire:Freezer"},{"floor":31.0,"key":"Cables"},{"floor":42.0,"key":"MawBank"},{"floor":43.0,"key":"Dream Catcher"}],"event_choices":[{"damage_healed":0.0,"max_hp_gain":0.0,"max_hp_loss":0.0,"gold_gain":275.0,"event_name":"Golden Shrine","player_choice":"Desecrate","floor":10.0,"gold_loss":0.0,"damage_taken":0.0,"cards_obtained":["Regret"]},{"damage_healed":0.0,"max_hp_gain":0.0,"max_hp_loss":0.0,"gold_gain":0.0,"event_name":"Masked Bandits","player_choice":"Fought Bandits","floor":25.0,"gold_loss":0.0,"damage_taken":0.0},{"damage_healed":0.0,"max_hp_gain":0.0,"max_hp_loss":0.0,"gold_gain":0.0,"event_name":"Upgrade Shrine","player_choice":"Upgraded","floor":37.0,"gold_loss":0.0,"damage_taken":0.0,"cards_upgraded":["Chaos"]}],"is_beta":false,"boss_relics":[{"not_picked":["Sozu","Snecko Eye"],"picked":"Pandora\u0027s Box"},{"not_picked":["Black Star","Cursed Key"],"picked":"SacredBark"}],"items_purged_floors":[14,20,22,27,38],"is_endless":false,"potions_floor_spawned":[4,5,11,16,23,25,28,30,33,36,41,42,46],"ascension_level":0}}