{"host":"og21o26alpnbwmz8","time":1614180671,"event":{"mods":["2.2 Compatiblity","Act Like it!","Aspiration","BaseMod","Conspire","Downfall","Gensokyo","Halation","Hermit","Hubris","Jedi Mod","Mimic Mod","Minty Spire (QoL Compilation)","Pale of the Ancients","Reliquary","Replay The Spire","Shop Mod","Spikes Relics","StSLib","The Alterego","The Animator","The Blue Laboratory","The Bug Knight","Waifu the Spire","Yuri Mod"],"gold_per_floor":[111,130,147,159,129,129,144,144,144,164,178,178,195,195,195,293,293,293,293],"floor_reached":18,"language":"ENG","playtime":505,"items_purged":[],"score":156,"play_id":"2221f28f-c817-4af4-adb6-f81da6143548","local_time":"20210224103111","is_ascension_mode":false,"campfire_choices":[{"data":"HollowMod:TaintedHusks","floor":6,"key":"SMITH"},{"data":"HollowMod:TaintedHusks","floor":8,"key":"SMITH"},{"data":"HollowMod:QuickDashStart","floor":12,"key":"SMITH"},{"data":"HollowMod:NailStrikeStart","floor":15,"key":"PURGE"}],"circlet_count":0,"master_deck":["HollowMod:FocusHealStart","HollowMod:PogoStrike","HollowMod:SoulVessel","HollowMod:TaintedHusks+1","HollowMod:TaintedHusks+1","HollowMod:PaleKingsBlessing","HollowMod:TaintedHusks","HollowMod:Weaversong","HollowMod:InfectedAttack","HollowMod:InfectedAttack","HollowMod:WhiteLadysBlessing","HollowMod:PureNailStrike","HollowMod:DungDefenderAura"],"relics":["HollowMod:VesselMask","NeowsBlessing","hubris:BundleOfHerbs","Pandora\u0027s Box"],"acts_visited":["Exordium","TheCity"],"potions_floor_usage":[4,16,16],"damage_taken":[{"damage":0,"enemies":"Cultist","floor":1,"turns":1},{"damage":0,"enemies":"Small Slimes","floor":2,"turns":1},{"damage":0,"enemies":"conspire:RoseBush","floor":3,"turns":1},{"damage":5,"enemies":"Looter","floor":4,"turns":4},{"damage":1,"enemies":"3 Louse","floor":7,"turns":2},{"damage":1,"enemies":"Exordium Thugs","floor":10,"turns":4},{"damage":12,"enemies":"Looter","floor":11,"turns":3},{"damage":11,"enemies":"3 Louse","floor":13,"turns":3},{"damage":57,"enemies":"HollowMod:FalseKnight","floor":16,"turns":8},{"damage":0,"enemies":"conspire:FuzzyDice","floor":18,"turns":1}],"seed_played":"-2164716980752436677","potions_obtained":[{"floor":1,"key":"SteroidPotion"},{"floor":2,"key":"blueLaboratory:RecallPotion"},{"floor":3,"key":"blueLaboratory:EmptyBottle"},{"floor":5,"key":"Cursed Concoction"},{"floor":5,"key":"CultistPotion"},{"floor":13,"key":"SkillPotion"}],"is_trial":false,"path_per_floor":["M","M","M","M","?","R","M","R","T","M","M","R","M","?","R","B",null,"M"],"character_chosen":"THE_BUGKNIGHT","items_purchased":[],"campfire_rested":0,"item_purchase_floors":[],"current_hp_per_floor":[75,75,75,75,75,75,74,74,74,75,69,69,58,58,58,7,75,75,75],"gold":293,"neow_bonus":"THREE_ENEMY_KILL","is_daily":false,"chose_seed":false,"campfire_upgraded":3,"win_rate":0.0,"timestamp":1614180671,"path_taken":["M","M","M","M","?","R","?","R","T","M","M","R","M","?","R","BOSS","M"],"items_purchased_type":[],"build_version":"2020-12-22","purchased_purges":0,"victory":false,"max_hp_per_floor":[75,75,75,75,75,75,75,75,75,75,75,75,75,75,75,75,75,75,75],"card_choices":[{"not_picked":["HollowMod:BlackTendrils","HollowMod:SiblingsSouls"],"picked":"HollowMod:SoulVessel","floor":1},{"not_picked":["HollowMod:SiblingsShadow","HollowMod:DreamGate"],"picked":"HollowMod:TaintedHusks","floor":2},{"not_picked":["HollowMod:SharpenedShadows","HollowMod:CloakDash","HollowMod:CornifersMapStart"],"picked":"SKIP","floor":3},{"not_picked":["HollowMod:Weaversong","HollowMod:VengefulSpirit"],"picked":"HollowMod:TaintedHusks","floor":4},{"not_picked":["HollowMod:VengefulVoid","HollowMod:MonarchWings","HollowMod:SiblingsSouls"],"picked":"SKIP","floor":7},{"not_picked":["HollowMod:NewLittleFool","HollowMod:CycloneSlash","HollowMod:CloakDash"],"picked":"SKIP","floor":10},{"not_picked":["HollowMod:HowlingWraiths","HollowMod:SharpenedNail","HollowMod:SiblingsShadow"],"picked":"SKIP","floor":11},{"not_picked":["HollowMod:SoulSplash","HollowMod:CycloneSlash","HollowMod:LifebloodCocoon"],"picked":"SKIP","floor":13},{"not_picked":["HollowMod:Hiveblood","HollowMod:WhiteLadysBlessing"],"picked":"HollowMod:PaleKingsBlessing","floor":16}],"player_experience":424613,"relics_obtained":[{"floor":9,"key":"hubris:BundleOfHerbs"}],"event_choices":[{"damage_healed":0,"gold_gain":0,"player_choice":"Bought 2 Potions","damage_taken":0,"max_hp_gain":0,"max_hp_loss":0,"event_name":"The Woman in Blue","floor":5,"gold_loss":0},{"damage_healed":0,"gold_gain":0,"player_choice":"0 cards matched","damage_taken":0,"max_hp_gain":0,"max_hp_loss":0,"event_name":"Match and Keep!","floor":14,"gold_loss":0,"cards_obtained":[]}],"is_beta":false,"boss_relics":[{"not_picked":["Ring of Chaos","conspire:SeveredTorchhead"],"picked":"Pandora\u0027s Box"}],"items_purged_floors":[],"is_endless":false,"potions_floor_spawned":[1,2,3,10,13],"killed_by":"conspire:FuzzyDice","ascension_level":0}}