{"host":"fff5e1uasnm04x18","time":1614193386,"event":{"mods":["BaseMod","Highlight Path","Minty Spire (QoL Compilation)","StSLib"],"gold_per_floor":[13,13,13,13,34,34,67,67,67,67,88,88,131,155,155,274,274,297,318,85,0,0,0,90,90,160,160,179,195,209,253,253,374,374,387,387,146,209,209,243,193,193,219,552,26,26,26,56,56,76],"floor_reached":51,"language":"ENG","playtime":3802,"items_purged":["Regret","Strike_G","Strike_G","Strike_G"],"score":855,"play_id":"d4e5564e-bd97-4625-bbf0-e09a431b326d","local_time":"20210224140306","is_ascension_mode":true,"campfire_choices":[{"floor":6,"key":"REST"},{"floor":12,"key":"REST"},{"floor":15,"key":"REST"},{"data":"Noxious Fumes","floor":23,"key":"SMITH"},{"floor":25,"key":"REST"},{"data":"Venomology","floor":27,"key":"SMITH"},{"data":"Noxious Fumes","floor":32,"key":"SMITH"},{"data":"Apotheosis","floor":42,"key":"SMITH"},{"data":"Malaise","floor":46,"key":"SMITH"},{"data":"Bullet Time","floor":49,"key":"SMITH"}],"circlet_count":0,"master_deck":["Strike_G+1","Strike_G","Defend_G","Defend_G","Defend_G","Defend_G","Defend_G","Survivor","Neutralize","Noxious Fumes+1","Bouncing Flask","Malaise+1","Heel Hook","Venomology+1","Footwork","Crippling Poison","Footwork","Finesse","Flash of Steel+1","Finesse","Dramatic Entrance","Noxious Fumes+1","Night Terror","Sadistic Nature","Apotheosis+1","Magnetism","Crippling Poison","Madness","Madness","Magnetism","Night Terror","Dramatic Entrance","Bullet Time+1","Catalyst+1"],"relics":["Ring of the Snake","Pocketwatch","Ginger","HornCleat","Unceasing Top","Eternal Feather","Smiling Mask","SacredBark","Toy Ornithopter","Singing Bowl","Akabeko","SlaversCollar","Lee\u0027s Waffle","StoneCalendar","WingedGreaves","Ancient Tea Set","Snake Skull","Whetstone"],"acts_visited":["Exordium","TheCity","TheBeyond"],"potions_floor_usage":[13,19,28,28,29,29,31,33,35,38,40,48,48,50,50,50],"damage_taken":[{"damage":0,"enemies":"Jaw Worm","floor":1,"turns":7},{"damage":4,"enemies":"Small Slimes","floor":5,"turns":3},{"damage":19,"enemies":"3 Sentries","floor":7,"turns":8},{"damage":0,"enemies":"Cultist","floor":11,"turns":3},{"damage":39,"enemies":"Lagavulin","floor":13,"turns":6},{"damage":5,"enemies":"Exordium Wildlife","floor":14,"turns":3},{"damage":31,"enemies":"Hexaghost","floor":16,"turns":11},{"damage":17,"enemies":"Shell Parasite","floor":18,"turns":9},{"damage":14,"enemies":"3 Byrds","floor":19,"turns":7},{"damage":0,"enemies":"Centurion and Healer","floor":28,"turns":4},{"damage":9,"enemies":"Cultist and Chosen","floor":29,"turns":4},{"damage":18,"enemies":"3 Cultists","floor":30,"turns":5},{"damage":44,"enemies":"Slavers","floor":31,"turns":9},{"damage":54,"enemies":"Automaton","floor":33,"turns":10},{"damage":34,"enemies":"3 Darklings","floor":35,"turns":4},{"damage":1,"enemies":"Mind Bloom Boss Battle","floor":38,"turns":8},{"damage":6,"enemies":"Giant Head","floor":40,"turns":7},{"damage":17,"enemies":"Reptomancer","floor":48,"turns":4},{"damage":60,"enemies":"Awakened One","floor":50,"turns":11}],"seed_played":"-6964803344549523400","potions_obtained":[{"floor":1,"key":"AttackPotion"},{"floor":11,"key":"EssenceOfSteel"},{"floor":13,"key":"CunningPotion"},{"floor":18,"key":"Regen Potion"},{"floor":19,"key":"Poison Potion"},{"floor":31,"key":"Dexterity Potion"},{"floor":48,"key":"Dexterity Potion"}],"is_trial":false,"path_per_floor":["M","$","?","?","M","R","E","?","T","$","M","R","E","M","R","B",null,"M","M","$","?","$","R","?","R","T","R","M","M","M","E","R","B",null,"M","?","$","?","?","E","$","R","T","?","$","R","?","E","R","B",null],"character_chosen":"THE_SILENT","items_purchased":["Toy Ornithopter","Footwork","Crippling Poison","Lee\u0027s Waffle","Snake Skull","Magnetism","Night Terror"],"campfire_rested":4,"item_purchase_floors":[20,20,37,37,45,45,45],"current_hp_per_floor":[70,70,53,53,49,70,51,39,39,39,39,69,30,25,55,24,70,53,39,39,39,39,51,9,42,42,54,64,63,47,62,76,27,76,49,39,85,86,75,76,76,89,89,89,89,89,89,72,89,44],"gold":76,"neow_bonus":"ONE_RARE_RELIC","is_daily":false,"chose_seed":false,"campfire_upgraded":6,"win_rate":0.0,"timestamp":1614193386,"path_taken":["M","$","?","?","M","R","E","?","T","$","M","R","E","M","R","BOSS","M","M","$","?","$","R","?","R","T","R","M","?","M","E","R","BOSS","M","?","$","?","?","E","$","R","T","?","$","R","?","E","R","BOSS"],"items_purchased_type":["Relic","Card","Card","Relic","Relic","Card","Card"],"build_version":"2020-12-22","purchased_purges":4,"victory":true,"max_hp_per_floor":[70,70,70,70,70,70,70,70,70,70,70,70,70,70,70,70,70,70,70,70,70,70,70,70,70,70,70,70,72,74,76,76,76,76,78,78,85,87,87,89,89,89,89,89,89,89,89,89,89,89],"card_choices":[{"not_picked":["PiercingWail","Dagger Throw"],"picked":"Noxious Fumes","floor":1},{"not_picked":["Choke","Outmaneuver"],"picked":"Bouncing Flask","floor":5},{"not_picked":["Sucker Punch","Flying Knee"],"picked":"Malaise","floor":7},{"not_picked":["Accuracy","Prepared","Escape Plan"],"picked":"SKIP","floor":11},{"not_picked":["Dagger Throw","PiercingWail"],"picked":"Heel Hook","floor":13},{"not_picked":["Acrobatics","Riddle With Holes","Flying Knee"],"picked":"SKIP","floor":14},{"not_picked":["Unload","Tools of the Trade"],"picked":"Venomology","floor":16},{"not_picked":["Bouncing Flask","Dagger Spray"],"picked":"Footwork","floor":18},{"not_picked":["PiercingWail","Cloak And Dagger+1"],"picked":"Crippling Poison","floor":19},{"not_picked":["Crippling Poison","Masterful Stab"],"picked":"Noxious Fumes","floor":28},{"not_picked":["Dagger Spray","Flying Knee","Deadly Poison+1"],"picked":"Singing Bowl","floor":29},{"not_picked":["Prepared+1","Storm of Steel","Dagger Throw"],"picked":"Singing Bowl","floor":30},{"not_picked":["Dagger Spray+1","Setup","Quick Slash"],"picked":"Singing Bowl","floor":31},{"not_picked":["Glass Knife","Doppelganger"],"picked":"Night Terror","floor":33},{"not_picked":["Deadly Poison","Blade Dance","Predator"],"picked":"Singing Bowl","floor":35},{"not_picked":["Trip","Good Instincts"],"picked":"Sadistic Nature","floor":36},{"not_picked":["Panacea","Purity"],"picked":"Apotheosis","floor":36},{"not_picked":["Secret Weapon","Finesse"],"picked":"Magnetism","floor":36},{"not_picked":["Calculated Gamble+1","Blur+1","Reflex"],"picked":"Singing Bowl","floor":38},{"not_picked":["Underhanded Strike+1","Blur","Flying Knee+1"],"picked":"Singing Bowl","floor":40},{"not_picked":["Outmaneuver+1","Footwork+1"],"picked":"Catalyst+1","floor":48}],"player_experience":601192,"relics_obtained":[{"floor":7,"key":"HornCleat"},{"floor":9,"key":"Eternal Feather"},{"floor":13,"key":"Smiling Mask"},{"floor":26,"key":"Singing Bowl"},{"floor":31,"key":"Akabeko"},{"floor":38,"key":"StoneCalendar"},{"floor":40,"key":"WingedGreaves"},{"floor":43,"key":"Ancient Tea Set"},{"floor":48,"key":"Whetstone"}],"event_choices":[{"damage_healed":0,"gold_gain":0,"player_choice":"Take Damage","damage_taken":17,"relics_obtained":["Golden Idol"],"max_hp_gain":0,"max_hp_loss":0,"event_name":"Golden Idol","floor":3,"gold_loss":0},{"damage_healed":0,"gold_gain":0,"player_choice":"Box","damage_taken":0,"relics_obtained":["Ginger"],"max_hp_gain":0,"max_hp_loss":0,"event_name":"Big Fish","floor":4,"gold_loss":0,"cards_obtained":["Regret"]},{"damage_healed":0,"gold_gain":0,"player_choice":"Success","damage_taken":12,"relics_obtained":["Unceasing Top"],"max_hp_gain":0,"max_hp_loss":0,"event_name":"Scrap Ooze","floor":8,"gold_loss":0},{"damage_healed":0,"gold_gain":0,"player_choice":"Paid Fearfully","damage_taken":0,"max_hp_gain":0,"max_hp_loss":0,"event_name":"Masked Bandits","floor":21,"gold_loss":85},{"damage_healed":0,"gold_gain":90,"player_choice":"GOLD CARD CARD CARD CARD ","damage_taken":42,"max_hp_gain":0,"max_hp_loss":0,"event_name":"Knowing Skull","floor":24,"potions_obtained":[],"gold_loss":0,"cards_obtained":["Finesse","Flash of Steel","Finesse","Dramatic Entrance"]},{"damage_healed":0,"gold_gain":0,"player_choice":"Memory 3","damage_taken":10,"max_hp_gain":0,"max_hp_loss":0,"event_name":"SensoryStone","floor":36,"gold_loss":0},{"damage_healed":0,"gold_gain":0,"player_choice":"Fight","damage_taken":0,"max_hp_gain":0,"max_hp_loss":0,"event_name":"MindBloom","floor":38,"gold_loss":0},{"damage_healed":0,"gold_gain":0,"player_choice":"Embrace Madness","damage_taken":11,"max_hp_gain":0,"max_hp_loss":0,"event_name":"Winding Halls","floor":39,"gold_loss":0,"cards_obtained":["Madness","Madness"]},{"damage_healed":0,"gold_gain":333,"player_choice":"Gave Idol","damage_taken":0,"max_hp_gain":0,"max_hp_loss":0,"event_name":"The Moai Head","floor":44,"relics_lost":["Golden Idol"],"gold_loss":0},{"damage_healed":0,"gold_gain":0,"player_choice":"2 cards matched","damage_taken":0,"max_hp_gain":0,"max_hp_loss":0,"event_name":"Match and Keep!","floor":47,"gold_loss":0,"cards_obtained":["Dramatic Entrance","Bullet Time"]}],"is_beta":false,"boss_relics":[{"not_picked":["Runic Dome","Calling Bell"],"picked":"SacredBark"},{"not_picked":["Fusion Hammer","HoveringKite"],"picked":"SlaversCollar"}],"items_purged_floors":[20,37,41,45],"is_endless":false,"potions_floor_spawned":[1,11,13,18,19,31,40,48],"ascension_level":3}}