{"host":"2se5dq1do2gp0x9k","time":1614137953,"event":{"mods":["AchievementEnabler","BaseMod","Block Reminder","Colored Map","Colored Powertips","Minty Spire (QoL Compilation)","Relic Stats","StSLib","SuperFastMode"],"gold_per_floor":[115,115,115,19,59,123,123,142,142,163,163,187,206,241,241,339,339,354,354,354],"floor_reached":19,"language":"ENG","playtime":558,"items_purged":[],"score":398,"play_id":"4b17c87d-4065-49f3-b07e-e985e3a88e86","local_time":"20210223193913","is_ascension_mode":true,"campfire_choices":[{"data":"Tantrum","floor":7.0,"key":"SMITH"},{"data":"Wish","floor":11.0,"key":"SMITH"},{"data":"MentalFortress","floor":15.0,"key":"SMITH"}],"circlet_count":0,"master_deck":["AscendersBane","Strike_P","Strike_P","Strike_P","Strike_P","Defend_P","Defend_P","Defend_P","Eruption","Vigilance","Tantrum+1","Wish+1","CarveReality","Consecrate","Indignation","ThirdEye","Conclude","Wallop","MentalFortress","MentalFortress+1","Halt"],"relics":["HolyWater","NeowsBlessing","Golden Idol","Eternal Feather","Ornamental Fan","Anchor"],"acts_visited":["Exordium","TheCity"],"potions_floor_usage":[19],"damage_taken":[{"damage":0.0,"enemies":"Jaw Worm","floor":1.0,"turns":1.0},{"damage":0.0,"enemies":"Small Slimes","floor":5.0,"turns":1.0},{"damage":0.0,"enemies":"Lagavulin","floor":6.0,"turns":2.0},{"damage":0.0,"enemies":"Cultist","floor":8.0,"turns":2.0},{"damage":0.0,"enemies":"Exordium Wildlife","floor":10.0,"turns":2.0},{"damage":8.0,"enemies":"Lots of Slimes","floor":12.0,"turns":3.0},{"damage":0.0,"enemies":"Blue Slaver","floor":13.0,"turns":2.0},{"damage":12.0,"enemies":"Gremlin Nob","floor":14.0,"turns":3.0},{"damage":32.0,"enemies":"The Guardian","floor":16.0,"turns":11.0},{"damage":12,"enemies":"Spheric Guardian","floor":18,"turns":5},{"damage":48,"enemies":"Chosen","floor":19,"turns":6}],"seed_played":"-1050356114874253507","potions_obtained":[{"floor":1.0,"key":"SpeedPotion"},{"floor":8.0,"key":"ColorlessPotion"},{"floor":14.0,"key":"Dexterity Potion"},{"floor":18,"key":"SkillPotion"}],"is_trial":false,"path_per_floor":["M","?","?","$","M","E","R","M","T","M","R","M","M","E","R","B",null,"M","M"],"character_chosen":"WATCHER","items_purchased":["CarveReality","Consecrate"],"campfire_rested":0,"item_purchase_floors":[4,4],"current_hp_per_floor":[61,61,61,61,61,61,62,62,62,62,62,54,54,42,54,22,52,40,0,0],"gold":354,"neow_bonus":"THREE_ENEMY_KILL","is_daily":false,"chose_seed":false,"campfire_upgraded":3,"win_rate":0.0,"timestamp":1614137953,"path_taken":["M","?","?","$","M","E","R","M","T","M","R","M","M","E","R","BOSS","M","?"],"items_purchased_type":["Card","Card"],"build_version":"2020-12-22","purchased_purges":0,"victory":false,"max_hp_per_floor":[68,62,62,62,62,62,62,62,62,62,62,62,62,62,62,62,62,62,62,62],"relic_stats":{"counters":[11,38],"Golden Idol":58,"Ornamental Fan":[32],"Eternal Feather":13,"obtain_stats":[{"Anchor":14,"NeowsBlessing":0,"Golden Idol":2,"Ornamental Fan":9,"HolyWater":17,"Eternal Feather":6,"PureWater":0},{"Anchor":8,"NeowsBlessing":0,"Golden Idol":1,"Ornamental Fan":4,"HolyWater":9,"Eternal Feather":3,"PureWater":0},{"Anchor":16,"NeowsBlessing":0,"Golden Idol":1,"Ornamental Fan":6,"HolyWater":27,"Eternal Feather":4,"PureWater":0}]},"card_choices":[{"not_picked":["Crescendo","SashWhip"],"picked":"Tantrum","floor":1.0},{"not_picked":["Prostrate","CarveReality"],"picked":"Indignation","floor":5.0},{"not_picked":["CrushJoints","LikeWater"],"picked":"ThirdEye","floor":6.0},{"not_picked":["JustLucky","PathToVictory"],"picked":"Conclude","floor":8.0},{"not_picked":["Crescendo","SashWhip","Conclude"],"picked":"SKIP","floor":10.0},{"not_picked":["CrushJoints","SashWhip"],"picked":"Wallop","floor":12.0},{"not_picked":["Conclude","Crescendo"],"picked":"MentalFortress","floor":13.0},{"not_picked":["Study","Wireheading"],"picked":"MentalFortress","floor":14.0},{"not_picked":["WaveOfTheHand","CrushJoints"],"picked":"Halt","floor":18}],"player_experience":4135404,"relics_obtained":[{"floor":6.0,"key":"Eternal Feather"},{"floor":9.0,"key":"Ornamental Fan"},{"floor":14.0,"key":"Anchor"}],"event_choices":[{"damage_healed":0.0,"max_hp_gain":0.0,"max_hp_loss":6.0,"gold_gain":0.0,"event_name":"Golden Idol","player_choice":"Lose Max HP","floor":2.0,"gold_loss":0.0,"damage_taken":0.0,"relics_obtained":["Golden Idol"]},{"damage_healed":0.0,"max_hp_gain":0.0,"max_hp_loss":0.0,"gold_gain":0.0,"cards_transformed":["Defend_P"],"event_name":"Transmorgrifier","player_choice":"Transformed","floor":3.0,"gold_loss":0.0,"damage_taken":0.0,"cards_obtained":["Wish"]}],"is_beta":false,"boss_relics":[{"not_picked":["Tiny House","Black Star"],"picked":"HolyWater"}],"items_purged_floors":[],"is_endless":false,"potions_floor_spawned":[1,8,13,14,18],"killed_by":"Chosen","ascension_level":19}}