{"host":"4yf2n7l3ni368tvf","time":1614155076,"event":{"mods":["AchievementEnabler","BaseMod","Colored Map","DeckTracker","Keyboard Shortcuts","Minty Spire (QoL Compilation)","SuperFastMode"],"gold_per_floor":[216,232,65,82,93,121,121,121,121,71,99,99,110,125,125,222,222,241,274,287,299,317,317,334,368,392,412,412,446,97,110,110,208,208,228,79,129,129,139,139,165,180,206,221,236,261,13,28,28,28],"floor_reached":51,"language":"KOR","playtime":1814,"items_purged":[],"score":1029,"play_id":"78c2f492-9795-476b-8178-2ae4fc0180b2","local_time":"20210224172436","is_ascension_mode":true,"campfire_choices":[{"data":"Perfected Strike","floor":7.0,"key":"SMITH"},{"data":"Perfected Strike","floor":12.0,"key":"SMITH"},{"data":"Perfected Strike","floor":15.0,"key":"SMITH"},{"data":"Perfected Strike","floor":23.0,"key":"SMITH"},{"data":"Perfected Strike","floor":28.0,"key":"SMITH"},{"data":"Flame Barrier","floor":32.0,"key":"SMITH"},{"data":"Bash","floor":40.0,"key":"SMITH"},{"data":"Panache","floor":49,"key":"SMITH"}],"circlet_count":0,"master_deck":["Strike_R","Strike_R","Strike_R","Strike_R","Strike_R","Defend_R","Defend_R","Bash+1","Thunderclap","Cleave","Flame Barrier+1","Perfected Strike+1","Headbutt","Perfected Strike+1","Perfected Strike+1","Perfected Strike+1","Twin Strike","Perfected Strike+1","Intimidate+1","Cleave+1","Pommel Strike+1","Madness+1","Flame Barrier+1","Infernal Blade+1","Body Slam+1","Shockwave+1","Panache+1"],"relics":["Black Blood","Pen Nib","Anchor","Toxic Egg 2","Meat on the Bone","Red Mask","Matryoshka","Bag of Preparation","Happy Flower","Molten Egg 2","Lantern","Black Star","HandDrill","FossilizedHelix","Smiling Mask","Toy Ornithopter","MealTicket","Dream Catcher","Bag of Marbles","Nunchaku"],"acts_visited":["Exordium","TheCity","TheBeyond"],"potions_floor_usage":[50,50,50],"damage_taken":[{"damage":12.0,"enemies":"Jaw Worm","floor":1.0,"turns":4.0},{"damage":0.0,"enemies":"Small Slimes","floor":2.0,"turns":4.0},{"damage":0.0,"enemies":"2 Louse","floor":4.0,"turns":2.0},{"damage":11.0,"enemies":"Looter","floor":5.0,"turns":2.0},{"damage":0.0,"enemies":"3 Sentries","floor":6.0,"turns":4.0},{"damage":35.0,"enemies":"Lagavulin","floor":11.0,"turns":4.0},{"damage":15.0,"enemies":"Large Slime","floor":13.0,"turns":4.0},{"damage":3.0,"enemies":"Red Slaver","floor":14.0,"turns":4.0},{"damage":48.0,"enemies":"The Guardian","floor":16.0,"turns":9.0},{"damage":2.0,"enemies":"Shell Parasite","floor":18.0,"turns":2.0},{"damage":0.0,"enemies":"Masked Bandits","floor":19.0,"turns":2.0},{"damage":22.0,"enemies":"3 Byrds","floor":20.0,"turns":4.0},{"damage":0.0,"enemies":"Snecko","floor":21.0,"turns":2.0},{"damage":0.0,"enemies":"Snake Plant","floor":22.0,"turns":1.0},{"damage":16.0,"enemies":"3 Cultists","floor":24.0,"turns":4.0},{"damage":21.0,"enemies":"Book of Stabbing","floor":25.0,"turns":3.0},{"damage":18.0,"enemies":"Snecko","floor":27.0,"turns":3.0},{"damage":28.0,"enemies":"Gremlin Leader","floor":29.0,"turns":3.0},{"damage":0.0,"enemies":"Centurion and Healer","floor":31.0,"turns":2.0},{"damage":62.0,"enemies":"Automaton","floor":33.0,"turns":6.0},{"damage":20.0,"enemies":"3 Darklings","floor":35.0,"turns":4.0},{"damage":7.0,"enemies":"Mind Bloom Boss Battle","floor":37.0,"turns":4.0},{"damage":12.0,"enemies":"3 Shapes","floor":39.0,"turns":2.0},{"damage":9.0,"enemies":"Reptomancer","floor":41.0,"turns":5.0},{"damage":0,"enemies":"Maw","floor":42,"turns":4},{"damage":0,"enemies":"Spire Growth","floor":44,"turns":4},{"damage":15,"enemies":"Transient","floor":45,"turns":5},{"damage":31,"enemies":"Nemesis","floor":46,"turns":5},{"damage":0,"enemies":"4 Shapes","floor":48,"turns":3},{"damage":66,"enemies":"Time Eater","floor":50,"turns":8}],"seed_played":"6125903070776862866","potions_obtained":[{"floor":2.0,"key":"Fire Potion"},{"floor":11.0,"key":"SteroidPotion"},{"floor":13.0,"key":"SteroidPotion"},{"floor":14.0,"key":"BloodPotion"},{"floor":16.0,"key":"LiquidMemories"},{"floor":21.0,"key":"Ancient Potion"},{"floor":24.0,"key":"LiquidBronze"},{"floor":25.0,"key":"DuplicationPotion"},{"floor":29.0,"key":"SteroidPotion"},{"floor":31.0,"key":"DuplicationPotion"},{"floor":33.0,"key":"Energy Potion"},{"floor":35.0,"key":"DistilledChaos"},{"floor":39.0,"key":"Strength Potion"},{"floor":44,"key":"AttackPotion"},{"floor":48,"key":"LiquidMemories"}],"is_trial":false,"path_per_floor":["M","M","$","M","M","E","R","?","T","?","E","R","M","M","R","B",null,"M","?","M","M","M","R","M","E","T","M","R","E","$","M","R","B",null,"M","$","?","?","M","R","E","M","T","M","M","E","$","M","R","B",null],"character_chosen":"IRONCLAD","items_purchased":["Cleave","Pen Nib","Lantern","Pommel Strike+1","Madness+1","Flame Barrier+1","HandDrill","Shockwave+1","Panache"],"campfire_rested":0,"item_purchase_floors":[3,3,30,30,30,30,36,47,47],"current_hp_per_floor":[74,80,80,80,75,80,80,80,80,80,51,51,54,57,57,27,67,77,80,70,80,80,80,76,67,67,61,61,61,61,73,73,35,69,61,61,66,66,66,66,69,80,80,80,77,58,73,80,80,38],"gold":28,"neow_bonus":"HUNDRED_GOLD","is_daily":false,"chose_seed":false,"campfire_upgraded":8,"win_rate":0.0,"timestamp":1614155076,"path_taken":["M","M","$","M","M","E","R","?","T","?","E","R","M","M","R","BOSS","M","?","M","M","M","R","M","E","T","M","R","E","$","M","R","BOSS","M","$","?","?","M","R","E","M","T","M","M","E","$","M","R","BOSS"],"items_purchased_type":["Card","Relic","Relic","Card","Card","Card","Relic","Card","Card"],"build_version":"2020-12-22","purchased_purges":0,"victory":true,"max_hp_per_floor":[80,80,80,80,80,80,80,80,80,80,80,80,80,80,80,80,80,80,80,80,80,80,80,80,80,80,80,80,80,80,80,80,80,80,80,80,80,80,80,80,80,80,80,80,80,80,80,80,80,80],"card_choices":[{"not_picked":["Iron Wave","Evolve"],"picked":"Flex","floor":1.0},{"not_picked":["Combust","Seeing Red"],"picked":"Thunderclap","floor":2.0},{"not_picked":["Searing Blow","Wild Strike"],"picked":"Flame Barrier","floor":4.0},{"not_picked":["Power Through","Clash","Pummel"],"picked":"SKIP","floor":5.0},{"not_picked":["Flex","True Grit"],"picked":"Perfected Strike","floor":6.0},{"not_picked":["Wild Strike","Offering+1"],"picked":"Perfected Strike","floor":11.0},{"not_picked":["Sever Soul","Flex+1"],"picked":"Perfected Strike","floor":13.0},{"not_picked":["Headbutt","Flex+1"],"picked":"Perfected Strike","floor":14.0},{"not_picked":["Spot Weakness+1","Entrench+1"],"picked":"Twin Strike","floor":18.0},{"not_picked":["Clothesline","Armaments+1"],"picked":"Perfected Strike","floor":19.0},{"not_picked":["Burning Pact+1","Anger","Evolve+1"],"picked":"SKIP","floor":20.0},{"not_picked":["Hemokinesis+1","Iron Wave","Cleave"],"picked":"SKIP","floor":21.0},{"not_picked":["Headbutt","Flex+1","Clothesline"],"picked":"SKIP","floor":22.0},{"not_picked":["True Grit+1","Body Slam","Clothesline+1"],"picked":"SKIP","floor":24.0},{"not_picked":["Burning Pact+1","Dropkick","Clothesline"],"picked":"SKIP","floor":25.0},{"not_picked":["Reaper","Sword Boomerang+1"],"picked":"Intimidate+1","floor":27.0},{"not_picked":["Rage+1","Immolate+1"],"picked":"Cleave+1","floor":29.0},{"not_picked":["Power Through+1","Iron Wave+1"],"picked":"Infernal Blade+1","floor":31.0},{"not_picked":["Iron Wave+1","Bloodletting+1","Fire Breathing"],"picked":"SKIP","floor":35.0},{"not_picked":["Sword Boomerang+1","Feel No Pain","Cleave+1"],"picked":"SKIP","floor":39.0},{"not_picked":["Fiend Fire+1","Power Through+1"],"picked":"Body Slam+1","floor":41.0},{"not_picked":["Infernal Blade+1","Clothesline+1","Thunderclap+1"],"picked":"SKIP","floor":42},{"not_picked":["Havoc+1","Cleave+1","Headbutt+1"],"picked":"SKIP","floor":44},{"not_picked":["Heavy Blade+1","Headbutt+1","Bloodletting+1"],"picked":"SKIP","floor":45},{"not_picked":["Offering+1","Cleave+1","Clash+1"],"picked":"SKIP","floor":46},{"not_picked":["Havoc+1","Seeing Red+1","Cleave+1"],"picked":"SKIP","floor":48}],"player_experience":281189,"relics_obtained":[{"floor":6.0,"key":"Anchor"},{"floor":9.0,"key":"Toxic Egg 2"},{"floor":11.0,"key":"Meat on the Bone"},{"floor":19.0,"key":"Red Mask"},{"floor":25.0,"key":"Matryoshka"},{"floor":26.0,"key":"Bag of Preparation"},{"floor":26.0,"key":"Happy Flower"},{"floor":29.0,"key":"Molten Egg 2"},{"floor":37.0,"key":"FossilizedHelix"},{"floor":41.0,"key":"Smiling Mask"},{"floor":41.0,"key":"Toy Ornithopter"},{"floor":43,"key":"MealTicket"},{"floor":43,"key":"Dream Catcher"},{"floor":46,"key":"Bag of Marbles"},{"floor":46,"key":"Nunchaku"}],"event_choices":[{"damage_healed":0.0,"max_hp_gain":0.0,"max_hp_loss":0.0,"gold_gain":0.0,"cards_transformed":["Flex"],"event_name":"Living Wall","player_choice":"Change","floor":8.0,"gold_loss":0.0,"damage_taken":0.0,"cards_obtained":["Headbutt"]},{"cards_removed":["Defend_R"],"damage_healed":0.0,"max_hp_gain":0.0,"max_hp_loss":0.0,"gold_gain":0.0,"event_name":"The Cleric","player_choice":"Card Removal","floor":10.0,"gold_loss":50.0,"damage_taken":0.0},{"damage_healed":0.0,"max_hp_gain":0.0,"max_hp_loss":0.0,"gold_gain":0.0,"event_name":"Masked Bandits","player_choice":"Fought Bandits","floor":19.0,"gold_loss":0.0,"damage_taken":0.0},{"damage_healed":0.0,"max_hp_gain":0.0,"max_hp_loss":0.0,"gold_gain":0.0,"event_name":"MindBloom","player_choice":"Fight","floor":37.0,"gold_loss":0.0,"damage_taken":0.0},{"cards_removed":["Defend_R"],"damage_healed":0.0,"max_hp_gain":0.0,"max_hp_loss":0.0,"gold_gain":0.0,"event_name":"Falling","player_choice":"Removed Skill","floor":38.0,"gold_loss":0.0,"damage_taken":0.0}],"is_beta":false,"boss_relics":[{"not_picked":["Coffee Dripper","Runic Dome"],"picked":"Black Blood"},{"not_picked":["Busted Crown","Pandora\u0027s Box"],"picked":"Black Star"}],"items_purged_floors":[],"is_endless":false,"potions_floor_spawned":[2,11,13,14,16,18,21,24,25,29,31,33,35,39,44,45,48],"ascension_level":5}}