{"host":"z37g2hkgkh2zjyzk","time":1614202644,"event":{"mods":["2.2 Compatiblity","AchievementEnabler","BaseMod","Bestiary","Colored Map","Colored Powertips","Curses Come First","Highlight Path","Keyboard Shortcuts","Minty Spire (QoL Compilation)","Relic Stats","StSLib","SuperFastMode"],"gold_per_floor":[369,369,166,184,211,223,268,280,292,335,361,403,443,474,486,602,614,638,101,101,112,37,37,64,77,77,95,95,108,108,122,122,217,217,235,285,305,305,325,354,354,379,459,459,476,476,476,487,487,487,487,487,49,78,78],"floor_reached":56,"language":"ENG","playtime":4776,"items_purged":["Strike_G","Strike_G","Strike_G"],"score":1623,"play_id":"78b13f77-e6e1-4aa0-9070-82b473437f78","local_time":"20210224223724","is_ascension_mode":true,"campfire_choices":[{"data":"Deadly Poison","floor":6,"key":"SMITH"},{"data":"Flechettes","floor":8,"key":"SMITH"},{"floor":15,"key":"REST"},{"floor":23,"key":"REST"},{"data":"Backflip","floor":28,"key":"SMITH"},{"data":"Backflip","floor":30,"key":"SMITH"},{"floor":32,"key":"REST"},{"floor":41,"key":"REST"},{"floor":44,"key":"RECALL"},{"data":"Night Terror","floor":47,"key":"SMITH"},{"floor":49,"key":"REST"},{"data":"Catalyst","floor":52,"key":"SMITH"}],"circlet_count":0,"master_deck":["Strike_G","Strike_G","Defend_G","Defend_G","Defend_G","Defend_G","Defend_G","Survivor","Neutralize+1","Backflip+1","Deadly Poison+1","Footwork","Flechettes+1","Footwork+1","Poisoned Stab","Backstab","Backflip+1","Night Terror+1","Tools of the Trade+1","Deadly Poison+1","Noxious Fumes+1","Backflip+1","Expertise","Backflip","Corpse Explosion","CurseOfTheBell","Reflex+1","Envenom+1","Catalyst+1","Footwork+1"],"relics":["Ring of the Serpent","MawBank","Frozen Egg 2","PreservedInsect","Toy Ornithopter","Odd Mushroom","InkBottle","The Specimen","Bag of Preparation","Ice Cream","Calling Bell","Tiny Chest","Mummified Hand","Mango","FossilizedHelix","Snake Skull","Smiling Mask","White Beast Statue","Bronze Scales","Pantograph","Lantern"],"acts_visited":["Exordium","TheCity","TheBeyond","TheEnding"],"potions_floor_usage":[7,27,37,39,48,50,50,50,55,55,55],"damage_taken":[{"damage":3,"enemies":"Small Slimes","floor":1,"turns":8},{"damage":0,"enemies":"Cultist","floor":4,"turns":4},{"damage":11,"enemies":"Gremlin Nob","floor":7,"turns":4},{"damage":10,"enemies":"3 Sentries","floor":10,"turns":12},{"damage":2,"enemies":"Jaw Worm","floor":11,"turns":4},{"damage":12,"enemies":"The Mushroom Lair","floor":12,"turns":6},{"damage":20,"enemies":"Lagavulin","floor":13,"turns":6},{"damage":3,"enemies":"Exordium Thugs","floor":14,"turns":5},{"damage":2,"enemies":"The Guardian","floor":16,"turns":11},{"damage":9,"enemies":"Shell Parasite","floor":18,"turns":9},{"damage":5,"enemies":"3 Byrds","floor":21,"turns":5},{"damage":14,"enemies":"Book of Stabbing","floor":24,"turns":6},{"damage":4,"enemies":"Snake Plant","floor":25,"turns":5},{"damage":1,"enemies":"Centurion and Healer","floor":27,"turns":6},{"damage":5,"enemies":"Shelled Parasite and Fungi","floor":29,"turns":6},{"damage":10,"enemies":"3 Cultists","floor":31,"turns":6},{"damage":16,"enemies":"Automaton","floor":33,"turns":10},{"damage":2,"enemies":"3 Shapes","floor":35,"turns":3},{"damage":0,"enemies":"Mind Bloom Boss Battle","floor":36,"turns":6},{"damage":13,"enemies":"3 Darklings","floor":37,"turns":5},{"damage":15,"enemies":"Transient","floor":39,"turns":5},{"damage":2,"enemies":"Nemesis","floor":40,"turns":7},{"damage":14,"enemies":"Reptomancer","floor":42,"turns":6},{"damage":0,"enemies":"Sphere and 2 Shapes","floor":45,"turns":5},{"damage":22,"enemies":"4 Shapes","floor":48,"turns":4},{"damage":66,"enemies":"Time Eater","floor":50,"turns":12},{"damage":56,"enemies":"Shield and Spear","floor":54,"turns":5},{"damage":12,"enemies":"The Heart","floor":55,"turns":6}],"seed_played":"-7439167428139998150","potions_obtained":[{"floor":4,"key":"AttackPotion"},{"floor":11,"key":"Strength Potion"},{"floor":12,"key":"Strength Potion"},{"floor":13,"key":"BlessingOfTheForge"},{"floor":24,"key":"Block Potion"},{"floor":33,"key":"SpeedPotion"},{"floor":35,"key":"Poison Potion"},{"floor":40,"key":"SteroidPotion"},{"floor":42,"key":"LiquidBronze"},{"floor":45,"key":"Strength Potion"},{"floor":48,"key":"DistilledChaos"},{"floor":54,"key":"LiquidMemories"}],"is_trial":false,"path_per_floor":["M","?","$","M","T","R","E","R","T","E","M","?","E","M","R","B",null,"M","$","?","M","$","R","E","M","T","M","R","M","R","M","R","B",null,"M","?","M","?","M","E","R","E","T","R","M","T","R","M","R","B",null,"R","$","E","B",null],"character_chosen":"THE_SILENT","items_purchased":["Deadly Poison","Footwork","The Specimen","Bag of Preparation","Noxious Fumes+1","Pantograph","Dexterity Potion","PowerPotion","Footwork+1"],"campfire_rested":5,"item_purchase_floors":[3,3,19,19,22,53,53,53,53],"current_hp_per_floor":[60,60,60,60,60,60,49,49,49,39,37,25,5,2,20,18,52,43,43,43,38,38,56,42,38,38,42,42,37,37,27,45,29,69,67,67,59,59,49,47,70,56,56,56,56,56,56,39,62,11,61,61,61,5,33],"gold":78,"neow_bonus":"TWO_FIFTY_GOLD","is_daily":false,"chose_seed":false,"campfire_upgraded":6,"win_rate":0.0,"timestamp":1614202644,"path_taken":["M","?","$","?","?","R","E","R","T","E","M","?","E","M","R","BOSS","M","$","?","M","?","R","E","M","T","M","R","M","R","M","R","BOSS","M","?","M","?","M","E","R","E","T","R","?","?","R","M","R","BOSS","R","$","E","BOSS"],"items_purchased_type":["Card","Card","Relic","Relic","Card","Relic","Potion","Potion","Card"],"build_version":"2020-12-22","purchased_purges":3,"victory":true,"max_hp_per_floor":[63,63,63,63,63,63,63,63,63,63,63,63,63,63,63,63,63,63,63,63,63,63,63,63,63,63,63,63,63,63,63,63,63,77,77,77,77,77,77,77,77,77,77,77,77,77,77,77,77,77,77,77,77,77,77],"relic_stats":{"counters":[28,177],"PreservedInsect":308,"Snake Skull":[98],"Bag of Preparation":[36],"MawBank":168,"Smiling Mask":75,"Mummified Hand":[57],"Bronze Scales":[144],"Pantograph":25,"Tiny Chest":1,"obtain_stats":[{"Ice Cream":24,"Lantern":54,"The Specimen":19,"Mango":34,"PreservedInsect":9,"Snake Skull":40,"Bag of Preparation":19,"Frozen Egg 2":7,"Odd Mushroom":12,"MawBank":5,"Smiling Mask":42,"White Beast Statue":43,"Calling Bell":34,"Mummified Hand":34,"Bronze Scales":46,"Pantograph":53,"Tiny Chest":34,"Toy Ornithopter":10,"InkBottle":13,"Ring of the Serpent":17,"FossilizedHelix":36,"Ring of the Snake":0},{"Ice Cream":12,"Lantern":27,"The Specimen":10,"Mango":17,"PreservedInsect":3,"Snake Skull":22,"Bag of Preparation":10,"Frozen Egg 2":3,"Odd Mushroom":6,"MawBank":2,"Smiling Mask":23,"White Beast Statue":23,"Calling Bell":17,"Mummified Hand":17,"Bronze Scales":24,"Pantograph":26,"Tiny Chest":17,"Toy Ornithopter":4,"InkBottle":7,"Ring of the Serpent":9,"FossilizedHelix":19,"Ring of the Snake":0},{"Ice Cream":80,"Lantern":171,"The Specimen":69,"Mango":113,"PreservedInsect":16,"Snake Skull":139,"Bag of Preparation":69,"Frozen Egg 2":16,"Odd Mushroom":38,"MawBank":12,"Smiling Mask":145,"White Beast Statue":145,"Calling Bell":113,"Mummified Hand":113,"Bronze Scales":150,"Pantograph":166,"Tiny Chest":113,"Toy Ornithopter":28,"InkBottle":44,"Ring of the Serpent":60,"FossilizedHelix":122,"Ring of the Snake":0}],"Toy Ornithopter":50,"InkBottle":[51]},"card_choices":[{"not_picked":["Blade Dance","Terror"],"picked":"Backflip","floor":1},{"not_picked":["Deflect","Cloak And Dagger"],"picked":"Flechettes","floor":4},{"not_picked":["Dagger Throw","Dodge and Roll"],"picked":"Footwork+1","floor":7},{"not_picked":["Acrobatics","Dash"],"picked":"Poisoned Stab","floor":10},{"not_picked":["Cloak And Dagger","Heel Hook"],"picked":"Backstab","floor":11},{"not_picked":["Bouncing Flask","Dodge and Roll"],"picked":"Backflip","floor":12},{"not_picked":["Concentrate","Flying Knee"],"picked":"Night Terror","floor":13},{"not_picked":["Underhanded Strike","Skewer","Blade Dance"],"picked":"SKIP","floor":14},{"not_picked":["Grand Finale","Burst"],"picked":"Tools of the Trade+1","floor":16},{"not_picked":["Bane","Prepared","Choke"],"picked":"SKIP","floor":18},{"not_picked":["Bane","PiercingWail","Finisher"],"picked":"SKIP","floor":21},{"not_picked":["Masterful Stab","Cloak And Dagger"],"picked":"Backflip+1","floor":24},{"not_picked":["Masterful Stab","Flechettes","Cloak And Dagger"],"picked":"SKIP","floor":25},{"not_picked":["Flying Knee","PiercingWail"],"picked":"Expertise","floor":27},{"not_picked":["Dagger Spray","Grand Finale"],"picked":"Backflip","floor":29},{"not_picked":["Bane","Blade Dance","Predator"],"picked":"SKIP","floor":31},{"not_picked":["Night Terror","Tools of the Trade+1"],"picked":"Corpse Explosion","floor":33},{"not_picked":["Bouncing Flask","Cloak And Dagger+1","Skewer"],"picked":"SKIP","floor":35},{"not_picked":["Bane","Blade Dance","Deflect+1"],"picked":"SKIP","floor":37},{"not_picked":["Eviscerate","Quick Slash+1","All Out Attack+1"],"picked":"SKIP","floor":39},{"not_picked":["Blur","Burst"],"picked":"Reflex+1","floor":40},{"not_picked":["Blade Dance+1","Deflect"],"picked":"Envenom+1","floor":42},{"not_picked":["Dagger Spray","Flying Knee","Flechettes+1"],"picked":"SKIP","floor":45},{"not_picked":["Slice+1","Deadly Poison+1"],"picked":"Catalyst","floor":48},{"not_picked":["Slice","Blade Dance","Finisher"],"picked":"SKIP","floor":54}],"player_experience":254517,"relics_obtained":[{"floor":5,"key":"MawBank"},{"floor":7,"key":"Frozen Egg 2"},{"floor":9,"key":"PreservedInsect"},{"floor":10,"key":"Toy Ornithopter"},{"floor":12,"key":"Odd Mushroom"},{"floor":13,"key":"InkBottle"},{"floor":24,"key":"Ice Cream"},{"floor":34,"key":"Tiny Chest"},{"floor":34,"key":"Mummified Hand"},{"floor":34,"key":"Mango"},{"floor":36,"key":"FossilizedHelix"},{"floor":40,"key":"Snake Skull"},{"floor":42,"key":"Smiling Mask"},{"floor":43,"key":"White Beast Statue"},{"floor":46,"key":"Bronze Scales"},{"floor":54,"key":"Lantern"}],"event_choices":[{"damage_healed":0,"gold_gain":0,"player_choice":"Upgraded","damage_taken":0,"max_hp_gain":0,"max_hp_loss":0,"event_name":"Upgrade Shrine","floor":2,"gold_loss":0,"cards_upgraded":["Neutralize"]},{"damage_healed":0,"gold_gain":0,"player_choice":"Fought Mushrooms","damage_taken":0,"max_hp_gain":0,"max_hp_loss":0,"event_name":"Mushrooms","floor":12,"gold_loss":0},{"damage_healed":0,"gold_gain":0,"player_choice":"Copied","damage_taken":0,"max_hp_gain":0,"max_hp_loss":0,"event_name":"Duplicator","floor":20,"gold_loss":0,"cards_obtained":["Deadly Poison"]},{"damage_healed":0,"gold_gain":0,"player_choice":"Fight","damage_taken":0,"max_hp_gain":0,"max_hp_loss":0,"event_name":"MindBloom","floor":36,"gold_loss":0},{"damage_healed":0,"gold_gain":0,"player_choice":"0 cards matched","damage_taken":0,"max_hp_gain":0,"max_hp_loss":0,"event_name":"Match and Keep!","floor":38,"gold_loss":0,"cards_obtained":[]}],"is_beta":false,"boss_relics":[{"not_picked":["Cursed Key","Coffee Dripper"],"picked":"Ring of the Serpent"},{"not_picked":["SacredBark","Pandora\u0027s Box"],"picked":"Calling Bell"}],"items_purged_floors":[3,19,53],"is_endless":false,"potions_floor_spawned":[4,11,12,13,24,25,33,35,40,42,45,48,54],"ascension_level":8}}