{"host":"3498uni0c31c9bdm","time":1614158781,"event":{"mods":["BaseMod","Better Match","Better Note","Better Sensory Stone","Better Skull","Better Third Choice","Colored Map","Minty Spire (QoL Compilation)","Quick Restart","RNG Fix","Random Character Button","Replay The Spire","Shop Mod","Smile Girya","StSLib","Unceasing Turn Reminder"],"gold_per_floor":[368,368,379,389,399,399,424,424,424,454,470,63,63,83,83,187,187,200,0,0,0,0,32,32,62,62,97,116,116,129,186,186,286,286,302,352,423,458,470,470],"floor_reached":39,"language":"ENG","playtime":1730,"items_purged":["Defend_R"],"score":1025,"play_id":"a48d84a6-3103-4bd5-ab2d-582d26965a96","local_time":"20210224202621","is_ascension_mode":true,"campfire_choices":[{"data":"Vigilance","floor":6.0,"key":"SMITH"},{"data":"Armaments","floor":13.0,"key":"SMITH"},{"floor":15.0,"key":"REST"},{"floor":24.0,"key":"REST"},{"floor":29.0,"key":"REST"},{"floor":32.0,"key":"REST"}],"circlet_count":0,"master_deck":["AscendersBane","Strike_R","Strike_R","Strike_R","Strike_R","Defend_R","Defend_R","Defend_R","Vigilance+1","Clothesline","Eruption","Heavy Blade","EmptyFist","Demon Form","Armaments+1","Infernal Blade","Uppercut","ReplayTheSpireMod:LeadingStrike","Power Through","Immolate+1","Flame Barrier","Evolve+1","Shrug It Off+1","Second Wind+1","Sword Boomerang+1","ReplayTheSpireMod:Strike From Hell+1","Deep Breath+1","Run Through","Entrench","Intimidate","Rupture","Juggernaut+1","Thunderclap","ReplayTheSpireMod:Splinters","Abandon","Metallicize","Juggernaut+1","ReplayTheSpireMod:Limb From Limb+1","Delirium","Hallucinations","Clumsy","Regret","Rampage","ReachHeaven+1"],"relics":["Replay:M_SmolderingBlood","Golden Egg","Bronze Scales","Thread and Needle","Garlic","Medical Kit","Electric Blood","BargainBundle","Shuriken","Unceasing Top","The Courier","Centennial Puzzle","Replay:Bottled Snecko","Ring of Chaos","Ring of Greed","Golden Idol","MawBank","ReplayTheSpireMod:Ring of Addiction","Potion Belt","SacredBark","Ice Cream"],"acts_visited":["Exordium","TheCity","TheBeyond"],"potions_floor_usage":[39],"damage_taken":[{"damage":1.0,"enemies":"Small Slimes","floor":1.0,"turns":4.0},{"damage":6.0,"enemies":"Cultist","floor":3.0,"turns":4.0},{"damage":0.0,"enemies":"2 Louse","floor":4.0,"turns":2.0},{"damage":6.0,"enemies":"Looter","floor":5.0,"turns":3.0},{"damage":18.0,"enemies":"Lagavulin","floor":7.0,"turns":6.0},{"damage":15.0,"enemies":"Gremlin Nob","floor":10.0,"turns":3.0},{"damage":5.0,"enemies":"Exordium Thugs","floor":11.0,"turns":5.0},{"damage":0.0,"enemies":"3 Louse","floor":14.0,"turns":3.0},{"damage":38.0,"enemies":"Slime Boss","floor":16.0,"turns":9.0},{"damage":18.0,"enemies":"Spheric Guardian","floor":18.0,"turns":4.0},{"damage":9.0,"enemies":"Slavers","floor":23.0,"turns":2.0},{"damage":7.0,"enemies":"Gremlin Leader","floor":25.0,"turns":4.0},{"damage":32.0,"enemies":"Book of Stabbing","floor":27.0,"turns":5.0},{"damage":15.0,"enemies":"2 Thieves","floor":28.0,"turns":3.0},{"damage":22.0,"enemies":"Centurion and Healer","floor":30.0,"turns":5.0},{"damage":22.0,"enemies":"Champ","floor":33.0,"turns":11.0},{"damage":13.0,"enemies":"3 Darklings","floor":35.0,"turns":3.0},{"damage":20.0,"enemies":"2 Orb Walkers","floor":37.0,"turns":3.0},{"damage":8,"enemies":"3 Shapes","floor":38,"turns":6},{"damage":24,"enemies":"Mind Bloom Boss Battle","floor":39,"turns":3}],"seed_played":"1236206589666667518","potions_obtained":[{"floor":5.0,"key":"Energy Potion"},{"floor":7.0,"key":"SpeedPotion"},{"floor":10.0,"key":"PowerPotion"},{"floor":23.0,"key":"Explosive Potion"},{"floor":28.0,"key":"EssenceOfSteel"},{"floor":36.0,"key":"Strength Potion"},{"floor":36.0,"key":"Weak Potion"},{"floor":36.0,"key":"AttackPotion"},{"floor":37,"key":"DistilledChaos"}],"is_trial":false,"path_per_floor":["M","?","M","M","M","R","E","?","T","E","M","$","R","M","R","B",null,"M","$","?","$","?","E","R","E","T","E","M","R","M","?","R","B",null,"M","?","?","M","?"],"character_chosen":"IRONCLAD","items_purchased":["Garlic","Medical Kit","BargainBundle","Evolve","Shrug It Off","Second Wind","Sword Boomerang","ReplayTheSpireMod:Strike From Hell","Deep Breath","DistilledChaos"],"campfire_rested":4,"item_purchase_floors":[12,12,19,19,19,19,19,19,19,19],"current_hp_per_floor":[77,77,71,71,65,65,47,47,47,32,27,27,27,27,51,13,63,45,45,45,45,45,36,60,53,53,21,6,30,8,8,32,10,63,50,50,30,22,0,0],"gold":470,"neow_bonus":"TWO_FIFTY_GOLD","is_daily":false,"chose_seed":false,"campfire_upgraded":2,"win_rate":0.0,"timestamp":1614158781,"path_taken":["M","?","M","M","M","R","E","?","T","E","M","$","R","M","R","BOSS","M","$","?","$","?","E","R","E","T","E","M","R","M","?","R","BOSS","M","?","?","M","?"],"items_purchased_type":["Relic","Relic","Relic","Card","Card","Card","Card","Card","Card","Potion"],"build_version":"2020-12-22","purchased_purges":1,"victory":false,"max_hp_per_floor":[80,80,80,80,80,80,80,80,80,80,80,80,80,80,80,80,80,80,80,80,80,80,80,80,80,80,80,80,80,80,80,80,80,80,80,80,80,80,80,80],"card_choices":[{"not_picked":["ReplayTheSpireMod:Strike From Hell","Warcry"],"picked":"Clothesline","floor":1.0},{"not_picked":["Run Through","Defy Death"],"picked":"Heavy Blade","floor":3.0},{"not_picked":["FollowUp","Flex"],"picked":"EmptyFist","floor":4.0},{"not_picked":["Replay:Undeath\u0027s Touch","Rupture"],"picked":"Demon Form","floor":5.0},{"not_picked":["EmptyFist","ReplayTheSpireMod:Strike From Hell"],"picked":"Armaments","floor":7.0},{"not_picked":["Cleave","Shrug It Off"],"picked":"Uppercut","floor":10.0},{"not_picked":["Armaments","Clash"],"picked":"ReplayTheSpireMod:LeadingStrike","floor":11.0},{"not_picked":["Burning Pact","Run Through"],"picked":"Power Through","floor":14.0},{"not_picked":["Brutality","Impervious"],"picked":"Immolate","floor":16.0},{"not_picked":["Run Through","ReplayReversal"],"picked":"Flame Barrier","floor":18.0},{"not_picked":["Run Through","Dark Embrace"],"picked":"Entrench","floor":23.0},{"not_picked":["Run Through","Wild Strike"],"picked":"Intimidate","floor":25.0},{"not_picked":["Hemokinesis+1","Warcry"],"picked":"Rupture","floor":27.0},{"not_picked":["Defy Death","Shrug It Off"],"picked":"Juggernaut","floor":28.0},{"not_picked":["True Grit","Cleave+1"],"picked":"Thunderclap","floor":30.0},{"not_picked":["Sever Soul","Thunderclap"],"picked":"Abandon","floor":31.0},{"not_picked":["Thunderclap","Heavy Blade"],"picked":"Metallicize","floor":31.0},{"not_picked":["Double Tap","Demon Form"],"picked":"Juggernaut","floor":33.0},{"not_picked":["Cleave+1","Iron Wave"],"picked":"ReplayTheSpireMod:Limb From Limb+1","floor":35.0},{"not_picked":["Warcry","Armaments"],"picked":"Rampage","floor":37},{"not_picked":["Hemokinesis","Ghostly Armor"],"picked":"ReachHeaven+1","floor":38}],"player_experience":935747,"relics_obtained":[{"floor":7.0,"key":"Golden Egg"},{"floor":9.0,"key":"Bronze Scales"},{"floor":10.0,"key":"Thread and Needle"},{"floor":23.0,"key":"Shuriken"},{"floor":25.0,"key":"Unceasing Top"},{"floor":26.0,"key":"The Courier"},{"floor":27.0,"key":"Centennial Puzzle"},{"floor":31.0,"key":"Replay:Bottled Snecko"},{"floor":36.0,"key":"Ring of Greed"},{"floor":36.0,"key":"Golden Idol"},{"floor":36.0,"key":"MawBank"},{"floor":36.0,"key":"ReplayTheSpireMod:Ring of Addiction"},{"floor":36.0,"key":"Potion Belt"},{"floor":36.0,"key":"SacredBark"},{"floor":37,"key":"Ice Cream"}],"event_choices":[{"damage_healed":0.0,"max_hp_gain":0.0,"max_hp_loss":0.0,"gold_gain":0.0,"cards_transformed":["Defend_B"],"event_name":"Transmorgrifier","player_choice":"Transformed","floor":8.0,"gold_loss":0.0,"damage_taken":0.0,"cards_obtained":["Infernal Blade"]},{"damage_healed":0.0,"max_hp_gain":0.0,"max_hp_loss":0.0,"gold_gain":0.0,"cards_transformed":["Strike_R"],"event_name":"Transmorgrifier","player_choice":"Transformed","floor":20.0,"gold_loss":0.0,"damage_taken":0.0,"cards_obtained":["Run Through"]},{"damage_healed":0.0,"max_hp_gain":0.0,"max_hp_loss":0.0,"gold_gain":0.0,"event_name":"Mysterious Sphere","player_choice":"Fight","floor":37.0,"gold_loss":0.0,"damage_taken":0.0},{"damage_healed":0,"gold_gain":0,"player_choice":"Fight","damage_taken":0,"max_hp_gain":0,"max_hp_loss":0,"event_name":"MindBloom","floor":39,"gold_loss":0}],"is_beta":false,"boss_relics":[{"not_picked":["Empty Cage","Replay:Wanted Poster"],"picked":"Electric Blood"},{"not_picked":["Coffee Dripper","Philosopher\u0027s Stone"],"picked":"Ring of Chaos"}],"items_purged_floors":[19],"is_endless":false,"potions_floor_spawned":[5,7,10,11,23,28,37],"killed_by":"Mind Bloom Boss Battle","ascension_level":12}}