{"host":"qmdmcz5nn4dzus5k","time":1614130089,"event":{"mods":["AchievementEnabler","BaseMod","Bestiary","BetterRewards","Card Filter","Displayed Cursed Tome","Minty Spire (QoL Compilation)","Quick Restart","Relic Filter","Remove Card Discount Mod","Replay The Spire","Spicy Shops","StSLib","The Marked","TheHero","Uncapped"],"gold_per_floor":[109,109,109,127,137,137,137,155,179,179,211,211,231,217,217,317,317,336,356,356,376,56,88,88,115,185,185,257,12,67,67,67,198,198,220,88,88,120,169,169,226,295,295,256,284,332,373,179,179,189],"floor_reached":51,"language":"ENG","playtime":3522,"items_purged":["theMarked:Strike","theMarked:Defend","Writhe","Looming Evil","Regret","theMarked:Strike","Parasite"],"score":695,"play_id":"fbd6cca3-bdcb-4462-8927-da6421efc5b8","local_time":"20210223202809","is_ascension_mode":false,"campfire_choices":[{"data":"theMarked:SoldierOfQuellstein","floor":6.0,"key":"SMITH"},{"data":"theMarked:BanishingWave","floor":10.0,"key":"SMITH"},{"data":"theMarked:Seal","floor":12.0,"key":"SMITH"},{"data":"theMarked:ParalyzingBlade","floor":15.0,"key":"SMITH"},{"floor":24.0,"key":"REST"},{"floor":27.0,"key":"REST"},{"floor":32.0,"key":"REST"},{"floor":40,"key":"REST"},{"floor":49,"key":"REST"}],"circlet_count":0,"master_deck":["theMarked:Strike","theMarked:Strike","theMarked:Strike","theMarked:Defend","theMarked:Defend","theMarked:Defend+2","theMarked:SoldierOfQuellstein+1","theMarked:BanishingStrike+1","theMarked:ParalyzingBlade+1","theMarked:Frustration","theMarked:BanishingWave+1","theMarked:EmpowerWeapon","theMarked:Seal+1","theMarked:ElectricStrings","theMarked:EternalStudent+1","theMarked:MysticalArsenal","theMarked:WardOff","HandOfGreed+1","theMarked:Toughness+1","CurseOfTheBell","theMarked:BanishingStrike+1","theMarked:WardOff+1","theMarked:RogueSparks+1","theMarked:Toughness+1","theMarked:Heritage+1","theMarked:ElectricStrings+1"],"relics":["theMarked:ArtifactOfAir","Torii","Lee\u0027s Waffle","Mango","Vajra","MealTicket","Strawberry","Bag of Preparation","Blue Doll","ReplayTheSpireMod:CursedCoin","DollysMirror","Replay:Rubber Ducky","Black Star","Membership Card","Question Card","Bag of Marbles","Mercury Hourglass","Girya","Blood Vial","Molten Egg 2","Divine Protection","Replay:Bandana","Oddly Smooth Stone","Nilry\u0027s Codex","Calling Bell","Happy Flower","Sundial","Replay:Towering Pillar of Hats","Guide Book","Gremlin Food","Letter Opener","Replay:Kaleidoscope","Simple Rune","Thread and Needle","Lantern","ReplayFunnel","Golden Egg","theMarked:DemonDagger","Boot"],"acts_visited":["Exordium","TheCity","TheBeyond"],"potions_floor_usage":[38,42,42,50,50],"damage_taken":[{"damage":6.0,"enemies":"Jaw Worm","floor":1.0,"turns":2.0},{"damage":4.0,"enemies":"Small Slimes","floor":4.0,"turns":3.0},{"damage":0.0,"enemies":"Cultist","floor":5.0,"turns":2.0},{"damage":12.0,"enemies":"Looter","floor":8.0,"turns":2.0},{"damage":5.0,"enemies":"Gremlin Nob","floor":11.0,"turns":2.0},{"damage":7.0,"enemies":"Lots of Slimes","floor":13.0,"turns":2.0},{"damage":42.0,"enemies":"Slime Boss","floor":16.0,"turns":9.0},{"damage":30.0,"enemies":"Spheric Guardian","floor":18.0,"turns":4.0},{"damage":20.0,"enemies":"3 Byrds","floor":19.0,"turns":4.0},{"damage":29.0,"enemies":"Snecko","floor":21.0,"turns":5.0},{"damage":7.0,"enemies":"Gremlin Leader","floor":23.0,"turns":4.0},{"damage":32.0,"enemies":"Book of Stabbing","floor":25.0,"turns":5.0},{"damage":0.0,"enemies":"Centurion and Healer","floor":30.0,"turns":4.0},{"damage":82.0,"enemies":"Champ","floor":33.0,"turns":10.0},{"damage":1,"enemies":"Orb Walker","floor":35,"turns":3},{"damage":0,"enemies":"3 Darklings","floor":38,"turns":3},{"damage":19,"enemies":"Sphere and 2 Shapes","floor":39,"turns":4},{"damage":0,"enemies":"Jaw Worm Horde","floor":41,"turns":2},{"damage":33,"enemies":"Giant Head","floor":42,"turns":7},{"damage":14,"enemies":"Spire Growth","floor":45,"turns":4},{"damage":0,"enemies":"Sphere and 2 Shapes","floor":46,"turns":4},{"damage":10,"enemies":"Nemesis","floor":47,"turns":5},{"damage":24,"enemies":"Replay:Hell Engine","floor":50,"turns":10}],"seed_played":"9207654873651297428","potions_obtained":[{"floor":1.0,"key":"Fire Potion"},{"floor":11.0,"key":"SpeedPotion"},{"floor":13.0,"key":"Ancient Potion"},{"floor":23.0,"key":"BlessingOfTheForge"},{"floor":30.0,"key":"Milkshake"},{"floor":33.0,"key":"AttackPotion"},{"floor":39,"key":"Fire Potion"},{"floor":45,"key":"Languid Potion"},{"floor":46,"key":"Ancient Potion"}],"is_trial":false,"path_per_floor":["M","?","?","M","M","R","T","M","T","R","E","R","M","$","R","B",null,"M","M","?","M","$","E","R","E","T","R","T","$","M","?","R","B",null,"M","$","?","M","M","R","M","E","T","$","M","M","E","$","R","B",null],"character_chosen":"THE_DEFAULT","items_purchased":["Torii","Lee\u0027s Waffle","Vajra","theMarked:BanishingStrike","ReplayTheSpireMod:CursedCoin","DollysMirror","Replay:Rubber Ducky","theMarked:ElectricStrings","Membership Card","theMarked:WardOff","Question Card","Replay:Bandana","Oddly Smooth Stone","HandOfGreed+1","Guide Book","Adrenaline Potion","Gremlin Food","Thread and Needle","Lantern","theMarked:DemonDagger","Boot","theMarked:Heritage","theMarked:ElectricStrings+1"],"campfire_rested":5,"item_purchase_floors":[0,0,0,0,14,14,14,14,22,22,22,29,29,29,36,36,36,44,44,48,48,48,48],"current_hp_per_floor":[85,85,85,81,81,81,88,76,76,76,71,71,64,79,79,37,98,68,48,48,19,34,27,56,24,24,53,53,68,70,54,83,3,98,97,95,95,95,76,95,95,62,62,77,65,67,59,74,95,71],"gold":189,"neow_bonus":"","is_daily":false,"chose_seed":false,"campfire_upgraded":4,"win_rate":0.0,"timestamp":1614130089,"path_taken":["M","?","?","M","M","R","?","M","T","R","E","R","?","$","R","BOSS","M","M","?","?","$","E","R","E","T","R","?","$","M","?","R","BOSS","M","$","?","M","M","R","M","E","T","?","?","M","E","$","R","BOSS"],"items_purchased_type":["Relic","Relic","Relic","Card","Relic","Relic","Relic","Card","Relic","Card","Relic","Relic","Relic","Card","Relic","Potion","Relic","Relic","Relic","Relic","Relic","Card","Card"],"build_version":"2020-12-22","purchased_purges":7,"victory":true,"max_hp_per_floor":[91,91,91,91,91,91,98,98,98,98,98,98,98,98,98,98,98,98,98,98,98,98,98,98,98,98,98,98,98,98,98,98,98,98,98,95,95,95,95,95,95,95,95,95,95,95,95,95,95,95],"card_choices":[{"not_picked":["theMarked:Polarize","theMarked:Memento"],"picked":"theMarked:ParalyzingBlade","floor":1.0},{"not_picked":["theMarked:TwofoldDefense","theMarked:Improvise"],"picked":"theMarked:Frustration","floor":4.0},{"not_picked":["theMarked:EmpowerWeapon","theMarked:RepellingDischarge"],"picked":"theMarked:BanishingWave","floor":5.0},{"not_picked":["theMarked:Parkour","theMarked:RepellingDischarge"],"picked":"theMarked:EmpowerWeapon","floor":8.0},{"not_picked":["theMarked:EnhanceMovement","theMarked:Defy"],"picked":"theMarked:Seal","floor":11.0},{"not_picked":["theMarked:Standoff","theMarked:Generate","theMarked:MuscleMemory"],"picked":"SKIP","floor":13.0},{"not_picked":["theMarked:TakeOffHeels","theMarked:BiggerThanFate"],"picked":"theMarked:EternalStudent","floor":16.0},{"not_picked":["theMarked:Aftermath","theMarked:TwofoldDefense","theMarked:WastefulAttack+1"],"picked":"SKIP","floor":18.0},{"not_picked":["theMarked:PowerFlow+1","theMarked:Generate"],"picked":"theMarked:MysticalArsenal","floor":19.0},{"not_picked":["theMarked:ParalyzingBlade","theMarked:EmpowerWeapon","theMarked:Parkour+1"],"picked":"SKIP","floor":21.0},{"not_picked":["theMarked:Panic","theMarked:ResourceFulStrike+1","theMarked:EnhanceMovement","theMarked:Snap"],"picked":"SKIP","floor":23.0},{"not_picked":["theMarked:Frustration","theMarked:ComboAttacks","theMarked:ResourceFulStrike","theMarked:Electrify"],"picked":"SKIP","floor":25.0},{"not_picked":["theMarked:SwordAndMagic+1","theMarked:Improvise","theMarked:GodGivenPower+1","theMarked:Electrify+1"],"picked":"SKIP","floor":30.0},{"not_picked":["theMarked:BiggerThanFate","theMarked:Defy+1","theMarked:MagusForm"],"picked":"theMarked:Toughness","floor":33.0},{"not_picked":["theMarked:ContemptForTheProud+1","theMarked:Parry","theMarked:Determination+1"],"picked":"theMarked:BanishingStrike+1","floor":35},{"not_picked":["theMarked:ElectricStrings+1","theMarked:SwordAndMagic+1","theMarked:TwofoldDefense","theMarked:HeightenedSenses+1"],"picked":"SKIP","floor":38},{"not_picked":["theMarked:Reabsorb","theMarked:EmpowerWeapon","theMarked:TwofoldDefense+1","theMarked:Seal+1"],"picked":"SKIP","floor":39},{"not_picked":["theMarked:HeightenedSenses+1","theMarked:Friction","theMarked:ResourceFulStrike+1","theMarked:TwofoldDefense+1"],"picked":"SKIP","floor":41},{"not_picked":["theMarked:Polarize+1","theMarked:TunnelVision+1","theMarked:TwofoldDefense","theMarked:ResourceFulStrike+1"],"picked":"SKIP","floor":42},{"not_picked":["theMarked:TheMission+1","theMarked:TurnInvisible","theMarked:BanishingStrike+1"],"picked":"theMarked:WardOff+1","floor":45},{"not_picked":["theMarked:Memento","theMarked:Frustration+1","theMarked:ChainLightning+1"],"picked":"theMarked:RogueSparks+1","floor":46},{"not_picked":["theMarked:MuscleMemory+1","theMarked:PowerFlow","theMarked:Parkour+1"],"picked":"theMarked:Toughness","floor":47}],"player_experience":93985,"relics_obtained":[{"floor":7.0,"key":"Strawberry"},{"floor":9.0,"key":"Bag of Preparation"},{"floor":11.0,"key":"Blue Doll"},{"floor":23.0,"key":"Bag of Marbles"},{"floor":23.0,"key":"Mercury Hourglass"},{"floor":25.0,"key":"Girya"},{"floor":25.0,"key":"Blood Vial"},{"floor":26.0,"key":"Molten Egg 2"},{"floor":28.0,"key":"Divine Protection"},{"floor":34.0,"key":"Happy Flower"},{"floor":34.0,"key":"Sundial"},{"floor":34.0,"key":"Replay:Towering Pillar of Hats"},{"floor":42,"key":"Letter Opener"},{"floor":42,"key":"Replay:Kaleidoscope"},{"floor":43,"key":"Simple Rune"},{"floor":47,"key":"ReplayFunnel"},{"floor":47,"key":"Golden Egg"}],"event_choices":[{"damage_healed":0.0,"max_hp_gain":0.0,"max_hp_loss":0.0,"gold_gain":0.0,"event_name":"Big Fish","player_choice":"Box","floor":3.0,"gold_loss":0.0,"damage_taken":0.0,"relics_obtained":["MealTicket"],"cards_obtained":["Regret"]},{"damage_healed":0.0,"max_hp_gain":0.0,"max_hp_loss":0.0,"gold_gain":0.0,"event_name":"The Woman in Blue","player_choice":"Bought 0 Potions","floor":20.0,"gold_loss":0.0,"damage_taken":0.0},{"damage_healed":0.0,"max_hp_gain":0.0,"max_hp_loss":0.0,"gold_gain":0.0,"event_name":"Cursed Tome","player_choice":"Obtained Book","floor":31.0,"gold_loss":0.0,"damage_taken":16.0},{"cards_removed":["theMarked:BanishingWave"],"damage_healed":0,"gold_gain":0,"player_choice":"Offered Uncommon","damage_taken":0,"max_hp_gain":0,"max_hp_loss":0,"event_name":"Bonfire Elementals","floor":37,"gold_loss":0}],"is_beta":false,"boss_relics":[{"not_picked":["Replay:Bronze Core","Busted Crown"],"picked":"Black Star"},{"not_picked":["Ring of Chaos","SlaversCollar"],"picked":"Calling Bell"}],"items_purged_floors":[0,0,14,14,22,29,36],"is_endless":false,"potions_floor_spawned":[1,11,13,23,30,33,39,41,45,46],"ascension_level":0}}