{"host":"hfxahm4y1ssattqc","time":1614149368,"event":{"mods":["2.2 Compatiblity","Act Like it!","Aspiration","BaseMod","Beaked The Cultist","Better Third Choice","BetterRewards","Colored Map","Colored Powertips","Custom Start","Downfall","Googly Eyes","Halation","Hallownest","Hermit","Highlight Path","Hubris","Infinite Spire","Mimic Mod","Minty Spire (QoL Compilation)","Reorder Act Four","Replay The Spire","Shop Mod","Spikes Relics","StSLib","The Bug Knight","The IronCluck","The Jungle","Unknown Chances","slay the spire mod where everything is the same but ironclad has a cowboy hat"],"gold_per_floor":[115,215,215,215,234,234,244,244,294,325,63,76,76,87,87,190,190,205,205,205,205,217,217,248,248,248,248,165,181,181,181,181,278,278,292,342,352,370,370,370],"floor_reached":39,"language":"ENG","playtime":1536,"items_purged":[],"score":602,"play_id":"8adb6e74-700b-4e42-9496-1424942a4148","local_time":"20210223224928","is_ascension_mode":false,"campfire_choices":[{"data":"infinitespire:Execution","floor":6,"key":"SMITH"},{"data":"Vigilance","floor":8,"key":"SMITH"},{"floor":15,"key":"REST"},{"data":"PathToVictory","floor":23,"key":"SMITH"},{"data":"PathToVictory","floor":25,"key":"SMITH"},{"floor":27,"key":"RECALL"},{"floor":30,"key":"REST"}],"circlet_count":0,"master_deck":["Strike_P","Strike_P","Strike_P","Strike_P","Defend_P","Defend_P","Defend_P","Defend_P","Vigilance+1","LikeWater+1","LikeWater+1","PathToVictory+1","infinitespire:Execution+1","PathToVictory","LikeWater+1","infinitespire:Execution+1","PathToVictory+1","InnerPeace","DeusExMachina+1","DevaForm+1","Replay:ManipulateFuture+1","BlessedFruit","BlessedFruit","ClearTheMind+1","LikeWater+1","Parasite","LikeWater+1"],"relics":["HolyWater","Frozen Egg 2","Chameleon Ring","DollysMirror","Blue Candle","halation:PinkSoulGem","Peace Pipe","infinitespire:FocusingShard","Replay:Wax Seal","sneckomod:BabySnecko","Empty Cage","HeavenlyBonsai"],"acts_visited":["Exordium","TheCity","TheBeyond"],"potions_floor_usage":[16,33,33,36,39],"damage_taken":[{"damage":0,"enemies":"Cultist","floor":1,"turns":4},{"damage":0,"enemies":"2 Louse","floor":5,"turns":5},{"damage":0,"enemies":"Small Slimes","floor":7,"turns":5},{"damage":0,"enemies":"Lagavulin","floor":10,"turns":8},{"damage":21,"enemies":"3 Louse","floor":12,"turns":5},{"damage":0,"enemies":"2 Fungi Beasts","floor":14,"turns":5},{"damage":15,"enemies":"The Guardian","floor":16,"turns":8},{"damage":3,"enemies":"Spheric Guardian","floor":18,"turns":6},{"damage":5,"enemies":"Chosen","floor":22,"turns":5},{"damage":0,"enemies":"Snake Plant","floor":24,"turns":10},{"damage":5,"enemies":"Snake Plant","floor":29,"turns":4},{"damage":27,"enemies":"Collector","floor":33,"turns":8},{"damage":53,"enemies":"3 Darklings","floor":35,"turns":6},{"damage":9,"enemies":"Mind Bloom Boss Battle","floor":36,"turns":9},{"damage":6,"enemies":"3 Shapes","floor":37,"turns":7},{"damage":9,"enemies":"Writhing Mass","floor":38,"turns":7},{"damage":28,"enemies":"Transient","floor":39,"turns":5}],"seed_played":"7020474117765143653","potions_obtained":[{"floor":7,"key":"Energy Potion"},{"floor":10,"key":"Doom Potion"},{"floor":12,"key":"Fruit Juice"},{"floor":16,"key":"DistilledChaos"},{"floor":33,"key":"sneckomod:MuddlingPotion"},{"floor":35,"key":"Swift Potion"},{"floor":37,"key":"Explosive Potion"}],"is_trial":false,"path_per_floor":["M","?","?","?","M","R","M","R","T","E","$","M","$","M","R","B",null,"M","?","?","?","M","R","MIM","R","T","R","$","M","R","?","R_BF","B",null,"M","?","M","M","M"],"character_chosen":"WATCHER","items_purchased":["Frozen Egg 2","LikeWater+1","LikeWater+1","DollysMirror","PathToVictory","Replay:Wax Seal"],"campfire_rested":2,"item_purchase_floors":[0,0,11,11,11,28],"current_hp_per_floor":[72,54,72,53,53,53,53,53,53,53,53,32,32,32,53,45,79,76,71,71,56,51,51,51,51,51,51,51,46,71,71,84,57,84,31,22,18,12,0,0],"gold":370,"neow_bonus":"","is_daily":false,"chose_seed":false,"campfire_upgraded":4,"win_rate":0.0,"timestamp":1614149368,"path_taken":["M","?","?","?","M","R","M","R","T","E","$","M","$","M","R","BOSS","M","?","?","?","M","R","?","R","T","R","$","?","R","?","R_BF","BOSS","M","?","M","M","M"],"items_purchased_type":["Relic","Card","Card","Relic","Card","Relic"],"build_version":"2020-12-22","purchased_purges":0,"victory":false,"max_hp_per_floor":[72,72,72,72,72,72,72,72,72,72,72,72,72,72,72,79,79,79,79,79,84,84,84,84,84,84,84,84,84,84,84,84,84,84,84,84,86,89,91,91],"card_choices":[{"not_picked":["PathToVictory","Protect"],"picked":"LikeWater+1","floor":1},{"not_picked":["Crescendo","DeceiveReality"],"picked":"PathToVictory","floor":2},{"not_picked":["infinitespire:SealOfDarkness+","hubris:Rewind"],"picked":"infinitespire:Execution","floor":4},{"not_picked":["FollowUp","Crescendo","MentalFortress+1"],"picked":"SKIP","floor":5},{"not_picked":["Crescendo","BowlingBash","Sanctity"],"picked":"SKIP","floor":7},{"not_picked":["DeusExMachina","SashWhip"],"picked":"PathToVictory","floor":10},{"not_picked":["FlurryOfBlows","Evaluate"],"picked":"InnerPeace","floor":12},{"not_picked":["CrushJoints","ThirdEye","WreathOfFlame"],"picked":"SKIP","floor":14},{"not_picked":["Ragnarok","Replay:AllIn"],"picked":"DeusExMachina","floor":16},{"not_picked":["ForeignInfluence","Consecrate","EmptyFist+1"],"picked":"SKIP","floor":18},{"not_picked":["Replay:Battleflow+1","ThirdEye","Fasting2+1"],"picked":"SKIP","floor":22},{"not_picked":["JustLucky","Evaluate","SandsOfTime+1"],"picked":"SKIP","floor":29},{"not_picked":["Scrawl","Blasphemy"],"picked":"DevaForm+1","floor":33},{"not_picked":["MentalFortress+1","Replay:Hum+1"],"picked":"Replay:ManipulateFuture+1","floor":35},{"not_picked":["PathToVictory","JustLucky+1"],"picked":"ClearTheMind+1","floor":36},{"not_picked":["Replay:BluntJabs","Protect"],"picked":"LikeWater+1","floor":37},{"not_picked":["CrushJoints+1","FlurryOfBlows"],"picked":"LikeWater+1","floor":38}],"player_experience":994783,"relics_obtained":[{"floor":10,"key":"Chameleon Ring"},{"floor":24,"key":"Peace Pipe"},{"floor":26,"key":"infinitespire:FocusingShard"},{"floor":36,"key":"HeavenlyBonsai"}],"event_choices":[{"damage_healed":24,"gold_gain":0,"player_choice":"Banana","damage_taken":0,"max_hp_gain":0,"max_hp_loss":0,"event_name":"Big Fish","floor":3,"gold_loss":0},{"damage_healed":0,"gold_gain":0,"player_choice":"Shed Blood","damage_taken":20,"max_hp_gain":5,"max_hp_loss":0,"event_name":"Forgotten Altar","floor":21,"gold_loss":0},{"damage_healed":0,"gold_gain":0,"player_choice":"Fight","damage_taken":0,"max_hp_gain":0,"max_hp_loss":0,"event_name":"MindBloom","floor":36,"gold_loss":0}],"is_beta":false,"boss_relics":[{"not_picked":["hubris:CrackedHourglass","halation:LoveArrow"],"picked":"HolyWater"},{"not_picked":["Philosopher\u0027s Stone","ChewingGum"],"picked":"Empty Cage"}],"items_purged_floors":[],"is_endless":false,"potions_floor_spawned":[7,10,12,16,22,33,35,37],"killed_by":"Transient","ascension_level":0}}