{"host":"nptej036rrbiurf5","time":1614132311,"event":{"mods":["BaseMod","Colored Map","Colored Powertips","DeckTracker","Minty Spire (QoL Compilation)","StSLib","SuperFastMode"],"gold_per_floor":[116,191,191,215,53,53,92,92,92,92,110,110,143,166,166,262,262,283,283,283,33,43,43,43,43],"floor_reached":24,"language":"KOR","playtime":1066,"items_purged":["Strike_P"],"score":504,"play_id":"bfe7791a-c936-4af8-98d0-716ee4f6c075","local_time":"20210224110511","is_ascension_mode":true,"campfire_choices":[{"data":"Eruption","floor":6.0,"key":"SMITH"},{"data":"CrushJoints","floor":8.0,"key":"SMITH"},{"data":"MentalFortress","floor":10.0,"key":"SMITH"},{"data":"InnerPeace","floor":12.0,"key":"SMITH"},{"data":"Judgement","floor":15.0,"key":"SMITH"},{"data":"BattleHymn","floor":23.0,"key":"SMITH"}],"circlet_count":0,"master_deck":["AscendersBane","Strike_P","Strike_P+1","Strike_P+1","Defend_P","Defend_P+1","Defend_P","Defend_P","Eruption+1","Vigilance","CrushJoints+1","Wallop","MentalFortress+1","DeusExMachina+1","InnerPeace+1","Judgement+1","ThirdEye","LessonLearned","BattleHymn+1","Swivel"],"relics":["HolyWater","NeowsBlessing","Bloody Idol","Bag of Marbles","Anchor","Whetstone","MutagenicStrength","Potion Belt"],"acts_visited":["Exordium","TheCity"],"potions_floor_usage":[],"damage_taken":[{"damage":0.0,"enemies":"Jaw Worm","floor":1.0,"turns":1.0},{"damage":0.0,"enemies":"Small Slimes","floor":4.0,"turns":1.0},{"damage":0.0,"enemies":"Lagavulin","floor":7.0,"turns":1.0},{"damage":0.0,"enemies":"2 Louse","floor":11.0,"turns":2.0},{"damage":0.0,"enemies":"3 Sentries","floor":13.0,"turns":10.0},{"damage":13.0,"enemies":"Blue Slaver","floor":14.0,"turns":4.0},{"damage":10.0,"enemies":"Slime Boss","floor":16.0,"turns":6.0},{"damage":0.0,"enemies":"Chosen","floor":18.0,"turns":2.0},{"damage":14.0,"enemies":"Shell Parasite","floor":22.0,"turns":5.0},{"damage":39,"enemies":"Shelled Parasite and Fungi","floor":24,"turns":5}],"seed_played":"5197433845282892952","potions_obtained":[{"floor":4.0,"key":"Regen Potion"},{"floor":7.0,"key":"SkillPotion"},{"floor":14.0,"key":"FearPotion"}],"is_trial":false,"path_per_floor":["M","?","?","M","$","R","E","R","T","R","M","R","E","M","R","B",null,"M","?","?","$","M","R","M"],"character_chosen":"WATCHER","items_purchased":["MentalFortress","Potion Belt","BattleHymn"],"campfire_rested":0,"item_purchase_floors":[5,21,21],"current_hp_per_floor":[61,50,50,50,50,50,50,50,50,50,50,50,50,37,37,27,53,53,53,53,53,44,44,5,5],"gold":43,"neow_bonus":"THREE_ENEMY_KILL","is_daily":false,"chose_seed":false,"campfire_upgraded":6,"win_rate":0.0,"timestamp":1614132311,"path_taken":["M","?","?","M","$","R","E","R","T","R","M","R","E","M","R","BOSS","M","?","?","$","M","R","M"],"items_purchased_type":["Card","Relic","Card"],"build_version":"2020-12-22","purchased_purges":1,"victory":false,"max_hp_per_floor":[68,68,62,62,62,62,62,62,62,62,62,62,62,62,62,62,62,62,62,62,62,62,62,62,62],"card_choices":[{"not_picked":["Crescendo","FlyingSleeves"],"picked":"CrushJoints","floor":1.0},{"not_picked":["CrushJoints","Halt"],"picked":"Wallop","floor":4.0},{"not_picked":["Wallop","Wireheading"],"picked":"DeusExMachina","floor":7.0},{"not_picked":["Halt","CutThroughFate"],"picked":"InnerPeace","floor":11.0},{"not_picked":["CrushJoints","ForeignInfluence"],"picked":"Judgement","floor":13.0},{"not_picked":["Halt","ClearTheMind"],"picked":"ThirdEye","floor":14.0},{"not_picked":["Wish","Establishment"],"picked":"LessonLearned","floor":16.0},{"not_picked":["FollowUp","WreathOfFlame","CrushJoints"],"picked":"SKIP","floor":18.0},{"not_picked":["FollowUp","CrushJoints"],"picked":"Swivel","floor":22.0}],"player_experience":1019142,"relics_obtained":[{"floor":7.0,"key":"Bag of Marbles"},{"floor":9.0,"key":"Anchor"},{"floor":13.0,"key":"Whetstone"}],"event_choices":[{"damage_healed":0.0,"max_hp_gain":0.0,"max_hp_loss":0.0,"gold_gain":75.0,"event_name":"World of Goop","player_choice":"Gather Gold","floor":2.0,"gold_loss":0.0,"damage_taken":11.0},{"damage_healed":0.0,"max_hp_gain":0.0,"max_hp_loss":6.0,"gold_gain":0.0,"event_name":"Golden Idol","player_choice":"Lose Max HP","floor":3.0,"gold_loss":0.0,"damage_taken":0.0,"relics_obtained":["Golden Idol"]},{"damage_healed":0.0,"max_hp_gain":0.0,"max_hp_loss":0.0,"gold_gain":0.0,"event_name":"Forgotten Altar","player_choice":"Gave Idol","floor":19.0,"relics_lost":["Golden Idol"],"gold_loss":0.0,"damage_taken":0.0,"relics_obtained":["Bloody Idol"]},{"damage_healed":0.0,"max_hp_gain":0.0,"max_hp_loss":0.0,"gold_gain":0.0,"event_name":"Drug Dealer","player_choice":"Inject Mutagens","floor":20.0,"gold_loss":0.0,"damage_taken":0.0,"relics_obtained":["MutagenicStrength"]}],"is_beta":false,"boss_relics":[{"not_picked":["Busted Crown","SacredBark"],"picked":"HolyWater"}],"items_purged_floors":[5],"is_endless":false,"potions_floor_spawned":[4,7,14,16],"killed_by":"Shelled Parasite and Fungi","ascension_level":20}}