{"host":"9l1knhxfturzliqa","time":1614141591,"event":{"mods":["AchievementEnabler","BaseMod","Colored Map","Colored Powertips","DeckTracker","Highlight Path","Keyboard Shortcuts","Minty Spire (QoL Compilation)","Random Character Button"],"gold_per_floor":[111,111,36,211,227,252,270,285,285,285,299,299,318,340,340,411,411,421,696,197,214,230,259,270,270,270,270,288,313,333,333,333],"floor_reached":31,"language":"KOR","playtime":3106,"items_purged":["Strike_B","Regret"],"score":517,"play_id":"e7066d77-d359-49d4-b0e1-e7ee1bf5ca43","local_time":"20210224133951","is_ascension_mode":true,"campfire_choices":[{"data":"Double Energy","floor":10.0,"key":"SMITH"},{"data":"Dualcast","floor":12.0,"key":"SMITH"},{"data":"Echo Form","floor":15.0,"key":"SMITH"},{"floor":25.0,"key":"REST"},{"floor":27.0,"key":"REST"}],"circlet_count":0,"master_deck":["AscendersBane","Strike_B","Strike_B","Defend_B","Defend_B","Defend_B","Defend_B","Zap","Dualcast+1","Glacier","Echo Form+1","Doubt","Cold Snap","Double Energy+1","Conserve Battery","Core Surge","BootSequence","Self Repair","Compile Driver+1","Chill","Conserve Battery+1"],"relics":["Cracked Core","NeowsBlessing","Orichalcum","Pantograph","Odd Mushroom","Inserter","HornCleat","Ginger","Bottled Flame","Happy Flower"],"acts_visited":["Exordium","TheCity"],"potions_floor_usage":[31],"damage_taken":[{"damage":0.0,"enemies":"Small Slimes","floor":1.0,"turns":1.0},{"damage":0.0,"enemies":"Jaw Worm","floor":5.0,"turns":1.0},{"damage":0.0,"enemies":"3 Sentries","floor":6.0,"turns":1.0},{"damage":3.0,"enemies":"2 Louse","floor":7.0,"turns":2.0},{"damage":0.0,"enemies":"Exordium Wildlife","floor":8.0,"turns":5.0},{"damage":0.0,"enemies":"Lots of Slimes","floor":11.0,"turns":4.0},{"damage":3.0,"enemies":"3 Louse","floor":13.0,"turns":4.0},{"damage":19.0,"enemies":"The Mushroom Lair","floor":14.0,"turns":6.0},{"damage":67.0,"enemies":"Slime Boss","floor":16.0,"turns":20.0},{"damage":8.0,"enemies":"Chosen","floor":18.0,"turns":6.0},{"damage":0.0,"enemies":"Spheric Guardian","floor":21.0,"turns":8.0},{"damage":14.0,"enemies":"Shelled Parasite and Fungi","floor":22.0,"turns":13.0},{"damage":39.0,"enemies":"Slavers","floor":23.0,"turns":9.0},{"damage":17.0,"enemies":"Snake Plant","floor":24.0,"turns":5.0},{"damage":7.0,"enemies":"Centurion and Healer","floor":28.0,"turns":16.0},{"damage":53.0,"enemies":"Book of Stabbing","floor":29.0,"turns":9.0},{"damage":0.0,"enemies":"Snecko","floor":30.0,"turns":8.0},{"damage":29,"enemies":"Slavers","floor":31,"turns":4}],"seed_played":"3697732833645711848","potions_obtained":[{"floor":6.0,"key":"AttackPotion"},{"floor":7.0,"key":"Regen Potion"},{"floor":21.0,"key":"LiquidBronze"},{"floor":23.0,"key":"Fire Potion"},{"floor":30.0,"key":"BlessingOfTheForge"}],"is_trial":false,"path_per_floor":["M","?","$","?","M","E","M","M","T","R","M","R","M","?","R","B",null,"M","?","$","M","M","E","M","R","T","R","M","E","M","E"],"character_chosen":"DEFECT","items_purchased":["BootSequence","HornCleat","Regen Potion"],"campfire_rested":2,"item_purchase_floors":[20,20,20],"current_hp_per_floor":[64,64,64,64,64,64,61,61,61,61,61,61,58,39,39,12,56,48,48,48,48,49,24,7,28,28,49,56,10,24,0,0],"gold":333,"neow_bonus":"THREE_ENEMY_KILL","is_daily":false,"chose_seed":false,"campfire_upgraded":3,"win_rate":0.0,"timestamp":1614141591,"path_taken":["M","?","$","?","M","E","M","M","T","R","M","R","M","?","R","BOSS","M","?","$","?","M","E","M","R","T","R","M","E","M","E"],"items_purchased_type":["Card","Relic","Potion"],"build_version":"2020-12-22","purchased_purges":2,"victory":false,"max_hp_per_floor":[71,71,71,71,71,71,71,71,71,71,71,71,71,71,71,71,71,71,71,71,71,71,71,71,71,71,71,71,71,71,71,71],"card_choices":[{"not_picked":["Compile Driver","Steam Power"],"picked":"Glacier","floor":1.0},{"not_picked":["Gash","Beam Cell","Barrage"],"picked":"SKIP","floor":5.0},{"not_picked":["Gash","Beam Cell","Barrage"],"picked":"SKIP","floor":5.0},{"not_picked":["Steam","Doom and Gloom","Compile Driver"],"picked":"SKIP","floor":6.0},{"not_picked":["Genetic Algorithm","Go for the Eyes"],"picked":"Cold Snap","floor":7.0},{"not_picked":["Conserve Battery","Go for the Eyes"],"picked":"Double Energy","floor":8.0},{"not_picked":["Rip and Tear","Redo","Static Discharge"],"picked":"SKIP","floor":11.0},{"not_picked":["Turbo","Thunder Strike"],"picked":"Conserve Battery","floor":13.0},{"not_picked":["All For One","Thunder Strike"],"picked":"Core Surge","floor":16.0},{"not_picked":["Ball Lightning","Reprogram","Streamline"],"picked":"SKIP","floor":18.0},{"not_picked":["Rip and Tear","Loop+1","Chaos"],"picked":"SKIP","floor":21.0},{"not_picked":["Leap","Conserve Battery"],"picked":"Self Repair","floor":22.0},{"not_picked":["Lockon","Genetic Algorithm"],"picked":"Compile Driver+1","floor":23.0},{"not_picked":["Go for the Eyes","Steam Power","Gash"],"picked":"SKIP","floor":24.0},{"not_picked":["Ball Lightning","Recycle","Steam"],"picked":"SKIP","floor":28.0},{"not_picked":["Ball Lightning","Recycle","Steam"],"picked":"SKIP","floor":28.0},{"not_picked":["Gash","Ball Lightning"],"picked":"Chill","floor":29.0},{"not_picked":["Recycle+1","Stack+1"],"picked":"Conserve Battery+1","floor":30.0}],"player_experience":721520,"relics_obtained":[{"floor":6.0,"key":"Orichalcum"},{"floor":9.0,"key":"Pantograph"},{"floor":14.0,"key":"Odd Mushroom"},{"floor":23.0,"key":"Ginger"},{"floor":26.0,"key":"Bottled Flame"},{"floor":29.0,"key":"Happy Flower"}],"event_choices":[{"damage_healed":0.0,"max_hp_gain":0.0,"max_hp_loss":0.0,"gold_gain":0.0,"cards_transformed":["Strike_B"],"event_name":"Living Wall","player_choice":"Change","floor":2.0,"gold_loss":0.0,"damage_taken":0.0,"cards_obtained":["Echo Form"]},{"damage_healed":0.0,"max_hp_gain":0.0,"max_hp_loss":0.0,"gold_gain":175.0,"event_name":"Liars Game","player_choice":"AGREE","floor":4.0,"gold_loss":0.0,"damage_taken":0.0,"cards_obtained":["Doubt"]},{"damage_healed":0.0,"max_hp_gain":0.0,"max_hp_loss":0.0,"gold_gain":0.0,"event_name":"Mushrooms","player_choice":"Fought Mushrooms","floor":14.0,"gold_loss":0.0,"damage_taken":0.0},{"damage_healed":0.0,"max_hp_gain":0.0,"max_hp_loss":0.0,"gold_gain":275.0,"event_name":"Golden Shrine","player_choice":"Desecrate","floor":19.0,"gold_loss":0.0,"damage_taken":0.0,"cards_obtained":["Regret"]}],"is_beta":false,"boss_relics":[{"not_picked":["Runic Pyramid","Tiny House"],"picked":"Inserter"}],"items_purged_floors":[3,20],"is_endless":false,"potions_floor_spawned":[6,7,8,21,23,30],"killed_by":"Slavers","ascension_level":14}}