{"host":"ae5qzhu73hqqkzt3","time":1614140350,"event":{"mods":["2.2 Compatiblity","AchievementEnabler","AlwaysNeverKeys","Aspiration","BaseMod","Better Note","BetterRewards","Jorbs\u0027s Wanderer Trilogy","Minty Spire (QoL Compilation)","Replay The Spire","StSLib","The Hierophant"],"gold_per_floor":[98,98,107,103,118,135,135,127,150,150,150,179,203,378,378,497,497,549,549,474,516,489,532,532,552,552,627,688,688,92,92,181,154,154],"floor_reached":33,"language":"ENG","playtime":2836,"items_purged":["ReplayTheSpireMod:Doomed"],"score":445,"play_id":"6054d6c5-7c6a-4ece-b5ec-ea28b1fbe239","local_time":"20210223231910","is_ascension_mode":false,"campfire_choices":[{"floor":7,"key":"REST"},{"floor":15,"key":"DIG"}],"circlet_count":0,"master_deck":["hierophant:Punish","hierophant:Defend_Hierophant","hierophant:Defend_Hierophant","hierophant:Defend_Hierophant","hierophant:ChurchCoffers","hierophant:Charity","Grand Finale","Calculated Gamble","hierophant:Endure","hierophant:FaithHealing","hierophant:Doubloon+1","hierophant:Cornucopia","stsjorbsmod:TrueStrike+1","hierophant:AuricForm","hierophant:Doubloon+1","hierophant:CoinFling","Doubt","hierophant:MintersHammer","CommonCold","hierophant:Flagellation","Bite","Bite","Bite","Bite","Bite","hierophant:PassingBell+1","hierophant:Doubloon","hierophant:Remorse+1","hierophant:TollTheBells","hierophant:Glossolalia","hierophant:HolyVerse+1","Panache"],"relics":["hierophant:PropheticMaskRelic","Mango","aspiration:Nostalgia","Burning Blood","Torii","Vajra","aspiration:HatOfInfinitePower","Garlic","Lantern","Replay:Bandana","Kintsugi","aspiration:ArtOfWarUpgrade","Toxic Egg 2","Letter Opener","Replay:Multitool"],"acts_visited":["Exordium","TheCity"],"potions_floor_usage":[16,23,25,25,28],"damage_taken":[{"damage":1.0,"enemies":"2 Louse","floor":1.0,"turns":2.0},{"damage":2.0,"enemies":"Cultist","floor":3.0,"turns":4.0},{"damage":2.0,"enemies":"Jaw Worm","floor":4.0,"turns":3.0},{"damage":1.0,"enemies":"Gremlin Gang","floor":5.0,"turns":3.0},{"damage":28,"enemies":"Gremlin Nob","floor":6,"turns":5},{"damage":2,"enemies":"3 Sentries","floor":8,"turns":3},{"damage":0,"enemies":"2 Fungi Beasts","floor":12,"turns":2},{"damage":1,"enemies":"Blue Slaver","floor":13,"turns":2},{"damage":0,"enemies":"Slime Boss","floor":16,"turns":4},{"damage":1,"enemies":"3 Byrds","floor":18,"turns":4},{"damage":3,"enemies":"Shell Parasite","floor":21,"turns":3},{"damage":7,"enemies":"Centurion and Healer","floor":22,"turns":3},{"damage":12,"enemies":"Slavers","floor":23,"turns":3},{"damage":23,"enemies":"Book of Stabbing","floor":25,"turns":4},{"damage":17,"enemies":"Chosen and Byrds","floor":28,"turns":5},{"damage":73,"enemies":"Automaton","floor":33,"turns":6}],"seed_played":"1350874525151693283","potions_obtained":[{"floor":1.0,"key":"Flashbang"},{"floor":5,"key":"DuplicationPotion"},{"floor":16,"key":"Adrenaline Potion"},{"floor":22,"key":"ColorlessPotion"},{"floor":25,"key":"SneckoOil"},{"floor":28,"key":"Weak Potion"}],"is_trial":false,"path_per_floor":["M","?","M","M","M","E","R","E","T","?","?","M","M","?","R","B",null,"M","?","$","M","M","E","R","E","T","?","M","R","$","?","R","B"],"character_chosen":"HIEROPHANT","items_purchased":["aspiration:Nostalgia","Vajra","hierophant:Glossolalia","hierophant:HolyVerse+1","Panache","Replay:Multitool"],"campfire_rested":1,"item_purchase_floors":[0,0,30,30,30,30],"current_hp_per_floor":[57,57,61,65,70,48,74,78,78,83,83,89,94,94,94,94,94,94,65,65,65,64,62,62,51,51,45,40,40,40,40,40,0,0],"gold":154,"neow_bonus":"","is_daily":false,"chose_seed":false,"campfire_upgraded":0,"win_rate":0.0,"timestamp":1614140350,"path_taken":["M","?","?","M","M","E","R","E","T","?","?","?","M","?","R","BOSS","M","?","$","M","M","E","R","E","T","?","?","R","?","?","R","BOSS"],"items_purchased_type":["Relic","Relic","Card","Card","Card","Relic"],"build_version":"2020-12-22","purchased_purges":1,"victory":false,"max_hp_per_floor":[89,89,89,89,89,89,89,89,89,94,94,94,94,94,94,94,94,94,65,65,65,65,65,65,65,65,65,65,65,65,65,65,65,65],"card_choices":[{"not_picked":["hierophant:FlamingChariot","hierophant:RepressedViolence"],"picked":"hierophant:Charity","floor":1.0},{"not_picked":["hierophant:Shelter","hierophant:RepressedViolence"],"picked":"hierophant:Endure","floor":3.0},{"not_picked":["hierophant:ThreeLashes","hierophant:WrathOfGod"],"picked":"hierophant:FaithHealing","floor":4.0},{"not_picked":["hierophant:Mercenaries","hierophant:Empathy"],"picked":"hierophant:Doubloon","floor":5},{"not_picked":["hierophant:Purify","hierophant:ThreeLashes"],"picked":"hierophant:Cornucopia","floor":6},{"not_picked":["hierophant:RepressedViolence","hierophant:Encroach","hierophant:AuricShield"],"picked":"SKIP","floor":8},{"not_picked":["hierophant:RustyCrate","hierophant:ThreeLashes"],"picked":"hierophant:AuricForm","floor":12},{"not_picked":["hierophant:Encroach","hierophant:Mercenaries"],"picked":"hierophant:CoinFling","floor":13},{"not_picked":["hierophant:Generosity","hierophant:LocustPlague"],"picked":"hierophant:MintersHammer","floor":16},{"not_picked":["hierophant:RustyCrate+1","hierophant:DisplayOfPower+1"],"picked":"hierophant:Flagellation","floor":18},{"not_picked":["hierophant:HammerAndAnvil","hierophant:Dazzle"],"picked":"hierophant:PassingBell+1","floor":21},{"not_picked":["hierophant:DisplayOfPower","hierophant:Rebuild"],"picked":"hierophant:Remorse+1","floor":22},{"not_picked":["hierophant:Rebuild","hierophant:AuricForm"],"picked":"hierophant:TollTheBells","floor":23},{"not_picked":["hierophant:Remorse","hierophant:AuricBeam+1","hierophant:RepressedViolence+1"],"picked":"SKIP","floor":25},{"not_picked":["hierophant:SolarFlare+1","hierophant:Sermon+1","hierophant:Racketeering+1"],"picked":"SKIP","floor":28}],"player_experience":1150602,"relics_obtained":[{"floor":6,"key":"aspiration:HatOfInfinitePower"},{"floor":8,"key":"Garlic"},{"floor":9,"key":"Lantern"},{"floor":15,"key":"Replay:Bandana"},{"floor":23,"key":"Art of War"},{"floor":25,"key":"Toxic Egg 2"},{"floor":26,"key":"Letter Opener"}],"event_choices":[{"damage_healed":0,"gold_gain":0,"player_choice":"Donut","damage_taken":0,"max_hp_gain":5,"max_hp_loss":0,"event_name":"Big Fish","floor":10,"gold_loss":0},{"cards_removed":["Grand Finale"],"damage_healed":0,"gold_gain":0,"player_choice":"Take \u0026 Give","damage_taken":0,"max_hp_gain":0,"max_hp_loss":0,"event_name":"betterNote:BetterNote","floor":11,"gold_loss":0,"cards_obtained":["stsjorbsmod:TrueStrike"]},{"damage_healed":0,"gold_gain":175,"player_choice":"AGREE","damage_taken":0,"max_hp_gain":0,"max_hp_loss":0,"event_name":"Liars Game","floor":14,"gold_loss":0,"cards_obtained":["Doubt"]},{"damage_healed":0,"gold_gain":0,"player_choice":"Became a vampire","damage_taken":0,"max_hp_gain":0,"max_hp_loss":29,"event_name":"Vampires","floor":19,"gold_loss":0,"cards_obtained":["Bite","Bite","Bite","Bite","Bite"]},{"damage_healed":0,"gold_gain":75,"player_choice":"Touch","damage_taken":6,"max_hp_gain":0,"max_hp_loss":0,"event_name":"FaceTrader","floor":27,"gold_loss":0},{"damage_healed":0,"gold_gain":0,"player_choice":"Ignored","damage_taken":0,"max_hp_gain":0,"max_hp_loss":0,"event_name":"Beggar","floor":31,"gold_loss":0}],"is_beta":false,"boss_relics":[{"not_picked":["SlaversCollar","Replay:Drink Me"],"picked":"Kintsugi"}],"items_purged_floors":[20],"is_endless":false,"potions_floor_spawned":[1,5,16,22,25,28],"killed_by":"Automaton","ascension_level":0}}