{"host":"epc8efk9vrywpcsw","time":1614181114,"event":{"mods":["BaseMod","Minty Spire (QoL Compilation)","Relic Stats","StSLib"],"gold_per_floor":[114,114,133,133,133,161,236,236,236],"floor_reached":8,"language":"ENG","playtime":126,"items_purged":[],"score":158,"play_id":"77842c37-c1a5-4657-a032-1f91de10c7bd","local_time":"20210224163834","is_ascension_mode":true,"campfire_choices":[],"circlet_count":0,"master_deck":["AscendersBane","Strike_G","Strike_G","Strike_G","Strike_G","Strike_G","Defend_G","Defend_G","Defend_G","Defend_G","Defend_G","Survivor","Neutralize","Cloak And Dagger","Regret","Tools of the Trade"],"relics":["Ring of the Snake","NeowsBlessing","StoneCalendar","Boot"],"acts_visited":["Exordium"],"potions_floor_usage":[],"damage_taken":[{"damage":0,"enemies":"Jaw Worm","floor":1,"turns":1},{"damage":0,"enemies":"2 Louse","floor":3,"turns":1},{"damage":0,"enemies":"Lagavulin","floor":6,"turns":1},{"damage":48,"enemies":"Gremlin Nob","floor":8,"turns":4}],"seed_played":"-8419086085101123080","potions_obtained":[{"floor":1,"key":"DistilledChaos"}],"is_trial":false,"path_per_floor":["M","?","M","$","?","E","?","E"],"character_chosen":"THE_SILENT","items_purchased":[],"campfire_rested":0,"item_purchase_floors":[],"current_hp_per_floor":[59,59,59,59,59,59,48,0,0],"gold":236,"neow_bonus":"THREE_ENEMY_KILL","is_daily":false,"chose_seed":false,"campfire_upgraded":0,"win_rate":0.0,"timestamp":1614181114,"path_taken":["M","?","M","$","?","E","?","E"],"items_purchased_type":[],"build_version":"2020-12-22","purchased_purges":0,"victory":false,"max_hp_per_floor":[66,66,66,66,66,66,66,66,66],"relic_stats":{"counters":[4,7],"StoneCalendar":[0],"Boot":[3],"obtain_stats":[{"NeowsBlessing":0,"StoneCalendar":5,"Boot":6,"Ring of the Snake":0},{"NeowsBlessing":0,"StoneCalendar":2,"Boot":3,"Ring of the Snake":0},{"NeowsBlessing":0,"StoneCalendar":2,"Boot":3,"Ring of the Snake":0}],"Ring of the Snake":[8]},"card_choices":[{"not_picked":["All Out Attack","Reflex"],"picked":"Cloak And Dagger","floor":1},{"not_picked":["Choke","Eviscerate","Catalyst"],"picked":"SKIP","floor":3},{"not_picked":["Deflect","Slice"],"picked":"Tools of the Trade","floor":6}],"player_experience":543975,"relics_obtained":[{"floor":6,"key":"Boot"}],"event_choices":[{"damage_healed":0,"gold_gain":0,"player_choice":"Leave","damage_taken":0,"max_hp_gain":0,"max_hp_loss":0,"event_name":"The Cleric","floor":2,"gold_loss":0},{"damage_healed":0,"gold_gain":0,"player_choice":"Box","damage_taken":0,"relics_obtained":["StoneCalendar"],"max_hp_gain":0,"max_hp_loss":0,"event_name":"Big Fish","floor":5,"gold_loss":0,"cards_obtained":["Regret"]},{"damage_healed":0,"gold_gain":75,"player_choice":"Gather Gold","damage_taken":11,"max_hp_gain":0,"max_hp_loss":0,"event_name":"World of Goop","floor":7,"gold_loss":0}],"is_beta":false,"boss_relics":[],"items_purged_floors":[],"is_endless":false,"potions_floor_spawned":[1],"killed_by":"Gremlin Nob","ascension_level":20}}