{"host":"0mk07bycsqo1qk03","time":1614168188,"event":{"mods":["BaseMod","Downfall","Hermit","Hubris","Minty Spire (QoL Compilation)","Reliquary","Replay The Spire","Spicy Shops","StSLib","The Hierophant"],"gold_per_floor":[115,185,49,149,192,277,277,358,358,358,427,96,96,153,153,255,255,255,255],"floor_reached":18,"language":"ENG","playtime":448,"items_purged":["Pride"],"score":228,"play_id":"bbb9d335-8a1a-473a-865f-342829de5eee","local_time":"20210224130308","is_ascension_mode":true,"campfire_choices":[{"data":"hierophant:DeathKnell","floor":7.0,"key":"SMITH"},{"data":"hierophant:Glossolalia","floor":13.0,"key":"SMITH"},{"data":"hierophant:ChurchCoffers","floor":15.0,"key":"SMITH"}],"circlet_count":0,"master_deck":["hierophant:Strike_Hierophant","hierophant:Strike_Hierophant","hierophant:Strike_Hierophant","hierophant:Strike_Hierophant","hierophant:Punish","hierophant:Defend_Hierophant","hierophant:Defend_Hierophant","hierophant:Defend_Hierophant","hierophant:Defend_Hierophant+1","hierophant:ChurchCoffers+1","hierophant:RustyCrate","hierophant:Doubloon","hierophant:Doubloon","hierophant:OrnateBuckler+1","hierophant:RustyCrate","hierophant:Doubloon","hierophant:Doubloon","hierophant:DeathKnell+1","hierophant:Glossolalia+1","ReplayTheSpireMod:Brewmster","hierophant:Levitation"],"relics":["hierophant:PropheticMaskRelic","NeowsBlessing","reliquary:Buckler","hubris:OldNail","Oddly Smooth Stone","Snack Pack","Mercury Hourglass","hubris:Icosahedron","reliquary:Aerogel","Snecko Eye"],"acts_visited":["Exordium","TheCity"],"potions_floor_usage":[],"damage_taken":[{"damage":0.0,"enemies":"Jaw Worm","floor":1.0,"turns":1.0},{"damage":0.0,"enemies":"Small Slimes","floor":5.0,"turns":2.0},{"damage":0.0,"enemies":"3 Sentries","floor":6.0,"turns":2.0},{"damage":14.0,"enemies":"Gremlin Nob","floor":8.0,"turns":3.0},{"damage":0.0,"enemies":"Cultist","floor":11.0,"turns":4.0},{"damage":0.0,"enemies":"3 Louse","floor":14.0,"turns":3.0},{"damage":28.0,"enemies":"The Guardian","floor":16.0,"turns":12.0},{"damage":0,"enemies":"2 Thieves","floor":18,"turns":1}],"seed_played":"-4142212812058911159","potions_obtained":[{"floor":2.0,"key":"hexamod:SoulburnPotion"},{"floor":2.0,"key":"Venom Potion"},{"floor":6.0,"key":"EntropicBrew"},{"floor":8.0,"key":"Venom Potion"}],"is_trial":false,"path_per_floor":["M","?","$","?","M","E","R","E","T","?","M","$","R","M","R","B",null,"M"],"character_chosen":"HIEROPHANT","items_purchased":["hubris:OldNail","reliquary:Aerogel","ReplayTheSpireMod:Brewmster"],"campfire_rested":0,"item_purchase_floors":[3,12,12],"current_hp_per_floor":[75,45,45,45,45,45,45,31,31,31,31,31,31,31,31,7,75,75,75],"gold":255,"neow_bonus":"THREE_ENEMY_KILL","is_daily":false,"chose_seed":false,"campfire_upgraded":3,"win_rate":0.0,"timestamp":1614168188,"path_taken":["M","?","$","?","?","E","R","E","T","?","M","$","R","M","R","BOSS","M"],"items_purchased_type":["Relic","Relic","Card"],"build_version":"2020-12-22","purchased_purges":1,"victory":false,"max_hp_per_floor":[75,75,75,75,75,75,75,75,75,75,75,75,75,75,75,75,75,75,75],"card_choices":[{"not_picked":["hierophant:Remorse","hierophant:Sermon"],"picked":"hierophant:RustyCrate","floor":1.0},{"not_picked":["hierophant:TollTheBells","hierophant:PassingBell"],"picked":"hierophant:OrnateBuckler","floor":2.0},{"not_picked":["hierophant:Shelter","hierophant:Alms"],"picked":"hierophant:RustyCrate","floor":5.0},{"not_picked":["hierophant:RecallFunds","hierophant:TollTheBells"],"picked":"hierophant:DeathKnell","floor":6.0},{"not_picked":["hierophant:CursedGold","hierophant:Sermon"],"picked":"hierophant:Glossolalia","floor":8.0},{"not_picked":["hierophant:HolyVerse","hierophant:Dazzle","hierophant:MorningPrayer"],"picked":"SKIP","floor":11.0},{"not_picked":["hierophant:MorningPrayer","hierophant:RustyCrate","hierophant:Prophecy"],"picked":"SKIP","floor":14.0},{"not_picked":["hierophant:DeathKnell","hierophant:Generosity"],"picked":"hierophant:Levitation","floor":16.0}],"player_experience":1065505,"relics_obtained":[{"floor":2.0,"key":"reliquary:Buckler"},{"floor":6.0,"key":"Oddly Smooth Stone"},{"floor":8.0,"key":"Snack Pack"},{"floor":9.0,"key":"Mercury Hourglass"}],"event_choices":[{"damage_healed":0.0,"max_hp_gain":0.0,"max_hp_loss":0.0,"gold_gain":100.0,"event_name":"Golden Shrine","player_choice":"Pray","floor":4.0,"gold_loss":0.0,"damage_taken":0.0}],"is_beta":false,"boss_relics":[{"not_picked":["Sozu","Pandora\u0027s Box"],"picked":"Snecko Eye"}],"items_purged_floors":[3],"is_endless":false,"potions_floor_spawned":[6,8,11],"killed_by":"2 Thieves","ascension_level":1}}