{"host":"hxbbrccw7ig68b38","time":1614151697,"event":{"mods":["BaseMod","Hermit","Minty Spire (QoL Compilation)","StSLib","The Cursed"],"gold_per_floor":[210,210,259,434,458,458,458,481,506,519,519,538,573,589,589,719,719,734,55,71,71,71,109,109,109,109],"floor_reached":25,"language":"KOR","playtime":959,"items_purged":["Parasite"],"score":232,"play_id":"bcc1ee2f-f5d4-4ccd-9f03-dad1d1f4d142","local_time":"20210224162817","is_ascension_mode":true,"campfire_choices":[{"data":"hermit:Snapshot","floor":6.0,"key":"SMITH"},{"floor":15.0,"key":"REST"},{"floor":24,"key":"REST"}],"circlet_count":0,"master_deck":["hermit:Strike_Hermit","hermit:Strike_Hermit","hermit:Strike_Hermit","hermit:Strike_Hermit","hermit:Defend_Hermit","hermit:Defend_Hermit","hermit:Defend_Hermit","hermit:Defend_Hermit","hermit:Snapshot+1","hermit:Covet","hermit:BigShot","Injury","Doubt","hermit:EyeOfTheStorm","Pain","hermit:Misfire","hermit:Enervate","TheCursedMod:CursedMace","TheCursedMod:TacticalStrike","hermit:FinalCanter","hermit:Ricochet","hermit:TrackingShot","Master of Strategy","hermit:Feint","Shame","TheCursedMod:CursedAmulet"],"relics":["hermit:Momento","Golden Idol","Nunchaku","WarpedTongs","Bottled Lightning","Black Star","Prayer Wheel","Blood Vial","Tiny Chest","Thread and Needle"],"acts_visited":["Exordium","TheCity"],"potions_floor_usage":[16,16,16,19],"damage_taken":[{"damage":10.0,"enemies":"Jaw Worm","floor":1.0,"turns":4.0},{"damage":7.0,"enemies":"Small Slimes","floor":5.0,"turns":3.0},{"damage":0.0,"enemies":"Cultist","floor":8.0,"turns":3.0},{"damage":7.0,"enemies":"Looter","floor":10.0,"turns":3.0},{"damage":8.0,"enemies":"2 Fungi Beasts","floor":12.0,"turns":4.0},{"damage":17.0,"enemies":"3 Sentries","floor":13.0,"turns":6.0},{"damage":4.0,"enemies":"Exordium Wildlife","floor":14.0,"turns":4.0},{"damage":52,"enemies":"The Guardian","floor":16,"turns":9},{"damage":26,"enemies":"2 Thieves","floor":18,"turns":5},{"damage":0,"enemies":"Chosen","floor":20,"turns":3},{"damage":33,"enemies":"Slavers","floor":23,"turns":5},{"damage":57,"enemies":"Sentry and Sphere","floor":25,"turns":9}],"seed_played":"-8377771787746064710","potions_obtained":[{"floor":8.0,"key":"AttackPotion"},{"floor":12.0,"key":"Block Potion"},{"floor":13.0,"key":"SpeedPotion"},{"floor":14.0,"key":"Regen Potion"},{"floor":18,"key":"FearPotion"}],"is_trial":false,"path_per_floor":["M","?","T","?","M","R","?","M","T","M","?","M","E","M","R","B",null,"M","$","M","?","?","E","R","M"],"character_chosen":"HERMIT","items_purchased":["Fruit Juice","hermit:TrackingShot","Prayer Wheel","Master of Strategy"],"campfire_rested":2,"item_purchase_floors":[19,19,19,19],"current_hp_per_floor":[65,65,65,65,58,58,58,58,58,51,69,61,44,40,62,25,75,49,54,54,54,54,23,46,0,0],"gold":109,"neow_bonus":"HUNDRED_GOLD","is_daily":false,"chose_seed":false,"campfire_upgraded":1,"win_rate":0.0,"timestamp":1614151697,"path_taken":["M","?","?","?","?","R","?","M","T","?","?","M","E","M","R","BOSS","M","$","M","?","?","E","R","M"],"items_purchased_type":["Potion","Card","Relic","Card"],"build_version":"2020-12-22","purchased_purges":1,"victory":false,"max_hp_per_floor":[75,75,75,75,75,75,75,75,75,75,75,75,75,75,75,75,75,75,77,77,77,77,77,77,77,77],"card_choices":[{"not_picked":["TheCursedMod:FleshFromBone","TheCursedMod:CircleOfCorruption"],"picked":"hermit:BigShot","floor":1.0},{"not_picked":["TheCursedMod:CursedBlade","TheCursedMod:ManaBullet"],"picked":"hermit:EyeOfTheStorm","floor":5.0},{"not_picked":["hermit:TakeAim","TheCursedMod:FleshFromBone"],"picked":"hermit:Misfire","floor":8.0},{"not_picked":["TheCursedMod:Grudge","hermit:Snipe"],"picked":"hermit:Enervate","floor":10.0},{"not_picked":["hermit:SprayPray","TheCursedMod:AshesToAshes","TheCursedMod:WearCloak"],"picked":"SKIP","floor":12.0},{"not_picked":["hermit:Manifest","TheCursedMod:ManaCirculation"],"picked":"TheCursedMod:CursedMace","floor":13.0},{"not_picked":["TheCursedMod:FuryStrike","TheCursedMod:FleshFromBone"],"picked":"TheCursedMod:TacticalStrike","floor":14.0},{"not_picked":["hermit:HeroicBravado","hermit:DeadOrAlive"],"picked":"hermit:FinalCanter","floor":16},{"not_picked":["hermit:CalledShot+1","hermit:FlashPowder"],"picked":"hermit:Ricochet","floor":18},{"not_picked":["TheCursedMod:SoulCrush","hermit:BigShot"],"picked":"hermit:Feint","floor":20},{"not_picked":["TheCursedMod:SmokeScreen+1","TheCursedMod:Mangle","hermit:Roulette+1"],"picked":"SKIP","floor":20},{"not_picked":["TheCursedMod:SpreadPlague","TheCursedMod:SaltUponWound+1"],"picked":"TheCursedMod:CursedAmulet","floor":23}],"player_experience":93868,"relics_obtained":[{"floor":3.0,"key":"Nunchaku"},{"floor":13.0,"key":"Bottled Lightning"},{"floor":23,"key":"Tiny Chest"},{"floor":23,"key":"Thread and Needle"}],"event_choices":[{"damage_healed":0.0,"max_hp_gain":0.0,"max_hp_loss":0.0,"gold_gain":0.0,"event_name":"Golden Idol","player_choice":"Take Wound","floor":2.0,"gold_loss":0.0,"damage_taken":0.0,"relics_obtained":["Golden Idol"],"cards_obtained":["Injury"]},{"damage_healed":0.0,"max_hp_gain":0.0,"max_hp_loss":0.0,"gold_gain":175.0,"event_name":"Liars Game","player_choice":"AGREE","floor":4.0,"gold_loss":0.0,"damage_taken":0.0,"cards_obtained":["Doubt"]},{"damage_healed":0.0,"max_hp_gain":0.0,"max_hp_loss":0.0,"gold_gain":0.0,"event_name":"Accursed Blacksmith","player_choice":"Rummage","floor":7.0,"gold_loss":0.0,"damage_taken":0.0,"relics_obtained":["WarpedTongs"],"cards_obtained":["Pain"]},{"damage_healed":18.0,"max_hp_gain":0.0,"max_hp_loss":0.0,"gold_gain":0.0,"event_name":"Mushrooms","player_choice":"Healed and dodged fight","floor":11.0,"gold_loss":0.0,"damage_taken":0.0,"cards_obtained":["Parasite"]},{"damage_healed":0,"gold_gain":0,"player_choice":"Stole Relic","damage_taken":0,"relics_obtained":["Blood Vial"],"max_hp_gain":0,"max_hp_loss":0,"event_name":"Addict","floor":21,"gold_loss":0,"cards_obtained":["Shame"]},{"damage_healed":0,"gold_gain":0,"player_choice":"Ignored","damage_taken":0,"max_hp_gain":0,"max_hp_loss":0,"event_name":"Ghosts","floor":22,"gold_loss":0}],"is_beta":false,"boss_relics":[{"not_picked":["Philosopher\u0027s Stone","SacredBark"],"picked":"Black Star"}],"items_purged_floors":[19],"is_endless":false,"potions_floor_spawned":[8,12,13,14,18],"killed_by":"Sentry and Sphere","ascension_level":1}}