{"host":"cyiefo55v5hz1ih5","time":1614125792,"event":{"mods":["2.2 Compatiblity","AchievementEnabler","BaseMod","Downfall","GifTheSpireLib","Hubris","Minty Spire (QoL Compilation)","Reliquary","Replay The Spire","Spicy Shops","StSLib"],"gold_per_floor":[118,134,146,146,160,160,236,236,236,236,256,272,284,141,141,238,238,254,287,153,153,3,37,37,47,47,47,47,47,81,91,91,192,192,207,207,227,227,244,272,272,287,287,301,301,314,314,314],"floor_reached":47,"language":"ENG","playtime":6807,"items_purged":["Strike_G","Strike_G","Strike_G","Strike_G"],"score":774,"play_id":"40ea99a2-c9ff-4d15-9da5-2bb4d553f676","local_time":"20210223191632","is_ascension_mode":true,"campfire_choices":[{"data":"Deadly Poison","floor":6,"key":"SMITH"},{"floor":8,"key":"RECALL"},{"data":"Neutralize","floor":10,"key":"SMITH"},{"data":"Noxious Fumes","floor":15,"key":"SMITH"},{"floor":27,"key":"REST"},{"floor":32,"key":"REST"},{"floor":41,"key":"REST"},{"floor":45,"key":"REST"}],"circlet_count":0,"master_deck":["Strike_G","Defend_G","Defend_G+1","Defend_G","Defend_G+1","Defend_G","Survivor","Neutralize+1","Deadly Poison+1","Footwork","Noxious Fumes+1","Malaise","ReplayTheSpireMod:Splinters","Bouncing Flask+1","Normality","hubris:Despair","Dagger Spray+1","Replay:Bag of Tricks","Madness","Madness"],"relics":["reliquary:Ember","Blue Candle","hubris:PeanutButter","Pocketwatch","Snake Skull","ReplayTheSpireMod:CursedCoin","Vampiric Spirits","Replay:Kaleidoscope","Simple Rune","Du-Vu Doll","reliquary:RosewoodLute","SlaversCollar","reliquary:Stiletto","Anchor"],"acts_visited":["Exordium","TheCity","TheBeyond"],"potions_floor_usage":[16,23,37,39,44,47],"damage_taken":[{"damage":0,"enemies":"Cultist","floor":1,"turns":4},{"damage":2,"enemies":"Jaw Worm","floor":2,"turns":5},{"damage":1,"enemies":"Small Slimes","floor":3,"turns":5},{"damage":3,"enemies":"Looter","floor":5,"turns":4},{"damage":0,"enemies":"3 Louse","floor":11,"turns":3},{"damage":0,"enemies":"Blue Slaver","floor":12,"turns":4},{"damage":0,"enemies":"Exordium Thugs","floor":13,"turns":6},{"damage":17,"enemies":"The Guardian","floor":16,"turns":10},{"damage":0,"enemies":"Shell Parasite","floor":18,"turns":8},{"damage":34,"enemies":"Slavers","floor":23,"turns":5},{"damage":25,"enemies":"2 Thieves","floor":25,"turns":4},{"damage":4,"enemies":"Book of Stabbing","floor":30,"turns":6},{"damage":1,"enemies":"Shelled Parasite and Fungi","floor":31,"turns":6},{"damage":0,"enemies":"Pondfish","floor":33,"turns":11},{"damage":0,"enemies":"Orb Walker","floor":35,"turns":4},{"damage":16,"enemies":"3 Darklings","floor":37,"turns":5},{"damage":9,"enemies":"Writhing Mass","floor":39,"turns":5},{"damage":20,"enemies":"Nemesis","floor":40,"turns":9},{"damage":15,"enemies":"Maw","floor":42,"turns":7},{"damage":15,"enemies":"Transient","floor":44,"turns":5},{"damage":12,"enemies":"Jaw Worm Horde","floor":46,"turns":4},{"damage":38,"enemies":"Reptomancer","floor":47,"turns":5}],"seed_played":"266898050926822593","potions_obtained":[{"floor":1,"key":"bronze:BurnAndBuffPotion"},{"floor":2,"key":"Milkshake"},{"floor":11,"key":"DistilledChaos"},{"floor":13,"key":"Toxic Potion"},{"floor":23,"key":"Elixir"},{"floor":35,"key":"Swift Potion"},{"floor":39,"key":"FearPotion"},{"floor":40,"key":"champ:CounterPotion"},{"floor":46,"key":"Explosive Potion"}],"is_trial":false,"path_per_floor":["M","M","M","?","M","R","T","R","T","R","M","M","M","$","R","B",null,"M","?","$","?","$","E","?","M","T","R","$","$","E","M","R","B",null,"M","?","M","?","M","E","R","M","T","M","R","M","E"],"character_chosen":"THE_SILENT","items_purchased":["Noxious Fumes","Snake Skull","ReplayTheSpireMod:CursedCoin","Du-Vu Doll"],"campfire_rested":4,"item_purchase_floors":[14,20,20,28],"current_hp_per_floor":[70,68,67,62,59,59,59,59,59,59,59,59,59,59,59,42,70,70,70,70,70,70,36,36,11,11,32,12,12,9,8,29,29,70,70,61,46,46,41,24,45,30,30,21,42,30,0,0],"gold":314,"neow_bonus":"BOSS_RELIC","is_daily":false,"chose_seed":false,"campfire_upgraded":3,"win_rate":0.0,"timestamp":1614125792,"path_taken":["M","M","?","?","M","R","?","R","T","R","?","?","M","$","R","BOSS","M","?","$","?","$","E","?","?","T","R","?","$","E","?","R","BOSS","M","?","M","?","M","E","R","M","T","M","R","M","E"],"items_purchased_type":["Card","Relic","Relic","Relic"],"build_version":"2020-12-22","purchased_purges":4,"victory":false,"max_hp_per_floor":[70,70,70,70,70,70,70,70,70,70,70,70,70,70,70,70,70,70,70,70,70,70,70,70,70,70,70,70,70,70,70,70,70,70,70,70,70,70,70,70,70,70,70,70,70,70,70,70],"card_choices":[{"not_picked":["Tactician","Bane","Dagger Throw"],"picked":"SKIP","floor":1},{"not_picked":["Dagger Spray","Poisoned Stab","Flying Knee"],"picked":"SKIP","floor":2},{"not_picked":["Crippling Poison","Caltrops"],"picked":"Deadly Poison","floor":3},{"not_picked":["Dagger Spray","Blade Dance","Underhanded Strike"],"picked":"SKIP","floor":5},{"not_picked":["Dodge and Roll","PiercingWail","Expertise"],"picked":"SKIP","floor":11},{"not_picked":["ReplayTheSpireMod:Speed Training","Catalyst","hubris:SlightOfHand"],"picked":"SKIP","floor":12},{"not_picked":["Blade Dance","Underhanded Strike"],"picked":"Footwork","floor":13},{"not_picked":["Adrenaline","Atom Bomb"],"picked":"Malaise","floor":16},{"not_picked":["Poisoned Stab","Finisher","PiercingWail"],"picked":"SKIP","floor":18},{"not_picked":["Outmaneuver","Poisoned Stab"],"picked":"Bouncing Flask+1","floor":19},{"not_picked":["Sucker Punch+1","Slice","Sneak Up"],"picked":"SKIP","floor":23},{"not_picked":["Slice","Terror","Hidden Blade"],"picked":"SKIP","floor":25},{"not_picked":["Poisoned Stab","Blade Dance","ReplayTheSpireMod:Speed Training"],"picked":"SKIP","floor":30},{"not_picked":["Blade Dance","hubris:SlightOfHand"],"picked":"Dagger Spray+1","floor":31},{"not_picked":["Die Die Die","Venomology"],"picked":"Replay:Bag of Tricks","floor":33},{"not_picked":["Leg Sweep+1","Acrobatics+1","Slice+1"],"picked":"SKIP","floor":35},{"not_picked":["Bane","Hidden Blade","Dodge and Roll+1"],"picked":"SKIP","floor":37},{"not_picked":["Sucker Punch","Poisoned Stab","Backflip+1"],"picked":"SKIP","floor":39},{"not_picked":["Riddle With Holes+1","Deflect+1","Quick Slash"],"picked":"SKIP","floor":40},{"not_picked":["PiercingWail","Poisoned Stab","ReplayTheSpireMod:Shiv Toss+1"],"picked":"SKIP","floor":42},{"not_picked":["Prepared","hubris:SlightOfHand+1","Flying Knee+1"],"picked":"SKIP","floor":44},{"not_picked":["hubris:SlightOfHand","Sucker Punch","Prepared+1"],"picked":"SKIP","floor":46}],"player_experience":816958,"relics_obtained":[{"floor":9,"key":"hubris:PeanutButter"},{"floor":19,"key":"Pocketwatch"},{"floor":23,"key":"Vampiric Spirits"},{"floor":24,"key":"Replay:Kaleidoscope"},{"floor":26,"key":"Simple Rune"},{"floor":30,"key":"reliquary:RosewoodLute"},{"floor":40,"key":"reliquary:Stiletto"},{"floor":43,"key":"Anchor"}],"event_choices":[{"damage_healed":0,"gold_gain":0,"player_choice":"Ignored","damage_taken":0,"max_hp_gain":0,"max_hp_loss":0,"event_name":"Vampires","floor":21,"gold_loss":0},{"damage_healed":0,"gold_gain":0,"player_choice":"Relic","damage_taken":0,"max_hp_gain":0,"max_hp_loss":0,"event_name":"Wheel of Change","floor":24,"gold_loss":0},{"damage_healed":0,"gold_gain":0,"player_choice":"Embrace Madness","damage_taken":9,"max_hp_gain":0,"max_hp_loss":0,"event_name":"Winding Halls","floor":36,"gold_loss":0,"cards_obtained":["Madness","Madness"]},{"damage_healed":0,"gold_gain":0,"player_choice":"Ignored","damage_taken":0,"max_hp_gain":0,"max_hp_loss":0,"event_name":"Mysterious Sphere","floor":38,"gold_loss":0}],"is_beta":false,"boss_relics":[{"not_picked":["reliquary:RedPaperclip","hubris:GrandSneckoEye","Busted Crown"]},{"not_picked":["Painkiller Herb","Coffee Dripper"],"picked":"SlaversCollar"}],"items_purged_floors":[14,20,20,22],"is_endless":false,"potions_floor_spawned":[1,2,11,12,13,23,35,39,40,46],"killed_by":"Reptomancer","ascension_level":1}}