{"host":"gn4zoccfnie4id9c","time":1614126953,"event":{"mods":["AchievementEnabler","BaseMod","Colored Map","Minty Spire (QoL Compilation)"],"gold_per_floor":[110,63,83,102,113,139,139,164,187,187,12,12,12,32,32,127,127,138,138,138,149,164,164,164,164],"floor_reached":24,"language":"ENG","playtime":1556,"items_purged":[],"score":231,"play_id":"5c5cb87b-06b4-46b3-a67b-f37f5be1651c","local_time":"20210223193553","is_ascension_mode":false,"campfire_choices":[{"floor":10,"key":"REST"},{"data":"Judgement","floor":12,"key":"SMITH"},{"floor":15,"key":"REST"},{"floor":23,"key":"REST"}],"circlet_count":0,"master_deck":["Strike_P","Strike_P","Strike_P","Strike_P","Defend_P","Defend_P","Defend_P","Defend_P","Eruption+1","Vigilance","SashWhip","FearNoEvil","EmptyFist","Judgement+1","FlurryOfBlows+1","LikeWater","Conclude","ClearTheMind","EmptyBody","Devotion","Evaluate+1","Doubt","FollowUp","Vengeance"],"relics":["HolyWater","Ancient Tea Set","Anchor","Lantern","Orichalcum"],"acts_visited":["Exordium","TheCity"],"potions_floor_usage":[5,8,16,16,21],"damage_taken":[{"damage":17,"enemies":"Jaw Worm","floor":1,"turns":2},{"damage":0,"enemies":"2 Louse","floor":3,"turns":3},{"damage":2,"enemies":"Cultist","floor":4,"turns":3},{"damage":9,"enemies":"Exordium Wildlife","floor":5,"turns":4},{"damage":4,"enemies":"3 Sentries","floor":6,"turns":5},{"damage":0,"enemies":"Lagavulin","floor":8,"turns":3},{"damage":0,"enemies":"Red Slaver","floor":14,"turns":2},{"damage":25,"enemies":"Hexaghost","floor":16,"turns":9},{"damage":11,"enemies":"Chosen","floor":18,"turns":5},{"damage":0,"enemies":"2 Thieves","floor":21,"turns":2},{"damage":36,"enemies":"Snecko","floor":22,"turns":7},{"damage":46,"enemies":"3 Cultists","floor":24,"turns":5}],"seed_played":"1226608792563011162","potions_obtained":[{"floor":3,"key":"AttackPotion"},{"floor":5,"key":"SteroidPotion"},{"floor":6,"key":"BottledMiracle"},{"floor":14,"key":"StancePotion"},{"floor":18,"key":"DistilledChaos"}],"is_trial":false,"path_per_floor":["M","?","M","M","M","E","?","E","T","R","$","R","?","M","R","B",null,"M","?","?","M","M","R","M"],"character_chosen":"WATCHER","items_purchased":["Conclude","Fasting2","ClearTheMind"],"campfire_rested":3,"item_purchase_floors":[11,11,11],"current_hp_per_floor":[55,55,55,53,44,40,37,37,37,58,58,58,58,58,72,47,72,61,61,61,61,25,46,0,0],"gold":164,"neow_bonus":"UPGRADE_CARD","is_daily":false,"chose_seed":false,"campfire_upgraded":1,"win_rate":0.0,"timestamp":1614126953,"path_taken":["M","?","M","M","M","E","?","E","T","R","$","R","?","M","R","BOSS","M","?","?","M","?","R","M"],"items_purchased_type":["Card","Card","Card"],"build_version":"2020-12-22","purchased_purges":0,"victory":false,"max_hp_per_floor":[72,72,72,72,72,72,72,72,72,72,72,72,72,72,72,72,72,72,72,72,72,72,72,72,72],"card_choices":[{"not_picked":["ThirdEye","JustLucky"],"picked":"SashWhip","floor":1},{"not_picked":["LikeWater","Meditate"],"picked":"FearNoEvil","floor":3},{"not_picked":["Weave","WindmillStrike"],"picked":"EmptyFist","floor":4},{"not_picked":["Protect","EmptyMind"],"picked":"Judgement","floor":5},{"not_picked":["ThirdEye","Fasting2"],"picked":"FlurryOfBlows","floor":6},{"not_picked":["BattleHymn","CrushJoints"],"picked":"LikeWater","floor":8},{"not_picked":["ThirdEye","CutThroughFate"],"picked":"EmptyBody","floor":14},{"not_picked":["Scrawl","Omniscience"],"picked":"Devotion","floor":16},{"not_picked":["Protect","Conclude"],"picked":"Evaluate+1","floor":18},{"not_picked":["PathToVictory","Study"],"picked":"FollowUp","floor":21},{"not_picked":["ThirdEye","JustLucky"],"picked":"Vengeance","floor":22}],"player_experience":127110,"relics_obtained":[{"floor":6,"key":"Ancient Tea Set"},{"floor":8,"key":"Lantern"},{"floor":9,"key":"Orichalcum"}],"event_choices":[{"damage_healed":0,"gold_gain":0,"player_choice":"Left Gold","damage_taken":0,"max_hp_gain":0,"max_hp_loss":0,"event_name":"World of Goop","floor":2,"gold_loss":47},{"damage_healed":0,"gold_gain":0,"player_choice":"Success","damage_taken":3,"relics_obtained":["Anchor"],"max_hp_gain":0,"max_hp_loss":0,"event_name":"Scrap Ooze","floor":7,"gold_loss":0},{"damage_healed":0,"gold_gain":0,"player_choice":"Forge","damage_taken":0,"max_hp_gain":0,"max_hp_loss":0,"event_name":"Accursed Blacksmith","floor":13,"gold_loss":0,"cards_upgraded":["FlurryOfBlows"]},{"damage_healed":0,"gold_gain":0,"player_choice":"Ignored","damage_taken":0,"max_hp_gain":0,"max_hp_loss":0,"event_name":"Ghosts","floor":19,"gold_loss":0},{"cards_removed":["Fasting2"],"damage_healed":0,"gold_gain":0,"player_choice":"Took Card","damage_taken":0,"max_hp_gain":0,"max_hp_loss":0,"event_name":"NoteForYourself","floor":20,"gold_loss":0,"cards_obtained":["Doubt"]}],"is_beta":false,"boss_relics":[{"not_picked":["Cursed Key","Velvet Choker"],"picked":"HolyWater"}],"items_purged_floors":[],"is_endless":false,"potions_floor_spawned":[3,5,6,14,18],"killed_by":"3 Cultists","ascension_level":0}}