{"host":"oq0u6q7bjztc2jwc","time":1614187569,"event":{"mods":["AchievementEnabler","BaseMod","Colored Map","Highlight Path","Minty Spire (QoL Compilation)","Permanent Neow","StSLib"],"gold_per_floor":[114,114,114,39,62,102,102,137,137,178,7,7,28,28,28,158,158,177,195,195,195,206,241,241,241,241,255,271,51,67,48,48,48,48],"floor_reached":33,"language":"ENG","playtime":2423,"items_purged":["Writhe","Strike_R","Strike_R"],"score":311,"play_id":"62cfe368-b85a-4105-a764-52dba3d3b6c2","local_time":"20210224122609","is_ascension_mode":true,"campfire_choices":[{"data":"Mayhem","floor":7,"key":"SMITH"},{"data":"Demon Form","floor":12,"key":"SMITH"},{"floor":15,"key":"REST"},{"floor":25,"key":"REST"},{"floor":32,"key":"REST"}],"circlet_count":0,"master_deck":["Strike_R+1","Strike_R+1","Defend_R","Defend_R","Defend_R","Defend_R","Bash","Mayhem+1","Carnage","Demon Form+1","Armaments","Demon Form+1","Seeing Red","Rampage","Enlightenment","Offering","Armaments","Metallicize+1","Flame Barrier"],"relics":["Burning Blood","Bloody Idol","Thread and Needle","Frozen Egg 2","Bottled Tornado","White Beast Statue","Empty Cage","Mercury Hourglass","StrikeDummy","Omamori","Membership Card"],"acts_visited":["Exordium","TheCity"],"potions_floor_usage":[6,16,18,22,22,27,28,30],"damage_taken":[{"damage":8,"enemies":"2 Louse","floor":1,"turns":4},{"damage":7,"enemies":"Jaw Worm","floor":5,"turns":3},{"damage":25,"enemies":"Gremlin Nob","floor":6,"turns":4},{"damage":14,"enemies":"Lagavulin","floor":8,"turns":6},{"damage":13,"enemies":"3 Sentries","floor":10,"turns":7},{"damage":0,"enemies":"Small Slimes","floor":13,"turns":4},{"damage":4,"enemies":"Hexaghost","floor":16,"turns":7},{"damage":40,"enemies":"3 Byrds","floor":18,"turns":6},{"damage":6,"enemies":"Chosen","floor":19,"turns":3},{"damage":29,"enemies":"Centurion and Healer","floor":22,"turns":5},{"damage":41,"enemies":"Book of Stabbing","floor":23,"turns":6},{"damage":17,"enemies":"Shelled Parasite and Fungi","floor":27,"turns":5},{"damage":28,"enemies":"Snake Plant","floor":28,"turns":4},{"damage":6,"enemies":"Centurion and Healer","floor":30,"turns":4},{"damage":41,"enemies":"Automaton","floor":33,"turns":6}],"seed_played":"6632317842913053919","potions_obtained":[{"floor":5,"key":"ColorlessPotion"},{"floor":13,"key":"Fire Potion"},{"floor":16,"key":"Dexterity Potion"},{"floor":18,"key":"Energy Potion"},{"floor":19,"key":"Strength Potion"},{"floor":22,"key":"FairyPotion"},{"floor":23,"key":"DistilledChaos"},{"floor":27,"key":"PowerPotion"},{"floor":28,"key":"HeartOfIron"},{"floor":30,"key":"FearPotion"}],"is_trial":false,"path_per_floor":["M","?","?","$","M","E","R","E","T","E","$","R","M","?","R","B",null,"M","M","?","?","M","E","?","R","T","M","M","$","M","$","R","B"],"character_chosen":"IRONCLAD","items_purchased":["Seeing Red","Membership Card","Flame Barrier"],"campfire_rested":3,"item_purchase_floors":[11,29,31],"current_hp_per_floor":[78,62,62,62,61,42,42,34,34,27,27,27,33,33,55,57,74,40,40,40,40,22,15,15,37,37,31,14,14,19,19,41,0,0],"gold":48,"neow_bonus":"RANDOM_COLORLESS_2","is_daily":false,"chose_seed":false,"campfire_upgraded":2,"win_rate":0.0,"timestamp":1614187569,"path_taken":["M","?","?","$","M","E","R","E","T","E","?","R","M","?","R","BOSS","M","?","?","?","M","E","?","R","T","M","M","$","M","?","R","BOSS"],"items_purchased_type":["Card","Relic","Card"],"build_version":"2020-12-22","purchased_purges":3,"victory":false,"max_hp_per_floor":[80,80,74,74,74,74,74,74,74,74,74,74,74,74,74,74,74,74,74,74,74,74,74,74,74,74,74,74,74,74,74,74,74,74],"card_choices":[{"not_picked":["Transmutation","HandOfGreed"],"picked":"Mayhem","floor":0},{"not_picked":["Warcry","Cleave"],"picked":"Carnage","floor":1},{"not_picked":["Warcry","Iron Wave","Anger"],"picked":"SKIP","floor":5},{"not_picked":["Flex","Wild Strike"],"picked":"Demon Form","floor":6},{"not_picked":["Reckless Charge","Dual Wield"],"picked":"Armaments","floor":8},{"not_picked":["Intimidate","Flex"],"picked":"Demon Form+1","floor":10},{"not_picked":["Rupture+1","Clothesline"],"picked":"Rampage","floor":13},{"not_picked":["Bludgeon","Immolate"],"picked":"Offering","floor":16},{"not_picked":["Reckless Charge+1","Shrug It Off","Warcry"],"picked":"SKIP","floor":18},{"not_picked":["Clothesline","Cleave+1","Dark Embrace+1"],"picked":"SKIP","floor":19},{"not_picked":["Iron Wave","Body Slam+1","Clothesline+1"],"picked":"SKIP","floor":22},{"not_picked":["Thunderclap+1","Searing Blow"],"picked":"Armaments","floor":23},{"not_picked":["Warcry+1","Rampage","Clash+1"],"picked":"SKIP","floor":27},{"not_picked":["Fiend Fire","Second Wind+1"],"picked":"Metallicize+1","floor":28},{"not_picked":["Anger","Pommel Strike+1","Clothesline+1"],"picked":"SKIP","floor":30}],"player_experience":458514,"relics_obtained":[{"floor":6,"key":"Thread and Needle"},{"floor":8,"key":"Frozen Egg 2"},{"floor":9,"key":"Bottled Tornado"},{"floor":10,"key":"White Beast Statue"},{"floor":23,"key":"StrikeDummy"},{"floor":26,"key":"Omamori"}],"event_choices":[{"damage_healed":0,"gold_gain":0,"player_choice":"Entered Light","damage_taken":16,"max_hp_gain":0,"max_hp_loss":0,"event_name":"Shining Light","floor":2,"gold_loss":0,"cards_upgraded":["Strike_R","Strike_R"]},{"damage_healed":0,"gold_gain":0,"player_choice":"Lose Max HP","damage_taken":0,"relics_obtained":["Golden Idol"],"max_hp_gain":0,"max_hp_loss":6,"event_name":"Golden Idol","floor":3,"gold_loss":0},{"damage_healed":0,"gold_gain":0,"player_choice":"2 cards matched","damage_taken":0,"max_hp_gain":0,"max_hp_loss":0,"event_name":"Match and Keep!","floor":14,"gold_loss":0,"cards_obtained":["Clothesline","Enlightenment"]},{"damage_healed":0,"gold_gain":0,"player_choice":"Opened","damage_taken":0,"relics_obtained":["Mercury Hourglass"],"max_hp_gain":0,"max_hp_loss":0,"event_name":"The Mausoleum","floor":20,"gold_loss":0,"cards_obtained":["Writhe"]},{"damage_healed":0,"gold_gain":0,"player_choice":"Gave Idol","damage_taken":0,"relics_obtained":["Bloody Idol"],"max_hp_gain":0,"max_hp_loss":0,"event_name":"Forgotten Altar","floor":21,"relics_lost":["Golden Idol"],"gold_loss":0},{"cards_removed":["Writhe"],"damage_healed":0,"gold_gain":0,"player_choice":"Elegance","damage_taken":0,"max_hp_gain":0,"max_hp_loss":0,"event_name":"Back to Basics","floor":24,"gold_loss":0}],"is_beta":false,"boss_relics":[{"not_picked":["Calling Bell","SacredBark"],"picked":"Empty Cage"}],"items_purged_floors":[4,11,29],"is_endless":false,"potions_floor_spawned":[5,13,16,18,19,22,23,27,28,30],"killed_by":"Automaton","ascension_level":2}}