{"host":"dslyow1zalefsrv0","time":1614126319,"event":{"mods":["2.2 Compatiblity","Act Like it!","BaseMod","Better Match","Better Note","Better Sensory Stone","Better Third Choice","BetterRewards","Colored Powertips","Googly Eyes","GungeonMod","Hallownest","Minty Spire (QoL Compilation)","Potionbrewer","Quick Restart","Rare Cards Sparkle","Replay The Spire","Shop Mod","StSLib","The Blue Laboratory","The Bug Knight","The Hierophant","The Necromancer","The Servant 0.9.4","Wide Potions"],"gold_per_floor":[116,134,59,59,59,84,96,21,101,131,131,58,105,119,119,217,217,233,203,24,44,57,57,85,85,110,144,144,179,179,195,195,292,292,304,153,172,182,0,0,16,16,43,43,53,73,92,104,104,104,104],"floor_reached":50,"language":"ENG","playtime":2406,"items_purged":["Burn","Looming Evil"],"score":587,"play_id":"2d241f2f-2b1c-4796-95d1-812d4a30647b","local_time":"20210223182519","is_ascension_mode":false,"campfire_choices":[{"data":"Flying Knee","floor":11,"key":"SMITH"},{"floor":15,"key":"DIG"},{"floor":23,"key":"REST"},{"floor":28,"key":"REST"},{"floor":32,"key":"REST"},{"floor":40,"key":"REST"},{"floor":42,"key":"REST"},{"data":"Envenom","floor":44,"key":"SMITH"},{"floor":49,"key":"REST"}],"circlet_count":0,"master_deck":["Strike_G+1","Strike_G","Strike_G","Strike_G","Defend_G","Defend_G","Defend_G","Defend_G","Defend_G","Survivor","Neutralize","Flying Knee+1","Cloak And Dagger","ReplayTheSpireMod:Speed Training","Backstab","Poisoned Stab","Corpse Explosion","ReplayTheSpireMod:Scrap Shanks","Caltrops+1","Blur","Poisoned Stab","Dodge and Roll","Deadly Poison","Accuracy","Backstab+1","Dagger Spray+1","Envenom+1","CommonCold","Voices","Bane+1","Deadly Poison","Caltrops","Burst","Terror+1","Dagger Spray+1","Blade Dance+1","Bane"],"relics":["Ring of the Serpent","NeowsBlessing","Replay:Wax Seal","Quantum Egg","Vajra","DemoMod:Antibody","The Specimen","Strawberry","DemoMod:MonsterBlood","Toy Ornithopter","Nloth\u0027s Gift","Replay:Ancient Bell","Potion Belt","Ornamental Fan","Thread and Needle","Red Mask","Replay:Baseball"],"acts_visited":["Exordium","TheCity","TheBeyond"],"potions_floor_usage":[10,10,16,21,24,31,33,38,38,46,48,50],"damage_taken":[{"damage":0,"enemies":"2 Louse","floor":1,"turns":1},{"damage":0,"enemies":"Cultist","floor":2,"turns":1},{"damage":0,"enemies":"Lagavulin","floor":6,"turns":1},{"damage":0,"enemies":"Small Slimes","floor":7,"turns":4},{"damage":5,"enemies":"Gremlin Nob","floor":10,"turns":4},{"damage":0,"enemies":"Exordium Wildlife","floor":14,"turns":2},{"damage":24,"enemies":"Fading Forest","floor":16,"turns":11},{"damage":14,"enemies":"Chosen","floor":18,"turns":5},{"damage":0,"enemies":"2 Thieves","floor":21,"turns":2},{"damage":9,"enemies":"Centurion and Healer","floor":22,"turns":7},{"damage":30,"enemies":"Gremlin Leader","floor":24,"turns":7},{"damage":35,"enemies":"Book of Stabbing","floor":27,"turns":7},{"damage":17,"enemies":"Gremlin Leader","floor":29,"turns":3},{"damage":10,"enemies":"Snecko","floor":31,"turns":4},{"damage":84,"enemies":"Collector","floor":33,"turns":7},{"damage":2,"enemies":"Orb Walker","floor":35,"turns":3},{"damage":0,"enemies":"3 Shapes","floor":37,"turns":4},{"damage":46,"enemies":"Transient","floor":38,"turns":5},{"damage":11,"enemies":"Sphere and 2 Shapes","floor":41,"turns":5},{"damage":5,"enemies":"Jaw Worm Horde","floor":45,"turns":4},{"damage":44,"enemies":"Writhing Mass","floor":46,"turns":6},{"damage":3,"enemies":"4 Shapes","floor":47,"turns":6},{"damage":34,"enemies":"3 Darklings","floor":48,"turns":5},{"damage":43,"enemies":"Awakened One","floor":50,"turns":5}],"seed_played":"8735293990043405813","potions_obtained":[{"floor":1,"key":"potionbrewer:DiscountPotion"},{"floor":2,"key":"potionbrewer:HastePotion"},{"floor":6,"key":"blueLaboratory:FruitPunch"},{"floor":10,"key":"blueLaboratory:BlinkPotion"},{"floor":18,"key":"blueLaboratory:EnvenomedCoating"},{"floor":19,"key":"Block Potion"},{"floor":27,"key":"potionbrewer:CleansingPotion"},{"floor":29,"key":"SteroidPotion"},{"floor":33,"key":"Energy Potion"},{"floor":37,"key":"blueLaboratory:StoneskinPotion"},{"floor":38,"key":"blueLaboratory:HummingbirdPotion"},{"floor":46,"key":"Weak Potion"},{"floor":47,"key":"blueLaboratory:EnvenomedCoating"}],"is_trial":false,"path_per_floor":["M","M","?","?","?","E","M","$","T","E","R","$","T","M","R","B",null,"M","?","$","M","M","R","E","?","T","E","R","E","?","M","R","B",null,"M","$","M","M","?","R","M","R","T","R","M","M","M","M","R","B"],"character_chosen":"THE_SILENT","items_purchased":["Backstab","Caltrops+1","Blur","Poisoned Stab","Deadly Poison"],"campfire_rested":6,"item_purchase_floors":[12,20,20,20,36],"current_hp_per_floor":[70,70,70,70,70,70,70,70,70,67,67,67,67,67,67,63,72,58,58,58,58,49,72,42,42,56,28,78,61,61,61,86,22,86,84,84,84,40,40,65,54,86,86,86,81,42,39,10,35,0,0],"gold":104,"neow_bonus":"THREE_ENEMY_KILL","is_daily":false,"chose_seed":false,"campfire_upgraded":2,"win_rate":0.0,"timestamp":1614126319,"path_taken":["M","M","?","?","?","E","M","$","T","E","R","$","?","M","R","BOSS","M","?","$","M","M","R","E","?","T","E","R","E","?","M","R","BOSS","M","$","?","M","?","R","M","R","T","R","M","M","M","M","R","BOSS"],"items_purchased_type":["Card","Card","Card","Card","Card"],"build_version":"2020-12-22","purchased_purges":2,"victory":false,"max_hp_per_floor":[70,70,70,70,70,70,70,70,70,72,72,72,72,72,72,72,72,72,72,72,72,72,72,72,72,79,86,86,86,86,86,86,86,86,86,86,86,86,86,86,86,86,86,86,86,86,86,86,86,86,86],"card_choices":[{"not_picked":["Draining Mist","Bane"],"picked":"Flying Knee","floor":1},{"not_picked":["ReplayTheSpireMod:Tripwire","Blade Dance"],"picked":"Cloak And Dagger","floor":2},{"not_picked":["Skewer","Escape Plan","Dodge and Roll"],"picked":"SKIP","floor":6},{"not_picked":["Flying Knee","Tactician","Underhanded Strike"],"picked":"SKIP","floor":7},{"not_picked":["Underhanded Strike","Backflip"],"picked":"ReplayTheSpireMod:Speed Training","floor":10},{"not_picked":["Sneak Up","Backflip"],"picked":"Poisoned Stab","floor":14},{"not_picked":["Atom Bomb","Replay:Bag of Tricks"],"picked":"Corpse Explosion","floor":16},{"not_picked":["Crippling Poison","Dagger Throw"],"picked":"ReplayTheSpireMod:Scrap Shanks","floor":18},{"not_picked":["Masterful Stab","ReplayTheSpireMod:Tripwire+1"],"picked":"Dodge and Roll","floor":21},{"not_picked":["Eviscerate","PiercingWail","Underhanded Strike"],"picked":"SKIP","floor":22},{"not_picked":["After Image","Blade Dance"],"picked":"Deadly Poison","floor":24},{"not_picked":["Choke","PiercingWail"],"picked":"Accuracy","floor":27},{"not_picked":["Hidden Blade","Blade Dance"],"picked":"Backstab+1","floor":29},{"not_picked":["ReplayTheSpireMod:Scrap Shanks","Dagger Throw"],"picked":"Dagger Spray+1","floor":31},{"not_picked":["Storm of Steel","Unload"],"picked":"Envenom","floor":33},{"not_picked":["Voices","betterMatch:CurseCard"],"picked":"CommonCold","floor":34},{"not_picked":["Replay:Hysterical Blindness","ReplayTheSpireMod:Doomed"],"picked":"Voices","floor":34},{"not_picked":["ReplayTheSpireMod:Splinters","Pain"],"picked":"Looming Evil","floor":34},{"not_picked":["Atom Bomb","Acrobatics+1"],"picked":"Bane+1","floor":35},{"not_picked":["Leg Sweep","Hidden Blade"],"picked":"Caltrops","floor":37},{"not_picked":["Draining Mist+1","PiercingWail+1"],"picked":"Burst","floor":38},{"not_picked":["Quick Slash+1","Calculated Gamble"],"picked":"Terror+1","floor":41},{"not_picked":["Replay:Poison Smokescreen+1","Flying Knee+1"],"picked":"Dagger Spray+1","floor":45},{"not_picked":["Well Laid Plans","Tactician"],"picked":"Blade Dance+1","floor":46},{"not_picked":["ReplayTheSpireMod:Speed Training+1","Toxin Wave"],"picked":"Bane","floor":47},{"not_picked":["Bane","ReplayTheSpireMod:From All Sides","Backflip"],"picked":"SKIP","floor":48}],"player_experience":122034,"relics_obtained":[{"floor":6,"key":"Replay:Wax Seal"},{"floor":9,"key":"Quantum Egg"},{"floor":10,"key":"Vajra"},{"floor":13,"key":"DemoMod:PoisonVial"},{"floor":15,"key":"DemoMod:Antibody"},{"floor":24,"key":"The Specimen"},{"floor":26,"key":"Strawberry"},{"floor":27,"key":"DemoMod:MonsterBlood"},{"floor":29,"key":"Toy Ornithopter"},{"floor":43,"key":"Replay:Baseball"}],"event_choices":[{"damage_healed":0,"gold_gain":0,"player_choice":"2","damage_taken":0,"max_hp_gain":0,"max_hp_loss":0,"event_name":"betterMatch:BetterMatch","floor":3,"gold_loss":0,"cards_obtained":[]},{"damage_healed":70,"gold_gain":0,"player_choice":"Embrace Burn","damage_taken":0,"max_hp_gain":0,"max_hp_loss":70,"event_name":"betterThird:BetterShining","floor":4,"gold_loss":0},{"damage_healed":0,"gold_gain":0,"player_choice":"Bought 2 Potions","damage_taken":0,"max_hp_gain":0,"max_hp_loss":0,"event_name":"The Woman in Blue","floor":19,"gold_loss":0},{"cards_removed":["Strike_G"],"damage_healed":0,"gold_gain":0,"player_choice":"Purged","damage_taken":0,"max_hp_gain":0,"max_hp_loss":0,"event_name":"Purifier","floor":25,"gold_loss":0},{"damage_healed":0,"gold_gain":0,"player_choice":"Traded Relic","damage_taken":0,"relics_obtained":["Nloth\u0027s Gift"],"max_hp_gain":0,"max_hp_loss":0,"event_name":"N\u0027loth","floor":30,"relics_lost":["DemoMod:PoisonVial"],"gold_loss":0},{"damage_healed":0,"gold_gain":0,"player_choice":"Paid","damage_taken":0,"relics_obtained":["Red Mask"],"max_hp_gain":0,"max_hp_loss":0,"event_name":"Tomb of Lord Red Mask","floor":39,"gold_loss":182}],"is_beta":false,"boss_relics":[{"not_picked":["Kintsugi","Runic Dome"],"picked":"Ring of the Serpent"},{"not_picked":["Velvet Choker","Snecko Eye"],"picked":"Replay:Ancient Bell"},{"not_picked":["Boot","Lantern"],"picked":"Potion Belt"},{"not_picked":["DemoMod:Bottle","potionbrewer:RamsHorn"],"picked":"Ornamental Fan"},{"not_picked":["Replay:Towering Pillar of Hats","FossilizedHelix"],"picked":"Thread and Needle"}],"items_purged_floors":[8,36],"is_endless":false,"potions_floor_spawned":[1,2,6,10,18,27,29,33,37,38,46,47],"killed_by":"Awakened One","ascension_level":0}}