{"host":"zdahj580pq9zy75i","time":1614188348,"event":{"mods":["AchievementEnabler","BaseMod","Bestiary","Colored Map","Minty Spire (QoL Compilation)","Relic Stats","StSLib"],"gold_per_floor":[367,367,44,63,81,81,81],"floor_reached":6,"language":"ENG","playtime":259,"items_purged":[],"score":72,"play_id":"9bd71d63-2c7e-4013-a871-1aebcc7bb7ec","local_time":"20210224123908","is_ascension_mode":true,"campfire_choices":[],"circlet_count":0,"master_deck":["AscendersBane","Strike_R","Strike_R","Strike_R","Strike_R","Strike_R","Defend_R","Defend_R","Defend_R","Defend_R","Bash","Battle Trance","Clothesline","Headbutt"],"relics":["Burning Blood","OrangePellets","Anchor"],"acts_visited":["Exordium"],"potions_floor_usage":[],"damage_taken":[{"damage":9,"enemies":"2 Louse","floor":1,"turns":4},{"damage":6,"enemies":"Cultist","floor":4,"turns":3},{"damage":1,"enemies":"Small Slimes","floor":5,"turns":3},{"damage":60,"enemies":"Lagavulin","floor":6,"turns":8}],"seed_played":"3176769032356697019","potions_obtained":[{"floor":1,"key":"SkillPotion"},{"floor":4,"key":"Explosive Potion"}],"is_trial":false,"path_per_floor":["M","?","$","M","M","E"],"character_chosen":"IRONCLAD","items_purchased":["OrangePellets","Anchor"],"campfire_rested":0,"item_purchase_floors":[3,3],"current_hp_per_floor":[65,65,65,65,68,8,8],"gold":81,"neow_bonus":"TWO_FIFTY_GOLD","is_daily":false,"chose_seed":false,"campfire_upgraded":0,"win_rate":0.0,"timestamp":1614188348,"path_taken":["M","?","$","?","M","E"],"items_purchased_type":["Relic","Relic"],"build_version":"2020-12-22","purchased_purges":0,"victory":false,"max_hp_per_floor":[68,68,68,68,68,68,68],"relic_stats":{"OrangePellets":[0],"counters":[4,17],"obtain_stats":[{"OrangePellets":3,"Anchor":3,"Burning Blood":0},{"OrangePellets":1,"Anchor":1,"Burning Blood":0},{"OrangePellets":4,"Anchor":4,"Burning Blood":0}],"Burning Blood":16},"card_choices":[{"not_picked":["Rage","Shrug It Off"],"picked":"Battle Trance","floor":1},{"not_picked":["Searing Blow","Shockwave"],"picked":"Clothesline","floor":4},{"not_picked":["Warcry","Havoc"],"picked":"Headbutt","floor":5}],"player_experience":802357,"relics_obtained":[],"event_choices":[{"damage_healed":0,"gold_gain":0,"player_choice":"0 cards matched","damage_taken":0,"max_hp_gain":0,"max_hp_loss":0,"event_name":"Match and Keep!","floor":2,"gold_loss":0,"cards_obtained":[]}],"is_beta":false,"boss_relics":[],"items_purged_floors":[],"is_endless":false,"potions_floor_spawned":[1,4],"killed_by":"Lagavulin","ascension_level":20}}