{"host":"15dd7v8o90xso62x","time":1614177021,"event":{"mods":["BaseMod","Minty Spire (QoL Compilation)","Quick Restart","StSLib","SuperFastMode"],"gold_per_floor":[115,115,133,147,166,166,146,159,159,159,159],"floor_reached":10,"language":"KOR","playtime":297,"items_purged":[],"score":120,"play_id":"03de4e4e-5e32-49f8-b414-19f531253384","local_time":"20210224233021","is_ascension_mode":true,"campfire_choices":[{"data":"Body Slam","floor":6,"key":"SMITH"}],"circlet_count":0,"master_deck":["AscendersBane","Strike_R","Strike_R","Strike_R","Strike_R","Defend_R","Defend_R","Defend_R","Defend_R","Bash","Body Slam+1","Flame Barrier","Ghostly Armor","Pommel Strike","Fire Breathing"],"relics":["Burning Blood","TungstenRod"],"acts_visited":["Exordium"],"potions_floor_usage":[10],"damage_taken":[{"damage":11.0,"enemies":"Jaw Worm","floor":1.0,"turns":4.0},{"damage":8,"enemies":"2 Louse","floor":3,"turns":4},{"damage":12,"enemies":"Cultist","floor":4,"turns":4},{"damage":24,"enemies":"Large Slime","floor":5,"turns":11},{"damage":13,"enemies":"Lots of Slimes","floor":8,"turns":5},{"damage":23,"enemies":"Lagavulin","floor":10,"turns":5}],"seed_played":"-9210643136058128080","potions_obtained":[{"floor":3,"key":"ColorlessPotion"},{"floor":5,"key":"GamblersBrew"},{"floor":7,"key":"SteroidPotion"}],"is_trial":false,"path_per_floor":["M","?","M","M","M","R","?","M","T","E"],"character_chosen":"IRONCLAD","items_purchased":[],"campfire_rested":0,"item_purchase_floors":[],"current_hp_per_floor":[63,56,54,48,30,30,30,23,23,0,0],"gold":159,"neow_bonus":"THREE_CARDS","is_daily":false,"chose_seed":false,"campfire_upgraded":1,"win_rate":0.0,"timestamp":1614177021,"path_taken":["M","?","M","M","M","R","?","M","T","E"],"items_purchased_type":[],"build_version":"2020-12-22","purchased_purges":0,"victory":false,"max_hp_per_floor":[75,75,75,75,75,75,75,75,75,75,75],"card_choices":[{"not_picked":["Dual Wield","Seeing Red"],"picked":"Body Slam","floor":0.0},{"not_picked":["Pommel Strike","Entrench"],"picked":"Flame Barrier","floor":1},{"not_picked":["Disarm","Intimidate"],"picked":"Ghostly Armor","floor":3},{"not_picked":["Warcry","Body Slam","Flex"],"picked":"SKIP","floor":4},{"not_picked":["Dropkick","Flame Barrier"],"picked":"Pommel Strike","floor":5},{"not_picked":["Headbutt","Armaments"],"picked":"Fire Breathing","floor":8}],"player_experience":970704,"relics_obtained":[{"floor":9,"key":"TungstenRod"}],"event_choices":[{"cards_removed":["Strike_R"],"damage_healed":0,"gold_gain":0,"player_choice":"Card Removal","damage_taken":7,"max_hp_gain":0,"max_hp_loss":0,"event_name":"Golden Wing","floor":2,"gold_loss":0},{"damage_healed":0,"gold_gain":0,"player_choice":"Bought 1 Potion","damage_taken":0,"max_hp_gain":0,"max_hp_loss":0,"event_name":"The Woman in Blue","floor":7,"gold_loss":0}],"is_beta":false,"boss_relics":[],"items_purged_floors":[],"is_endless":false,"potions_floor_spawned":[3,5],"killed_by":"Lagavulin","ascension_level":20}}