{"host":"y4fuci1jk2rsxnep","time":1614198386,"event":{"mods":["AchievementEnabler","BaseMod","Colored Powertips","Custom Start","Defuse TimeMaze Blight","Dio Mod","Downfall","Hermit","Hero for Fun","Hubris","Hunter ??","Infinite Spire","Minty Spire (QoL Compilation)","Quick Restart","Reliquary","Remove Card Discount Mod","Replay The Spire","StSLib","The Blackbeard","The Bug Knight","The Mystic","The Runesmith"],"gold_per_floor":[112,112,112,112,112,148,148,171,171,191,115,115,155,6,231,352,352,364,364],"floor_reached":18,"language":"ENG","playtime":1336,"items_purged":[],"score":229,"play_id":"a2414e7c-e0c4-4a97-814e-bc3483dd3d08","local_time":"20210224212626","is_ascension_mode":true,"campfire_choices":[{"data":"hermit:Determination","floor":7,"key":"SMITH"},{"data":"hermit:LoneWolf","floor":12,"key":"SMITH"}],"circlet_count":0,"master_deck":["hermit:Strike_Hermit","hermit:Strike_Hermit","hermit:Strike_Hermit","hermit:Strike_Hermit","hermit:Defend_Hermit","hermit:Defend_Hermit","hermit:Defend_Hermit","hermit:Snapshot","hermit:Covet","hermit:ShadowCloak","hermit:CalledShot","Injury","hermit:Determination+1","hermit:LoneWolf+1","hermit:Glare","hermit:BodyArmor","hermit:GhostlyPresence","hermit:CursedWeapon","hermit:HeroicBravado","CurseOfTheBell"],"relics":["hermit:Momento","NeowsBlessing","Golden Idol","reliquary:SharkskinSheath","Orichalcum","Prayer Wheel","reliquary:FingerTrap","hubris:ToyBattleship","Calling Bell","Replay:Bandana","reliquary:HotPoker","reliquary:OuijaBoard"],"acts_visited":["Exordium","TheCity"],"potions_floor_usage":[16,18,18],"damage_taken":[{"damage":0,"enemies":"Jaw Worm","floor":1,"turns":1},{"damage":0,"enemies":"Gremlin Nob","floor":6,"turns":1},{"damage":0,"enemies":"Small Slimes","floor":8,"turns":1},{"damage":0,"enemies":"2 Louse","floor":10,"turns":3},{"damage":15,"enemies":"Lagavulin","floor":13,"turns":7},{"damage":17,"enemies":"The Guardian","floor":16,"turns":16},{"damage":76,"enemies":"3 Byrds","floor":18,"turns":8}],"seed_played":"9020567068084955070","potions_obtained":[{"floor":1,"key":"Adrenaline Potion"},{"floor":10,"key":"Fire Potion"},{"floor":16,"key":"DistilledChaos"}],"is_trial":false,"path_per_floor":["M","?","?","?","?","E","R","M","T","M","$","R","E","$","R","B",null,"M"],"character_chosen":"HERMIT","items_purchased":["hermit:GhostlyPresence","reliquary:FingerTrap"],"campfire_rested":0,"item_purchase_floors":[11,14],"current_hp_per_floor":[75,75,75,63,63,63,63,63,63,63,63,63,48,48,48,31,75,0,0],"gold":364,"neow_bonus":"THREE_ENEMY_KILL","is_daily":false,"chose_seed":false,"campfire_upgraded":2,"win_rate":0.0,"timestamp":1614198386,"path_taken":["M","?","?","?","?","E","R","?","T","?","$","R","E","$","R","BOSS","M"],"items_purchased_type":["Card","Relic"],"build_version":"2020-12-22","purchased_purges":0,"victory":false,"max_hp_per_floor":[75,75,75,75,75,75,75,75,75,75,75,75,75,75,75,75,75,75,75],"card_choices":[{"not_picked":["hermit:Cheat","hermit:PistolWhip"],"picked":"hermit:ShadowCloak","floor":1},{"not_picked":["hermit:TakeAim","hermit:Showdown"],"picked":"hermit:Determination","floor":6},{"not_picked":["hermit:Combo","hermit:Vantage"],"picked":"hermit:LoneWolf","floor":8},{"not_picked":["hermit:FullyLoaded","hermit:DeadMansHand"],"picked":"hermit:Glare","floor":10},{"not_picked":["hermit:ItchyTrigger","hermit:Glare"],"picked":"hermit:BodyArmor","floor":10},{"not_picked":["hermit:Showdown","hermit:Ricochet"],"picked":"hermit:CursedWeapon","floor":13},{"not_picked":["hermit:Dissolve","hermit:Gambit"],"picked":"hermit:HeroicBravado","floor":16}],"player_experience":708750,"relics_obtained":[{"floor":6,"key":"Orichalcum"},{"floor":9,"key":"Prayer Wheel"},{"floor":17,"key":"Replay:Bandana"},{"floor":17,"key":"reliquary:HotPoker"},{"floor":17,"key":"reliquary:OuijaBoard"}],"event_choices":[{"damage_healed":0,"gold_gain":0,"cards_transformed":["hermit:Defend_Hermit"],"player_choice":"Change","damage_taken":0,"max_hp_gain":0,"max_hp_loss":0,"event_name":"Living Wall","floor":2,"gold_loss":0,"cards_obtained":["hermit:CalledShot"]},{"damage_healed":0,"gold_gain":0,"player_choice":"Take Wound","damage_taken":0,"relics_obtained":["Golden Idol"],"max_hp_gain":0,"max_hp_loss":0,"event_name":"Golden Idol","floor":3,"gold_loss":0,"cards_obtained":["Injury"]},{"damage_healed":0,"gold_gain":0,"player_choice":"Success","damage_taken":12,"relics_obtained":["reliquary:SharkskinSheath"],"max_hp_gain":0,"max_hp_loss":0,"event_name":"Scrap Ooze","floor":4,"gold_loss":0},{"damage_healed":0,"gold_gain":0,"player_choice":"Ignored","damage_taken":0,"max_hp_gain":0,"max_hp_loss":0,"event_name":"Purifier","floor":5,"gold_loss":0},{"damage_healed":0,"gold_gain":225,"player_choice":"YARR","damage_taken":0,"relics_obtained":["hubris:ToyBattleship"],"max_hp_gain":0,"max_hp_loss":0,"event_name":"blackbeard:Ssssserpent","floor":15,"gold_loss":0}],"is_beta":false,"boss_relics":[{"not_picked":["hubris:Stopwatch","Philosopher\u0027s Stone"],"picked":"Calling Bell"}],"items_purged_floors":[],"is_endless":false,"potions_floor_spawned":[1,10,16],"killed_by":"3 Byrds","ascension_level":4}}