{"host":"clf2hd4adhiiw0zf","time":1614145860,"event":{"mods":["AchievementEnabler","BaseMod","Beaked The Cultist","Bestiary","Dark Map","Downfall","Gremlin Mod","Hermit","Jorbs\u0027s Wanderer Trilogy","Marisa????????","Minty Spire (QoL Compilation)","Quick Restart","Replay The Spire","Shop Mod","Spire Arcade","StSLib","The Construct","The Cursed","Wide Potions"],"gold_per_floor":[99,113,113,143,55,74,128,159,159,183,183,483,383,416,427,526,526,526,543,558,558,572,672,672,672,683,696,727,157,57,85,105,205,205,205,223,278,297,297,354,378,378,404,404,415,441,341,369,383,383,383,414,21,21,21,21],"floor_reached":57,"language":"ENG","playtime":5381,"items_purged":["downfall:Icky"],"score":1849,"play_id":"a601764f-1735-4994-9898-3e2d112d07d8","local_time":"20210223225100","is_ascension_mode":true,"campfire_choices":[{"floor":1.0,"key":"DIG"},{"data":"Guardian:BronzeArmor","floor":9.0,"key":"SMITH"},{"floor":11.0,"key":"RECALL"},{"floor":13.0,"key":"REST"},{"floor":18.0,"key":"DIG"},{"data":"Guardian:RevengeProtocol","floor":25.0,"key":"SMITH"},{"data":"ReplayTheSpireMod:Brewmster","floor":30.0,"key":"SMITH"},{"floor":35,"key":"DIG"},{"data":"Guardian:AncientConstruct","floor":47,"key":"SMITH"},{"data":"Guardian:SpikerProtocol","floor":54,"key":"SMITH"}],"circlet_count":0,"master_deck":["Guardian:Strike_Guardian","Guardian:Strike_Guardian","Guardian:Strike_Guardian","Guardian:Strike_Guardian","Guardian:Defend_Guardian","Guardian:Defend_Guardian+1","Guardian:Defend_Guardian","Guardian:Defend_Guardian+1","Guardian:CurlUp","Guardian:TwinSlam","Guardian:ArmoredProtocol","Guardian:Orbwalk+1","Guardian:EvasiveProtocol","Guardian:BronzeArmor+1","downfall:Icky","Guardian:RevengeProtocol+1","Hallucinations","downfall:Bewildered","CommonCold","Guardian:EvasiveProtocol","Guardian:ChargeUp","Guardian:Suspension","Guardian:ShieldCharger","Guardian:GuardianWhirl","Guardian:EvasiveProtocol","Guardian:ShieldSpikes+1","Guardian:ChargeUp","Guardian:ChargeUp","ReplayTheSpireMod:Brewmster+1","Guardian:AncientConstruct+1","Hallucinations","downfall:Haunted","Guardian:PolyBeam","Hallucinations","Guardian:Gem_Fragmented","Guardian:GuardianWhirl+1","Guardian:SpikerProtocol+1","ReplayTheSpireMod:Brewmster+1"],"relics":["PreservedInsect","Bag of Preparation","Blue Doll","Anchor","Gremlin Food","downfall:HeartBlessingRed","War Paint","Happy Flower","Meat on the Bone","Bird Faced Urn","Pocketwatch","Enchiridion","Gambling Chip","Replay:Bottled Flurry","ReplayTheSpireMod:TigerMarble","hexamod:BolsterEngine","MerchantsRug","champ:DuelingGlove","downfall:HeartBlessingGreen","Ancient Tea Set","Cursed Key","Toy Ornithopter","CatCart","Chameleon Ring","Replay:Rubber Ducky","Ring of Fury","Ring of Panic","Replay:Bottled Steam","Smiling Mask","downfall:HeartBlessingBlue","Pantograph","construct:FoamFinger","Shuriken","DollysMirror"],"acts_visited":["Exordium","TheCity","TheBeyond","TheEnding"],"potions_floor_usage":[37,37,37,37,37,37,37,38,38,38,43,43,45,46,46,46,46,49,50,50,50,50,50,50,52,52,52,52,52,52,55,55,55,55,55,55,55,55,55,55,55,55,55,55,55,55,55,55,55,55,56,56,56,56,56,56,56,56,56,56,56,56,56,56,56,56,56,56,56,56],"damage_taken":[{"damage":11.0,"enemies":"2 Louse","floor":2.0,"turns":3.0},{"damage":0.0,"enemies":"downfall:FleeingMerchant","floor":5.0,"turns":4.0},{"damage":6.0,"enemies":"Jaw Worm","floor":6.0,"turns":5.0},{"damage":25.0,"enemies":"3 Sentries","floor":8.0,"turns":11.0},{"damage":6.0,"enemies":"Lagavulin","floor":14.0,"turns":8.0},{"damage":0.0,"enemies":"Small Slimes","floor":15.0,"turns":4.0},{"damage":32.0,"enemies":"SI_SHIV_ARCHETYPE","floor":16.0,"turns":14.0},{"damage":22.0,"enemies":"Shell Parasite","floor":19.0,"turns":7.0},{"damage":31.0,"enemies":"Chosen","floor":20.0,"turns":8.0},{"damage":0.0,"enemies":"Snake Plant","floor":22.0,"turns":6.0},{"damage":17.0,"enemies":"WA_ARCHETYPE_RETAIN","floor":23.0,"turns":7.0},{"damage":3.0,"enemies":"Sentry and Sphere","floor":26.0,"turns":7.0},{"damage":18.0,"enemies":"Centurion and Healer","floor":27.0,"turns":10.0},{"damage":16.0,"enemies":"Slavers","floor":28.0,"turns":3.0},{"damage":0.0,"enemies":"downfall:FleeingMerchant","floor":29.0,"turns":4.0},{"damage":7.0,"enemies":"Book of Stabbing","floor":31.0,"turns":5.0},{"damage":10.0,"enemies":"Snake Plant","floor":32.0,"turns":9.0},{"damage":16.0,"enemies":"DF_ARCHETYPE_CLAW","floor":33.0,"turns":10.0},{"damage":3,"enemies":"Orb Walker","floor":36,"turns":4},{"damage":40,"enemies":"Orin","floor":37,"turns":9},{"damage":21,"enemies":"3 Darklings","floor":38,"turns":6},{"damage":14,"enemies":"Nemesis","floor":43,"turns":5},{"damage":7,"enemies":"Spire Growth","floor":45,"turns":5},{"damage":12,"enemies":"Giant Head","floor":46,"turns":8},{"damage":0,"enemies":"Reptomancer","floor":48,"turns":1},{"damage":0,"enemies":"Sphere and 2 Shapes","floor":49,"turns":3},{"damage":0,"enemies":"IC_BLOCK_ARCHETYPE","floor":50,"turns":7},{"damage":18,"enemies":"downfall:CharBossMerchant","floor":52,"turns":9},{"damage":10,"enemies":"downfall:NeowBoss","floor":55,"turns":13},{"damage":39,"enemies":"downfall:NeowBossFinal","floor":56,"turns":11}],"seed_played":"6791228424419284262","potions_obtained":[{"floor":2.0,"key":"sneckomod:MuddlingPotion"},{"floor":3.0,"key":"LiquidMemories"},{"floor":3.0,"key":"Dexterity Potion"},{"floor":8.0,"key":"LiquidMemories"},{"floor":19.0,"key":"Dexterity Potion"},{"floor":22.0,"key":"Explosive Potion"},{"floor":23.0,"key":"SkillPotion"},{"floor":31.0,"key":"Swift Potion"},{"floor":33.0,"key":"FearPotion"},{"floor":37,"key":"AttackPotion"},{"floor":40,"key":"DistilledChaos"},{"floor":48,"key":"Dexterity Potion"},{"floor":49,"key":"FearPotion"}],"is_trial":false,"path_per_floor":["R","M","?","?","$","M","T","E","R","T","R","?","R","E","M","B",null,"R","M","M","?","M","?","T","R","M","M","E","$","R","E","M","B",null,"R","M","?","M","T","?","T","?","E","?","M","E","R","E","M","B",null,"E","$","R","B","B",null],"character_chosen":"GUARDIAN","items_purchased":["Guardian:EvasiveProtocol","MerchantsRug","champ:DuelingGlove","Guardian:EvasiveProtocol","Guardian:ShieldSpikes+1","Guardian:ChargeUp","ReplayTheSpireMod:Brewmster","Shuriken","DollysMirror"],"campfire_rested":1,"item_purchase_floors":[5,29,29,29,29,29,29,53,53],"current_hp_per_floor":[72,61,61,61,61,55,55,30,30,30,30,30,54,48,48,16,64,64,50,41,25,49,44,44,44,55,51,43,55,55,62,68,64,76,76,77,55,65,65,65,65,65,77,77,80,80,90,90,90,90,90,82,82,82,90,90],"gold":21,"neow_bonus":"BOSS_RELIC","is_daily":false,"chose_seed":false,"campfire_upgraded":5,"win_rate":0.0,"timestamp":1614145860,"path_taken":["R","M","?","?","?","M","T","E","R","?","R","?","R","E","M","BOSS","R","M","M","?","M","?","T","R","M","M","E","$","R","E","M","BOSS","R","M","?","M","?","?","T","?","E","?","M","E","R","E","M","BOSS","E","$","R","BOSS","BOSS"],"items_purchased_type":["Card","Relic","Relic","Card","Card","Card","Card","Relic","Relic"],"build_version":"2020-12-22","purchased_purges":1,"victory":true,"max_hp_per_floor":[80,80,80,80,80,80,80,80,80,80,80,80,80,80,80,80,80,80,80,80,80,80,80,80,80,80,80,80,80,80,80,80,80,80,80,80,80,80,80,80,80,80,80,80,80,80,90,90,90,90,90,90,90,90,90,90],"card_choices":[{"not_picked":["Guardian:CrystalBeam","Guardian:Planning"],"picked":"Guardian:ArmoredProtocol","floor":2.0},{"not_picked":["Guardian:Planning","Guardian:GemFinder"],"picked":"Guardian:Orbwalk","floor":5.0},{"not_picked":["Guardian:Suspension","Guardian:Gem_Lightblue"],"picked":"Guardian:BronzeArmor","floor":6.0},{"not_picked":["Guardian:GemFire","Guardian:Planning","Guardian:ChargeCore"],"picked":"SKIP","floor":8.0},{"not_picked":["Guardian:Planning","Guardian:Incinerate"],"picked":"Guardian:Gem_Red","floor":14.0},{"not_picked":["Guardian:Reroute","Guardian:VentSteam"],"picked":"Guardian:Gem_Lightblue","floor":15.0},{"not_picked":["Guardian:FierceBash","Guardian:CompilePackage"],"picked":"Guardian:RevengeProtocol","floor":16.0},{"not_picked":["Normality","Doubt"],"picked":"Hallucinations","floor":17.0},{"not_picked":["Wraith","Replay:Sluggish"],"picked":"downfall:Bewildered","floor":17.0},{"not_picked":["Looming Evil","AbeCurse"],"picked":"CommonCold","floor":17.0},{"not_picked":["Guardian:VentSteam","Guardian:Preprogram"],"picked":"Guardian:EvasiveProtocol","floor":19.0},{"not_picked":["Guardian:TimeCapacitor","Guardian:Recover"],"picked":"Guardian:ChargeUp","floor":20.0},{"not_picked":["Guardian:Incinerate+1","Guardian:Suspension","Guardian:CrystalBeam"],"picked":"SKIP","floor":22.0},{"not_picked":["Guardian:Incinerate+1","Guardian:CrystalBeam"],"picked":"Guardian:Suspension","floor":22.0},{"not_picked":["Guardian:Gem_Red","Guardian:SentryBeam"],"picked":"Guardian:ShieldCharger","floor":23.0},{"not_picked":["Guardian:PrimingBeam","Guardian:Planning"],"picked":"Guardian:GuardianWhirl","floor":26.0},{"not_picked":["Guardian:PrismaticBarrier","Guardian:ExploitGems","Guardian:Emergency"],"picked":"SKIP","floor":27.0},{"not_picked":["Guardian:Suspension","Guardian:CrystalBeam+1","Guardian:PrismaticBarrier"],"picked":"SKIP","floor":28.0},{"not_picked":["Guardian:CrystalBeam","Guardian:Gem_Red","Guardian:Gem_Lightblue"],"picked":"SKIP","floor":29.0},{"not_picked":["Guardian:CrystalBeam","Guardian:Preprogram","Guardian:BaubleBeam"],"picked":"SKIP","floor":31.0},{"not_picked":["Guardian:Gem_Green","Guardian:PiercingHide","Guardian:VentSteam+1"],"picked":"SKIP","floor":32.0},{"not_picked":["Guardian:TimeSifter","Guardian:Gem_Synthetic"],"picked":"Guardian:AncientConstruct","floor":33.0},{"not_picked":["Guardian:Gem_Red","Guardian:Preprogram","Guardian:CrystalBeam"],"picked":"SKIP","floor":36},{"not_picked":["Guardian:ChargeCore+1","Guardian:Gem_Red"],"picked":"Guardian:Gem_White","floor":37},{"not_picked":["Guardian:PiercingHide","Guardian:BronzeOrb+1","Guardian:WalkerClaw"],"picked":"SKIP","floor":38},{"not_picked":["Guardian:VentSteam+1","Guardian:Gem_Red"],"picked":"Guardian:PolyBeam","floor":40},{"not_picked":["Guardian:SentryBeam","Guardian:ChargeCore+1","Guardian:VentSteam+1"],"picked":"SKIP","floor":43},{"not_picked":["Guardian:Gem_Green","Guardian:Gem_Yellow","Guardian:Gem_Cyan"],"picked":"SKIP","floor":45},{"not_picked":["Guardian:Suspension+1","Guardian:Incinerate"],"picked":"Guardian:GuardianWhirl+1","floor":46},{"not_picked":["Guardian:BronzeOrb","Guardian:BaubleBeam"],"picked":"Guardian:SpikerProtocol","floor":48},{"not_picked":["Guardian:Gem_Crimson","Guardian:Planning","Guardian:Preprogram"],"picked":"SKIP","floor":49},{"not_picked":["Guardian:BaubleBeam","Guardian:VentSteam+1","Guardian:ShieldCharger+1"],"picked":"SKIP","floor":52}],"player_experience":389017,"relics_obtained":[{"floor":1.0,"key":"PreservedInsect"},{"floor":7.0,"key":"Blue Doll"},{"floor":8.0,"key":"Anchor"},{"floor":10.0,"key":"Gremlin Food"},{"floor":14.0,"key":"War Paint"},{"floor":18.0,"key":"Pocketwatch"},{"floor":21.0,"key":"Enchiridion"},{"floor":23.0,"key":"Gambling Chip"},{"floor":23.0,"key":"Replay:Bottled Flurry"},{"floor":24.0,"key":"ReplayTheSpireMod:TigerMarble"},{"floor":28.0,"key":"hexamod:BolsterEngine"},{"floor":31.0,"key":"Ancient Tea Set"},{"floor":35,"key":"Toy Ornithopter"},{"floor":37,"key":"CatCart"},{"floor":40,"key":"Chameleon Ring"},{"floor":41,"key":"Replay:Rubber Ducky"},{"floor":42,"key":"Ring of Fury"},{"floor":42,"key":"Ring of Panic"},{"floor":43,"key":"Replay:Bottled Steam"},{"floor":46,"key":"Smiling Mask"},{"floor":48,"key":"Pantograph"},{"floor":52,"key":"construct:FoamFinger"}],"event_choices":[{"damage_healed":0,"gold_gain":0,"player_choice":"Fight","damage_taken":0,"max_hp_gain":0,"max_hp_loss":0,"event_name":"OrinTheCat","floor":37,"gold_loss":0}],"is_beta":false,"boss_relics":[{"not_picked":["Kintsugi","Tiny House"],"picked":"Replay:Ancient Bell"},{"not_picked":["Orichalcum","Guardian:PickAxe"],"picked":"Happy Flower"},{"not_picked":["Replay:Accelerometer","Snack Pack"],"picked":"Meat on the Bone"},{"not_picked":["Ice Cream","Shovel"],"picked":"Bird Faced Urn"},{"not_picked":["ReplayTheSpireMod:DimensionalGlitch","Ring of Chaos"],"picked":"Cursed Key"}],"items_purged_floors":[29],"is_endless":false,"potions_floor_spawned":[2,6,8,19,22,23,31,33,37,48,49],"ascension_level":7}}