{"host":"2se5dq1do2gp0x9k","time":1614182411,"event":{"mods":["AchievementEnabler","BaseMod","Block Reminder","Colored Map","Colored Powertips","Minty Spire (QoL Compilation)","Relic Stats","StSLib","SuperFastMode"],"gold_per_floor":[164,239,257,167,177,211,222,222,222,222,55,55,74,105,105,105,105],"floor_reached":16,"language":"ENG","playtime":737,"items_purged":["Strike_P"],"score":215,"play_id":"efdcb9cc-602d-472e-8f07-0035a53e16ea","local_time":"20210224080011","is_ascension_mode":true,"campfire_choices":[{"data":"Alpha","floor":8,"key":"SMITH"},{"data":"CrushJoints","floor":10,"key":"SMITH"},{"data":"ThirdEye","floor":12,"key":"SMITH"},{"data":"Vigilance","floor":15,"key":"SMITH"}],"circlet_count":0,"master_deck":["AscendersBane","Strike_P+1","Strike_P","Strike_P","Defend_P","Defend_P","Defend_P","Defend_P","Eruption","Vigilance+1","CrushJoints+1","DeceiveReality","Tantrum","Conclude","Alpha+1","MentalFortress","Wireheading","ThirdEye+1","ThirdEye"],"relics":["Tiny House","Sundial","Pear","Mummified Hand"],"acts_visited":["Exordium"],"potions_floor_usage":[6,14,14],"damage_taken":[{"damage":8.0,"enemies":"Small Slimes","floor":1.0,"turns":3.0},{"damage":7.0,"enemies":"Jaw Worm","floor":3.0,"turns":6.0},{"damage":0.0,"enemies":"2 Louse","floor":5.0,"turns":2.0},{"damage":28,"enemies":"Gremlin Nob","floor":6,"turns":4},{"damage":1,"enemies":"Blue Slaver","floor":7,"turns":4},{"damage":2,"enemies":"Gremlin Gang","floor":13,"turns":3},{"damage":10,"enemies":"3 Sentries","floor":14,"turns":3},{"damage":36,"enemies":"Slime Boss","floor":16,"turns":4}],"seed_played":"-4266760588063288741","potions_obtained":[{"floor":0.0,"key":"GamblersBrew"},{"floor":3.0,"key":"BlessingOfTheForge"},{"floor":5.0,"key":"Ambrosia"},{"floor":7,"key":"ColorlessPotion"},{"floor":14,"key":"LiquidBronze"}],"is_trial":false,"path_per_floor":["M","?","M","$","M","E","M","R","T","R","$","R","M","E","R","B"],"character_chosen":"WATCHER","items_purchased":["Conclude","Wireheading","ThirdEye"],"campfire_rested":0,"item_purchase_floors":[4,11,11],"current_hp_per_floor":[58,47,40,40,40,12,11,11,21,21,21,21,19,9,9,0,0],"gold":105,"neow_bonus":"BOSS_RELIC","is_daily":false,"chose_seed":false,"campfire_upgraded":4,"win_rate":0.0,"timestamp":1614182411,"path_taken":["M","?","M","$","M","E","M","R","T","R","$","R","M","E","R","BOSS"],"items_purchased_type":["Card","Card","Card"],"build_version":"2020-12-22","purchased_purges":1,"victory":false,"max_hp_per_floor":[73,73,73,73,73,73,73,73,83,83,83,83,83,83,83,83,83],"relic_stats":{"counters":[8,29],"Sundial":[2],"Mummified Hand":[2],"obtain_stats":[{"Tiny House":0,"Pear":9,"Sundial":6,"Mummified Hand":14,"PureWater":0},{"Tiny House":0,"Pear":5,"Sundial":4,"Mummified Hand":7,"PureWater":0},{"Tiny House":0,"Pear":19,"Sundial":15,"Mummified Hand":25,"PureWater":0}]},"card_choices":[{"not_picked":["FlyingSleeves","EmptyFist"],"picked":"CrushJoints","floor":0.0},{"not_picked":["ClearTheMind","EmptyBody"],"picked":"DeceiveReality","floor":1.0},{"not_picked":["ThirdEye","FollowUp"],"picked":"Tantrum","floor":3.0},{"not_picked":["Swivel","LikeWater","EmptyBody"],"picked":"SKIP","floor":5.0},{"not_picked":["EmptyBody","ReachHeaven"],"picked":"Alpha","floor":6},{"not_picked":["SignatureMove","FlurryOfBlows"],"picked":"MentalFortress","floor":7},{"not_picked":["CrushJoints","Halt","Sanctity"],"picked":"SKIP","floor":13},{"not_picked":["DeceiveReality","WreathOfFlame"],"picked":"ThirdEye","floor":14}],"player_experience":4141332,"relics_obtained":[{"floor":6,"key":"Sundial"},{"floor":9,"key":"Pear"},{"floor":14,"key":"Mummified Hand"}],"event_choices":[{"damage_healed":0.0,"max_hp_gain":0.0,"max_hp_loss":0.0,"gold_gain":75.0,"event_name":"World of Goop","player_choice":"Gather Gold","floor":2.0,"gold_loss":0.0,"damage_taken":11.0}],"is_beta":false,"boss_relics":[],"items_purged_floors":[11],"is_endless":false,"potions_floor_spawned":[3,5,7,14],"killed_by":"Slime Boss","ascension_level":19}}