{"host":"q79dm2j0pr18ov08","time":1614163558,"event":{"mods":["Act Like it!","Arknights","BaseMod","CapriCore","Colored Powertips","Gensokyo","Googly Eyes","Koishi","Marisa£¨ìFÓê¡¡Ä§ÀíÉ³£©","Minty Spire (QoL Compilation)","MostiFishMod","Pale of the Ancients","Reimu£¨²©ÀöÁéÃÎ£©","Replay The Spire","Ruina","RumiaBox-Â¶Ã×æ«µÄÉñÃØºÐ×Ó","StSLib","TestMod","The Administrix","The Construct","The Immortal","The IronCluck","The Jungle","The Servant 0.9.4","UnlockEverythingMod","Waifu the Spire","[IsaacMod]ÒÔÈö¼âËþ","¡¾ÒÅÎï¿¨ÅÆ¡¿REMEMod"],"gold_per_floor":[109,120,130,130,55,84,101,135,188,188,244,6,24,34,34,131,131,148,210,226,141,158,191,191,191,214,214,214,246,264,274,274,372,372,391,406,456,475,493,527,527,527,554,569,579,598,648,361,361,361,361,361,77,111,111,111],"floor_reached":55,"language":"ZHS","playtime":3510,"items_purged":["ats:Strike S","ats:Strike V","ats:Strike G"],"score":701,"play_id":"aa30d512-dcd0-4ea2-931f-14c2aa5f2c8c","local_time":"20210224184558","is_ascension_mode":false,"campfire_choices":[{"floor":10,"key":"RECALL"},{"floor":15,"key":"DIG"},{"data":"ats:Overload","floor":24,"key":"SMITH"},{"data":"ats:Charging Defense","floor":27,"key":"SMITH"},{"data":"ats:Red Shift","floor":32,"key":"SMITH"},{"data":"ats:Calcification","floor":41,"key":"SMITH"},{"data":"ats:Calcification","floor":49,"key":"SMITH"},{"data":"testmod-Dream","floor":52,"key":"SMITH"}],"circlet_count":0,"master_deck":["ats:Armor Crushing Shot","ats:Defend","ats:Defend","ats:Defend","ats:Emotion Absorption","ats:Calcification+1","ats:Explosion Area Strengthen","ats:Wolf Pack+1","ats:Guard Mode","ats:Sword Rain","ats:Apocalypse","ats:Nebulous Foxfire","ats:Roar Of Ursus","ats:Charging Defense+1","ats:Overload+1","ats:Composite Medical Shells+1","ats:Defend Order+1","ats:Sword Rain","ats:Shadow Assault","ats:Song Of Battle","ats:Support Order","ats:Healing Strengthening","ats:Red Shift+1","ats:Calcification+1","ats:Steam Pump+1","ats:Overload+1","testmod-Dream+1","ats:Hook Shot","ats:Burning Ground","ats:Steam Pump"],"relics":["ats:Sanity","HushsDoor","testmod-TestBox","DaveBox","REME_ComplimentaryCards","testmod-Fanaticism","RhineCircuit","Chaos","NeowsBlessing","SynthV:TestCard","AddBug","SecretRecord","SecretRecord","SecretRecord","SecretRecord","SecretRecord"],"acts_visited":["Exordium","TheCity","TheBeyond","TheEnding"],"potions_floor_usage":[18,55,55,55],"damage_taken":[{"damage":0,"enemies":"ats:Genji","floor":1,"turns":1},{"damage":0,"enemies":"2 Louse","floor":2,"turns":1},{"damage":0,"enemies":"Cultist","floor":3,"turns":1},{"damage":18,"enemies":"Replay:BlueRogue","floor":6,"turns":4},{"damage":0,"enemies":"Exordium Wildlife","floor":7,"turns":2},{"damage":14,"enemies":"3 Sentries","floor":8,"turns":3},{"damage":27,"enemies":"Lagavulin Event","floor":11,"turns":4},{"damage":0,"enemies":"Exordium Thugs","floor":13,"turns":3},{"damage":24,"enemies":"2 Fungi Beasts","floor":14,"turns":3},{"damage":79,"enemies":"Slime Boss","floor":16,"turns":10},{"damage":15,"enemies":"Shell Parasite","floor":18,"turns":6},{"damage":0,"enemies":"3 Byrds","floor":20,"turns":4},{"damage":0,"enemies":"Snecko","floor":22,"turns":4},{"damage":39,"enemies":"Gremlin Leader","floor":23,"turns":6},{"damage":24,"enemies":"Book of Stabbing","floor":29,"turns":3},{"damage":28,"enemies":"Centurion and Healer","floor":30,"turns":4},{"damage":19,"enemies":"Shelled Parasite and Fungi","floor":31,"turns":4},{"damage":55,"enemies":"Champ","floor":33,"turns":8},{"damage":8,"enemies":"3 Shapes","floor":35,"turns":2},{"damage":17,"enemies":"Orb Walker","floor":36,"turns":3},{"damage":70,"enemies":"Mind Bloom Boss Battle","floor":37,"turns":4},{"damage":44,"enemies":"4 Shapes","floor":38,"turns":4},{"damage":34,"enemies":"Spire Growth","floor":39,"turns":4},{"damage":39,"enemies":"Nemesis","floor":40,"turns":7},{"damage":39,"enemies":"Writhing Mass","floor":44,"turns":4},{"damage":80,"enemies":"4 Shapes","floor":45,"turns":4},{"damage":49,"enemies":"Sphere and 2 Shapes","floor":46,"turns":4},{"damage":0,"enemies":"Hiden Room Battle","floor":47,"turns":3},{"damage":97,"enemies":"Awakened One","floor":50,"turns":6},{"damage":123,"enemies":"Shield and Spear","floor":54,"turns":4},{"damage":171,"enemies":"The Heart","floor":55,"turns":7}],"seed_played":"8287976285957736407","potions_obtained":[{"floor":6,"key":"SteroidPotion"},{"floor":7,"key":"BlessingOfTheForge"},{"floor":11,"key":"Strength Potion"},{"floor":18,"key":"REME_GoldPotion"},{"floor":19,"key":"CultistPotion"},{"floor":20,"key":"CultistPotion"},{"floor":33,"key":"PowerPotion"}],"is_trial":false,"path_per_floor":["M","M","M","?","$","E","M","E","T","R","?","$","M","M","R","B",null,"M","?","M","?","M","E","R","?","T","R","?","E","M","M","R","B",null,"M","M","?","M","M","E","R","?","T","M","M","M","?","$","R","B",null,"R","$","E","B"],"character_chosen":"DOCTOR_CLASS","items_purchased":["Shuriken","testmod-Dream","ats:Hook Shot","ats:Burning Ground"],"campfire_rested":0,"item_purchase_floors":[12,48,53,53],"current_hp_per_floor":[72,72,72,72,72,72,72,72,72,72,54,54,57,49,49,72,72,72,44,68,68,72,66,66,51,51,51,51,72,72,72,72,61,72,72,72,72,72,69,72,72,72,72,72,72,62,64,64,64,58,72,72,72,72,0,0],"gold":111,"neow_bonus":"THREE_ENEMY_KILL","is_daily":false,"chose_seed":false,"campfire_upgraded":6,"win_rate":0.0,"timestamp":1614163558,"path_taken":["M","M","M","?","$","E","M","E","T","R","?","?","M","?","R","BOSS","M","?","M","?","M","E","R","?","T","R","?","E","?","M","R","BOSS","M","M","?","M","M","E","R","?","T","M","M","M","?","$","R","BOSS","R","$","E","BOSS"],"items_purchased_type":["Relic","Card","Card","Card"],"build_version":"2020-12-22","purchased_purges":3,"victory":false,"max_hp_per_floor":[72,72,72,72,72,72,72,72,72,72,72,72,72,72,72,72,72,72,72,72,72,72,72,72,72,72,72,72,72,72,72,72,72,72,72,72,72,72,72,72,72,72,72,72,72,72,72,72,72,72,72,72,72,72,72,72],"card_choices":[{"not_picked":[],"picked":"ChaosCard","floor":0},{"not_picked":["ats:Consecutive Shot Auto","ats:Apocalypse","ats:Leaping Hammer"],"picked":"SKIP","floor":1},{"not_picked":["ats:Part Time Job","ats:Guard Mode","ats:Counter Healing Mode","ats:Absolute Focus"],"picked":"Bomb","floor":2},{"not_picked":["ats:Consecutive Shot Auto","ats:Flexible Camouflage","ats:Sword Rain","ats:Collapsing Strike"],"picked":"ats:Explosion Area Strengthen","floor":3},{"not_picked":["ats:Powerful Strike","ats:Defend Order","ats:Nebulous Foxfire","ats:Sashimi Platter"],"picked":"Bomb","floor":6},{"not_picked":["ats:Absolute Focus","ats:Powerful Strike","ats:Closed Bolt Burst Fire","ats:Leaping Hammer"],"picked":"ats:Guard Mode","floor":7},{"not_picked":["ats:Guard Mode","ats:Guardian Obelisk","ats:Leaping Hammer","ats:Very Hot Blade"],"picked":"ats:Sword Rain","floor":8},{"not_picked":["ats:Closed Bolt Burst Fire","ats:Encircling Forest","ats:Beaten Up","ats:Mental Burst"],"picked":"ats:Apocalypse","floor":11},{"not_picked":["ats:Thorns","ats:Apocalypse","ats:Neurotoxin","ats:Cat Scratch"],"picked":"ats:Nebulous Foxfire","floor":13},{"not_picked":["ats:Neurotoxin","ats:Flexible Camouflage","ats:Ignite","ats:Sashimi Platter","ats:Consecutive Shot Auto"],"picked":"SKIP","floor":14},{"not_picked":["ats:Durian","ats:True Silver Slash","ats:Calcification","ats:Shadow Assault"],"picked":"ats:Roar Of Ursus","floor":16},{"not_picked":["ats:Consecutive Shot Auto","ats:Explosion Area Strengthen+1","ats:Soul Absorption+1","ats:Closed Bolt Burst Fire+1"],"picked":"ats:Charging Defense","floor":18},{"not_picked":["ats:Blood Oath+1","ats:Leaping Hammer","ats:Nebulous Foxfire","ats:Beaten Up"],"picked":"ats:Overload","floor":19},{"not_picked":["ats:Counter Healing Mode+1","ats:Collapsing Strike","ats:Explosion Area Strengthen","ats:Poison Spread"],"picked":"ats:Composite Medical Shells+1","floor":20},{"not_picked":["ats:Ignite","ats:Beaten Up+1","ats:LN2 Cannon","ats:Demon Strength"],"picked":"ats:Defend Order+1","floor":22},{"not_picked":["ats:Healing Strengthening","ats:Blood Oath+1","ats:Apocalypse+1","ats:Cat Scratch"],"picked":"ats:Sword Rain","floor":23},{"not_picked":["ats:Apocalypse","ats:Revitalization","ats:Guard Mode+1","ats:Flexible Camouflage"],"picked":"ats:Support Order","floor":29},{"not_picked":["ats:Directed Diagnosis","ats:Shadow Raid+1","ats:Thermite Blade","ats:Very Hot Blade"],"picked":"ats:Healing Strengthening","floor":30},{"not_picked":["ats:Absolute Focus","ats:Apocalypse","ats:Curse Doll+1","ats:Leaping Hammer"],"picked":"ats:Red Shift","floor":31},{"not_picked":["ats:Volcano","ats:Ambush","ats:Soul Rend","ats:Dogmatic Field"],"picked":"ats:Calcification","floor":33},{"not_picked":["ats:Cat Scratch","ats:Absolute Focus+1","ats:Part Time Job+1","ats:Beaten Up","ats:Flexible Camouflage"],"picked":"SKIP","floor":35},{"not_picked":["ats:Poison Spread+1","ats:Absolute Focus+1","ats:Directed Diagnosis","ats:Curse Doll+1"],"picked":"ats:Steam Pump+1","floor":36},{"not_picked":["ats:Hammer On+1","ats:Poison Spread","ats:Apocalypse","ats:Very Hot Blade+1"],"picked":"ats:Overload+1","floor":37},{"not_picked":["ats:Hammer On+1","ats:Absolute Focus+1","ats:Poison Spread+1","ats:Explosion Area Strengthen","ats:Curse Doll"],"picked":"SKIP","floor":38},{"not_picked":["ats:Calcification","ats:Explosion Area Strengthen+1","ats:Revitalization","ats:Soul Absorption+1","ats:Closed Bolt Burst Fire+1"],"picked":"SKIP","floor":39},{"not_picked":["ats:Phantom","ats:Very Hot Blade","ats:Blood Oath+1","ats:Demon Strength+1","ats:Apocalypse+1"],"picked":"SKIP","floor":40},{"not_picked":["ats:Flexible Camouflage","ats:Disruption Kick","ats:Phantom","ats:Assault Order","ats:Spore Proliferation+1"],"picked":"SKIP","floor":44},{"not_picked":["ats:Song Of Battle+1","ats:Red Shift+1","ats:Closed Bolt Burst Fire+1","ats:Chain Hook+1","ats:Explosion Area Strengthen"],"picked":"SKIP","floor":45},{"not_picked":["ats:Absolute Focus","ats:Cat Scratch","ats:Hammer On","ats:Healing Drone","ats:Revitalization"],"picked":"SKIP","floor":46},{"not_picked":["ats:Ambush","ats:Spore Proliferation","ats:Sword Rain+1","ats:Poison Spread+1"],"picked":"ats:Steam Pump","floor":54}],"player_experience":360527,"relics_obtained":[{"floor":1,"key":"SynthV:TestCard"},{"floor":1,"key":"AddBug"},{"floor":6,"key":"ats:Originium"},{"floor":6,"key":"Girya"},{"floor":8,"key":"SecretRecord"},{"floor":8,"key":"ats:Originium"},{"floor":8,"key":"testmod-EqualTreatment"},{"floor":11,"key":"Vajra"},{"floor":15,"key":"Replay:Arrowhead"},{"floor":19,"key":"ClockworkSouvenir"},{"floor":23,"key":"ats:Originium"},{"floor":23,"key":"Simple Rune"},{"floor":26,"key":"Akabeko"},{"floor":29,"key":"SecretRecord"},{"floor":29,"key":"ats:Originium"},{"floor":29,"key":"Frozen Egg 2"},{"floor":31,"key":"SecretRecord"},{"floor":37,"key":"Damocles"},{"floor":38,"key":"SecretRecord"},{"floor":40,"key":"ats:Originium"},{"floor":40,"key":"UnicornStump"},{"floor":43,"key":"Ying"},{"floor":47,"key":"REME_DuelDisc"},{"floor":47,"key":"Dodecahedron"},{"floor":54,"key":"ats:Originium"},{"floor":54,"key":"NightmareShop"}],"event_choices":[{"damage_healed":0,"gold_gain":0,"player_choice":"Searched \u00272\u0027 times","damage_taken":0,"max_hp_gain":0,"max_hp_loss":0,"event_name":"Dead Adventurer","floor":11,"gold_loss":0},{"damage_healed":0,"gold_gain":0,"player_choice":"Obtained Relic","damage_taken":0,"relics_obtained":["Gremlin Food"],"max_hp_gain":0,"max_hp_loss":0,"event_name":"Addict","floor":21,"gold_loss":85},{"damage_healed":0,"gold_gain":0,"player_choice":"2 cards matched","damage_taken":0,"max_hp_gain":0,"max_hp_loss":0,"event_name":"Match and Keep!","floor":28,"gold_loss":0,"cards_obtained":["ats:Shadow Assault","ats:Song Of Battle"]},{"damage_healed":0,"gold_gain":0,"player_choice":"Fight","damage_taken":0,"max_hp_gain":0,"max_hp_loss":0,"event_name":"MindBloom","floor":37,"gold_loss":0},{"cards_removed":["ats:Strike C"],"damage_healed":0,"gold_gain":0,"player_choice":"Removed Attack","damage_taken":0,"max_hp_gain":0,"max_hp_loss":0,"event_name":"Falling","floor":42,"gold_loss":0},{"damage_healed":0,"gold_gain":0,"player_choice":"Fight","damage_taken":0,"max_hp_gain":0,"max_hp_loss":0,"event_name":"HidenRoomEvent","floor":47,"gold_loss":0}],"is_beta":false,"boss_relics":[{"not_picked":["ats:Cure","MoneyPower"],"picked":"MoonlightInvasionPlan"},{"not_picked":[]},{"not_picked":["D4","ReplayTheSpireMod:Shallot"],"picked":"Letter Opener"},{"not_picked":[]}],"items_purged_floors":[5,48,53],"is_endless":false,"potions_floor_spawned":[6,7,11,16,18,20,22,33,35,40,45,46],"killed_by":"The Heart","ascension_level":0}}