{"host":"6nqy62k7v1jh46lb","time":1614193749,"event":{"mods":["AchievementEnabler","BaseMod","Bestiary","Block Reminder","Colored Powertips","Highlight Path","Minty Spire (QoL Compilation)","Relic Stats"],"gold_per_floor":[112,129,146,39,4,29,29,29,29,47,82,8,8,23,23,122,122,136,148,11,25,38,71,71,71,71,88,88,105,140,21,21,117,117,135,135,13,23,23,38,38,66,66,66,66,94,94,106,106,106,106],"floor_reached":50,"language":"ENG","playtime":5825,"items_purged":["Strike_B"],"score":552,"play_id":"ecdcb226-442d-4320-ad41-819813d4f21d","local_time":"20210224200909","is_ascension_mode":false,"campfire_choices":[{"floor":7.0,"key":"RECALL"},{"floor":15.0,"key":"REST"},{"floor":25.0,"key":"REST"},{"floor":28.0,"key":"REST"},{"floor":32.0,"key":"REST"},{"floor":41.0,"key":"REST"},{"floor":45.0,"key":"REST"},{"floor":47.0,"key":"REST"},{"floor":49.0,"key":"REST"}],"circlet_count":0,"master_deck":["Strike_B+1","Defend_B","Defend_B","Defend_B","Defend_B","Zap","Dualcast","Ball Lightning","Double Energy","Self Repair","Mind Blast+1","Stack","Sweeping Beam","Aggregate","Reinforced Body","FTL","Doom and Gloom","Rainbow","Glacier","Defragment+1","Meteor Strike","Undo","Electrodynamics","Darkness","Melter","Rebound","Redo","Capacitor","Multi-Cast","Coolheaded","Redo+1","Double Energy"],"relics":["Cracked Core","Ice Cream","Bottled Lightning","Eternal Feather","Fusion Hammer","Oddly Smooth Stone","Regal Pillow","Pen Nib","SacredBark","Whetstone","Vajra","Thread and Needle"],"acts_visited":["TheCity","TheBeyond"],"potions_floor_usage":[50],"damage_taken":[{"damage":5.0,"enemies":"Cultist","floor":1.0,"turns":4.0},{"damage":6.0,"enemies":"Jaw Worm","floor":2.0,"turns":3.0},{"damage":0.0,"enemies":"Small Slimes","floor":3.0,"turns":2.0},{"damage":38.0,"enemies":"3 Sentries","floor":6.0,"turns":7.0},{"damage":9.0,"enemies":"Blue Slaver","floor":10.0,"turns":4.0},{"damage":16.0,"enemies":"Gremlin Nob","floor":11.0,"turns":3.0},{"damage":10.0,"enemies":"Gremlin Gang","floor":14.0,"turns":4.0},{"damage":8.0,"enemies":"Slime Boss","floor":16.0,"turns":9.0},{"damage":24.0,"enemies":"Shell Parasite","floor":18.0,"turns":5.0},{"damage":10.0,"enemies":"Chosen","floor":19.0,"turns":4.0},{"damage":0.0,"enemies":"Snake Plant","floor":21.0,"turns":4.0},{"damage":16.0,"enemies":"Sentry and Sphere","floor":22.0,"turns":6.0},{"damage":22.0,"enemies":"Slavers","floor":23.0,"turns":6.0},{"damage":9.0,"enemies":"Chosen and Byrds","floor":27.0,"turns":4.0},{"damage":0.0,"enemies":"Snecko","floor":29.0,"turns":4.0},{"damage":37.0,"enemies":"Gremlin Leader","floor":30.0,"turns":5.0},{"damage":42.0,"enemies":"Automaton","floor":33.0,"turns":9.0},{"damage":24.0,"enemies":"3 Shapes","floor":35.0,"turns":4.0},{"damage":31.0,"enemies":"3 Darklings","floor":38.0,"turns":6.0},{"damage":19.0,"enemies":"Jaw Worm Horde","floor":40.0,"turns":6.0},{"damage":44.0,"enemies":"Reptomancer","floor":42.0,"turns":8.0},{"damage":0.0,"enemies":"Sphere and 2 Shapes","floor":44.0,"turns":1.0},{"damage":60.0,"enemies":"Giant Head","floor":46.0,"turns":10.0},{"damage":34.0,"enemies":"Spire Growth","floor":48.0,"turns":7.0},{"damage":85,"enemies":"Awakened One","floor":50,"turns":8}],"seed_played":"-7668794598974987754","potions_obtained":[{"floor":10.0,"key":"Fire Potion"},{"floor":16.0,"key":"SmokeBomb"},{"floor":18.0,"key":"SpeedPotion"},{"floor":27.0,"key":"Fire Potion"},{"floor":30.0,"key":"SmokeBomb"},{"floor":35.0,"key":"Swift Potion"},{"floor":42.0,"key":"DistilledChaos"},{"floor":46.0,"key":"Swift Potion"}],"is_trial":false,"path_per_floor":["M","M","M","$","?","E","R","T","T","M","E","$","?","M","R","B",null,"M","M","$","M","M","E","?","R","T","M","R","M","E","$","R","B",null,"M","?","$","M","?","M","R","E","T","M","R","E","R","M","R","B"],"character_chosen":"DEFECT","items_purchased":["Mind Blast","Stack","FTL","Meteor Strike","Redo","Capacitor","Coolheaded"],"campfire_rested":8,"item_purchase_floors":[4,4,12,20,31,31,37],"current_hp_per_floor":[77,71,71,71,82,51,51,51,51,49,40,40,33,23,56,48,82,65,62,62,69,60,45,45,82,82,73,82,82,52,52,82,40,82,58,58,58,34,34,22,79,42,42,42,82,29,82,55,82,0,0],"gold":106,"neow_bonus":"TEN_PERCENT_HP_BONUS","is_daily":false,"chose_seed":false,"campfire_upgraded":0,"win_rate":0.0,"timestamp":1614193749,"path_taken":["M","M","M","$","?","E","R","?","T","M","E","?","?","?","R","BOSS","M","?","$","M","M","E","?","R","T","M","R","M","E","$","R","BOSS","M","?","$","M","?","M","R","E","T","M","R","E","R","M","R","BOSS"],"items_purchased_type":["Card","Card","Card","Card","Card","Card","Card"],"build_version":"2020-12-22","purchased_purges":1,"victory":false,"max_hp_per_floor":[82,82,82,82,82,82,82,82,82,82,82,82,82,82,82,82,82,82,82,82,82,82,82,82,82,82,82,82,82,82,82,82,82,82,82,82,82,82,82,82,82,82,82,82,82,82,82,82,82,82,82],"relic_stats":{"Regal Pillow":26,"counters":[17,97],"Eternal Feather":114,"Pen Nib":[6],"Whetstone":["Mind Blast","Strike_B"],"obtain_stats":[{"Ice Cream":0,"Regal Pillow":26,"SacredBark":34,"Oddly Smooth Stone":23,"Vajra":43,"Eternal Feather":0,"Thread and Needle":46,"Fusion Hammer":17,"Pen Nib":30,"Bottled Lightning":0,"Whetstone":42,"Cracked Core":0},{"Ice Cream":0,"Regal Pillow":5,"SacredBark":9,"Oddly Smooth Stone":5,"Vajra":13,"Eternal Feather":0,"Thread and Needle":15,"Fusion Hammer":0,"Pen Nib":8,"Bottled Lightning":0,"Whetstone":13,"Cracked Core":0},{"Ice Cream":0,"Regal Pillow":25,"SacredBark":47,"Oddly Smooth Stone":25,"Vajra":71,"Eternal Feather":0,"Thread and Needle":82,"Fusion Hammer":0,"Pen Nib":38,"Bottled Lightning":0,"Whetstone":71,"Cracked Core":0}]},"card_choices":[{"not_picked":["Beam Cell","Barrage"],"picked":"Ball Lightning","floor":1.0},{"not_picked":["Steam Power","Cold Snap"],"picked":"Double Energy","floor":2.0},{"not_picked":["Reinforced Body","Coolheaded"],"picked":"Self Repair","floor":3.0},{"not_picked":["Leap","Barrage"],"picked":"Sweeping Beam","floor":6.0},{"not_picked":["Machine Learning","Cold Snap"],"picked":"Aggregate","floor":10.0},{"not_picked":["Steam","Rip and Tear"],"picked":"Reinforced Body","floor":11.0},{"not_picked":["Redo","Sweeping Beam"],"picked":"Doom and Gloom","floor":14.0},{"not_picked":["Machine Learning","Hyperbeam"],"picked":"Rainbow","floor":16.0},{"not_picked":["Leap","Streamline"],"picked":"Glacier","floor":18.0},{"not_picked":["Leap","Compile Driver"],"picked":"Defragment+1","floor":19.0},{"not_picked":["Leap","Static Discharge+1"],"picked":"Undo","floor":21.0},{"not_picked":["Rebound","Redo"],"picked":"Electrodynamics","floor":22.0},{"not_picked":["Force Field","Conserve Battery"],"picked":"Darkness","floor":23.0},{"not_picked":["Glacier","Leap+1","Beam Cell"],"picked":"SKIP","floor":27.0},{"not_picked":["Cold Snap","Go for the Eyes","Sweeping Beam"],"picked":"SKIP","floor":29.0},{"not_picked":["Gash","Turbo"],"picked":"Rebound","floor":30.0},{"not_picked":["Meteor Strike","All For One"],"picked":"Multi-Cast","floor":33.0},{"not_picked":["Gash+1","Leap+1","Steam"],"picked":"SKIP","floor":35.0},{"not_picked":["Undo+1","Steam"],"picked":"Redo+1","floor":38.0},{"not_picked":["Coolheaded+1","Double Energy","Beam Cell"],"picked":"SKIP","floor":40.0},{"not_picked":["Hello World+1","Echo Form"],"picked":"Double Energy","floor":42.0},{"not_picked":["Stack","All For One","Go for the Eyes+1"],"picked":"SKIP","floor":46.0},{"not_picked":["Coolheaded","Auto Shields","Sweeping Beam"],"picked":"SKIP","floor":48.0}],"player_experience":248614,"relics_obtained":[{"floor":6.0,"key":"Ice Cream"},{"floor":9.0,"key":"Bottled Lightning"},{"floor":11.0,"key":"Eternal Feather"},{"floor":23.0,"key":"Oddly Smooth Stone"},{"floor":26.0,"key":"Regal Pillow"},{"floor":30.0,"key":"Pen Nib"},{"floor":42.0,"key":"Whetstone"},{"floor":43.0,"key":"Vajra"},{"floor":46.0,"key":"Thread and Needle"}],"event_choices":[{"damage_healed":20.0,"max_hp_gain":0.0,"max_hp_loss":0.0,"gold_gain":0.0,"event_name":"The Cleric","player_choice":"Healed","floor":5.0,"gold_loss":35.0,"damage_taken":0.0},{"cards_removed":["Strike_B"],"damage_healed":0.0,"max_hp_gain":0.0,"max_hp_loss":0.0,"gold_gain":0.0,"event_name":"Golden Wing","player_choice":"Card Removal","floor":13.0,"gold_loss":0.0,"damage_taken":7.0},{"damage_healed":0.0,"max_hp_gain":0.0,"max_hp_loss":0.0,"gold_gain":0.0,"event_name":"The Library","player_choice":"Read","floor":24.0,"gold_loss":0.0,"damage_taken":0.0,"cards_obtained":["Melter"]},{"damage_healed":0.0,"max_hp_gain":0.0,"max_hp_loss":0.0,"gold_gain":0.0,"event_name":"Mysterious Sphere","player_choice":"Ignored","floor":36.0,"gold_loss":0.0,"damage_taken":0.0},{"cards_removed":["Strike_B"],"damage_healed":0.0,"max_hp_gain":0.0,"max_hp_loss":0.0,"gold_gain":0.0,"event_name":"Falling","player_choice":"Removed Attack","floor":39.0,"gold_loss":0.0,"damage_taken":0.0}],"is_beta":false,"boss_relics":[{"not_picked":["Empty Cage","Runic Dome"],"picked":"Fusion Hammer"},{"not_picked":["Tiny House","SlaversCollar"],"picked":"SacredBark"}],"items_purged_floors":[37],"is_endless":false,"potions_floor_spawned":[10,16,18,27,30,35,40,42,46],"killed_by":"Awakened One","ascension_level":0}}