{"host":"xb2tau8pgi8aflss","time":1614171637,"event":{"mods":["AchievementEnabler","BaseMod","Hermit","Minty Spire (QoL Compilation)","StSLib","SuperFastMode"],"gold_per_floor":[211,223,22,22,22,22,39,51,51,51,2,18,29,47,47,151,151,167,186,186,186,186],"floor_reached":21,"language":"KOR","playtime":685,"items_purged":["Strike_P"],"score":242,"play_id":"e0626b4a-9143-4ab2-b1da-62baf7e1c8b9","local_time":"20210224220037","is_ascension_mode":true,"campfire_choices":[{"data":"Eruption","floor":6,"key":"SMITH"},{"data":"Adaptation","floor":10,"key":"SMITH"},{"data":"TalkToTheHand","floor":15,"key":"SMITH"}],"circlet_count":0,"master_deck":["Strike_P","Strike_P+1","Strike_P","Defend_P+1","Defend_P","Defend_P+1","Eruption+1","Vigilance","EmptyBody+1","WheelKick","Enlightenment","Adaptation+1","LessonLearned","EmptyFist","TalkToTheHand+1","FollowUp","DevaForm","Crescendo+1","ClearTheMind"],"relics":["PureWater","Pantograph","Pear","Black Star"],"acts_visited":["Exordium","TheCity"],"potions_floor_usage":[14,14,16],"damage_taken":[{"damage":5,"enemies":"Small Slimes","floor":1,"turns":4},{"damage":6,"enemies":"Jaw Worm","floor":2,"turns":4},{"damage":0,"enemies":"Cultist","floor":7,"turns":2},{"damage":2,"enemies":"Exordium Wildlife","floor":8,"turns":4},{"damage":6,"enemies":"Red Slaver","floor":12,"turns":4},{"damage":5,"enemies":"2 Fungi Beasts","floor":13,"turns":3},{"damage":12,"enemies":"Lots of Slimes","floor":14,"turns":6},{"damage":36,"enemies":"Hexaghost","floor":16,"turns":11},{"damage":22,"enemies":"2 Thieves","floor":18,"turns":3},{"damage":12,"enemies":"Chosen","floor":19,"turns":5},{"damage":32,"enemies":"Shelled Parasite and Fungi","floor":21,"turns":4}],"seed_played":"8710684911224510284","potions_obtained":[{"floor":7,"key":"StancePotion"},{"floor":12,"key":"Regen Potion"},{"floor":13,"key":"Swift Potion"}],"is_trial":false,"path_per_floor":["M","M","$","?","?","R","M","M","T","R","$","M","M","M","R","B",null,"M","M","?","M"],"character_chosen":"WATCHER","items_purchased":["WheelKick","Enlightenment","EmptyFist"],"campfire_rested":0,"item_purchase_floors":[3,3,11],"current_hp_per_floor":[60,54,54,36,29,29,29,27,37,37,37,31,26,29,29,18,66,44,32,32,0,0],"gold":186,"neow_bonus":"HUNDRED_GOLD","is_daily":false,"chose_seed":false,"campfire_upgraded":3,"win_rate":0.0,"timestamp":1614171637,"path_taken":["M","M","$","?","?","R","M","M","T","R","?","M","?","M","R","BOSS","M","M","?","M"],"items_purchased_type":["Card","Card","Card"],"build_version":"2020-12-22","purchased_purges":1,"victory":false,"max_hp_per_floor":[72,72,72,72,72,72,72,72,82,82,82,82,82,82,82,82,82,82,82,82,82,82],"card_choices":[{"not_picked":["JustLucky","FlyingSleeves","CrushJoints"],"picked":"SKIP","floor":1},{"not_picked":["Protect","SashWhip"],"picked":"EmptyBody","floor":2},{"not_picked":["Crescendo","ClearTheMind"],"picked":"Adaptation","floor":7},{"not_picked":["Crescendo","WheelKick"],"picked":"LessonLearned","floor":8},{"not_picked":["WaveOfTheHand","DeceiveReality"],"picked":"TalkToTheHand","floor":12},{"not_picked":["EmptyBody","Consecrate","Perseverance"],"picked":"SKIP","floor":13},{"not_picked":["Halt","BattleHymn"],"picked":"FollowUp","floor":14},{"not_picked":["MasterReality","DeusExMachina"],"picked":"DevaForm","floor":16},{"not_picked":["FollowUp","EmptyBody","Wireheading"],"picked":"SKIP","floor":18},{"not_picked":["EmptyBody","Sanctity"],"picked":"Crescendo+1","floor":19}],"player_experience":855904,"relics_obtained":[{"floor":9,"key":"Pear"}],"event_choices":[{"damage_healed":0,"gold_gain":0,"player_choice":"Success","damage_taken":18,"relics_obtained":["Pantograph"],"max_hp_gain":0,"max_hp_loss":0,"event_name":"Scrap Ooze","floor":4,"gold_loss":0},{"cards_removed":["Defend_P"],"damage_healed":0,"gold_gain":0,"player_choice":"Card Removal","damage_taken":7,"max_hp_gain":0,"max_hp_loss":0,"event_name":"Golden Wing","floor":5,"gold_loss":0},{"damage_healed":0,"gold_gain":0,"player_choice":"Read","damage_taken":0,"max_hp_gain":0,"max_hp_loss":0,"event_name":"The Library","floor":20,"gold_loss":0,"cards_obtained":["ClearTheMind"]}],"is_beta":false,"boss_relics":[{"not_picked":["Cursed Key","Tiny House"],"picked":"Black Star"}],"items_purged_floors":[3],"is_endless":false,"potions_floor_spawned":[7,12,13],"killed_by":"Shelled Parasite and Fungi","ascension_level":8}}