{"host":"70zhvo5nwrhp1mbg","time":1614203817,"event":{"mods":["AchievementEnabler","BaseMod","Bestiary","Colored Map","Colored Powertips","Highlight Path","Minty Spire (QoL Compilation)","Rare Cards Sparkle","StSLib","ojb\u0027s Info Mod: The sequel"],"gold_per_floor":[112,124,135,151,34,34,34,69,69,82,82,107,58,75,75,177,177,188,200,55,55,70,70,90,90,90,90,116,146,171,218,230,339,351,376,404,416,438,450,490,502,543,555,567,21,32,67,118,118,118],"floor_reached":51,"language":"ENG","playtime":7335,"items_purged":["Strike_P"],"score":782,"play_id":"19f17005-999f-4010-a3f4-0327e840aade","local_time":"20210224165657","is_ascension_mode":false,"campfire_choices":[{"data":"BowlingBash","floor":6,"key":"SMITH"},{"data":"SashWhip","floor":15,"key":"SMITH"},{"data":"DevaForm","floor":23,"key":"SMITH"},{"data":"WindmillStrike","floor":25,"key":"SMITH"},{"floor":27,"key":"REST"},{"data":"MasterReality","floor":32,"key":"SMITH"},{"floor":41,"key":"REST"},{"data":"Blind","floor":44,"key":"SMITH"},{"data":"LikeWater","floor":49,"key":"SMITH"}],"circlet_count":0,"master_deck":["Defend_P","Defend_P","Defend_P","Defend_P","Eruption+1","Vigilance","BowlingBash+1","Halt","Swivel","BowlingBash","WindmillStrike+1","Consecrate","SandsOfTime","CrushJoints","FollowUp","EmptyFist","SashWhip+1","DevaForm+1","FearNoEvil+1","EmptyMind+1","Pray+1","LikeWater+1","CutThroughFate","FlurryOfBlows+1","LikeWater+1","Perseverance","CarveReality+1","Weave+1","MasterReality+1","Brilliance","CurseOfTheBell","ReachHeaven+1","FlurryOfBlows+1","Conclude+1","Blind+1","WindmillStrike+1","Crescendo","LikeWater+1","ClearTheMind","Consecrate+1","LikeWater"],"relics":["PureWater","Oddly Smooth Stone","StoneCalendar","Unceasing Top","Bag of Preparation","Odd Mushroom","Astrolabe","Tiny Chest","Du-Vu Doll","MawBank","Red Mask","Calling Bell","Art of War","Sundial","Calipers","Centennial Puzzle","Potion Belt","Molten Egg 2","Darkstone Periapt","Singing Bowl","Regal Pillow","White Beast Statue","GoldenEye"],"acts_visited":["Exordium","TheCity","TheBeyond"],"potions_floor_usage":[8,10,16,16,19,28,33,36,40,46,50,50],"damage_taken":[{"damage":3,"enemies":"Cultist","floor":1,"turns":5},{"damage":6,"enemies":"Jaw Worm","floor":2,"turns":5},{"damage":0,"enemies":"2 Louse","floor":3,"turns":2},{"damage":0,"enemies":"2 Fungi Beasts","floor":4,"turns":3},{"damage":16,"enemies":"Gremlin Nob","floor":8,"turns":4},{"damage":5,"enemies":"Large Slime","floor":10,"turns":5},{"damage":8,"enemies":"The Mushroom Lair","floor":12,"turns":3},{"damage":0,"enemies":"Red Slaver","floor":14,"turns":2},{"damage":20,"enemies":"The Guardian","floor":16,"turns":11},{"damage":0,"enemies":"Spheric Guardian","floor":18,"turns":2},{"damage":8,"enemies":"3 Byrds","floor":19,"turns":5},{"damage":7,"enemies":"Centurion and Healer","floor":22,"turns":6},{"damage":3,"enemies":"3 Cultists","floor":24,"turns":3},{"damage":47,"enemies":"Book of Stabbing","floor":28,"turns":7},{"damage":4,"enemies":"Cultist and Chosen","floor":29,"turns":7},{"damage":14,"enemies":"Snake Plant","floor":30,"turns":4},{"damage":4,"enemies":"Masked Bandits","floor":31,"turns":3},{"damage":47,"enemies":"Automaton","floor":33,"turns":10},{"damage":0,"enemies":"3 Shapes","floor":35,"turns":2},{"damage":3,"enemies":"Orb Walker","floor":36,"turns":5},{"damage":15,"enemies":"Transient","floor":38,"turns":5},{"damage":45,"enemies":"Nemesis","floor":40,"turns":11},{"damage":45,"enemies":"Reptomancer","floor":42,"turns":8},{"damage":27,"enemies":"4 Shapes","floor":46,"turns":2},{"damage":34,"enemies":"Nemesis","floor":47,"turns":7},{"damage":61,"enemies":"2 Orb Walkers","floor":48,"turns":7},{"damage":84,"enemies":"Donu and Deca","floor":50,"turns":10}],"seed_played":"-6799513655068497814","potions_obtained":[{"floor":1,"key":"Explosive Potion"},{"floor":4,"key":"Block Potion"},{"floor":12,"key":"PowerPotion"},{"floor":14,"key":"SkillPotion"},{"floor":18,"key":"PowerPotion"},{"floor":22,"key":"Swift Potion"},{"floor":30,"key":"Energy Potion"},{"floor":31,"key":"Ancient Potion"},{"floor":33,"key":"ColorlessPotion"},{"floor":36,"key":"SteroidPotion"},{"floor":46,"key":"Strength Potion"},{"floor":48,"key":"PowerPotion"}],"is_trial":false,"path_per_floor":["M","M","M","M","$","R","T","E","T","M","?","?","$","M","R","B",null,"M","M","$","?","M","R","M","R","T","R","E","M","M","?","R","B",null,"M","M","T","M","?","E","R","E","T","R","$","M","E","?","R","B",null],"character_chosen":"WATCHER","items_purchased":["WindmillStrike","Consecrate","EmptyFist","Tiny Chest","Singing Bowl","Regal Pillow","LikeWater","ClearTheMind"],"campfire_rested":2,"item_purchase_floors":[5,5,13,20,45,45,45,45],"current_hp_per_floor":[69,63,63,63,63,63,63,47,47,42,42,34,34,34,34,14,72,72,64,64,57,50,50,47,47,47,68,21,17,3,39,39,22,72,72,69,69,54,54,9,30,45,45,45,45,18,26,25,25,21],"gold":118,"neow_bonus":"RANDOM_COMMON_RELIC","is_daily":false,"chose_seed":false,"campfire_upgraded":7,"win_rate":0.0,"timestamp":1614203817,"path_taken":["M","M","M","M","?","R","?","E","T","M","?","?","$","M","R","BOSS","M","M","$","?","M","R","M","R","T","R","E","M","?","?","R","BOSS","M","M","?","M","?","E","R","E","T","R","$","M","E","?","R","BOSS"],"items_purchased_type":["Card","Card","Card","Relic","Relic","Relic","Card","Card"],"build_version":"2020-12-22","purchased_purges":1,"victory":true,"max_hp_per_floor":[72,72,72,72,72,72,72,72,72,72,72,72,72,72,72,72,72,72,72,72,72,72,72,72,72,72,72,72,72,72,72,72,72,72,72,72,72,72,72,72,72,72,72,72,72,72,74,74,74,74],"card_choices":[{"not_picked":["Worship","Consecrate"],"picked":"BowlingBash","floor":1},{"not_picked":["WaveOfTheHand","ThirdEye"],"picked":"Halt","floor":2},{"not_picked":["CrushJoints","ClearTheMind"],"picked":"Swivel","floor":3},{"not_picked":["FlyingSleeves","FearNoEvil"],"picked":"BowlingBash","floor":4},{"not_picked":["Halt","Fasting2"],"picked":"SandsOfTime","floor":8},{"not_picked":["WheelKick","Protect"],"picked":"CrushJoints","floor":10},{"not_picked":["ClearTheMind","Evaluate"],"picked":"FollowUp","floor":12},{"not_picked":["Halt","Ragnarok"],"picked":"SashWhip","floor":14},{"not_picked":["ConjureBlade","LessonLearned"],"picked":"DevaForm","floor":16},{"not_picked":["Consecrate","Swivel"],"picked":"LikeWater+1","floor":18},{"not_picked":["Adaptation","Crescendo"],"picked":"CutThroughFate","floor":19},{"not_picked":["SashWhip","Tantrum+1"],"picked":"FlurryOfBlows+1","floor":22},{"not_picked":["Crescendo","Swivel"],"picked":"LikeWater+1","floor":24},{"not_picked":["Fasting2","ThirdEye"],"picked":"Perseverance","floor":28},{"not_picked":["FlyingSleeves","EmptyFist"],"picked":"CarveReality+1","floor":29},{"not_picked":["FollowUp","CutThroughFate"],"picked":"Weave+1","floor":30},{"not_picked":["Meditate+1","JustLucky"],"picked":"MasterReality","floor":31},{"not_picked":["Establishment","Vault"],"picked":"Brilliance","floor":33},{"not_picked":["ThirdEye","FlyingSleeves+1"],"picked":"ReachHeaven+1","floor":35},{"not_picked":["CutThroughFate+1","JustLucky+1"],"picked":"FlurryOfBlows+1","floor":36},{"not_picked":["Sanctity","Brilliance"],"picked":"Conclude+1","floor":38},{"not_picked":["Flash of Steel","Secret Technique"],"picked":"Blind","floor":39},{"not_picked":["CrushJoints+1","ConjureBlade"],"picked":"WindmillStrike+1","floor":40},{"not_picked":["EmptyFist+1","Halt+1"],"picked":"Crescendo","floor":42},{"not_picked":["ClearTheMind+1","Conclude+1"],"picked":"Consecrate+1","floor":46},{"not_picked":["Crescendo+1","CarveReality+1","Halt"],"picked":"Singing Bowl","floor":47},{"not_picked":["SandsOfTime+1","WheelKick+1"],"picked":"LikeWater","floor":48}],"player_experience":705330,"relics_obtained":[{"floor":7,"key":"StoneCalendar"},{"floor":8,"key":"Unceasing Top"},{"floor":9,"key":"Bag of Preparation"},{"floor":12,"key":"Odd Mushroom"},{"floor":26,"key":"Du-Vu Doll"},{"floor":28,"key":"MawBank"},{"floor":31,"key":"Red Mask"},{"floor":34,"key":"Art of War"},{"floor":34,"key":"Sundial"},{"floor":34,"key":"Calipers"},{"floor":37,"key":"Centennial Puzzle"},{"floor":40,"key":"Potion Belt"},{"floor":42,"key":"Molten Egg 2"},{"floor":43,"key":"Darkstone Periapt"},{"floor":47,"key":"White Beast Statue"},{"floor":48,"key":"GoldenEye"}],"event_choices":[{"damage_healed":0,"gold_gain":0,"player_choice":"Grow","damage_taken":0,"max_hp_gain":0,"max_hp_loss":0,"event_name":"Living Wall","floor":11,"gold_loss":0,"cards_upgraded":["Eruption"]},{"damage_healed":0,"gold_gain":0,"player_choice":"Fought Mushrooms","damage_taken":0,"max_hp_gain":0,"max_hp_loss":0,"event_name":"Mushrooms","floor":12,"gold_loss":0},{"damage_healed":0,"gold_gain":0,"player_choice":"Damaged","damage_taken":7,"max_hp_gain":0,"max_hp_loss":0,"event_name":"Wheel of Change","floor":21,"gold_loss":0},{"damage_healed":0,"gold_gain":0,"player_choice":"Fought Bandits","damage_taken":0,"max_hp_gain":0,"max_hp_loss":0,"event_name":"Masked Bandits","floor":31,"gold_loss":0},{"damage_healed":0,"gold_gain":0,"player_choice":"Memory 1","damage_taken":0,"max_hp_gain":0,"max_hp_loss":0,"event_name":"SensoryStone","floor":39,"gold_loss":0},{"damage_healed":0,"gold_gain":0,"player_choice":"Fight","damage_taken":0,"max_hp_gain":0,"max_hp_loss":0,"event_name":"Mysterious Sphere","floor":48,"gold_loss":0}],"is_beta":false,"boss_relics":[{"not_picked":["Empty Cage","Ectoplasm"],"picked":"Astrolabe"},{"not_picked":["Black Star","Coffee Dripper"],"picked":"Calling Bell"}],"items_purged_floors":[45],"is_endless":false,"potions_floor_spawned":[1,4,12,14,18,22,30,31,33,36,46,48],"ascension_level":0}}