{"host":"7bb7osqc91rjfyph","time":1614210426,"event":{"mods":["AchievementEnabler","BaseMod","BetterRewards","Colored Map","Colored Powertips","Downfall","Googly Eyes","Hermit","Hubris","Marisa????????","Minty Spire (QoL Compilation)","Shop Mod","StSLib","The Cursed"],"gold_per_floor":[219,108,119,19,19,19,38,38,118,134,166,195,229,245,245,349,349,363,380,380,393,112,139,139,139,210,228,263,263,275,275,275,377,377,392,404,404,423,443,474,474,499,499,512,529,36,36,73,73,73,73,73,22,57,57],"floor_reached":56,"language":"ENG","playtime":2736,"items_purged":["Strike_R","Strike_R","Defend_R"],"score":1817,"play_id":"59279212-aad6-4a7a-92d6-d680cba75606","local_time":"20210224174706","is_ascension_mode":true,"campfire_choices":[{"data":"Bash","floor":6.0,"key":"SMITH"},{"data":"Metallicize","floor":15.0,"key":"SMITH"},{"data":"Feed","floor":25.0,"key":"SMITH"},{"floor":29.0,"key":"RECALL"},{"data":"hubris:StunningStrike","floor":32.0,"key":"SMITH"},{"data":"Demon Form","floor":41.0,"key":"SMITH"},{"data":"Barricade","floor":49.0,"key":"SMITH"},{"data":"Evolve","floor":52,"key":"SMITH"}],"circlet_count":0,"master_deck":["Strike_R","Strike_R","Defend_R","Defend_R","Defend_R","Bash+1","Feel No Pain","Metallicize+1","Evolve+1","Inflame","Cleave","Pummel","Immolate","Feed+1","hubris:ReadiedAction","Offering","Disarm+1","Pummel+1","Shrug It Off","hubris:StunningStrike+1","Cleave+1","Iron Wave+1","Flame Barrier+1","Barricade+1","Heavy Blade+1","Demon Form+1","Fire Breathing+1","Disarm+1","Pommel Strike+1","Heavy Blade+1","Shrug It Off","Immolate+1"],"relics":["Burning Blood","Red Skull","Question Card","hubris:Zylophone","Odd Mushroom","White Beast Statue","hubris:Backtick","Mummified Hand","hubris:Icosahedron","Medical Kit","hubris:MedicalManual","Molten Egg 2","Anchor","hubris:TerracottaHorce","StrikeDummy","hubris:DeckOfHolding","Bag of Preparation","hubris:EmptyBottle","MealTicket","CeramicFish","Thread and Needle","Mango"],"acts_visited":["Exordium","TheCity","TheBeyond","TheEnding"],"potions_floor_usage":[50,50,50,54,55,55,55,55,55],"damage_taken":[{"damage":6.0,"enemies":"Cultist","floor":1.0,"turns":3.0},{"damage":4.0,"enemies":"Jaw Worm","floor":3.0,"turns":4.0},{"damage":3.0,"enemies":"Small Slimes","floor":7.0,"turns":4.0},{"damage":8.0,"enemies":"Looter","floor":10.0,"turns":5.0},{"damage":13.0,"enemies":"3 Sentries","floor":11.0,"turns":8.0},{"damage":16.0,"enemies":"The Mushroom Lair","floor":12.0,"turns":4.0},{"damage":12.0,"enemies":"Lagavulin","floor":13.0,"turns":7.0},{"damage":0.0,"enemies":"Exordium Wildlife","floor":14.0,"turns":2.0},{"damage":26.0,"enemies":"Slime Boss","floor":16.0,"turns":8.0},{"damage":17.0,"enemies":"2 Thieves","floor":18.0,"turns":4.0},{"damage":8.0,"enemies":"3 Byrds","floor":19.0,"turns":6.0},{"damage":7.0,"enemies":"Snecko","floor":21.0,"turns":5.0},{"damage":22.0,"enemies":"Book of Stabbing","floor":23.0,"turns":6.0},{"damage":6.0,"enemies":"Centurion and Healer","floor":27.0,"turns":6.0},{"damage":26.0,"enemies":"Slavers","floor":28.0,"turns":6.0},{"damage":6.0,"enemies":"Shelled Parasite and Fungi","floor":30.0,"turns":5.0},{"damage":42.0,"enemies":"Collector","floor":33.0,"turns":9.0},{"damage":3.0,"enemies":"Orb Walker","floor":35.0,"turns":4.0},{"damage":12.0,"enemies":"3 Shapes","floor":36.0,"turns":5.0},{"damage":8.0,"enemies":"Maw","floor":38.0,"turns":9.0},{"damage":1.0,"enemies":"4 Shapes","floor":39.0,"turns":4.0},{"damage":22.0,"enemies":"Reptomancer","floor":40.0,"turns":9.0},{"damage":23.0,"enemies":"Nemesis","floor":42.0,"turns":6.0},{"damage":43.0,"enemies":"Transient","floor":44.0,"turns":5.0},{"damage":22.0,"enemies":"Spire Growth","floor":45.0,"turns":4.0},{"damage":0.0,"enemies":"Giant Head","floor":48.0,"turns":5.0},{"damage":38,"enemies":"Awakened One","floor":50,"turns":10},{"damage":30,"enemies":"Shield and Spear","floor":54,"turns":6},{"damage":104,"enemies":"The Heart","floor":55,"turns":10}],"seed_played":"4771430545524627586","potions_obtained":[{"floor":1.0,"key":"Explosive Potion"},{"floor":3.0,"key":"EssenceOfSteel"},{"floor":7.0,"key":"Energy Potion"},{"floor":14.0,"key":"ColorlessPotion"},{"floor":16.0,"key":"CultistPotion"},{"floor":18.0,"key":"Fire Potion"},{"floor":19.0,"key":"EntropicBrew"},{"floor":21.0,"key":"Swift Potion"},{"floor":23.0,"key":"champ:CounterPotion"},{"floor":27.0,"key":"AttackPotion"},{"floor":28.0,"key":"champ:CounterPotion"},{"floor":30.0,"key":"Ancient Potion"},{"floor":33.0,"key":"DuplicationPotion"},{"floor":35.0,"key":"SkillPotion"},{"floor":38.0,"key":"Regen Potion"},{"floor":44.0,"key":"Dexterity Potion"},{"floor":45.0,"key":"DistilledChaos"},{"floor":48.0,"key":"bronze:BurnAndBuffPotion"},{"floor":54,"key":"ElixirPotion"}],"is_trial":false,"path_per_floor":["M","$","M","$","?","R","M","?","T","M","E","?","E","M","R","B",null,"M","M","?","M","$","E","?","R","T","M","E","R","M","?","R","B",null,"M","M","?","M","M","E","R","E","T","M","M","$","T","E","R","B",null,"R","$","E","B",null],"character_chosen":"IRONCLAD","items_purchased":["Metallicize","Medical Kit","Bag of Preparation","hubris:EmptyBottle","Shrug It Off","MealTicket","Swift Potion"],"campfire_rested":0,"item_purchase_floors":[2,22,46,46,46,46,53],"current_hp_per_floor":[80,80,80,80,77,77,80,85,85,83,76,66,60,69,69,52,91,83,84,84,83,83,70,70,70,70,74,58,58,62,62,62,30,95,98,96,130,132,138,126,126,109,109,72,68,68,68,74,74,42,117,117,132,122,24],"gold":57,"neow_bonus":"HUNDRED_GOLD","is_daily":false,"chose_seed":false,"campfire_upgraded":7,"win_rate":0.0,"timestamp":1614210426,"path_taken":["M","$","M","?","?","R","M","?","T","?","E","?","E","M","R","BOSS","M","M","?","M","$","E","?","R","T","M","E","R","M","?","R","BOSS","M","M","?","?","M","E","R","E","T","M","M","$","?","E","R","BOSS","R","$","E","BOSS"],"items_purchased_type":["Card","Relic","Relic","Relic","Card","Relic","Potion"],"build_version":"2020-12-22","purchased_purges":3,"victory":true,"max_hp_per_floor":[80,80,80,80,80,80,80,85,85,85,85,85,85,88,88,91,91,94,97,97,97,97,100,100,100,100,104,108,108,112,112,112,116,116,116,120,130,134,138,142,142,142,142,142,142,142,142,142,142,142,142,142,142,156,156],"card_choices":[{"not_picked":["Uppercut","Seeing Red"],"picked":"Feel No Pain","floor":1.0},{"not_picked":["Iron Wave","Flex"],"picked":"Evolve","floor":3.0},{"not_picked":["Clothesline","Armaments"],"picked":"Inflame","floor":7.0},{"not_picked":["Anger","hubris:CleavingFinish","Clash"],"picked":"Cleave","floor":10.0},{"not_picked":["hubris:CleavingFinish","Rupture","hubris:ReadiedAction"],"picked":"Pummel","floor":11.0},{"not_picked":["hubris:SharpeningStone","Twin Strike","Carnage"],"picked":"Immolate","floor":12.0},{"not_picked":["Shrug It Off","Wild Strike","Pommel Strike"],"picked":"Feed","floor":13.0},{"not_picked":["Power Through","Carnage","Sword Boomerang"],"picked":"hubris:ReadiedAction","floor":14.0},{"not_picked":["Double Tap","Immolate","Berserk"],"picked":"Offering","floor":16.0},{"not_picked":["Burning Pact","Shrug It Off","hubris:ReadiedAction+1"],"picked":"Disarm+1","floor":18.0},{"not_picked":["Body Slam","Anger","Clothesline"],"picked":"Pummel+1","floor":19.0},{"not_picked":["Sentinel","Havoc","Anger"],"picked":"Shrug It Off","floor":21.0},{"not_picked":["Cleave+1","Heavy Blade+1","Thunderclap"],"picked":"hubris:StunningStrike","floor":23.0},{"not_picked":["Perfected Strike+1","Headbutt+1","Rupture+1"],"picked":"Cleave+1","floor":27.0},{"not_picked":["hubris:ReadiedAction","Body Slam+1","Headbutt+1"],"picked":"Iron Wave+1","floor":28.0},{"not_picked":["Sword Boomerang+1","Brutality","hubris:ReadiedAction"],"picked":"Flame Barrier+1","floor":30.0},{"not_picked":["Immolate+1","Limit Break","Brutality"],"picked":"Barricade","floor":33.0},{"not_picked":["Perfected Strike+1","Iron Wave+1","Warcry"],"picked":"Heavy Blade+1","floor":35.0},{"not_picked":["Warcry","Bloodletting+1","Iron Wave+1","Flex+1"],"picked":"SKIP","floor":36.0},{"not_picked":["Shrug It Off+1","Entrench+1","Sword Boomerang+1"],"picked":"Demon Form","floor":38.0},{"not_picked":["Pommel Strike+1","Flame Barrier+1","hubris:CleavingFinish+1"],"picked":"Fire Breathing+1","floor":39.0},{"not_picked":["Wild Strike+1","Perfected Strike+1","Shockwave+1","Sever Soul+1"],"picked":"SKIP","floor":40.0},{"not_picked":["Havoc+1","Entrench","Spot Weakness"],"picked":"Disarm+1","floor":42.0},{"not_picked":["Searing Blow+1","Cleave+1","Clash+1"],"picked":"Pommel Strike+1","floor":44.0},{"not_picked":["Warcry","Carnage+1","Blood for Blood+1"],"picked":"Heavy Blade+1","floor":45.0},{"not_picked":["Thunderclap+1","Havoc+1","Reckless Charge+1"],"picked":"Immolate+1","floor":48.0},{"not_picked":["Flex+1","Wild Strike+1","True Grit","Warcry+1"],"picked":"SKIP","floor":54}],"player_experience":144699,"relics_obtained":[{"floor":9.0,"key":"Question Card"},{"floor":11.0,"key":"hubris:Zylophone"},{"floor":12.0,"key":"Odd Mushroom"},{"floor":13.0,"key":"White Beast Statue"},{"floor":23.0,"key":"hubris:MedicalManual"},{"floor":26.0,"key":"Molten Egg 2"},{"floor":28.0,"key":"Anchor"},{"floor":40.0,"key":"StrikeDummy"},{"floor":42.0,"key":"hubris:DeckOfHolding"},{"floor":47.0,"key":"CeramicFish"},{"floor":48.0,"key":"Thread and Needle"},{"floor":54,"key":"Mango"}],"event_choices":[{"damage_healed":0.0,"max_hp_gain":0.0,"max_hp_loss":0.0,"gold_gain":0.0,"event_name":"Scrap Ooze","player_choice":"Success","floor":5.0,"gold_loss":0.0,"damage_taken":3.0,"relics_obtained":["Red Skull"]},{"damage_healed":0.0,"max_hp_gain":5.0,"max_hp_loss":0.0,"gold_gain":0.0,"event_name":"Big Fish","player_choice":"Donut","floor":8.0,"gold_loss":0.0,"damage_taken":0.0},{"damage_healed":0.0,"max_hp_gain":0.0,"max_hp_loss":0.0,"gold_gain":0.0,"event_name":"Mushrooms","player_choice":"Fought Mushrooms","floor":12.0,"gold_loss":0.0,"damage_taken":0.0},{"damage_healed":0.0,"max_hp_gain":0.0,"max_hp_loss":0.0,"gold_gain":0.0,"event_name":"Vampires","player_choice":"Ignored","floor":24.0,"gold_loss":0.0,"damage_taken":0.0},{"damage_healed":0.0,"max_hp_gain":0.0,"max_hp_loss":0.0,"gold_gain":0.0,"cards_transformed":["Strike_R"],"event_name":"Transmorgrifier","player_choice":"Transformed","floor":31.0,"gold_loss":0.0,"damage_taken":0.0,"cards_obtained":["Brutality"]},{"cards_removed":["Brutality"],"damage_healed":24.0,"max_hp_gain":10.0,"max_hp_loss":0.0,"gold_gain":0.0,"event_name":"Bonfire Elementals","player_choice":"Offered Rare","floor":37.0,"gold_loss":0.0,"damage_taken":0.0}],"is_beta":false,"boss_relics":[{"not_picked":["Empty Cage","Black Star"],"picked":"hubris:Backtick"},{"not_picked":["Runic Dome","SlaversCollar"],"picked":"hubris:TerracottaHorce"}],"items_purged_floors":[2,4,22],"is_endless":false,"potions_floor_spawned":[1,3,7,14,16,18,19,21,23,27,28,30,33,35,36,38,39,40,42,44,45,48,54],"ascension_level":9}}