{"host":"vpaavrwbmey593fx","time":1614131017,"event":{"mods":["AchievementEnabler","BaseMod","Bestiary","Colored Map","Colored Powertips","DeckTracker","Minty Spire (QoL Compilation)","Relic Sorter"],"gold_per_floor":[118,131,131,144,144,177,177,203,203,216,67,77,87,114,114,213,213,226,226,237,252,252,252,287,297,297,316,316,335,360,30,30,135,135,151,151,52,68,68,97,109,144,171,184,184,194,212,212,212,212],"floor_reached":51,"language":"ENG","playtime":4737,"items_purged":["Intimidate"],"score":1364,"play_id":"3a2d13da-fd9f-48bd-9924-4b856980def0","local_time":"20210223174336","is_ascension_mode":true,"campfire_choices":[{"data":"Cleave","floor":7.0,"key":"SMITH"},{"data":"Double Tap","floor":15.0,"key":"SMITH"},{"floor":23,"key":"REST"},{"floor":28,"key":"REST"},{"floor":32,"key":"REST"},{"data":"1","floor":45,"key":"LIFT"},{"floor":49,"key":"REST"}],"circlet_count":0,"master_deck":["AscendersBane","Strike_R","Strike_R","Strike_R","Defend_R","Defend_R","Defend_R","Defend_R","Bash+1","Ghostly Armor","Headbutt","Cleave+1","Feed","Double Tap+1","Offering","Shrug It Off","Seeing Red+1","Deep Breath","Inflame+1","Shockwave+1","Havoc+1","Shrug It Off+1","Disarm+1","Apotheosis+1","Sword Boomerang","Heavy Blade","Heavy Blade+1","Demon Form","Dark Shackles+1","Secret Technique+1"],"relics":["Burning Blood","Velvet Choker","Pen Nib","Shuriken","Ornamental Fan","Bronze Scales","Mango","Fusion Hammer","Pantograph","CaptainsWheel","Toxic Egg 2","Omamori","Girya","Strawberry"],"acts_visited":["Exordium","TheCity","TheBeyond"],"potions_floor_usage":[24,27,40,50,50],"damage_taken":[{"damage":11.0,"enemies":"Cultist","floor":1.0,"turns":4.0},{"damage":4.0,"enemies":"Jaw Worm","floor":2.0,"turns":5.0},{"damage":0.0,"enemies":"Small Slimes","floor":4.0,"turns":3.0},{"damage":36.0,"enemies":"Gremlin Nob","floor":6.0,"turns":5.0},{"damage":22.0,"enemies":"Lagavulin","floor":8.0,"turns":7.0},{"damage":0.0,"enemies":"Gremlin Gang","floor":10.0,"turns":2.0},{"damage":14.0,"enemies":"3 Louse","floor":12.0,"turns":3.0},{"damage":0.0,"enemies":"Lots of Slimes","floor":13.0,"turns":1.0},{"damage":12.0,"enemies":"3 Sentries","floor":14.0,"turns":5.0},{"damage":0.0,"enemies":"Slime Boss","floor":16.0,"turns":8.0},{"damage":18.0,"enemies":"2 Thieves","floor":18.0,"turns":4.0},{"damage":6,"enemies":"3 Byrds","floor":20,"turns":3},{"damage":20,"enemies":"Snake Plant","floor":21,"turns":2},{"damage":35,"enemies":"Book of Stabbing","floor":24,"turns":5},{"damage":19,"enemies":"3 Cultists","floor":25,"turns":4},{"damage":0,"enemies":"Centurion and Healer","floor":27,"turns":4},{"damage":23,"enemies":"Snake Plant","floor":29,"turns":4},{"damage":27,"enemies":"Slavers","floor":30,"turns":4},{"damage":32,"enemies":"Collector","floor":33,"turns":8},{"damage":14,"enemies":"Orb Walker","floor":35,"turns":3},{"damage":7,"enemies":"3 Darklings","floor":38,"turns":2},{"damage":6,"enemies":"Giant Head","floor":40,"turns":5},{"damage":8,"enemies":"Sphere and 2 Shapes","floor":41,"turns":3},{"damage":33,"enemies":"Reptomancer","floor":42,"turns":6},{"damage":18,"enemies":"Jaw Worm Horde","floor":44,"turns":4},{"damage":21,"enemies":"Writhing Mass","floor":46,"turns":6},{"damage":17,"enemies":"4 Shapes","floor":47,"turns":4},{"damage":70,"enemies":"Donu and Deca","floor":50,"turns":8}],"seed_played":"933950458649545302","potions_obtained":[{"floor":1.0,"key":"Block Potion"},{"floor":4.0,"key":"BlessingOfTheForge"},{"floor":14.0,"key":"DuplicationPotion"},{"floor":18.0,"key":"Energy Potion"},{"floor":21,"key":"FearPotion"},{"floor":25,"key":"Regen Potion"},{"floor":33,"key":"FearPotion"},{"floor":35,"key":"Dexterity Potion"},{"floor":40,"key":"Fruit Juice"},{"floor":46,"key":"Energy Potion"}],"is_trial":false,"path_per_floor":["M","M","?","M","?","E","R","E","T","M","$","M","M","E","R","B",null,"M","?","M","M","?","R","E","M","T","M","R","M","E","$","R","B",null,"M","?","$","M","?","E","M","E","T","M","R","M","M","?","R","B",null],"character_chosen":"IRONCLAD","items_purchased":["Feed","Shrug It Off+1","Disarm+1","Apotheosis+1","Sword Boomerang","Heavy Blade"],"campfire_rested":4,"item_purchase_floors":[11,31,31,31,31,37],"current_hp_per_floor":[67,69,69,75,75,45,45,29,29,35,35,30,36,47,47,56,91,82,82,85,74,62,95,66,56,56,62,96,82,64,64,100,95,115,107,121,121,120,115,120,121,94,101,93,93,78,71,61,102,67],"gold":212,"neow_bonus":"RANDOM_COMMON_RELIC","is_daily":false,"chose_seed":false,"campfire_upgraded":2,"win_rate":0.0,"timestamp":1614131016,"path_taken":["M","M","?","M","?","E","R","E","T","M","$","M","M","E","R","BOSS","M","?","?","M","?","R","E","M","T","?","R","M","E","$","R","BOSS","M","?","$","?","?","E","M","E","T","M","R","M","M","?","R","BOSS"],"items_purchased_type":["Card","Card","Card","Card","Card","Card"],"build_version":"2020-12-22","purchased_purges":1,"victory":true,"max_hp_per_floor":[80,80,80,80,80,80,80,80,80,80,80,83,83,100,100,103,103,106,106,109,112,112,112,112,115,115,115,115,118,121,121,121,121,121,121,121,121,121,115,120,123,123,130,134,134,134,138,138,138,142],"card_choices":[{"not_picked":["Bloodletting","Disarm"],"picked":"Ghostly Armor","floor":1.0},{"not_picked":["True Grit","Burning Pact"],"picked":"Headbutt","floor":2.0},{"not_picked":["Warcry","Power Through","Feel No Pain"],"picked":"SKIP","floor":4.0},{"not_picked":["Warcry","Power Through","Feel No Pain"],"picked":"SKIP","floor":4.0},{"not_picked":["Rampage","Sentinel"],"picked":"Cleave","floor":6.0},{"not_picked":["Ghostly Armor","Intimidate","Twin Strike"],"picked":"SKIP","floor":8.0},{"not_picked":["Ghostly Armor","Twin Strike"],"picked":"Intimidate","floor":8.0},{"not_picked":["Clothesline","Flex","Cleave"],"picked":"SKIP","floor":10.0},{"not_picked":["Sword Boomerang","Disarm","Combust"],"picked":"SKIP","floor":12.0},{"not_picked":["Hemokinesis","Clothesline","Armaments"],"picked":"SKIP","floor":13.0},{"not_picked":["Armaments","Inflame"],"picked":"Double Tap","floor":14.0},{"not_picked":["Fiend Fire","Reaper"],"picked":"Offering","floor":16.0},{"not_picked":["Second Wind","Warcry","True Grit"],"picked":"SKIP","floor":18.0},{"not_picked":["Havoc","Uppercut"],"picked":"Shrug It Off","floor":20},{"not_picked":["Burning Pact","Double Tap"],"picked":"Seeing Red+1","floor":21},{"not_picked":["Bloodletting","Perfected Strike","Combust"],"picked":"SKIP","floor":24},{"not_picked":["Armaments","Reckless Charge"],"picked":"Inflame+1","floor":25},{"not_picked":["True Grit","Wild Strike","Uppercut"],"picked":"SKIP","floor":27},{"not_picked":["Heavy Blade","Fire Breathing"],"picked":"Shockwave+1","floor":29},{"not_picked":["Uppercut","Body Slam+1"],"picked":"Havoc+1","floor":30},{"not_picked":["Twin Strike","Havoc+1","Perfected Strike"],"picked":"SKIP","floor":35},{"not_picked":["Armaments+1","Bloodletting+1"],"picked":"Heavy Blade+1","floor":38},{"not_picked":["Juggernaut","Flex+1","Twin Strike+1"],"picked":"SKIP","floor":40},{"not_picked":["Havoc+1","Cleave+1","Clothesline"],"picked":"SKIP","floor":41},{"not_picked":["Iron Wave","Dual Wield+1"],"picked":"Demon Form","floor":42},{"not_picked":["Iron Wave","Pommel Strike+1","Battle Trance+1"],"picked":"SKIP","floor":44},{"not_picked":["Bloodletting+1","Havoc+1","Dual Wield+1"],"picked":"SKIP","floor":46},{"not_picked":["Clothesline","Warcry+1","Reckless Charge+1"],"picked":"SKIP","floor":47},{"not_picked":["Forethought+1","Mind Blast"],"picked":"Dark Shackles+1","floor":48},{"not_picked":["Enlightenment+1","Metamorphosis+1"],"picked":"Secret Technique+1","floor":48}],"player_experience":412119,"relics_obtained":[{"floor":6.0,"key":"Shuriken"},{"floor":8.0,"key":"Bronze Scales"},{"floor":9.0,"key":"Ornamental Fan"},{"floor":14.0,"key":"Mango"},{"floor":24,"key":"Pantograph"},{"floor":26,"key":"CaptainsWheel"},{"floor":30,"key":"Toxic Egg 2"},{"floor":40,"key":"Omamori"},{"floor":42,"key":"Girya"},{"floor":43,"key":"Strawberry"}],"event_choices":[{"damage_healed":0.0,"max_hp_gain":0.0,"max_hp_loss":0.0,"gold_gain":0.0,"event_name":"Living Wall","player_choice":"Grow","floor":3.0,"gold_loss":0.0,"damage_taken":0.0,"cards_upgraded":["Bash"]},{"cards_removed":["Strike_R"],"damage_healed":0.0,"max_hp_gain":0.0,"max_hp_loss":0.0,"gold_gain":0.0,"event_name":"Wheel of Change","player_choice":"Card Removal","floor":5.0,"gold_loss":0.0,"damage_taken":0.0},{"cards_removed":["Strike_R"],"damage_healed":0.0,"max_hp_gain":0.0,"max_hp_loss":0.0,"gold_gain":0.0,"event_name":"Bonfire Elementals","player_choice":"Offered Basic","floor":19.0,"gold_loss":0.0,"damage_taken":0.0},{"damage_healed":0,"gold_gain":0,"player_choice":"CARD ","damage_taken":12,"max_hp_gain":0,"max_hp_loss":0,"event_name":"Knowing Skull","floor":22,"potions_obtained":[],"gold_loss":0,"cards_obtained":["Deep Breath"]},{"damage_healed":14,"gold_gain":0,"player_choice":"Full Heal","damage_taken":0,"max_hp_gain":0,"max_hp_loss":0,"event_name":"Wheel of Change","floor":36,"gold_loss":0},{"damage_healed":0,"gold_gain":0,"player_choice":"Max HP","damage_taken":0,"max_hp_gain":0,"max_hp_loss":6,"event_name":"Winding Halls","floor":39,"gold_loss":0},{"damage_healed":0,"gold_gain":0,"player_choice":"Memory 3","damage_taken":10,"max_hp_gain":0,"max_hp_loss":0,"event_name":"SensoryStone","floor":48,"gold_loss":0}],"is_beta":false,"boss_relics":[{"not_picked":["SacredBark","Runic Cube"],"picked":"Fusion Hammer"},{"not_picked":["Cursed Key","Pandora\u0027s Box"],"picked":"Velvet Choker"}],"items_purged_floors":[37],"is_endless":false,"potions_floor_spawned":[1,4,14,18,21,25,33,35,40,46],"ascension_level":12}}