{"host":"zxd2l8an9de7z7b9","time":1614169929,"event":{"mods":["100% Spire Juice","2.2 Compatiblity","AchievementEnabler","BaseMod","CapriCore","Colored Map","Colored Powertips","Marisa£¨Ùöéë¡¡Øª×âÞÞ£©","Minty Spire (QoL Compilation)","Rare Cards Sparkle","StSLib","SuperFastMode","Td1madao Mod","everything is the same but u backflip on backflip"],"gold_per_floor":[119,136,61,80,93,93,93,93,120,135,148,177,190,20,20,125,125,144,144,161,111,111,111,123,123,123,73,84,24,34,49,49,151,151,164,114,127,2,2,2,2,12,39,59,59,72,72,72,72,72],"floor_reached":51,"language":"KOR","playtime":1977,"items_purged":["Strike_B","Strike_B","Strike_B","Strike_B","Defend_B","Defend_B"],"score":676,"play_id":"8a1e3b3d-50a3-4541-865a-31c6c889d3dd","local_time":"20210224213209","is_ascension_mode":false,"campfire_choices":[{"data":"Rainbow","floor":6,"key":"SMITH"},{"data":"Dualcast","floor":8,"key":"SMITH"},{"data":"Turbo","floor":15,"key":"SMITH"},{"data":"Defragment","floor":23,"key":"SMITH"},{"data":"Defragment","floor":25,"key":"SMITH"},{"data":"Amplify","floor":32,"key":"SMITH"},{"data":"Skim","floor":40,"key":"SMITH"},{"data":"Storm","floor":47,"key":"SMITH"},{"data":"Machine Learning","floor":49,"key":"SMITH"}],"circlet_count":0,"master_deck":["Zap","Dualcast+1","Rainbow+1","Chill","Redo","Conserve Battery","Double Energy+1","Turbo+1","Defragment+1","Genetic Algorithm","Compile Driver","Coolheaded","Machine Learning+1","Defragment+1","Writhe","Hologram+1","Sweeping Beam","Amplify+1","Electrodynamics","Coolheaded","Skim+1","Madness","Storm+1"],"relics":["Cracked Core","MealTicket","Lantern","Inserter","Smiling Mask","Mummified Hand","Nuclear Battery","Bronze Scales"],"acts_visited":["Exordium","TheCity","TheBeyond"],"potions_floor_usage":[16,20,31,31,33,50],"damage_taken":[{"damage":4,"enemies":"Cultist","floor":1,"turns":3},{"damage":0,"enemies":"Jaw Worm","floor":2,"turns":3},{"damage":5,"enemies":"Small Slimes","floor":4,"turns":3},{"damage":2,"enemies":"2 Fungi Beasts","floor":5,"turns":3},{"damage":19,"enemies":"Lots of Slimes","floor":10,"turns":4},{"damage":0,"enemies":"3 Louse","floor":11,"turns":3},{"damage":13,"enemies":"Lagavulin","floor":12,"turns":5},{"damage":2,"enemies":"2 Fungi Beasts","floor":13,"turns":3},{"damage":17,"enemies":"Slime Boss","floor":16,"turns":13},{"damage":3,"enemies":"Shell Parasite","floor":18,"turns":6},{"damage":14,"enemies":"Chosen","floor":20,"turns":7},{"damage":20,"enemies":"Centurion and Healer","floor":24,"turns":7},{"damage":0,"enemies":"Snecko","floor":28,"turns":5},{"damage":0,"enemies":"3 Cultists","floor":30,"turns":6},{"damage":13,"enemies":"Chosen and Byrds","floor":31,"turns":4},{"damage":26,"enemies":"Champ","floor":33,"turns":15},{"damage":0,"enemies":"3 Darklings","floor":35,"turns":4},{"damage":0,"enemies":"Orb Walker","floor":37,"turns":3},{"damage":0,"enemies":"4 Shapes","floor":42,"turns":2},{"damage":15,"enemies":"Spire Growth","floor":44,"turns":3},{"damage":0,"enemies":"Jaw Worm Horde","floor":46,"turns":1},{"damage":18,"enemies":"Time Eater","floor":50,"turns":12}],"seed_played":"6376550559641819096","potions_obtained":[{"floor":1,"key":"Ancient Potion"},{"floor":10,"key":"SteroidPotion"},{"floor":12,"key":"Fire Potion"},{"floor":13,"key":"Block Potion"},{"floor":16,"key":"ColorlessPotion"},{"floor":20,"key":"Regen Potion"},{"floor":24,"key":"Energy Potion"},{"floor":35,"key":"DistilledChaos"},{"floor":45,"key":"SteroidPotion"},{"floor":45,"key":"Ancient Potion"}],"is_trial":false,"path_per_floor":["M","M","$","M","M","R","?","R","T","M","M","E","M","$","R","B",null,"M","?","M","$","?","R","M","R","T","$","M","?","M","M","R","B",null,"M","$","M","$","?","R","?","M","T","M","?","M","R","?","R","B",null],"character_chosen":"DEFECT","items_purchased":["Compile Driver","Coolheaded","Skim"],"campfire_rested":0,"item_purchase_floors":[14,14,38],"current_hp_per_floor":[71,71,71,66,64,64,64,64,64,45,45,32,30,45,45,28,75,72,72,58,73,59,59,39,39,39,54,54,54,54,53,53,27,80,80,80,80,80,70,70,70,70,70,55,55,55,55,55,55,37],"gold":72,"neow_bonus":"ONE_RANDOM_RARE_CARD","is_daily":false,"chose_seed":false,"campfire_upgraded":9,"win_rate":0.0,"timestamp":1614169929,"path_taken":["M","M","$","?","M","R","?","R","T","M","M","E","?","?","R","BOSS","M","?","M","$","?","R","M","R","T","$","M","?","M","M","R","BOSS","M","?","M","$","?","R","?","M","T","M","?","?","R","?","R","BOSS"],"items_purchased_type":["Card","Card","Card"],"build_version":"2020-12-22","purchased_purges":6,"victory":true,"max_hp_per_floor":[75,75,75,75,75,75,75,75,75,75,75,75,75,75,75,75,75,75,75,75,75,80,80,80,80,80,80,80,80,80,80,80,80,80,80,80,80,80,80,80,80,80,80,80,80,80,80,80,80,80],"card_choices":[{"not_picked":["Ball Lightning","Turbo"],"picked":"Chill","floor":1},{"not_picked":["Rebound","Scrape"],"picked":"Redo","floor":2},{"not_picked":["Redo","Leap"],"picked":"Conserve Battery","floor":4},{"not_picked":["Hologram","White Noise"],"picked":"Double Energy","floor":5},{"not_picked":["Heatsinks","Beam Cell"],"picked":"Turbo","floor":10},{"not_picked":["Go for the Eyes","Beam Cell"],"picked":"Defragment","floor":11},{"not_picked":["Tempest","Barrage","Chill"],"picked":"SKIP","floor":12},{"not_picked":["Stack","Steam"],"picked":"Genetic Algorithm","floor":13},{"not_picked":["Reboot","All For One"],"picked":"Machine Learning","floor":16},{"not_picked":["Gash+1","Compile Driver+1"],"picked":"Defragment","floor":18},{"not_picked":["Barrage","Rebound","Leap"],"picked":"SKIP","floor":20},{"not_picked":["Hologram","Recycle","Streamline"],"picked":"SKIP","floor":24},{"not_picked":["Turbo","Genetic Algorithm"],"picked":"Hologram+1","floor":28},{"not_picked":["Storm","Recycle","FTL+1"],"picked":"SKIP","floor":30},{"not_picked":["Stack","Rebound+1","Barrage+1"],"picked":"SKIP","floor":31},{"not_picked":["Core Surge","Amplify"],"picked":"Electrodynamics","floor":33},{"not_picked":["Coolheaded","Ball Lightning+1","Redo"],"picked":"SKIP","floor":35},{"not_picked":["Coolheaded","Ball Lightning+1","Redo"],"picked":"SKIP","floor":35},{"not_picked":["Ball Lightning+1","Redo"],"picked":"Coolheaded","floor":35},{"not_picked":["Stack","Barrage+1","Hologram"],"picked":"SKIP","floor":37},{"not_picked":["Lockon","Sunder","Streamline+1"],"picked":"SKIP","floor":42},{"not_picked":["Recycle","Chill","Turbo+1"],"picked":"SKIP","floor":44},{"not_picked":["Barrage+1","Electrodynamics"],"picked":"Storm","floor":46}],"player_experience":472409,"relics_obtained":[{"floor":9,"key":"MealTicket"},{"floor":12,"key":"Lantern"},{"floor":26,"key":"Mummified Hand"},{"floor":43,"key":"Bronze Scales"}],"event_choices":[{"damage_healed":0,"gold_gain":0,"player_choice":"Forge","damage_taken":0,"max_hp_gain":0,"max_hp_loss":0,"event_name":"Accursed Blacksmith","floor":7,"gold_loss":0,"cards_upgraded":["Double Energy"]},{"damage_healed":0,"gold_gain":0,"player_choice":"Opened","damage_taken":0,"relics_obtained":["Smiling Mask"],"max_hp_gain":0,"max_hp_loss":0,"event_name":"The Mausoleum","floor":19,"gold_loss":0,"cards_obtained":["Writhe"]},{"damage_healed":0,"gold_gain":0,"player_choice":"Shed Blood","damage_taken":19,"max_hp_gain":5,"max_hp_loss":0,"event_name":"Forgotten Altar","floor":22,"gold_loss":0},{"damage_healed":0,"gold_gain":0,"cards_transformed":["Defend_B","Defend_B"],"player_choice":"Transformed Cards","damage_taken":0,"max_hp_gain":0,"max_hp_loss":0,"event_name":"Designer","floor":29,"gold_loss":60,"cards_obtained":["Sweeping Beam","Amplify"]},{"damage_healed":0,"gold_gain":0,"player_choice":"Embrace Madness","damage_taken":10,"max_hp_gain":0,"max_hp_loss":0,"event_name":"Winding Halls","floor":39,"gold_loss":0,"cards_obtained":["Madness","Madness"]},{"cards_removed":["Madness"],"damage_healed":0,"gold_gain":0,"player_choice":"Removed Skill","damage_taken":0,"max_hp_gain":0,"max_hp_loss":0,"event_name":"Falling","floor":41,"gold_loss":0},{"damage_healed":0,"gold_gain":0,"player_choice":"Got Potions","damage_taken":0,"max_hp_gain":0,"max_hp_loss":0,"event_name":"Lab","floor":45,"gold_loss":0},{"damage_healed":0,"gold_gain":0,"player_choice":"Ignored","damage_taken":0,"max_hp_gain":0,"max_hp_loss":0,"event_name":"NoteForYourself","floor":48,"gold_loss":0}],"is_beta":false,"boss_relics":[{"not_picked":["Snecko Eye","SacredBark"],"picked":"Inserter"},{"not_picked":["Coffee Dripper","SlaversCollar"],"picked":"Nuclear Battery"}],"items_purged_floors":[3,14,21,27,36,38],"is_endless":false,"potions_floor_spawned":[1,10,12,13,16,20,24,35,46],"ascension_level":0}}