{"host":"kejh1c9c53env2nx","time":1614203037,"event":{"mods":["BaseMod","Downfall","Minty Spire (QoL Compilation)","StSLib"],"gold_per_floor":[118,118,133,146,165,165,193,193,193,193,223,253,253,273,273,368,368,385,405,405,421,421,421,421,421],"floor_reached":24,"language":"ENG","playtime":1801,"items_purged":[],"score":208,"play_id":"4dc01719-3c99-4551-b3a0-173be21a5eb5","local_time":"20210224214357","is_ascension_mode":false,"campfire_choices":[{"floor":6,"key":"REST"},{"data":"TalkToTheHand","floor":8,"key":"SMITH"},{"floor":15,"key":"REST"},{"floor":23,"key":"REST"}],"circlet_count":0,"master_deck":["Strike_P","Strike_P","Strike_P","Strike_P","Defend_P","Defend_P","Defend_P","Defend_P","Eruption","Vigilance","BattleHymn","TalkToTheHand+1","EmptyBody","CutThroughFate","Weave","Perseverance","SandsOfTime","TalkToTheHand","Establishment","Protect","FlyingSleeves+1"],"relics":["HolyWater","NeowsBlessing","Ginger","Girya","Odd Mushroom","Ice Cream"],"acts_visited":["Exordium","TheCity"],"potions_floor_usage":[7,12,16,22],"damage_taken":[{"damage":0,"enemies":"Cultist","floor":1,"turns":1},{"damage":0,"enemies":"2 Louse","floor":3,"turns":1},{"damage":0,"enemies":"Small Slimes","floor":4,"turns":1},{"damage":11,"enemies":"3 Louse","floor":5,"turns":4},{"damage":9,"enemies":"Gremlin Nob","floor":7,"turns":3},{"damage":20,"enemies":"The Mushroom Lair","floor":11,"turns":6},{"damage":1,"enemies":"Lagavulin","floor":12,"turns":10},{"damage":7,"enemies":"Exordium Wildlife","floor":14,"turns":6},{"damage":28,"enemies":"Slime Boss","floor":16,"turns":12},{"damage":30,"enemies":"Spheric Guardian","floor":18,"turns":6},{"damage":10,"enemies":"Shell Parasite","floor":19,"turns":7},{"damage":24,"enemies":"3 Cultists","floor":21,"turns":5},{"damage":1,"enemies":"Cultist and Chosen","floor":22,"turns":3},{"damage":27,"enemies":"Book of Stabbing","floor":24,"turns":7}],"seed_played":"-7010871577139798000","potions_obtained":[{"floor":5,"key":"Weak Potion"},{"floor":11,"key":"bronze:BurnAndBuffPotion"},{"floor":12,"key":"Guardian:BlockOnCardUsePotion"},{"floor":16,"key":"FearPotion"},{"floor":19,"key":"SmokeBomb"}],"is_trial":false,"path_per_floor":["M","?","M","M","M","R","E","R","T","?","?","E","?","M","R","B",null,"M","M","?","M","M","R","E"],"character_chosen":"WATCHER","items_purchased":[],"campfire_rested":3,"item_purchase_floors":[],"current_hp_per_floor":[72,72,72,72,61,72,63,63,63,63,43,42,47,40,63,35,77,47,37,37,13,12,35,8,8],"gold":421,"neow_bonus":"THREE_ENEMY_KILL","is_daily":false,"chose_seed":false,"campfire_upgraded":1,"win_rate":0.0,"timestamp":1614203037,"path_taken":["M","?","M","M","M","R","E","R","T","?","?","E","?","?","R","BOSS","M","M","?","M","M","R","E"],"items_purchased_type":[],"build_version":"2020-12-22","purchased_purges":0,"victory":false,"max_hp_per_floor":[72,72,72,72,72,72,72,72,72,72,72,72,77,77,77,77,77,77,77,77,77,77,77,77,77],"card_choices":[{"not_picked":["PathToVictory","CutThroughFate"],"picked":"BattleHymn","floor":1},{"not_picked":["FollowUp","Sanctity"],"picked":"TalkToTheHand","floor":3},{"not_picked":["SashWhip","CrushJoints"],"picked":"EmptyBody","floor":4},{"not_picked":["SashWhip","FollowUp"],"picked":"CutThroughFate","floor":5},{"not_picked":["Fasting2","Crescendo"],"picked":"Weave","floor":7},{"not_picked":["JustLucky","Crescendo"],"picked":"Perseverance","floor":11},{"not_picked":["ThirdEye","Nirvana"],"picked":"SandsOfTime","floor":12},{"not_picked":["Consecrate","Nirvana"],"picked":"TalkToTheHand","floor":14},{"not_picked":["Brilliance","Judgement"],"picked":"Establishment","floor":16},{"not_picked":["EmptyBody","PathToVictory","Nirvana"],"picked":"SKIP","floor":18},{"not_picked":["FollowUp","FlurryOfBlows"],"picked":"Protect","floor":19},{"not_picked":["Omniscience","EmptyMind"],"picked":"FlyingSleeves+1","floor":21}],"player_experience":96874,"relics_obtained":[{"floor":7,"key":"Ginger"},{"floor":9,"key":"Girya"},{"floor":11,"key":"Odd Mushroom"},{"floor":12,"key":"Ice Cream"}],"event_choices":[{"damage_healed":0,"gold_gain":0,"player_choice":"Leave","damage_taken":0,"max_hp_gain":0,"max_hp_loss":0,"event_name":"The Cleric","floor":2,"gold_loss":0},{"damage_healed":0,"gold_gain":0,"player_choice":"Ignored","damage_taken":0,"max_hp_gain":0,"max_hp_loss":0,"event_name":"Golden Wing","floor":10,"gold_loss":0},{"damage_healed":0,"gold_gain":0,"player_choice":"Fought Mushrooms","damage_taken":0,"max_hp_gain":0,"max_hp_loss":0,"event_name":"Mushrooms","floor":11,"gold_loss":0},{"damage_healed":0,"gold_gain":0,"player_choice":"Donut","damage_taken":0,"max_hp_gain":5,"max_hp_loss":0,"event_name":"Big Fish","floor":13,"gold_loss":0}],"is_beta":false,"boss_relics":[{"not_picked":["SlaversCollar","Runic Dome"],"picked":"HolyWater"}],"items_purged_floors":[],"is_endless":false,"potions_floor_spawned":[5,11,12,16,19,22],"killed_by":"Book of Stabbing","ascension_level":0}}