{"host":"rkc66x5lvwcew90n","time":1614129586,"event":{"mods":["BaseMod","Hermit","Koishi","Marisa????????","Minty Spire (QoL Compilation)","StSLib","SuperFastMode","The Servant 0.9.4"],"gold_per_floor":[12,29,45,120,120,120,148,161,206,206,206,381,381,394,394,498,498,510,492,492,492],"floor_reached":20,"language":"ENG","playtime":1162,"items_purged":[],"score":174,"play_id":"595fae8a-29ed-4994-a1b4-24ddf477748c","local_time":"20210223171946","is_ascension_mode":false,"campfire_choices":[{"floor":6,"key":"RECALL"},{"data":"Flex","floor":15,"key":"SMITH"}],"circlet_count":0,"master_deck":["Strike_R","Strike_R","Strike_R","Strike_R+1","Strike_R","Defend_R","Defend_R+1","Defend_R","Defend_R","Bash","Battle Trance","Dropkick","Pommel Strike","Flex+1","Twin Strike","Regret","Doubt","Parasite","Berserk","Fire Breathing","Clash"],"relics":["Burning Blood","Ginger","Blue Candle","Vajra","Busted Crown"],"acts_visited":["Exordium","TheCity"],"potions_floor_usage":[7,7,16,16],"damage_taken":[{"damage":0,"enemies":"Small Slimes","floor":1,"turns":3},{"damage":7,"enemies":"2 Louse","floor":2,"turns":3},{"damage":6,"enemies":"Cultist","floor":3,"turns":3},{"damage":22,"enemies":"3 Sentries","floor":7,"turns":5},{"damage":8,"enemies":"Gremlin Gang","floor":8,"turns":4},{"damage":3,"enemies":"2 Fungi Beasts","floor":14,"turns":3},{"damage":36,"enemies":"The Guardian","floor":16,"turns":6},{"damage":27,"enemies":"Spheric Guardian","floor":18,"turns":4},{"damage":28,"enemies":"2 Thieves","floor":19,"turns":4},{"damage":24,"enemies":"Sentry and Sphere","floor":20,"turns":3}],"seed_played":"-5490994266907161720","potions_obtained":[{"floor":1,"key":"PowerPotion"},{"floor":2,"key":"DuplicationPotion"},{"floor":8,"key":"DistilledChaos"},{"floor":14,"key":"ColorlessPotion"},{"floor":18,"key":"FearPotion"},{"floor":19,"key":"Energy Potion"}],"is_trial":false,"path_per_floor":["M","M","M","?","?","R","E","M","T","?","?","?","?","M","R","B",null,"M","M","M"],"character_chosen":"IRONCLAD","items_purchased":[],"campfire_rested":0,"item_purchase_floors":[],"current_hp_per_floor":[80,79,79,68,68,68,52,50,50,34,34,34,54,57,57,27,80,59,37,13,13],"gold":492,"neow_bonus":"ONE_RARE_RELIC","is_daily":false,"chose_seed":false,"campfire_upgraded":1,"win_rate":0.0,"timestamp":1614129586,"path_taken":["M","M","M","?","?","R","E","M","T","?","?","?","?","M","R","BOSS","M","M","M"],"items_purchased_type":[],"build_version":"2020-12-22","purchased_purges":0,"victory":false,"max_hp_per_floor":[80,80,80,80,80,80,80,80,80,80,80,80,80,80,80,80,80,80,80,80,80],"card_choices":[{"not_picked":["Rage","Flame Barrier"],"picked":"Battle Trance","floor":1},{"not_picked":["Sword Boomerang","Clothesline"],"picked":"Dropkick","floor":2},{"not_picked":["Intimidate","Perfected Strike"],"picked":"Pommel Strike","floor":3},{"not_picked":["True Grit","Headbutt"],"picked":"Flex","floor":7},{"not_picked":["Flame Barrier","Pommel Strike"],"picked":"Twin Strike","floor":8},{"not_picked":["Clothesline","Cleave","Havoc"],"picked":"SKIP","floor":14},{"not_picked":["Fiend Fire","Feed"],"picked":"Berserk","floor":16},{"not_picked":[],"picked":"Fire Breathing","floor":18},{"not_picked":[],"picked":"Clash","floor":19}],"player_experience":292116,"relics_obtained":[{"floor":7,"key":"Blue Candle"}],"event_choices":[{"damage_healed":0,"gold_gain":75,"player_choice":"Gather Gold","damage_taken":11,"max_hp_gain":0,"max_hp_loss":0,"event_name":"World of Goop","floor":4,"gold_loss":0},{"damage_healed":0,"gold_gain":0,"player_choice":"Ignored","damage_taken":0,"max_hp_gain":0,"max_hp_loss":0,"event_name":"Golden Idol","floor":5,"gold_loss":0},{"damage_healed":0,"gold_gain":0,"player_choice":"Entered Light","damage_taken":16,"max_hp_gain":0,"max_hp_loss":0,"event_name":"Shining Light","floor":10,"gold_loss":0,"cards_upgraded":["Defend_R","Strike_R"]},{"damage_healed":0,"gold_gain":0,"player_choice":"Box","damage_taken":0,"relics_obtained":["Vajra"],"max_hp_gain":0,"max_hp_loss":0,"event_name":"Big Fish","floor":11,"gold_loss":0,"cards_obtained":["Regret"]},{"damage_healed":0,"gold_gain":175,"player_choice":"AGREE","damage_taken":0,"max_hp_gain":0,"max_hp_loss":0,"event_name":"Liars Game","floor":12,"gold_loss":0,"cards_obtained":["Doubt"]},{"damage_healed":20,"gold_gain":0,"player_choice":"Healed and dodged fight","damage_taken":0,"max_hp_gain":0,"max_hp_loss":0,"event_name":"Mushrooms","floor":13,"gold_loss":0,"cards_obtained":["Parasite"]}],"is_beta":false,"boss_relics":[{"not_picked":["Runic Cube","Philosopher\u0027s Stone"],"picked":"Busted Crown"}],"items_purged_floors":[],"is_endless":false,"potions_floor_spawned":[1,2,8,14,18,19],"killed_by":"Sentry and Sphere","ascension_level":0}}