{"host":"s0nrlal5fls38heo","time":1614131659,"event":{"mods":["AchievementEnabler","BaseMod","Colored Powertips","Dark Map","Displayed Cursed Tome","Downfall","Faster Ascension Climbing","GifTheSpireLib","Minty Spire (QoL Compilation)","Permanent Neow","Rare Cards Sparkle","Relic Filter Mod","Relic Stats","StSLib"],"gold_per_floor":[99,116,116,133,147,178,201,301,201,220,255,255,288,304,320,421,421,421,432,444,457,26,61,108,208,240,265,165,165,165,185,201,201,201,201],"floor_reached":33,"language":"ENG","playtime":1639,"items_purged":["bronze:Strike"],"score":536,"play_id":"1a30d788-2b23-4d1d-b9bc-5bdccc561f5d","local_time":"20210224025419","is_ascension_mode":true,"campfire_choices":[{"data":"bronze:Verify","floor":1,"key":"SMITH"},{"floor":9,"key":"REST"},{"data":"bronze:Constructor","floor":12,"key":"SMITH"},{"data":"bronze:HyperBeam","floor":18,"key":"SMITH"},{"data":"expansioncontent:DashGenerateEvil","floor":28,"key":"SMITH"},{"floor":30,"key":"RECALL"}],"circlet_count":0,"master_deck":["AscendersBane","bronze:Strike","bronze:Strike","bronze:Strike","bronze:Defend","bronze:Defend","bronze:Defend","bronze:Defend","bronze:Replicate","bronze:Goto","bronze:Verify+1","bronze:ChosenStrike","bronze:BronzeOrb","bronze:FollowUp","bronze:DelayedSlice","bronze:Constructor+1","bronze:Assembly","bronze:Turbo","bronze:ForceShield","bronze:CutThrough","bronze:HyperBeam+1","bronze:Frontload","expansioncontent:DashGenerateEvil+1","bronze:FineTuning","bronze:DecaBeam","bronze:BuggyMess","bronze:Turbo+1","bronze:BronzeOrb","bronze:BuggyMess+1"],"relics":["bronze:BronzeCore","downfall:ShatteredFragment","Happy Flower","Nunchaku","downfall:HeartBlessingGreen","Bag of Marbles","hexamod:CandleOfCauterizing","expansioncontent:StudyCardRelic","Medical Kit","MealTicket","Red Mask","Gambling Chip","downfall:HeartBlessingBlue"],"acts_visited":["Exordium","TheCity"],"potions_floor_usage":[6,6,14,16,22,23,23,25,33],"damage_taken":[{"damage":3,"enemies":"Jaw Worm","floor":2,"turns":5},{"damage":6,"enemies":"Cultist","floor":4,"turns":4},{"damage":2,"enemies":"Small Slimes","floor":5,"turns":2},{"damage":17,"enemies":"Lagavulin","floor":6,"turns":8},{"damage":0,"enemies":"downfall:LooterAlt","floor":10,"turns":3},{"damage":0,"enemies":"3 Sentries","floor":11,"turns":5},{"damage":14,"enemies":"Lagavulin","floor":13,"turns":8},{"damage":0,"enemies":"Gremlin Gang","floor":14,"turns":3},{"damage":2,"enemies":"3 Louse","floor":15,"turns":2},{"damage":9,"enemies":"SI_SHIV_ARCHETYPE","floor":16,"turns":6},{"damage":7,"enemies":"Shell Parasite","floor":19,"turns":2},{"damage":5,"enemies":"Spheric Guardian","floor":20,"turns":3},{"damage":0,"enemies":"Snecko","floor":21,"turns":2},{"damage":0,"enemies":"downfall:FleeingMerchant","floor":22,"turns":4},{"damage":3,"enemies":"Book of Stabbing","floor":23,"turns":4},{"damage":0,"enemies":"Book of Stabbing","floor":25,"turns":5},{"damage":0,"enemies":"Masked Bandits","floor":26,"turns":1},{"damage":0,"enemies":"Gremlin Leader","floor":27,"turns":5},{"damage":0,"enemies":"Centurion and Healer","floor":31,"turns":5},{"damage":0,"enemies":"Snake Plant","floor":32,"turns":3},{"damage":26,"enemies":"WA_ARCHETYPE_CALM","floor":33,"turns":8}],"seed_played":"9184497475688940881","potions_obtained":[{"floor":2,"key":"Weak Potion"},{"floor":5,"key":"PowerPotion"},{"floor":10,"key":"LiquidMemories"},{"floor":13,"key":"bronze:BuildAFunctionPotion"},{"floor":15,"key":"SkillPotion"},{"floor":16,"key":"champ:CounterPotion"},{"floor":21,"key":"DuplicationPotion"},{"floor":23,"key":"Weak Potion"},{"floor":26,"key":"BlessingOfTheForge"},{"floor":31,"key":"bronze:CleanCodePotion"},{"floor":32,"key":"Fire Potion"}],"is_trial":false,"path_per_floor":["R","M","?","M","M","E","T","?","R","M","E","R","E","M","M","B",null,"R","M","M","M","$","E","T","?","?","E","R","?","R","M","M","B"],"character_chosen":"THE_AUTOMATON","items_purchased":["expansioncontent:DashGenerateEvil","Medical Kit"],"campfire_rested":1,"item_purchase_floors":[22,22],"current_hp_per_floor":[63,60,39,33,31,14,14,14,35,35,35,35,21,21,19,10,55,55,48,43,43,43,40,40,40,40,40,50,26,26,26,26,0,0,0],"gold":201,"neow_bonus":"ONE_RANDOM_RARE_CARD","is_daily":false,"chose_seed":false,"campfire_upgraded":4,"win_rate":0.0,"timestamp":1614131659,"path_taken":["R","M","?","M","M","E","T","?","R","M","E","R","E","?","M","BOSS","R","M","M","M","$","E","T","?","?","E","R","?","R","M","M","BOSS"],"items_purchased_type":["Card","Relic"],"build_version":"2020-12-22","purchased_purges":1,"victory":false,"max_hp_per_floor":[70,70,70,70,70,70,70,70,70,70,70,70,70,70,70,70,70,70,70,70,70,70,70,70,70,70,70,80,80,80,80,80,80,80,80],"relic_stats":{"Nunchaku":[22],"Happy Flower":[23],"counters":[21,88],"Gambling Chip":[6],"MealTicket":0,"Medical Kit":[12],"obtain_stats":[{"hexamod:CandleOfCauterizing":13,"bronze:BronzeCore":0,"downfall:ShatteredFragment":3,"Happy Flower":6,"downfall:HeartBlessingGreen":9,"expansioncontent:StudyCardRelic":17,"Medical Kit":22,"Nunchaku":7,"downfall:HeartBlessingBlue":28,"Gambling Chip":27,"MealTicket":23,"Bag of Marbles":11,"Red Mask":26},{"hexamod:CandleOfCauterizing":7,"bronze:BronzeCore":0,"downfall:ShatteredFragment":1,"Happy Flower":4,"downfall:HeartBlessingGreen":4,"expansioncontent:StudyCardRelic":10,"Medical Kit":14,"Nunchaku":4,"downfall:HeartBlessingBlue":18,"Gambling Chip":18,"MealTicket":15,"Bag of Marbles":6,"Red Mask":17},{"hexamod:CandleOfCauterizing":35,"bronze:BronzeCore":0,"downfall:ShatteredFragment":5,"Happy Flower":19,"downfall:HeartBlessingGreen":19,"expansioncontent:StudyCardRelic":46,"Medical Kit":57,"Nunchaku":19,"downfall:HeartBlessingBlue":72,"Gambling Chip":72,"MealTicket":61,"Bag of Marbles":27,"Red Mask":67}]},"card_choices":[{"not_picked":["bronze:Backtrace","bronze:GetLatest"],"picked":"bronze:ChosenStrike","floor":2},{"not_picked":["bronze:Deprecate","bronze:Branch"],"picked":"bronze:BronzeOrb","floor":4},{"not_picked":["bronze:Boost","bronze:Constructor"],"picked":"bronze:FollowUp","floor":5},{"not_picked":["bronze:BugBarrage","bronze:Overheat"],"picked":"bronze:DelayedSlice","floor":6},{"not_picked":["bronze:ChosenStrike","bronze:Iterate"],"picked":"bronze:Constructor","floor":10},{"not_picked":["bronze:BuggyMess","bronze:WhirlingStrike"],"picked":"bronze:Assembly","floor":11},{"not_picked":["bronze:BuggyMess","bronze:WhirlingStrike"],"picked":"bronze:Turbo","floor":13},{"not_picked":["bronze:FineTuning","bronze:DelayedSlice"],"picked":"bronze:ForceShield","floor":14},{"not_picked":["bronze:Deprecate","bronze:GetLatest"],"picked":"bronze:CutThrough","floor":15},{"not_picked":["bronze:Assembly","bronze:BurnOut"],"picked":"bronze:HyperBeam","floor":16},{"not_picked":["bronze:Overheat","bronze:Invalidate","bronze:ChosenStrike"],"picked":"SKIP","floor":19},{"not_picked":["bronze:Overload","bronze:OilSpill","bronze:DelayedSlice"],"picked":"SKIP","floor":20},{"not_picked":["bronze:BronzeArmor","bronze:Allocate"],"picked":"bronze:Frontload","floor":21},{"not_picked":["bronze:Philosophize","bronze:Frontload","bronze:GetLatest"],"picked":"SKIP","floor":22},{"not_picked":["bronze:OilSpill","bronze:WhirlingStrike"],"picked":"bronze:FineTuning","floor":23},{"not_picked":[],"picked":"bronze:DecaBeam","floor":25},{"not_picked":["bronze:Branch+1","bronze:Overload"],"picked":"bronze:BuggyMess","floor":26},{"not_picked":["bronze:DigitalCarnage","bronze:FollowUp"],"picked":"bronze:Turbo+1","floor":27},{"not_picked":["bronze:Iterate","bronze:HyperBeam"],"picked":"bronze:BronzeOrb","floor":31},{"not_picked":["bronze:Constructor","bronze:FineTuning"],"picked":"bronze:BuggyMess+1","floor":32}],"player_experience":83711,"relics_obtained":[{"floor":6,"key":"Happy Flower"},{"floor":7,"key":"Nunchaku"},{"floor":11,"key":"Bag of Marbles"},{"floor":13,"key":"hexamod:CandleOfCauterizing"},{"floor":23,"key":"MealTicket"},{"floor":26,"key":"Red Mask"},{"floor":27,"key":"Gambling Chip"}],"event_choices":[{"damage_healed":0,"gold_gain":0,"player_choice":"Fought Bandits","damage_taken":0,"max_hp_gain":0,"max_hp_loss":0,"event_name":"Masked Bandits","floor":26,"gold_loss":0}],"is_beta":false,"boss_relics":[{"not_picked":["SacredBark","Calling Bell"],"picked":"expansioncontent:StudyCardRelic"}],"items_purged_floors":[22],"is_endless":false,"potions_floor_spawned":[2,5,10,13,15,16,21,23,26,31,32],"killed_by":"WA_ARCHETYPE_CALM","ascension_level":10}}