{"host":"2l5k2wp87eek7qja","time":1614171535,"event":{"mods":["BaseMod","Colored Map","Minty Spire (QoL Compilation)","Relic Stats"],"gold_per_floor":[116,116,191,204,204,42,75,89,89,49,49,59,75,75,75,168,168,186,186,209,209,209,209,240,240,240,259,259,283,318,358,358,447,447,460,460,682,682,607,607,71,71,94,131,164,199,269,281,293,305,317,329,341,15,54,54],"floor_reached":57,"language":"ENG","playtime":2303,"items_purged":["Strike_G+1","Strike_G+1"],"score":2772,"play_id":"e59c44f6-a09a-4991-87c8-5fc30fc1cc7d","local_time":"20210224145855","is_ascension_mode":true,"campfire_choices":[{"data":"Accuracy","floor":11.0,"key":"SMITH"},{"data":"Blade Dance","floor":15.0,"key":"SMITH"},{"data":"Wraith Form v2","floor":23.0,"key":"SMITH"},{"data":"Accuracy","floor":25.0,"key":"SMITH"},{"data":"Blade Dance","floor":28.0,"key":"SMITH"},{"data":"Blade Dance","floor":32.0,"key":"SMITH"},{"data":"Wraith Form v2","floor":40.0,"key":"SMITH"},{"data":"Accuracy","floor":42.0,"key":"SMITH"},{"floor":49.0,"key":"RECALL"},{"data":"Accuracy","floor":53.0,"key":"SMITH"}],"circlet_count":0,"master_deck":["AscendersBane","Strike_G+1","Defend_G+1","Defend_G+1","Defend_G+1","Defend_G+1","Defend_G+1","Survivor","Neutralize","Cloak And Dagger","Backstab","Blade Dance+1","Accuracy+1","Caltrops","Adrenaline","Wraith Form v2+1","CurseOfTheBell","PiercingWail+1","Accuracy+1","Accuracy+1","Leg Sweep","Deadly Poison","Blade Dance+1","Blade Dance+1","Acrobatics","After Image","Wraith Form v2+1","Acrobatics","Accuracy+1","Prepared+1"],"relics":["Ring of the Snake","NeowsBlessing","Mercury Hourglass","OrangePellets","Akabeko","HornCleat","Golden Idol","Calling Bell","Anchor","InkBottle","Ice Cream","Pantograph","White Beast Statue","Red Mask","Sundial","WristBlade","Paper Crane","Toy Ornithopter","MawBank","The Specimen","Mummified Hand","Blue Candle"],"acts_visited":["Exordium","TheCity","TheBeyond","TheEnding"],"potions_floor_usage":[56,56],"damage_taken":[{"damage":0.0,"enemies":"2 Louse","floor":1.0,"turns":1.0},{"damage":0.0,"enemies":"Jaw Worm","floor":4.0,"turns":1.0},{"damage":0.0,"enemies":"Lagavulin","floor":7.0,"turns":1.0},{"damage":0.0,"enemies":"Small Slimes","floor":8.0,"turns":2.0},{"damage":4.0,"enemies":"Exordium Wildlife","floor":12.0,"turns":3.0},{"damage":0.0,"enemies":"Large Slime","floor":13.0,"turns":2.0},{"damage":0.0,"enemies":"Slime Boss","floor":16.0,"turns":7.0},{"damage":1.0,"enemies":"2 Thieves","floor":18.0,"turns":3.0},{"damage":1.0,"enemies":"Chosen","floor":20.0,"turns":4.0},{"damage":7.0,"enemies":"Slavers","floor":24.0,"turns":5.0},{"damage":0.0,"enemies":"Centurion and Healer","floor":27.0,"turns":5.0},{"damage":0.0,"enemies":"3 Cultists","floor":29.0,"turns":3.0},{"damage":0.0,"enemies":"Masked Bandits","floor":30.0,"turns":4.0},{"damage":0.0,"enemies":"Book of Stabbing","floor":31.0,"turns":3.0},{"damage":8.0,"enemies":"Champ","floor":33.0,"turns":8.0},{"damage":1.0,"enemies":"3 Darklings","floor":35.0,"turns":3.0},{"damage":0.0,"enemies":"Orb Walker","floor":44.0,"turns":4.0},{"damage":0.0,"enemies":"Maw","floor":45.0,"turns":4.0},{"damage":1.0,"enemies":"Sphere and 2 Shapes","floor":46.0,"turns":6.0},{"damage":0.0,"enemies":"2 Orb Walkers","floor":47.0,"turns":5.0},{"damage":2.0,"enemies":"Awakened One","floor":50.0,"turns":8.0},{"damage":37.0,"enemies":"Donu and Deca","floor":51.0,"turns":9.0},{"damage":14.0,"enemies":"Shield and Spear","floor":55.0,"turns":6.0},{"damage":60,"enemies":"The Heart","floor":56,"turns":9}],"seed_played":"-4620800740610907458","potions_obtained":[{"floor":1.0,"key":"LiquidMemories"},{"floor":16.0,"key":"EntropicBrew"},{"floor":24.0,"key":"Dexterity Potion"},{"floor":30.0,"key":"Swift Potion"},{"floor":31.0,"key":"SkillPotion"},{"floor":33.0,"key":"Swift Potion"},{"floor":47.0,"key":"Swift Potion"},{"floor":55.0,"key":"Fire Potion"}],"is_trial":false,"path_per_floor":["M","?","?","M","?","$","E","M","T","$","R","M","M","?","R","B",null,"M","?","M","?","?","R","E","R","T","M","R","M","?","E","R","B",null,"M","?","?","T","$","R","$","R","T","M","M","M","?","$","R","B","B",null,"R","$","E","B",null],"character_chosen":"THE_SILENT","items_purchased":["OrangePellets","Accuracy","Paper Crane","Toy Ornithopter","Mummified Hand","SkillPotion"],"campfire_rested":0,"item_purchase_floors":[6,10,41,41,54,54],"current_hp_per_floor":[59,64,53,53,53,53,53,53,53,53,53,49,49,49,49,49,60,59,59,58,58,58,58,51,51,51,51,51,51,51,51,51,56,62,61,61,61,61,61,61,61,61,61,61,61,60,61,61,61,59,24,52,52,52,43,11],"gold":54,"neow_bonus":"THREE_ENEMY_KILL","is_daily":false,"chose_seed":false,"campfire_upgraded":9,"win_rate":0.0,"timestamp":1614171535,"path_taken":["M","?","?","M","?","$","E","M","T","$","R","M","?","?","R","BOSS","M","?","M","?","?","R","E","R","T","M","R","M","?","E","R","BOSS","M","?","?","?","$","R","$","R","T","M","?","M","?","$","R","BOSS","BOSS","R","$","E","BOSS"],"items_purchased_type":["Relic","Card","Relic","Relic","Relic","Potion"],"build_version":"2020-12-22","purchased_purges":2,"victory":true,"max_hp_per_floor":[66,71,71,71,71,71,71,71,71,71,71,71,71,64,64,64,64,64,64,64,64,64,64,64,64,64,64,64,64,64,64,64,64,64,64,61,61,61,61,61,61,61,61,61,61,61,61,61,61,61,61,61,61,61,61,61],"relic_stats":{"counters":[24,105],"Golden Idol":171,"Blue Candle":[0],"MawBank":132,"Mercury Hourglass":[401],"OrangePellets":[29],"Sundial":[8],"Mummified Hand":[14],"Pantograph":33,"obtain_stats":[{"Ice Cream":17,"NeowsBlessing":0,"The Specimen":47,"Golden Idol":14,"Blue Candle":55,"Paper Crane":41,"MawBank":43,"Akabeko":7,"White Beast Statue":26,"Mercury Hourglass":5,"Calling Bell":17,"OrangePellets":6,"Anchor":17,"HornCleat":9,"WristBlade":34,"Sundial":31,"Mummified Hand":54,"Pantograph":24,"Red Mask":30,"InkBottle":17,"Toy Ornithopter":41,"Ring of the Snake":0},{"Ice Cream":7,"NeowsBlessing":0,"The Specimen":20,"Golden Idol":6,"Blue Candle":23,"Paper Crane":16,"MawBank":16,"Akabeko":3,"White Beast Statue":10,"Mercury Hourglass":2,"Calling Bell":7,"OrangePellets":2,"Anchor":7,"HornCleat":4,"WristBlade":15,"Sundial":14,"Mummified Hand":22,"Pantograph":10,"Red Mask":13,"InkBottle":7,"Toy Ornithopter":16,"Ring of the Snake":0},{"Ice Cream":16,"NeowsBlessing":0,"The Specimen":73,"Golden Idol":10,"Blue Candle":96,"Paper Crane":54,"MawBank":54,"Akabeko":3,"White Beast Statue":28,"Mercury Hourglass":2,"Calling Bell":16,"OrangePellets":2,"Anchor":16,"HornCleat":5,"WristBlade":51,"Sundial":43,"Mummified Hand":90,"Pantograph":28,"Red Mask":40,"InkBottle":16,"Toy Ornithopter":54,"Ring of the Snake":0}],"InkBottle":[49],"Toy Ornithopter":16,"Ring of the Snake":[48]},"card_choices":[{"not_picked":["Tactician","Sucker Punch"],"picked":"Flechettes","floor":1.0},{"not_picked":["Skewer","Backflip"],"picked":"Cloak And Dagger","floor":4.0},{"not_picked":["Caltrops","Poisoned Stab"],"picked":"Backstab","floor":7.0},{"not_picked":["Leg Sweep","Prepared"],"picked":"Blade Dance","floor":8.0},{"not_picked":["Prepared","Endless Agony"],"picked":"Caltrops","floor":12.0},{"not_picked":["Reflex","Endless Agony"],"picked":"Adrenaline","floor":13.0},{"not_picked":["Venomology","Phantasmal Killer"],"picked":"Wraith Form v2","floor":16.0},{"not_picked":["Flying Knee","Predator"],"picked":"PiercingWail+1","floor":18.0},{"not_picked":["Noxious Fumes","Prepared"],"picked":"Accuracy","floor":20.0},{"not_picked":["Masterful Stab","Dagger Throw","Dagger Spray"],"picked":"SKIP","floor":24.0},{"not_picked":["PiercingWail","Finisher+1"],"picked":"Blade Dance","floor":27.0},{"not_picked":["Cloak And Dagger","Calculated Gamble"],"picked":"Blade Dance","floor":29.0},{"not_picked":["Quick Slash","Slice"],"picked":"Acrobatics","floor":30.0},{"not_picked":["Accuracy","Predator"],"picked":"After Image","floor":31.0},{"not_picked":["Burst","Glass Knife"],"picked":"Wraith Form v2","floor":33.0},{"not_picked":["Dodge and Roll","Deadly Poison","Setup"],"picked":"SKIP","floor":35.0},{"not_picked":["Dagger Throw","Backstab"],"picked":"Acrobatics","floor":44.0},{"not_picked":["Choke+1","Deadly Poison","Dagger Spray"],"picked":"SKIP","floor":45.0},{"not_picked":["Acrobatics","Underhanded Strike"],"picked":"Accuracy","floor":46.0},{"not_picked":["Riddle With Holes","Dagger Spray"],"picked":"Prepared+1","floor":55.0}],"player_experience":879390,"relics_obtained":[{"floor":7.0,"key":"Akabeko"},{"floor":9.0,"key":"HornCleat"},{"floor":17.0,"key":"Anchor"},{"floor":17.0,"key":"InkBottle"},{"floor":17.0,"key":"Ice Cream"},{"floor":24.0,"key":"Pantograph"},{"floor":26.0,"key":"White Beast Statue"},{"floor":30.0,"key":"Red Mask"},{"floor":31.0,"key":"Sundial"},{"floor":43.0,"key":"MawBank"},{"floor":47.0,"key":"The Specimen"},{"floor":55.0,"key":"Blue Candle"}],"event_choices":[{"damage_healed":0.0,"max_hp_gain":5.0,"max_hp_loss":0.0,"gold_gain":0.0,"event_name":"Big Fish","player_choice":"Donut","floor":2.0,"gold_loss":0.0,"damage_taken":0.0},{"damage_healed":0.0,"max_hp_gain":0.0,"max_hp_loss":0.0,"gold_gain":75.0,"event_name":"World of Goop","player_choice":"Gather Gold","floor":3.0,"gold_loss":0.0,"damage_taken":11.0},{"cards_removed":["Flechettes"],"damage_healed":0.0,"max_hp_gain":0.0,"max_hp_loss":0.0,"gold_gain":0.0,"event_name":"WeMeetAgain","player_choice":"Gave Card","floor":5.0,"gold_loss":0.0,"damage_taken":0.0,"relics_obtained":["Mercury Hourglass"]},{"damage_healed":0.0,"max_hp_gain":0.0,"max_hp_loss":7.0,"gold_gain":0.0,"event_name":"Golden Idol","player_choice":"Lose Max HP","floor":14.0,"gold_loss":0.0,"damage_taken":0.0,"relics_obtained":["Golden Idol"]},{"damage_healed":0.0,"max_hp_gain":0.0,"max_hp_loss":0.0,"gold_gain":0.0,"event_name":"The Library","player_choice":"Read","floor":19.0,"gold_loss":0.0,"damage_taken":0.0,"cards_obtained":["Accuracy"]},{"damage_healed":0.0,"max_hp_gain":0.0,"max_hp_loss":0.0,"gold_gain":0.0,"cards_transformed":["Strike_G","Strike_G"],"event_name":"Drug Dealer","player_choice":"Became Test Subject","floor":21.0,"gold_loss":0.0,"damage_taken":0.0,"cards_obtained":["Leg Sweep","Deadly Poison"]},{"damage_healed":0.0,"max_hp_gain":0.0,"max_hp_loss":0.0,"gold_gain":0.0,"event_name":"Back to Basics","player_choice":"Simplicity","floor":22.0,"gold_loss":0.0,"damage_taken":0.0,"cards_upgraded":["Strike_G","Strike_G","Strike_G","Defend_G","Defend_G","Defend_G","Defend_G","Defend_G"]},{"damage_healed":0.0,"max_hp_gain":0.0,"max_hp_loss":0.0,"gold_gain":0.0,"event_name":"Masked Bandits","player_choice":"Fought Bandits","floor":30.0,"gold_loss":0.0,"damage_taken":0.0},{"damage_healed":0.0,"max_hp_gain":0.0,"max_hp_loss":3.0,"gold_gain":0.0,"event_name":"Winding Halls","player_choice":"Max HP","floor":36.0,"gold_loss":0.0,"damage_taken":0.0},{"damage_healed":0.0,"max_hp_gain":0.0,"max_hp_loss":0.0,"gold_gain":222.0,"event_name":"Tomb of Lord Red Mask","player_choice":"Wore Mask","floor":37.0,"gold_loss":0.0,"damage_taken":0.0},{"damage_healed":0.0,"max_hp_gain":0.0,"max_hp_loss":0.0,"gold_gain":0.0,"event_name":"Mysterious Sphere","player_choice":"Fight","floor":47.0,"gold_loss":0.0,"damage_taken":0.0}],"is_beta":false,"boss_relics":[{"not_picked":["Ectoplasm","Tiny House"],"picked":"Calling Bell"},{"not_picked":["Ring of the Serpent","Velvet Choker"],"picked":"WristBlade"}],"items_purged_floors":[39,41],"is_endless":false,"potions_floor_spawned":[1,16,18,20,24,27,29,30,31,33,35,44,45,46,47,55],"ascension_level":20}}