{"host":"x3q4ieql2tr7v8o6","time":1614203593,"event":{"mods":["BaseMod","Bestiary","Better Altar","Better Match","Better Note","Better Sensory Stone","Better Skull","Better Third Choice","Colored Map","Colored Powertips","Curses Come First","Minty Spire (QoL Compilation)","StSLib"],"gold_per_floor":[112,122,122,122,135,135,6,6,29,29,29,71,230,270,270,353,353,376,398,78,78,89,125,125,150,174,209,219,238,254,278,278,358,439,459,477,495,86,110,110,110,110,110,21,31,31,43,82,82,82],"floor_reached":51,"language":"ENG","playtime":2402,"items_purged":["Regret"],"score":1701,"play_id":"2bf138d0-a1d6-4a4c-b053-adb11ea482bc","local_time":"20210224215313","is_ascension_mode":true,"campfire_choices":[{"data":"Apotheosis","floor":6.0,"key":"SMITH"},{"data":"Clothesline","floor":8.0,"key":"SMITH"},{"data":"Bash","floor":11.0,"key":"SMITH"},{"floor":15.0,"key":"REST"},{"floor":24.0,"key":"REST"},{"floor":32,"key":"REST"},{"floor":40,"key":"REST"},{"floor":42,"key":"REST"},{"floor":46,"key":"REST"},{"floor":49,"key":"REST"}],"circlet_count":0,"master_deck":["AscendersBane","Bash+1","Apotheosis+1","Headbutt","Shrug It Off","Clothesline+1","Feel No Pain","Whirlwind","Barricade","Havoc","Seeing Red","Feel No Pain","Offering","Entrench+1","Second Wind","Entrench","Flex","Shrug It Off","Headbutt","Offering","Ghostly Armor","Bludgeon","Dropkick","Ghostly Armor","Armaments","Fiend Fire","Offering","Feed","Ghostly Armor","Anger","AscendersBane","Demon Form+1","Limit Break","Power Through","Flash of Steel","Inflame+1"],"relics":["Burning Blood","CeramicFish","Bag of Preparation","Singing Bowl","Fusion Hammer","Akabeko","Orrery","Frozen Egg 2","Bag of Marbles","Bottled Tornado","Pandora\u0027s Box","Medical Kit","Regal Pillow","Art of War","Shuriken","Thread and Needle"],"acts_visited":["Exordium","TheCity","TheBeyond"],"potions_floor_usage":[31],"damage_taken":[{"damage":13.0,"enemies":"Small Slimes","floor":1.0,"turns":4.0},{"damage":18.0,"enemies":"2 Louse","floor":2.0,"turns":3.0},{"damage":6.0,"enemies":"Jaw Worm","floor":5.0,"turns":4.0},{"damage":19.0,"enemies":"Lagavulin","floor":12.0,"turns":5.0},{"damage":25.0,"enemies":"Gremlin Nob","floor":14.0,"turns":4.0},{"damage":58.0,"enemies":"Hexaghost","floor":16.0,"turns":14.0},{"damage":1.0,"enemies":"3 Byrds","floor":18.0,"turns":7.0},{"damage":0.0,"enemies":"Chosen","floor":19.0,"turns":6.0},{"damage":6.0,"enemies":"Centurion and Healer","floor":22.0,"turns":6.0},{"damage":29.0,"enemies":"Slavers","floor":23.0,"turns":5.0},{"damage":33.0,"enemies":"Cultist and Chosen","floor":25.0,"turns":8.0},{"damage":6.0,"enemies":"Gremlin Leader","floor":27.0,"turns":7.0},{"damage":6.0,"enemies":"Snecko","floor":28.0,"turns":4.0},{"damage":31.0,"enemies":"Shelled Parasite and Fungi","floor":29.0,"turns":8.0},{"damage":0.0,"enemies":"Cultist and Chosen","floor":30.0,"turns":10.0},{"damage":6,"enemies":"3 Cultists","floor":31,"turns":9},{"damage":6,"enemies":"Champ","floor":33,"turns":17},{"damage":18,"enemies":"Orb Walker","floor":35,"turns":4},{"damage":4,"enemies":"3 Shapes","floor":36,"turns":8},{"damage":26,"enemies":"Transient","floor":39,"turns":6},{"damage":18,"enemies":"Jaw Worm Horde","floor":45,"turns":5},{"damage":12,"enemies":"Sphere and 2 Shapes","floor":47,"turns":10},{"damage":18,"enemies":"Giant Head","floor":48,"turns":8},{"damage":18,"enemies":"Time Eater","floor":50,"turns":9}],"seed_played":"541247624934288986","potions_obtained":[{"floor":5.0,"key":"AttackPotion"},{"floor":16.0,"key":"Weak Potion"},{"floor":23.0,"key":"SkillPotion"},{"floor":28.0,"key":"SteroidPotion"},{"floor":29.0,"key":"AttackPotion"},{"floor":30.0,"key":"Fruit Juice"},{"floor":31,"key":"Fruit Juice"},{"floor":36,"key":"Strength Potion"},{"floor":48,"key":"Energy Potion"}],"is_trial":false,"path_per_floor":["M","M","?","?","M","R","$","R","T","$","R","E","?","E","R","B",null,"M","M","$","?","M","E","R","M","T","E","M","M","M","M","R","B",null,"M","M","?","$","M","R","?","R","T","$","M","R","M","E","R","B",null],"character_chosen":"IRONCLAD","items_purchased":["SkillPotion","Akabeko","Feel No Pain","Orrery","Medical Kit","Limit Break","Regal Pillow","Flash of Steel"],"campfire_rested":7,"item_purchase_floors":[7,20,20,20,38,38,38,44],"current_hp_per_floor":[61,49,49,74,74,74,74,74,74,74,74,61,61,42,64,12,59,64,70,70,70,72,49,72,45,45,45,47,24,37,42,69,69,87,79,83,83,83,63,99,99,99,99,99,89,101,97,85,103,91],"gold":82,"neow_bonus":"RANDOM_COLORLESS_2","is_daily":false,"chose_seed":false,"campfire_upgraded":3,"win_rate":0.0,"timestamp":1614203593,"path_taken":["M","M","?","?","M","R","$","R","T","?","R","E","?","E","R","BOSS","M","M","$","?","M","E","R","M","T","E","M","M","?","M","R","BOSS","M","M","?","?","M","R","?","R","T","$","M","R","?","E","R","BOSS"],"items_purchased_type":["Potion","Relic","Card","Relic","Relic","Card","Relic","Card"],"build_version":"2020-12-22","purchased_purges":1,"victory":true,"max_hp_per_floor":[75,75,75,75,75,75,75,75,75,75,75,75,75,75,75,75,75,75,75,75,75,77,77,77,77,77,77,79,81,88,93,93,93,93,97,99,99,99,99,99,99,99,99,99,101,101,103,103,103,103],"card_choices":[{"not_picked":["Sadistic Nature","Transmutation"],"picked":"Apotheosis","floor":0.0},{"not_picked":["Pommel Strike","Cleave"],"picked":"Headbutt","floor":1.0},{"not_picked":["Disarm","Seeing Red"],"picked":"Shrug It Off","floor":2.0},{"not_picked":["Bloodletting","Iron Wave"],"picked":"Clothesline","floor":5.0},{"not_picked":["Searing Blow","Twin Strike"],"picked":"Feel No Pain","floor":12.0},{"not_picked":["Dropkick","Clash"],"picked":"Whirlwind","floor":14.0},{"not_picked":["Demon Form","Bludgeon"],"picked":"Barricade","floor":16.0},{"not_picked":["Warcry","Rage"],"picked":"Havoc","floor":18.0},{"not_picked":["Clash","Flex"],"picked":"Seeing Red","floor":19.0},{"not_picked":["Flex+1","Perfected Strike"],"picked":"Offering","floor":20.0},{"not_picked":["Feel No Pain","Combust"],"picked":"Entrench+1","floor":20.0},{"not_picked":["Headbutt","Blood for Blood"],"picked":"Second Wind","floor":20.0},{"not_picked":["Second Wind","Disarm"],"picked":"Entrench","floor":20.0},{"not_picked":["Perfected Strike+1","Limit Break"],"picked":"Flex","floor":20.0},{"not_picked":["Flex","Pummel","Twin Strike"],"picked":"Singing Bowl","floor":22.0},{"not_picked":["Thunderclap","Cleave"],"picked":"Sentinel+1","floor":23.0},{"not_picked":["Thunderclap","Wild Strike"],"picked":"Shrug It Off","floor":25.0},{"not_picked":["Wild Strike","Dark Embrace+1","Combust+1"],"picked":"SKIP","floor":27.0},{"not_picked":["Anger","Clothesline","Bloodletting"],"picked":"Singing Bowl","floor":28.0},{"not_picked":["Clash","Headbutt","Anger"],"picked":"Singing Bowl","floor":29.0},{"not_picked":["Hemokinesis","Heavy Blade","Wild Strike"],"picked":"Singing Bowl","floor":30.0},{"not_picked":["Sword Boomerang+1","Armaments"],"picked":"Headbutt","floor":31},{"not_picked":["Brutality+1","Berserk+1"],"picked":"Offering","floor":33},{"not_picked":["Armaments","Reckless Charge"],"picked":"Anger","floor":35},{"not_picked":["Shrug It Off","Heavy Blade","Wild Strike"],"picked":"Singing Bowl","floor":36},{"not_picked":["Armaments","Perfected Strike"],"picked":"Power Through","floor":39},{"not_picked":["Thunderclap+1","Rampage+1","Perfected Strike"],"picked":"Singing Bowl","floor":45},{"not_picked":["Ghostly Armor","Sword Boomerang","Clothesline+1"],"picked":"Singing Bowl","floor":47},{"not_picked":["Barricade+1","Anger"],"picked":"Inflame+1","floor":48}],"player_experience":760557,"relics_obtained":[{"floor":9.0,"key":"CeramicFish"},{"floor":12.0,"key":"Bag of Preparation"},{"floor":14.0,"key":"Singing Bowl"},{"floor":23.0,"key":"Frozen Egg 2"},{"floor":26.0,"key":"Bag of Marbles"},{"floor":27.0,"key":"Bottled Tornado"},{"floor":43,"key":"Shuriken"},{"floor":48,"key":"Thread and Needle"}],"event_choices":[{"damage_healed":49.0,"max_hp_gain":0.0,"max_hp_loss":75.0,"gold_gain":0.0,"event_name":"betterThird:BetterShining","player_choice":"Leave","floor":3.0,"gold_loss":0.0,"damage_taken":0.0},{"damage_healed":25.0,"max_hp_gain":0.0,"max_hp_loss":0.0,"gold_gain":0.0,"event_name":"Big Fish","player_choice":"Banana","floor":4.0,"gold_loss":0.0,"damage_taken":0.0},{"damage_healed":0.0,"max_hp_gain":0.0,"max_hp_loss":0.0,"gold_gain":150.0,"event_name":"betterThird:BetterSerpent","player_choice":"AGREE","floor":13.0,"gold_loss":0.0,"damage_taken":71.0},{"cards_removed":["Doubt"],"damage_healed":0.0,"max_hp_gain":0.0,"max_hp_loss":0.0,"gold_gain":0.0,"event_name":"Purifier","player_choice":"Purged","floor":21.0,"gold_loss":0.0,"damage_taken":0.0},{"damage_healed":0,"gold_gain":3,"player_choice":"3","damage_taken":0,"max_hp_gain":0,"max_hp_loss":0,"event_name":"betterStone:BetterStone","floor":37,"gold_loss":0,"cards_obtained":["Demon Form"]},{"cards_removed":["Sentinel"],"damage_healed":0,"gold_gain":0,"player_choice":"Gave Card","damage_taken":0,"relics_obtained":["Art of War"],"max_hp_gain":0,"max_hp_loss":0,"event_name":"WeMeetAgain","floor":41,"gold_loss":0}],"is_beta":false,"boss_relics":[{"not_picked":["Velvet Choker","Mark of Pain"],"picked":"Fusion Hammer"},{"not_picked":["Snecko Eye","Runic Pyramid"],"picked":"Pandora\u0027s Box"}],"items_purged_floors":[7],"is_endless":false,"potions_floor_spawned":[5,16,23,28,29,30,31,36,48],"ascension_level":17}}