{"host":"avybiddlniqinkgc","time":1614138157,"event":{"mods":["AchievementEnabler","BaseMod","Colored Map","DeckTracker","Highlight Path","KOR Keyword Fix","Keyboard Shortcuts","Minty Spire (QoL Compilation)","Permanent Neow","Quick Restart","Random Character Button","Rare Cards Sparkle","StSLib","SuperFastMode"],"gold_per_floor":[118,131,30,130,52,63,88,103,103,103,103,123,138,156,156,256,256,273,273,120,120,138,138,158,158,158,170,0,0,0,0],"floor_reached":30,"language":"KOR","playtime":437,"items_purged":["Defend_B","All For One+1"],"score":269,"play_id":"13b4a58a-236f-4511-a1e2-e7a781bd511a","local_time":"20210224124237","is_ascension_mode":true,"campfire_choices":[{"data":"Genetic Algorithm","floor":10.0,"key":"SMITH"},{"data":"Darkness","floor":15.0,"key":"SMITH"},{"data":"Hologram","floor":23,"key":"SMITH"}],"circlet_count":0,"master_deck":["Strike_B","Defend_B","Defend_B","Defend_B","Zap","Dualcast+1","Double Energy","Darkness+1","Conserve Battery","Redo","Self Repair","Compile Driver","Darkness+1","Genetic Algorithm+1","Defragment","Loop","Lockon+1","Hologram+1","Coolheaded","Rebound+1","Ghostly","Ghostly","Ghostly","Ghostly","Ghostly"],"relics":["Cracked Core","Pantograph","Molten Egg 2","Busted Crown","Shuriken"],"acts_visited":["TheCity"],"potions_floor_usage":[27,30],"damage_taken":[{"damage":7.0,"enemies":"Small Slimes","floor":1.0,"turns":3.0},{"damage":6.0,"enemies":"Cultist","floor":2.0,"turns":3.0},{"damage":5.0,"enemies":"2 Louse","floor":6.0,"turns":2.0},{"damage":19.0,"enemies":"3 Sentries","floor":7.0,"turns":9.0},{"damage":9.0,"enemies":"Red Slaver","floor":8.0,"turns":3.0},{"damage":8.0,"enemies":"Blue Slaver","floor":12.0,"turns":4.0},{"damage":5.0,"enemies":"2 Fungi Beasts","floor":13.0,"turns":3.0},{"damage":9.0,"enemies":"Large Slime","floor":14.0,"turns":3.0},{"damage":32.0,"enemies":"Hexaghost","floor":16.0,"turns":6.0},{"damage":27,"enemies":"Shell Parasite","floor":18,"turns":4},{"damage":30,"enemies":"2 Thieves","floor":22,"turns":3},{"damage":12,"enemies":"3 Cultists","floor":24,"turns":6},{"damage":11,"enemies":"Cultist and Chosen","floor":27,"turns":6},{"damage":20,"enemies":"Centurion and Healer","floor":30,"turns":1}],"seed_played":"8092002319239533754","potions_obtained":[{"floor":1.0,"key":"PotionOfCapacity"},{"floor":2.0,"key":"Dexterity Potion"},{"floor":8.0,"key":"GamblersBrew"},{"floor":14.0,"key":"Swift Potion"},{"floor":27,"key":"ColorlessPotion"}],"is_trial":false,"path_per_floor":["M","M","$","?","$","M","E","M","T","R","?","M","M","M","R","B",null,"M","?","$","?","M","R","M","?","T","M","?","?","M"],"character_chosen":"DEFECT","items_purchased":["Redo","Self Repair","Hologram"],"campfire_rested":0,"item_purchase_floors":[3,5,20],"current_hp_per_floor":[68,62,62,62,62,57,45,43,43,43,43,42,44,42,42,42,75,55,55,55,55,25,25,20,20,20,16,16,16,0,0],"gold":0,"neow_bonus":"TRANSFORM_CARD","is_daily":false,"chose_seed":false,"campfire_upgraded":3,"win_rate":0.0,"timestamp":1614138157,"path_taken":["M","M","$","?","$","?","E","M","T","R","?","?","M","M","R","BOSS","M","?","$","?","M","R","M","?","T","?","?","?","M"],"items_purchased_type":["Card","Card","Card"],"build_version":"2020-12-22","purchased_purges":2,"victory":false,"max_hp_per_floor":[75,75,75,75,75,75,75,75,75,75,75,75,75,75,75,75,75,75,75,75,75,75,75,75,75,75,75,75,37,37,37],"card_choices":[{"not_picked":["Reprogram","Capacitor"],"picked":"Darkness","floor":1.0},{"not_picked":["Skim","Rebound"],"picked":"Conserve Battery","floor":2.0},{"not_picked":["Thunder Strike","Rebound"],"picked":"Compile Driver","floor":6.0},{"not_picked":["Lockon","Coolheaded"],"picked":"Darkness","floor":7.0},{"not_picked":["Blizzard","Gash"],"picked":"Genetic Algorithm","floor":8.0},{"not_picked":["Blizzard+1","Streamline+1","Beam Cell+1"],"picked":"SKIP","floor":12.0},{"not_picked":["Double Energy","Compile Driver+1"],"picked":"Defragment","floor":13.0},{"not_picked":["Force Field","Capacitor"],"picked":"Loop","floor":14.0},{"not_picked":["Stack"],"picked":"SKIP","floor":18},{"not_picked":[],"picked":"Coolheaded","floor":22},{"not_picked":[],"picked":"Rebound+1","floor":24},{"not_picked":["Rip and Tear+1"],"picked":"SKIP","floor":27}],"player_experience":12383,"relics_obtained":[{"floor":7.0,"key":"Pantograph"},{"floor":9.0,"key":"Molten Egg 2"},{"floor":26,"key":"Shuriken"}],"event_choices":[{"damage_healed":0.0,"max_hp_gain":0.0,"max_hp_loss":0.0,"gold_gain":100.0,"event_name":"Golden Shrine","player_choice":"Pray","floor":4.0,"gold_loss":0.0,"damage_taken":0.0},{"damage_healed":0.0,"max_hp_gain":0.0,"max_hp_loss":0.0,"gold_gain":0.0,"event_name":"Accursed Blacksmith","player_choice":"Forge","floor":11.0,"gold_loss":0.0,"damage_taken":0.0,"cards_upgraded":["Darkness"]},{"damage_healed":0,"gold_gain":0,"cards_transformed":["Strike_B","Strike_B"],"player_choice":"Became Test Subject","damage_taken":0,"max_hp_gain":0,"max_hp_loss":0,"event_name":"Drug Dealer","floor":19,"gold_loss":0,"cards_obtained":["All For One","Lockon"]},{"damage_healed":0,"gold_gain":0,"player_choice":"Ignored","damage_taken":0,"max_hp_gain":0,"max_hp_loss":0,"event_name":"Vampires","floor":21,"gold_loss":0},{"damage_healed":0,"gold_gain":0,"player_choice":"Upgraded","damage_taken":0,"max_hp_gain":0,"max_hp_loss":0,"event_name":"Upgrade Shrine","floor":25,"gold_loss":0,"cards_upgraded":["Dualcast"]},{"damage_healed":0,"gold_gain":0,"player_choice":"Paid Fearfully","damage_taken":0,"max_hp_gain":0,"max_hp_loss":0,"event_name":"Masked Bandits","floor":28,"gold_loss":170},{"damage_healed":0,"gold_gain":0,"player_choice":"Became a Ghost","damage_taken":0,"max_hp_gain":0,"max_hp_loss":38,"event_name":"Ghosts","floor":29,"gold_loss":0,"cards_obtained":["Ghostly","Ghostly","Ghostly","Ghostly","Ghostly"]}],"is_beta":false,"boss_relics":[{"not_picked":["FrozenCore","Astrolabe"],"picked":"Busted Crown"}],"items_purged_floors":[3,20],"is_endless":false,"potions_floor_spawned":[1,2,8,14,27],"killed_by":"Centurion and Healer","ascension_level":1}}