{"host":"epc8efk9vrywpcsw","time":1614180479,"event":{"mods":["BaseMod","Minty Spire (QoL Compilation)","Relic Stats","StSLib"],"gold_per_floor":[116,131,75,75,75,109,124,149,176,176,191,191,221,231,231,308,308,324,337,257,257,257,257,290,290,335,350,384,384,384,384,384,458,458,474,493,545,228,247,278,293,293,293,323,42,42,54,64,64,64,64],"floor_reached":50,"language":"ENG","playtime":1779,"items_purged":[],"score":1191,"play_id":"42c6933b-dc63-427f-998a-6f8bcc705bf4","local_time":"20210224162759","is_ascension_mode":true,"campfire_choices":[{"data":"Cloak And Dagger","floor":12.0,"key":"SMITH"},{"floor":15.0,"key":"REST"},{"data":"Terror","floor":23.0,"key":"SMITH"},{"floor":25.0,"key":"REST"},{"data":"Envenom","floor":32.0,"key":"SMITH"},{"floor":42.0,"key":"REST"},{"floor":49,"key":"RECALL"}],"circlet_count":0,"master_deck":["AscendersBane","Defend_G","Defend_G+1","Defend_G","Defend_G","Defend_G","Survivor","Neutralize","Cloak And Dagger+1","Blade Dance","Blade Dance+1","Flying Knee","Blade Dance","Neutralize","Flying Knee","Accuracy","Backstab","Glass Knife","Terror+1","Dagger Spray","Envenom+1","After Image","Malaise+1","Adrenaline+1","PiercingWail+1","Terror+1","Blade Dance","Backstab"],"relics":["Ring of the Snake","NeowsBlessing","Pen Nib","War Paint","Dream Catcher","Turnip","WristBlade","MealTicket","Strawberry","Regal Pillow","Torii","MutagenicStrength","Astrolabe","Du-Vu Doll","Gambling Chip","Smiling Mask","Ornamental Fan","Membership Card","Bag of Preparation"],"acts_visited":["Exordium","TheCity","TheBeyond"],"potions_floor_usage":[50],"damage_taken":[{"damage":0.0,"enemies":"Small Slimes","floor":1.0,"turns":1.0},{"damage":0.0,"enemies":"Cultist","floor":2.0,"turns":1.0},{"damage":0.0,"enemies":"Lagavulin","floor":6.0,"turns":1.0},{"damage":3.0,"enemies":"2 Louse","floor":7.0,"turns":3.0},{"damage":2.0,"enemies":"3 Sentries","floor":8.0,"turns":4.0},{"damage":8.0,"enemies":"Lots of Slimes","floor":11.0,"turns":3.0},{"damage":21.0,"enemies":"Lagavulin","floor":13.0,"turns":7.0},{"damage":1.0,"enemies":"3 Louse","floor":14.0,"turns":3.0},{"damage":34.0,"enemies":"The Guardian","floor":16.0,"turns":13.0},{"damage":0.0,"enemies":"3 Byrds","floor":18.0,"turns":3.0},{"damage":0.0,"enemies":"Spheric Guardian","floor":19.0,"turns":1.0},{"damage":19.0,"enemies":"Gremlin Leader","floor":24.0,"turns":5.0},{"damage":0.0,"enemies":"Chosen and Byrds","floor":27.0,"turns":3.0},{"damage":13.0,"enemies":"Book of Stabbing","floor":28.0,"turns":3.0},{"damage":50.0,"enemies":"Automaton","floor":33.0,"turns":7.0},{"damage":0.0,"enemies":"Orb Walker","floor":35.0,"turns":1.0},{"damage":2.0,"enemies":"3 Darklings","floor":36.0,"turns":6.0},{"damage":16.0,"enemies":"2 Orb Walkers","floor":37.0,"turns":4.0},{"damage":9.0,"enemies":"Spire Growth","floor":39.0,"turns":3.0},{"damage":15.0,"enemies":"Reptomancer","floor":40.0,"turns":2.0},{"damage":0.0,"enemies":"Sphere and 2 Shapes","floor":41.0,"turns":3.0},{"damage":1,"enemies":"Nemesis","floor":44,"turns":3},{"damage":6,"enemies":"Transient","floor":47,"turns":6},{"damage":0,"enemies":"Maw","floor":48,"turns":2},{"damage":83,"enemies":"Awakened One","floor":50,"turns":8}],"seed_played":"-1132755911762128656","potions_obtained":[{"floor":2.0,"key":"SteroidPotion"},{"floor":6.0,"key":"Swift Potion"},{"floor":7.0,"key":"DuplicationPotion"},{"floor":8.0,"key":"SneckoOil"},{"floor":14.0,"key":"GamblersBrew"},{"floor":24.0,"key":"Energy Potion"},{"floor":36.0,"key":"DuplicationPotion"},{"floor":39.0,"key":"Strength Potion"},{"floor":40.0,"key":"Dexterity Potion"},{"floor":44,"key":"Fruit Juice"}],"is_trial":false,"path_per_floor":["M","M","$","?","$","E","M","E","T","?","M","R","E","M","R","B",null,"M","M","$","T","?","R","E","R","T","M","E","?","$","?","R","B",null,"M","M","?","$","M","E","M","R","T","E","$","?","M","M","R","B"],"character_chosen":"THE_SILENT","items_purchased":["Blade Dance","Terror","Gambling Chip","Membership Card","Bag of Preparation","Blade Dance"],"campfire_rested":3,"item_purchase_floors":[3,20,38,45,45,45],"current_hp_per_floor":[59,59,59,59,59,59,56,54,54,54,46,46,25,24,43,9,52,52,52,52,52,52,52,40,61,61,61,48,48,63,63,63,13,58,58,56,40,55,46,31,31,67,67,66,73,73,67,67,67,0,0],"gold":64,"neow_bonus":"THREE_ENEMY_KILL","is_daily":false,"chose_seed":false,"campfire_upgraded":3,"win_rate":0.0,"timestamp":1614180479,"path_taken":["M","M","$","?","$","E","?","E","T","?","M","R","E","M","R","BOSS","M","M","$","?","?","R","E","R","T","M","E","?","?","?","R","BOSS","M","M","?","$","M","E","M","R","T","E","$","?","M","M","R","BOSS"],"items_purchased_type":["Card","Card","Relic","Relic","Relic","Card"],"build_version":"2020-12-22","purchased_purges":0,"victory":false,"max_hp_per_floor":[66,66,66,66,66,66,66,66,66,66,66,66,66,66,66,66,66,66,66,66,66,66,66,73,73,73,73,73,73,73,73,73,73,73,73,73,73,73,73,73,73,73,73,73,73,73,73,73,73,78,78],"relic_stats":{"Regal Pillow":15,"Torii":5,"counters":[25,96],"Astrolabe":["Malaise","Adrenaline","PiercingWail"],"Pen Nib":[40],"Bag of Preparation":[6],"War Paint":["Blade Dance","Defend_G"],"Smiling Mask":0,"Dream Catcher":3,"Ornamental Fan":[92],"Gambling Chip":[22],"MealTicket":37,"Turnip":[10],"obtain_stats":[{"Regal Pillow":26,"NeowsBlessing":0,"Torii":28,"Astrolabe":34,"Pen Nib":6,"Bag of Preparation":45,"War Paint":8,"Smiling Mask":40,"Du-Vu Doll":37,"Dream Catcher":9,"WristBlade":17,"Ornamental Fan":44,"Strawberry":24,"MutagenicStrength":31,"Gambling Chip":38,"MealTicket":21,"Turnip":13,"Membership Card":45,"Ring of the Snake":0},{"Regal Pillow":12,"NeowsBlessing":0,"Torii":14,"Astrolabe":15,"Pen Nib":3,"Bag of Preparation":22,"War Paint":5,"Smiling Mask":20,"Du-Vu Doll":18,"Dream Catcher":5,"WristBlade":9,"Ornamental Fan":22,"Strawberry":12,"MutagenicStrength":14,"Gambling Chip":18,"MealTicket":11,"Turnip":7,"Membership Card":22,"Ring of the Snake":0},{"Regal Pillow":45,"NeowsBlessing":0,"Torii":51,"Astrolabe":58,"Pen Nib":3,"Bag of Preparation":80,"War Paint":10,"Smiling Mask":74,"Du-Vu Doll":69,"Dream Catcher":10,"WristBlade":36,"Ornamental Fan":80,"Strawberry":45,"MutagenicStrength":51,"Gambling Chip":69,"MealTicket":40,"Turnip":20,"Membership Card":80,"Ring of the Snake":0}],"Ring of the Snake":[50]},"card_choices":[{"not_picked":["Deadly Poison","Concentrate"],"picked":"Cloak And Dagger","floor":1.0},{"not_picked":["Backflip","Calculated Gamble"],"picked":"Blade Dance","floor":2.0},{"not_picked":["Eviscerate","Backflip"],"picked":"Flying Knee","floor":6.0},{"not_picked":["Infinite Blades","Outmaneuver","Deadly Poison"],"picked":"SKIP","floor":7.0},{"not_picked":["Malaise","Leg Sweep"],"picked":"Blade Dance","floor":8.0},{"not_picked":["Underhanded Strike","Deflect","All Out Attack"],"picked":"SKIP","floor":11.0},{"not_picked":["Bouncing Flask","Quick Slash"],"picked":"Flying Knee","floor":13.0},{"not_picked":["Acrobatics","Deflect"],"picked":"Accuracy","floor":14.0},{"not_picked":["Expertise","Heel Hook"],"picked":"Backstab","floor":15.0},{"not_picked":["A Thousand Cuts","Corpse Explosion"],"picked":"Glass Knife","floor":16.0},{"not_picked":["Outmaneuver","Skewer","Prepared"],"picked":"SKIP","floor":18.0},{"not_picked":["Poisoned Stab","Underhanded Strike","Deflect"],"picked":"SKIP","floor":19.0},{"not_picked":["Heel Hook","Slice","Dodge and Roll+1"],"picked":"SKIP","floor":24.0},{"not_picked":["Catalyst","Acrobatics"],"picked":"Dagger Spray","floor":27.0},{"not_picked":["Cloak And Dagger","Dagger Spray"],"picked":"Envenom","floor":28.0},{"not_picked":["Night Terror","Venomology"],"picked":"After Image","floor":33.0},{"not_picked":["Crippling Poison","Flechettes"],"picked":"Terror+1","floor":35.0},{"not_picked":["Flechettes","Dodge and Roll+1","Expertise"],"picked":"SKIP","floor":36.0},{"not_picked":["Poisoned Stab","Slice","Expertise+1"],"picked":"SKIP","floor":39.0},{"not_picked":["Tactician+1","Backflip","Bane+1"],"picked":"SKIP","floor":40.0},{"not_picked":["Infinite Blades","Dagger Spray+1","Dodge and Roll"],"picked":"SKIP","floor":41.0},{"not_picked":["Bane","Well Laid Plans","Prepared"],"picked":"SKIP","floor":44},{"not_picked":["Blur+1","Crippling Poison"],"picked":"Backstab","floor":47},{"not_picked":["Poisoned Stab","Deadly Poison","Bane"],"picked":"SKIP","floor":48}],"player_experience":542196,"relics_obtained":[{"floor":6.0,"key":"Pen Nib"},{"floor":8.0,"key":"War Paint"},{"floor":9.0,"key":"Dream Catcher"},{"floor":13.0,"key":"Turnip"},{"floor":21.0,"key":"MealTicket"},{"floor":24.0,"key":"Strawberry"},{"floor":26.0,"key":"Regal Pillow"},{"floor":28.0,"key":"Torii"},{"floor":37.0,"key":"Du-Vu Doll"},{"floor":40.0,"key":"Smiling Mask"},{"floor":44,"key":"Ornamental Fan"}],"event_choices":[{"cards_removed":["Strike_G"],"damage_healed":0.0,"max_hp_gain":0.0,"max_hp_loss":0.0,"gold_gain":0.0,"event_name":"Purifier","player_choice":"Purged","floor":4.0,"gold_loss":0.0,"damage_taken":0.0},{"damage_healed":0.0,"max_hp_gain":0.0,"max_hp_loss":0.0,"gold_gain":0.0,"event_name":"Match and Keep!","player_choice":"1 cards matched","floor":10.0,"gold_loss":0.0,"damage_taken":0.0,"cards_obtained":["Neutralize"]},{"damage_healed":0.0,"max_hp_gain":0.0,"max_hp_loss":0.0,"gold_gain":0.0,"event_name":"Ghosts","player_choice":"Ignored","floor":22.0,"gold_loss":0.0,"damage_taken":0.0},{"damage_healed":0.0,"max_hp_gain":0.0,"max_hp_loss":0.0,"gold_gain":0.0,"event_name":"Vampires","player_choice":"Ignored","floor":29.0,"gold_loss":0.0,"damage_taken":0.0},{"damage_healed":0.0,"max_hp_gain":0.0,"max_hp_loss":0.0,"gold_gain":0.0,"event_name":"Drug Dealer","player_choice":"Inject Mutagens","floor":31.0,"gold_loss":0.0,"damage_taken":0.0,"relics_obtained":["MutagenicStrength"]},{"damage_healed":0.0,"max_hp_gain":0.0,"max_hp_loss":0.0,"gold_gain":0.0,"event_name":"Mysterious Sphere","player_choice":"Fight","floor":37.0,"gold_loss":0.0,"damage_taken":0.0},{"cards_removed":["Strike_G"],"damage_healed":0,"gold_gain":0,"player_choice":"Offered Basic","damage_taken":0,"max_hp_gain":0,"max_hp_loss":0,"event_name":"Bonfire Elementals","floor":46,"gold_loss":0}],"is_beta":false,"boss_relics":[{"not_picked":["Runic Pyramid","HoveringKite"],"picked":"WristBlade"},{"not_picked":["Ring of the Serpent","SlaversCollar"],"picked":"Astrolabe"}],"items_purged_floors":[],"is_endless":false,"potions_floor_spawned":[2,6,7,8,14,24,28,36,39,40,44],"killed_by":"Awakened One","ascension_level":20}}