{"host":"qc8p2flj7wsy3zpg","time":1614140201,"event":{"mods":["BaseMod","Highlight Path","Minty Spire (QoL Compilation)","Monster List Patch","Relic Stats","StSLib"],"gold_per_floor":[113,113,127,140,21,21,47,47,47,57,76,76,106,136,148,160,160],"floor_reached":16,"language":"ENG","playtime":503,"items_purged":["Strike_R"],"score":274,"play_id":"056f3bdb-50ee-429f-9187-fac7e051a8ab","local_time":"20210223221641","is_ascension_mode":true,"campfire_choices":[{"data":"Bludgeon","floor":6,"key":"SMITH"},{"data":"Bash","floor":8,"key":"SMITH"},{"data":"Inflame","floor":12,"key":"SMITH"},{"data":"Carnage","floor":15,"key":"SMITH"}],"circlet_count":0,"master_deck":["AscendersBane","Strike_R","Strike_R","Strike_R","Strike_R","Defend_R","Defend_R","Defend_R","Defend_R","Bash+1","Bludgeon+1","Headbutt","Carnage+1","Inflame+1","Corruption"],"relics":["Burning Blood","Blue Candle","Singing Bowl","Potion Belt","MawBank"],"acts_visited":["Exordium"],"potions_floor_usage":[7,10,11,13,16],"damage_taken":[{"damage":0,"enemies":"Cultist","floor":1,"turns":2},{"damage":1,"enemies":"2 Louse","floor":3,"turns":4},{"damage":6,"enemies":"Small Slimes","floor":4,"turns":3},{"damage":0,"enemies":"Gremlin Nob","floor":7,"turns":2},{"damage":26,"enemies":"Exordium Thugs","floor":10,"turns":5},{"damage":5,"enemies":"3 Louse","floor":11,"turns":4},{"damage":30,"enemies":"3 Sentries","floor":13,"turns":7},{"damage":6,"enemies":"2 Fungi Beasts","floor":14,"turns":3},{"damage":39,"enemies":"The Guardian","floor":16,"turns":8}],"seed_played":"32215763614448492","potions_obtained":[{"floor":3,"key":"EssenceOfSteel"},{"floor":4,"key":"Energy Potion"},{"floor":10,"key":"EssenceOfSteel"},{"floor":11,"key":"Explosive Potion"},{"floor":14,"key":"Energy Potion"}],"is_trial":false,"path_per_floor":["M","T","M","M","$","R","E","R","T","M","M","R","E","M","R","B"],"character_chosen":"IRONCLAD","items_purchased":["Inflame"],"campfire_rested":0,"item_purchase_floors":[5],"current_hp_per_floor":[68,68,68,68,68,68,68,68,68,50,53,53,31,33,33,0,0],"gold":160,"neow_bonus":"THREE_RARE_CARDS","is_daily":false,"chose_seed":false,"campfire_upgraded":4,"win_rate":0.0,"timestamp":1614140201,"path_taken":["M","?","M","M","?","R","E","R","T","?","M","R","E","M","R","BOSS"],"items_purchased_type":["Card"],"build_version":"2020-12-22","purchased_purges":1,"victory":false,"max_hp_per_floor":[68,68,68,68,68,68,68,68,68,70,72,72,74,76,76,76,76],"relic_stats":{"Singing Bowl":8,"counters":[9,38],"Blue Candle":[0],"MawBank":36,"obtain_stats":[{"Potion Belt":9,"Singing Bowl":7,"Blue Candle":2,"MawBank":13,"Burning Blood":0},{"Potion Belt":4,"Singing Bowl":4,"Blue Candle":1,"MawBank":7,"Burning Blood":0},{"Potion Belt":11,"Singing Bowl":11,"Blue Candle":2,"MawBank":27,"Burning Blood":0}],"Burning Blood":31},"card_choices":[{"not_picked":["Demon Form","Berserk"],"picked":"Bludgeon","floor":0},{"not_picked":["Twin Strike","Entrench"],"picked":"Headbutt","floor":1},{"not_picked":["Shrug It Off","Cleave"],"picked":"Carnage","floor":3},{"not_picked":["Pummel","Sword Boomerang"],"picked":"Corruption","floor":7},{"not_picked":["Perfected Strike","Dropkick","Rage"],"picked":"Singing Bowl","floor":10},{"not_picked":["Wild Strike","Twin Strike","Body Slam"],"picked":"Singing Bowl","floor":11},{"not_picked":["Clash","Perfected Strike","Havoc"],"picked":"Singing Bowl","floor":13},{"not_picked":["Clash","Anger","Heavy Blade"],"picked":"Singing Bowl","floor":14}],"player_experience":2423685,"relics_obtained":[{"floor":2,"key":"Blue Candle"},{"floor":7,"key":"Singing Bowl"},{"floor":9,"key":"Potion Belt"},{"floor":13,"key":"MawBank"}],"event_choices":[],"is_beta":false,"boss_relics":[],"items_purged_floors":[5],"is_endless":false,"potions_floor_spawned":[3,4,10,11,14],"killed_by":"The Guardian","ascension_level":20}}