{"host":"5h6e4l6hpn0p5lap","time":1614197629,"event":{"mods":["AchievementEnabler","BaseMod","Better Altar","Better Match","Better Sensory Stone","Better Skull","Better Third Choice","Colored Map","Filter the Spire","Minty Spire (QoL Compilation)","StSLib"],"gold_per_floor":[123,135,157,169,192,231,243,265,303,330,342,371,59,75,75,170,170,188,200,200,216,246,246,38,38,61,160,180,180,105,118,118,214,214,233,233,233,455,455,488,488,501,501,552,552,552,552,552],"floor_reached":47,"language":"ENG","playtime":1934,"items_purged":["Strike_G","Strike_G"],"score":848,"play_id":"2c768c55-b9de-4563-88c5-6fa0fe86261b","local_time":"20210224151349","is_ascension_mode":true,"campfire_choices":[{"data":"Catalyst","floor":7,"key":"SMITH"},{"data":"Flechettes","floor":15,"key":"SMITH"},{"floor":23,"key":"REST"},{"floor":25,"key":"REST"},{"floor":29,"key":"REST"},{"floor":32,"key":"REST"},{"floor":41,"key":"REST"},{"floor":45,"key":"REST"}],"circlet_count":0,"master_deck":["AscendersBane","Strike_G","Strike_G","Strike_G","Defend_G","Defend_G","Defend_G","Defend_G","Defend_G","Survivor","Neutralize","Flechettes+1","Catalyst+1","All Out Attack","Poisoned Stab","Predator","Backstab","Crippling Poison","Sucker Punch","Blur","Cloak And Dagger+1","Bouncing Flask","Leg Sweep","Noxious Fumes","Shame","Backflip","Venomology+1","Metamorphosis+1","Corpse Explosion","Trip","Secret Technique","Writhe","Adrenaline"],"relics":["Ring of the Snake","MawBank","Strawberry","Blood Vial","Membership Card","Lantern","Cursed Key","Red Mask","Ornamental Fan","Pen Nib","Fusion Hammer","Art of War","Eternal Feather","Mango"],"acts_visited":["Exordium","TheCity","TheBeyond"],"potions_floor_usage":[8,16,16,21,22,22,22,33,33,36,36,40,40,40,42,44,46,46,47],"damage_taken":[{"damage":2,"enemies":"2 Louse","floor":1,"turns":4},{"damage":2,"enemies":"Jaw Worm","floor":3,"turns":5},{"damage":0,"enemies":"Small Slimes","floor":5,"turns":4},{"damage":30,"enemies":"3 Sentries","floor":6,"turns":9},{"damage":4,"enemies":"Gremlin Gang","floor":8,"turns":3},{"damage":2,"enemies":"Red Slaver","floor":10,"turns":5},{"damage":0,"enemies":"2 Fungi Beasts","floor":12,"turns":2},{"damage":0,"enemies":"Looter","floor":14,"turns":3},{"damage":0,"enemies":"Hexaghost","floor":16,"turns":4},{"damage":4,"enemies":"3 Byrds","floor":18,"turns":5},{"damage":6,"enemies":"Shell Parasite","floor":19,"turns":5},{"damage":31,"enemies":"Shelled Parasite and Fungi","floor":21,"turns":8},{"damage":36,"enemies":"Masked Bandits","floor":22,"turns":5},{"damage":15,"enemies":"Centurion and Healer","floor":28,"turns":6},{"damage":27,"enemies":"Sentry and Sphere","floor":31,"turns":6},{"damage":59,"enemies":"Automaton","floor":33,"turns":12},{"damage":6,"enemies":"3 Shapes","floor":35,"turns":3},{"damage":6,"enemies":"3 Darklings","floor":36,"turns":3},{"damage":0,"enemies":"Giant Head","floor":40,"turns":5},{"damage":3,"enemies":"Transient","floor":42,"turns":5},{"damage":34,"enemies":"2 Orb Walkers","floor":44,"turns":4},{"damage":20,"enemies":"Sphere and 2 Shapes","floor":46,"turns":3},{"damage":87,"enemies":"Spire Growth","floor":47,"turns":6}],"seed_played":"285472938486785187","potions_obtained":[{"floor":5,"key":"Energy Potion"},{"floor":6,"key":"Explosive Potion"},{"floor":10,"key":"Strength Potion"},{"floor":14,"key":"DuplicationPotion"},{"floor":16,"key":"SpeedPotion"},{"floor":19,"key":"AttackPotion"},{"floor":21,"key":"SpeedPotion"},{"floor":33,"key":"SmokeBomb"},{"floor":35,"key":"FearPotion"},{"floor":39,"key":"DuplicationPotion"},{"floor":39,"key":"Strength Potion"},{"floor":44,"key":"LiquidBronze"}],"is_trial":false,"path_per_floor":["M","?","M","?","M","E","R","M","T","M","?","M","$","M","R","B",null,"M","M","?","M","?","R","$","R","T","?","M","R","?","M","R","B",null,"M","M","?","?","?","E","R","M","T","?","R","M","M"],"character_chosen":"THE_SILENT","items_purchased":["Membership Card","Crippling Poison","Sucker Punch","Lantern","Noxious Fumes","Ornamental Fan"],"campfire_rested":6,"item_purchase_floors":[13,13,13,13,24,24],"current_hp_per_floor":[61,66,64,64,64,41,41,37,37,37,37,39,39,41,41,43,72,70,66,66,37,3,27,27,51,51,51,38,62,62,37,61,4,63,59,55,55,55,55,57,81,79,79,61,96,76,0,0],"gold":552,"neow_bonus":"RANDOM_COMMON_RELIC","is_daily":false,"chose_seed":false,"campfire_upgraded":2,"win_rate":0.0,"timestamp":1614197629,"path_taken":["M","?","M","?","M","E","R","M","T","M","?","?","$","M","R","BOSS","M","M","?","M","?","R","$","R","T","?","M","R","?","M","R","BOSS","M","M","?","?","?","E","R","?","T","?","R","M","M"],"items_purchased_type":["Relic","Card","Card","Relic","Card","Relic"],"build_version":"2020-12-22","purchased_purges":2,"victory":false,"max_hp_per_floor":[70,75,75,75,75,82,82,82,82,82,82,82,82,82,82,82,82,82,82,82,82,82,82,82,82,82,82,82,82,82,82,82,82,82,82,82,82,82,82,82,82,82,82,96,96,96,96,96],"card_choices":[{"not_picked":["Acrobatics","Escape Plan"],"picked":"Flechettes","floor":1},{"not_picked":["Heel Hook","Underhanded Strike"],"picked":"Catalyst","floor":3},{"not_picked":["Acrobatics","Masterful Stab"],"picked":"All Out Attack","floor":5},{"not_picked":["Finisher","Deflect"],"picked":"Poisoned Stab","floor":6},{"not_picked":["Prepared","Choke","Outmaneuver"],"picked":"SKIP","floor":8},{"not_picked":["Dagger Spray","Blade Dance"],"picked":"Predator","floor":10},{"not_picked":["Eviscerate","Dagger Spray"],"picked":"Backstab","floor":12},{"not_picked":["Dash","Dodge and Roll","Dagger Throw"],"picked":"SKIP","floor":14},{"not_picked":["Poisoned Stab","Endless Agony"],"picked":"Blur","floor":18},{"not_picked":["Dodge and Roll","Caltrops+1"],"picked":"Cloak And Dagger+1","floor":19},{"not_picked":["Backstab","Underhanded Strike"],"picked":"Bouncing Flask","floor":21},{"not_picked":["Deflect","Bane"],"picked":"Leg Sweep","floor":22},{"not_picked":["Storm of Steel","Prepared"],"picked":"Backflip","floor":28},{"not_picked":["Unload+1","Grand Finale+1"],"picked":"Venomology+1","floor":30},{"not_picked":["Mayhem+1","Magnetism+1"],"picked":"Metamorphosis+1","floor":30},{"not_picked":["Riddle With Holes","Dash+1","Heel Hook+1"],"picked":"SKIP","floor":31},{"not_picked":["Night Terror","Storm of Steel"],"picked":"Corpse Explosion","floor":33},{"not_picked":["Poisoned Stab+1","Expertise+1","Distraction+1"],"picked":"SKIP","floor":35},{"not_picked":["Deep Breath","Forethought"],"picked":"Trip","floor":37},{"not_picked":["Flash of Steel","Swift Strike"],"picked":"Secret Technique","floor":37},{"not_picked":["Underhanded Strike+1","Dagger Spray+1","Quick Slash+1"],"picked":"SKIP","floor":40},{"not_picked":["Setup","Quick Slash","Flying Knee"],"picked":"SKIP","floor":42},{"not_picked":["Finisher+1","Cloak And Dagger"],"picked":"Adrenaline","floor":44}],"player_experience":1172908,"relics_obtained":[{"floor":6,"key":"Strawberry"},{"floor":9,"key":"Blood Vial"},{"floor":22,"key":"Red Mask"},{"floor":26,"key":"Pen Nib"},{"floor":40,"key":"Art of War"},{"floor":43,"key":"Eternal Feather"},{"floor":44,"key":"Mango"}],"event_choices":[{"damage_healed":0,"gold_gain":0,"player_choice":"Donut","damage_taken":0,"max_hp_gain":5,"max_hp_loss":0,"event_name":"Big Fish","floor":2,"gold_loss":0},{"damage_healed":0,"gold_gain":0,"player_choice":"Ignored","damage_taken":169,"max_hp_gain":0,"max_hp_loss":0,"event_name":"betterThird:BetterSerpent","floor":4,"gold_loss":0},{"damage_healed":0,"gold_gain":0,"player_choice":"Bought 0 Potions","damage_taken":0,"max_hp_gain":0,"max_hp_loss":0,"event_name":"The Woman in Blue","floor":11,"gold_loss":0},{"damage_healed":0,"gold_gain":0,"player_choice":"Ignored","damage_taken":0,"max_hp_gain":0,"max_hp_loss":0,"event_name":"Cursed Tome","floor":20,"gold_loss":0},{"damage_healed":0,"gold_gain":0,"player_choice":"Fought Bandits","damage_taken":0,"max_hp_gain":0,"max_hp_loss":0,"event_name":"Masked Bandits","floor":22,"gold_loss":0},{"damage_healed":0,"gold_gain":99,"player_choice":"Steal","damage_taken":0,"max_hp_gain":0,"max_hp_loss":0,"event_name":"betterThird:BetterNest","floor":27,"gold_loss":0},{"damage_healed":0,"gold_gain":0,"player_choice":"2","damage_taken":0,"max_hp_gain":0,"max_hp_loss":0,"event_name":"betterMatch:BetterMatch","floor":30,"gold_loss":0,"cards_obtained":["betterMatch:RareCard","betterMatch:ColorlessRareCard"]},{"damage_healed":0,"gold_gain":3,"player_choice":"1","damage_taken":0,"max_hp_gain":0,"max_hp_loss":0,"event_name":"betterStone:BetterStone","floor":37,"gold_loss":0},{"damage_healed":0,"gold_gain":222,"player_choice":"Wore Mask","damage_taken":0,"max_hp_gain":0,"max_hp_loss":0,"event_name":"Tomb of Lord Red Mask","floor":38,"gold_loss":0},{"damage_healed":0,"gold_gain":0,"player_choice":"Got Potions","damage_taken":0,"max_hp_gain":0,"max_hp_loss":0,"event_name":"Lab","floor":39,"gold_loss":0},{"damage_healed":0,"gold_gain":0,"player_choice":"Fight","damage_taken":0,"max_hp_gain":0,"max_hp_loss":0,"event_name":"Mysterious Sphere","floor":44,"gold_loss":0}],"is_beta":false,"boss_relics":[{"not_picked":["SlaversCollar","Pandora\u0027s Box"],"picked":"Cursed Key"},{"not_picked":["HoveringKite","Philosopher\u0027s Stone"],"picked":"Fusion Hammer"}],"items_purged_floors":[13,24],"is_endless":false,"potions_floor_spawned":[5,6,10,14,16,19,21,33,35,36,44],"killed_by":"Spire Growth","ascension_level":10}}