{"host":"bc298c4gavna5tx2","time":1614171586,"event":{"mods":["ATMod(阿瑾Mod)","Act Like it!","BaseMod","Challenge The Spire","Energized Spire","Lobotomy","LobotomyExtend","Minty Spire (QoL Compilation)","MostiFishMod","Quarter Circle Forward PUNCH!","Quick Restart","Replay The Spire","Spicy Shops","StSLib","The Marked","【功能Mod】混沌之环修复补丁","【功能Mod】聪明的最终Boss","【遗物卡牌】REMEMod"],"gold_per_floor":[113,123,123,139,64,99,99,132,132,132,158,158,158,168,168,239,239,252,264,264,264,875,875,907,926,926,960,970,1048,25,43,43,120,120,133,133,143,193,35,68,68,98,98,130,130,50,70,0,0,0,0,0,10,44,44],"floor_reached":56,"language":"ZHS","playtime":3587,"items_purged":["Shame","Normality"],"score":3143,"play_id":"97184a5e-8ae1-45c7-b92d-803f58a934c0","local_time":"20210224205946","is_ascension_mode":true,"campfire_choices":[{"data":"AT_FamilyPortrait","floor":7.0,"key":"SMITH"},{"data":"AT_BodySlamDance","floor":10.0,"key":"SMITH"},{"floor":12.0,"key":"RECALL"},{"data":"MostiFishMod:PerfectForm","floor":23.0,"key":"SMITH"},{"data":"MostiFishMod:RacingGame","floor":32.0,"key":"SMITH"},{"data":"MostiFishMod:MusicBox","floor":41.0,"key":"SMITH"},{"floor":49.0,"key":"REST"},{"floor":52,"key":"REST"}],"circlet_count":0,"master_deck":["AscendersBane","Defend_R+1","MostiFishMod:PerfectForm+1","AT_FamilyPortrait+1","AT_BodySlamDance+1","Dual Wield+1","Sickly","AT_IchimonjiDouble+1","Necronomicurse","MostiFishMod:RacingGame+1","MostiFishMod:MusicBox+1","MostiFishMod:Chiaki+1","Exhume+1","Reaper+1","AT_ShrugMaster"],"relics":["Burning Blood","AT_ATBox","DaveBox","REME_ComplimentaryCards","MetatronsCube","NeowsBlessing","SynthV:TestCard","LetterFromLob","Question Card","InkBottle","ReplayTheSpireMod:TigerMarble","Kintsugi","Necronomicon","qcfpunch:Not_Strongest_Fighting_Style_Guidebook","qcfpunch:Fighting_Gloves","AT_BellowingDragoncrestRing","Lizard Tail","SynthV","Replay:Wax Seal","Pear","Bronze Scales","Tiny Chest","energizedSpire:OgreHead","AT_RabadonDeathcap","Pet Ghost","AT_DeathDance","AT_ArcaneBoots","Singing Bowl","HornCleat","Blue Candle","Replay:Mystery Machine","Red Mask","ReplayTheSpireMod:CursedCoin","AT_ChloranthyRing"],"acts_visited":["Exordium","TheCity","TheBeyond","TheEnding"],"potions_floor_usage":[],"damage_taken":[{"damage":0.0,"enemies":"Cultist","floor":1.0,"turns":1.0},{"damage":0.0,"enemies":"Small Slimes","floor":2.0,"turns":1.0},{"damage":0.0,"enemies":"Jaw Worm","floor":4.0,"turns":1.0},{"damage":9.0,"enemies":"3 Sentries","floor":6.0,"turns":5.0},{"damage":0.0,"enemies":"Lagavulin","floor":8.0,"turns":3.0},{"damage":1.0,"enemies":"3 Sentries","floor":11.0,"turns":4.0},{"damage":1.0,"enemies":"Exordium Wildlife","floor":14.0,"turns":3.0},{"damage":6.0,"enemies":"Hexaghost","floor":16.0,"turns":4.0},{"damage":5.0,"enemies":"Spheric Guardian","floor":18.0,"turns":2.0},{"damage":6.0,"enemies":"3 Byrds","floor":19.0,"turns":5.0},{"damage":42.0,"enemies":"Centurion and Healer","floor":22.0,"turns":4.0},{"damage":5.0,"enemies":"Gremlin Leader","floor":24.0,"turns":4.0},{"damage":3.0,"enemies":"Snake Plant","floor":25.0,"turns":3.0},{"damage":1.0,"enemies":"REME_1_Revenger","floor":27.0,"turns":3.0},{"damage":0.0,"enemies":"Snecko","floor":28.0,"turns":3.0},{"damage":0.0,"enemies":"Sentry and Sphere","floor":31.0,"turns":3.0},{"damage":22.0,"enemies":"Pondfish","floor":33.0,"turns":3.0},{"damage":0.0,"enemies":"3 Darklings","floor":35.0,"turns":2.0},{"damage":4.0,"enemies":"3 Shapes","floor":37.0,"turns":2.0},{"damage":17.0,"enemies":"2 Orb Walkers","floor":38.0,"turns":2.0},{"damage":0.0,"enemies":"Giant Head","floor":40.0,"turns":4.0},{"damage":1.0,"enemies":"R_Hoarder","floor":42.0,"turns":2.0},{"damage":8.0,"enemies":"Giant Head","floor":44.0,"turns":2.0},{"damage":9.0,"enemies":"Sphere and 2 Shapes","floor":47.0,"turns":2.0},{"damage":100045.0,"enemies":"Donu and Deca","floor":50.0,"turns":18.0},{"damage":4.0,"enemies":"Malkuth","floor":51.0,"turns":3.0},{"damage":15.0,"enemies":"Hod","floor":51.0,"turns":5.0},{"damage":2.0,"enemies":"Tiphereth","floor":51.0,"turns":1.0},{"damage":2,"enemies":"Shield and Spear","floor":54,"turns":3},{"damage":11,"enemies":"The Heart","floor":55,"turns":4}],"seed_played":"6288710027801778207","potions_obtained":[{"floor":2.0,"key":"Milkshake"},{"floor":8.0,"key":"CultistPotion"}],"is_trial":false,"path_per_floor":["M","M","?","M","?","E","R","E","T","R","E","R","?","M","R","B",null,"M","M","?","T","M","R","E","M","T","E","M","?","$","M","R","B",null,"M","?","M","?","$","E","R","E","T","E","T","$","M","?","R","B",null,null,"R","$","E","B",null],"character_chosen":"IRONCLAD","items_purchased":["MostiFishMod:MusicBox","SynthV","Replay:Wax Seal","Pear","Bronze Scales","Tiny Chest","Pet Ghost","Replay:Mystery Machine","ReplayTheSpireMod:CursedCoin","AT_ShrugMaster"],"campfire_rested":2,"item_purchase_floors":[30,30,30,30,30,30,39,46,53,53],"current_hp_per_floor":[74,75,68,74,74,71,71,75,75,75,75,75,75,75,75,75,75,75,75,54,54,18,18,19,22,22,37,43,43,53,59,59,43,75,81,81,83,72,72,137,137,142,142,146,146,146,148,148,148,363,882,882,882,884,884],"gold":44,"neow_bonus":"THREE_ENEMY_KILL","is_daily":false,"chose_seed":false,"campfire_upgraded":5,"win_rate":0.0,"timestamp":1614171586,"path_taken":["M","?","?","M","?","E","R","E","T","R","E","R","?","M","R","BOSS","M","M","?","?","?","R","E","M","T","E","M","?","$","M","R","BOSS","M","?","?","?","$","E","R","E","T","E","?","?","M","?","R","BOSS","R","$","E","BOSS"],"items_purchased_type":["Card","Relic","Relic","Relic","Relic","Relic","Relic","Relic","Relic","Card"],"build_version":"2020-12-22","purchased_purges":2,"victory":true,"max_hp_per_floor":[75,75,75,75,75,75,75,75,75,75,75,75,75,75,75,75,75,75,75,75,75,75,75,75,75,75,75,75,75,85,85,85,85,85,85,85,85,85,85,144,144,144,144,146,146,146,148,148,148,717,882,882,882,884,884],"card_choices":[{"not_picked":["Flex","True Grit","Pummel"],"picked":"SKIP","floor":1.0},{"not_picked":["Hemokinesis","Sentinel","Run Through","Pummel","Armaments"],"picked":"SKIP","floor":2.0},{"not_picked":["AT_ManFootWork","Searing Blow","Blood for Blood","Wild Strike"],"picked":"AT_BodySlamDance","floor":4.0},{"not_picked":["Twin Strike","Abandon","Heavy Blade","Sentinel","Pommel Strike"],"picked":"SKIP","floor":6.0},{"not_picked":["Shrug It Off","REME_FearOfPain","Clothesline","Run Through","Rage","Infernal Blade"],"picked":"SKIP","floor":8.0},{"not_picked":["Power Through","Massacre","REME_Cut","Clothesline","Run Through","Iron Wave"],"picked":"SKIP","floor":11.0},{"not_picked":["Juggernaut","Rupture","Searing Blow","ReplayTheSpireMod:LeadingStrike","Iron Wave","Clothesline"],"picked":"SKIP","floor":14.0},{"not_picked":["MostiFishMod:404NotFound","MostiFishMod:RainCloud","Exhume","Berserk","MostiFishMod:HellRitual"],"picked":"MostiFishMod:DoubleSword","floor":16.0},{"not_picked":["AT_BodySlamDance","Headbutt","Clothesline","Heavy Blade","Shrug It Off"],"picked":"AT_IchimonjiDouble+1","floor":18.0},{"not_picked":["Power Through","Fire Breathing","Flex","Bloodletting+1","MostiFishMod:#F4004","Cleave"],"picked":"SKIP","floor":19.0},{"not_picked":["Sever Soul","AT_IchimonjiDouble","Power Through","Wild Strike","Disarm","Rupture"],"picked":"SKIP","floor":22.0},{"not_picked":["Dark Embrace+1","AT_IchimonjiDouble","Shockwave","Rage+1","Cleave"],"picked":"MostiFishMod:RacingGame","floor":24.0},{"not_picked":["Clothesline","Disarm","AT_IchimonjiDouble","Run Through","MostiFishMod:404NotFound","AT_ManFootWork"],"picked":"SKIP","floor":25.0},{"not_picked":["Battle Trance","Thunderclap","Brutality","Feel No Pain+1","ReplayTheSpireMod:LeadingStrike","Body Slam"],"picked":"SKIP","floor":27.0},{"not_picked":["Dual Wield","ReplayTheSpireMod:LeadingStrike","Shrug It Off","REME_SingleHolding","Armaments","Hemokinesis"],"picked":"SKIP","floor":28.0},{"not_picked":["Bloodletting","Heavy Blade","Battle Trance","Hemokinesis","Dark Embrace","AT_IchimonjiDouble"],"picked":"SKIP","floor":31.0},{"not_picked":["Feed","Offering","Fiend Fire","Double Tap","MostiFishMod:DarkDeal"],"picked":"MostiFishMod:Chiaki","floor":33.0},{"not_picked":["Clash","Pommel Strike","Intimidate","Run Through","Anger","Demon Form"],"picked":"SKIP","floor":35.0},{"not_picked":["Defy Death","Heavy Blade","Searing Blow+1","Pommel Strike","Perfected Strike","Clash"],"picked":"SKIP","floor":37.0},{"not_picked":["Second Wind","Uppercut","AT_DrawKnifeCut+1","AT_IchimonjiDouble+1","Run Through"],"picked":"Reaper","floor":40.0},{"not_picked":["Offering","Shrug It Off","Reckless Charge","Bloodletting","AT_IchimonjiDouble","True Grit"],"picked":"SKIP","floor":42.0},{"not_picked":["Rampage","Thunderclap+1","Heavy Blade","AT_ShrugMaster","Feel No Pain","Spot Weakness"],"picked":"Singing Bowl","floor":44.0},{"not_picked":["Dual Wield","Pommel Strike","Body Slam","Wild Strike","Bloodletting","Run Through"],"picked":"Singing Bowl","floor":47.0},{"not_picked":["Fire Breathing","Body Slam","Heavy Blade","Reaper","MostiFishMod:#F4004","Headbutt"],"picked":"Singing Bowl","floor":54}],"player_experience":163839,"relics_obtained":[{"floor":1.0,"key":"SynthV:TestCard"},{"floor":1.0,"key":"LetterFromLob"},{"floor":6.0,"key":"Question Card"},{"floor":8.0,"key":"InkBottle"},{"floor":11.0,"key":"ReplayTheSpireMod:TigerMarble"},{"floor":20.0,"key":"Necronomicon"},{"floor":21.0,"key":"qcfpunch:Not_Strongest_Fighting_Style_Guidebook"},{"floor":24.0,"key":"qcfpunch:Fighting_Gloves"},{"floor":26.0,"key":"AT_BellowingDragoncrestRing"},{"floor":27.0,"key":"Lizard Tail"},{"floor":38.0,"key":"AT_RabadonDeathcap"},{"floor":40.0,"key":"AT_DeathDance"},{"floor":42.0,"key":"AT_SpeedBoots"},{"floor":43.0,"key":"Singing Bowl"},{"floor":44.0,"key":"HornCleat"},{"floor":45.0,"key":"Blue Candle"},{"floor":54,"key":"AT_ChloranthyRing"}],"event_choices":[{"cards_removed":["Strike_R"],"damage_healed":0.0,"max_hp_gain":0.0,"max_hp_loss":0.0,"gold_gain":0.0,"event_name":"Golden Wing","player_choice":"Card Removal","floor":3.0,"gold_loss":0.0,"damage_taken":7.0},{"cards_removed":["Defend_R"],"damage_healed":0.0,"max_hp_gain":0.0,"max_hp_loss":0.0,"gold_gain":0.0,"event_name":"The Cleric","player_choice":"Card Removal","floor":5.0,"gold_loss":75.0,"damage_taken":0.0},{"cards_removed":["Strike_R"],"damage_healed":0.0,"max_hp_gain":0.0,"max_hp_loss":0.0,"gold_gain":0.0,"event_name":"Bonfire Elementals","player_choice":"Offered Basic","floor":13.0,"gold_loss":0.0,"damage_taken":0.0},{"damage_healed":0.0,"max_hp_gain":0.0,"max_hp_loss":0.0,"gold_gain":0.0,"event_name":"Cursed Tome","player_choice":"Obtained Book","floor":20.0,"gold_loss":0.0,"damage_taken":21.0},{"damage_healed":0.0,"max_hp_gain":0.0,"max_hp_loss":0.0,"gold_gain":0.0,"cards_transformed":["MostiFishMod:DoubleSword"],"event_name":"Transmorgrifier","player_choice":"Transformed","floor":36.0,"gold_loss":0.0,"damage_taken":0.0,"cards_obtained":["Exhume"]},{"damage_healed":0.0,"max_hp_gain":0.0,"max_hp_loss":0.0,"gold_gain":0.0,"event_name":"Mysterious Sphere","player_choice":"Fight","floor":38.0,"gold_loss":0.0,"damage_taken":0.0},{"damage_healed":0.0,"max_hp_gain":0.0,"max_hp_loss":0.0,"gold_gain":0.0,"event_name":"Tomb of Lord Red Mask","player_choice":"Paid","floor":48.0,"gold_loss":70.0,"damage_taken":0.0,"relics_obtained":["Red Mask"]}],"is_beta":false,"boss_relics":[{"not_picked":["Ring of Chaos","Mark of Pain"],"picked":"Kintsugi"},{"not_picked":["Black Blood","Tiny House"],"picked":"energizedSpire:OgreHead"}],"items_purged_floors":[30,53],"is_endless":false,"potions_floor_spawned":[2,8,11,14,18,19,25,28,31,37,40,47],"ascension_level":18}}