{"host":"zsnmfqgcm92hlreo","time":1614207431,"event":{"mods":["AchievementEnabler","BaseMod","Bestiary","Block Reminder","Colored Map","Colored Powertips","Filter the Spire","Minty Spire (QoL Compilation)","Permanent Neow","Quick Restart","Relic Stats","StSLib","Weighted Paths"],"gold_per_floor":[115,115,73,84,95,124,124,135,135,160,160,192,192,234,234,336,336,397,2,2,27,44,74,74,101,101,181,257,257,315,315,315,393,393,467,545,410,410,86,117,117,149,225,302,394,394,262,262,262,262,322,322,322,57,86,86,86],"floor_reached":56,"language":"ENG","playtime":3007,"items_purged":[],"score":2543,"play_id":"ea27ac5e-b23b-4ff5-aecc-c6c376ec89be","local_time":"20210224165711","is_ascension_mode":true,"campfire_choices":[{"data":"1","floor":11.0,"key":"LIFT"},{"data":"2","floor":13.0,"key":"LIFT"},{"data":"3","floor":15.0,"key":"LIFT"},{"data":"Wish","floor":24.0,"key":"SMITH"},{"floor":29.0,"key":"REST"},{"data":"Vigilance","floor":32.0,"key":"SMITH"},{"floor":41.0,"key":"RECALL"},{"data":"Protect","floor":46.0,"key":"SMITH"},{"data":"Swivel","floor":49.0,"key":"SMITH"},{"data":"Swivel","floor":53.0,"key":"SMITH"}],"circlet_count":0,"master_deck":["AscendersBane","Strike_P+1","Strike_P+1","Strike_P+1","Strike_P+1","Defend_P+1","Defend_P+1","Defend_P+1","Defend_P+1","Eruption","Vigilance+1","BowlingBash+1","Conclude","Protect+1","CarveReality+1","CutThroughFate+1","Wish+1","Worship","Omniscience+1","SandsOfTime+1","Omniscience","CrushJoints+1","Omniscience","Swivel+1","DeusExMachina+1","Conclude+1","SandsOfTime+1","FearNoEvil+1","BowlingBash+1","Vault","Swivel+1","SandsOfTime+1","TalkToTheHand+1","Collect+1"],"relics":["Snecko Eye","Molten Egg 2","Du-Vu Doll","Girya","Omamori","Calling Bell","Regal Pillow","The Courier","FossilizedHelix","DollysMirror","Torii","Whetstone","Vajra","Blood Vial","MealTicket","StoneCalendar","VioletLotus","Bronze Scales","Art of War","Potion Belt","Centennial Puzzle","War Paint","Oddly Smooth Stone","Bag of Preparation","Nunchaku","White Beast Statue"],"acts_visited":["Exordium","TheCity","TheBeyond","TheEnding"],"potions_floor_usage":[56,56,56],"damage_taken":[{"damage":2.0,"enemies":"Jaw Worm","floor":1.0,"turns":3.0},{"damage":3.0,"enemies":"2 Louse","floor":4.0,"turns":2.0},{"damage":0.0,"enemies":"Cultist","floor":5.0,"turns":3.0},{"damage":1.0,"enemies":"Gremlin Nob","floor":6.0,"turns":3.0},{"damage":0.0,"enemies":"Exordium Wildlife","floor":8.0,"turns":4.0},{"damage":10.0,"enemies":"Lagavulin","floor":10.0,"turns":7.0},{"damage":0.0,"enemies":"Gremlin Nob","floor":12.0,"turns":2.0},{"damage":0.0,"enemies":"Exordium Thugs","floor":14.0,"turns":2.0},{"damage":16.0,"enemies":"Hexaghost","floor":16.0,"turns":5.0},{"damage":11.0,"enemies":"2 Thieves","floor":18.0,"turns":2.0},{"damage":0.0,"enemies":"Shell Parasite","floor":22.0,"turns":1.0},{"damage":0.0,"enemies":"Book of Stabbing","floor":23.0,"turns":1.0},{"damage":23.0,"enemies":"Slavers","floor":25.0,"turns":3.0},{"damage":0.0,"enemies":"Cultist and Chosen","floor":27.0,"turns":2.0},{"damage":0.0,"enemies":"3 Cultists","floor":28.0,"turns":1.0},{"damage":0.0,"enemies":"Gremlin Leader","floor":30.0,"turns":2.0},{"damage":0.0,"enemies":"Champ","floor":33.0,"turns":5.0},{"damage":0.0,"enemies":"3 Shapes","floor":35.0,"turns":1.0},{"damage":0.0,"enemies":"3 Darklings","floor":36.0,"turns":2.0},{"damage":0.0,"enemies":"Giant Head","floor":40.0,"turns":4.0},{"damage":0.0,"enemies":"Reptomancer","floor":42.0,"turns":3.0},{"damage":0.0,"enemies":"Transient","floor":44.0,"turns":6.0},{"damage":0.0,"enemies":"Nemesis","floor":45.0,"turns":1.0},{"damage":13.0,"enemies":"Donu and Deca","floor":50.0,"turns":5.0},{"damage":9.0,"enemies":"Time Eater","floor":51.0,"turns":5.0},{"damage":0,"enemies":"Shield and Spear","floor":55,"turns":3},{"damage":68,"enemies":"The Heart","floor":56,"turns":4}],"seed_played":"-3456772965207639273","potions_obtained":[{"floor":4.0,"key":"DistilledChaos"},{"floor":6.0,"key":"DuplicationPotion"},{"floor":12.0,"key":"FearPotion"},{"floor":40.0,"key":"LiquidBronze"},{"floor":42.0,"key":"Dexterity Potion"},{"floor":44.0,"key":"FearPotion"},{"floor":45.0,"key":"StancePotion"}],"is_trial":false,"path_per_floor":["M","?","$","M","M","E","?","M","T","E","R","E","R","M","R","B",null,"M","$","?","T","M","E","R","E","T","M","M","R","E","?","R","B",null,"M","M","$","?","$","E","R","E","T","M","E","R","$","?","R","B","B",null,"R","$","E","B"],"character_chosen":"WATCHER","items_purchased":["Conclude","DollysMirror","Torii","Bronze Scales","Potion Belt","Conclude+1","SandsOfTime+1","FearNoEvil+1","BowlingBash+1","SandsOfTime+1","TalkToTheHand+1","Bag of Preparation","Nunchaku"],"campfire_rested":1,"item_purchase_floors":[3,19,19,37,39,39,39,39,39,47,47,54,54],"current_hp_per_floor":[59,59,59,56,56,55,55,55,55,45,45,45,45,45,45,29,58,47,47,47,47,47,47,47,24,24,26,28,63,65,65,65,67,68,68,68,68,68,68,68,68,68,68,68,68,68,68,68,68,55,48,63,63,68,68,0,0],"gold":86,"neow_bonus":"BOSS_RELIC","is_daily":false,"chose_seed":false,"campfire_upgraded":5,"win_rate":0.0,"timestamp":1614207431,"path_taken":["M","?","$","M","M","E","?","?","T","E","R","E","R","M","R","BOSS","M","$","?","?","?","E","R","E","T","M","M","R","E","?","R","BOSS","M","M","$","?","$","E","R","E","T","M","E","R","?","?","R","BOSS","BOSS","R","$","E","BOSS"],"items_purchased_type":["Card","Relic","Relic","Relic","Relic","Card","Card","Card","Card","Card","Card","Relic","Relic"],"build_version":"2020-12-22","purchased_purges":0,"victory":false,"max_hp_per_floor":[68,68,68,68,68,68,68,68,68,68,68,68,68,68,68,68,68,68,68,68,68,68,68,68,68,68,68,68,68,68,68,68,68,68,68,68,68,68,68,68,68,68,68,68,68,68,68,68,68,68,68,68,68,68,68,68,68],"relic_stats":{"Regal Pillow":15,"Torii":13,"counters":[27,82],"StoneCalendar":[0],"Bag of Preparation":[4],"Whetstone":["BowlingBash","CarveReality"],"War Paint":["Omniscience","DeusExMachina"],"Blood Vial":10,"Centennial Puzzle":[9],"Nunchaku":[1],"Bronze Scales":[93],"Snecko Eye":[148,130,132,146],"MealTicket":5,"VioletLotus":[6],"Art of War":[2],"obtain_stats":[{"Regal Pillow":17,"Torii":19,"Vajra":23,"StoneCalendar":30,"Bag of Preparation":54,"Whetstone":21,"Blood Vial":25,"Centennial Puzzle":40,"Nunchaku":54,"DollysMirror":19,"MealTicket":26,"VioletLotus":34,"Potion Belt":39,"Girya":10,"Oddly Smooth Stone":45,"The Courier":17,"Omamori":12,"War Paint":42,"White Beast Statue":55,"Du-Vu Doll":9,"Calling Bell":17,"Bronze Scales":37,"Snecko Eye":0,"Molten Egg 2":6,"Art of War":38,"PureWater":0,"FossilizedHelix":17},{"Regal Pillow":9,"Torii":10,"Vajra":12,"StoneCalendar":16,"Bag of Preparation":25,"Whetstone":10,"Blood Vial":13,"Centennial Puzzle":20,"Nunchaku":25,"DollysMirror":10,"MealTicket":13,"VioletLotus":17,"Potion Belt":19,"Girya":6,"Oddly Smooth Stone":23,"The Courier":9,"Omamori":7,"War Paint":21,"White Beast Statue":26,"Du-Vu Doll":5,"Calling Bell":9,"Bronze Scales":19,"Snecko Eye":0,"Molten Egg 2":4,"Art of War":19,"PureWater":0,"FossilizedHelix":9},{"Regal Pillow":31,"Torii":33,"Vajra":35,"StoneCalendar":43,"Bag of Preparation":75,"Whetstone":33,"Blood Vial":38,"Centennial Puzzle":55,"Nunchaku":75,"DollysMirror":33,"MealTicket":38,"VioletLotus":48,"Potion Belt":51,"Girya":22,"Oddly Smooth Stone":65,"The Courier":31,"Omamori":24,"War Paint":58,"White Beast Statue":78,"Du-Vu Doll":15,"Calling Bell":31,"Bronze Scales":51,"Snecko Eye":0,"Molten Egg 2":11,"Art of War":51,"PureWater":0,"FossilizedHelix":31}]},"card_choices":[{"not_picked":["SashWhip","CutThroughFate"],"picked":"BowlingBash","floor":1.0},{"not_picked":["Study","JustLucky"],"picked":"Protect","floor":4.0},{"not_picked":["ThirdEye","ClearTheMind","CarveReality"],"picked":"SKIP","floor":5.0},{"not_picked":["ThirdEye","ClearTheMind"],"picked":"CarveReality","floor":5.0},{"not_picked":["Evaluate","ClearTheMind"],"picked":"CutThroughFate+1","floor":6.0},{"not_picked":["FlyingSleeves+1","Protect","DeceiveReality"],"picked":"SKIP","floor":8.0},{"not_picked":["Fasting2","CarveReality+1"],"picked":"Wish","floor":10.0},{"not_picked":["ClearTheMind","Prostrate"],"picked":"Worship","floor":12.0},{"not_picked":["Meditate","SignatureMove+1","LikeWater"],"picked":"SKIP","floor":14.0},{"not_picked":["Brilliance+1","Blasphemy"],"picked":"Omniscience","floor":16.0},{"not_picked":["ThirdEye","Perseverance"],"picked":"SandsOfTime+1","floor":18.0},{"not_picked":["JustLucky+1","EmptyFist+1","WreathOfFlame"],"picked":"SKIP","floor":22.0},{"not_picked":["ThirdEye","Sanctity"],"picked":"CrushJoints+1","floor":23.0},{"not_picked":["EmptyFist+1","CrushJoints+1"],"picked":"Omniscience","floor":25.0},{"not_picked":["FlurryOfBlows+1","EmptyFist+1"],"picked":"Swivel","floor":27.0},{"not_picked":["JustLucky+1","Crescendo","Evaluate"],"picked":"SKIP","floor":28.0},{"not_picked":["ThirdEye","Crescendo","Evaluate"],"picked":"SKIP","floor":30.0},{"not_picked":["Alpha","Brilliance+1"],"picked":"DeusExMachina","floor":33.0},{"not_picked":["ClearTheMind","EmptyFist+1","Halt+1"],"picked":"SKIP","floor":35.0},{"not_picked":["Halt","Pray","CutThroughFate+1"],"picked":"SKIP","floor":36.0},{"not_picked":["Nirvana","Pray"],"picked":"Vault","floor":40.0},{"not_picked":["Prostrate","Fasting2","LikeWater+1"],"picked":"SKIP","floor":42.0},{"not_picked":["EmptyBody","CutThroughFate+1","ThirdEye"],"picked":"SKIP","floor":44.0},{"not_picked":["ClearTheMind","BowlingBash+1"],"picked":"Swivel","floor":45.0},{"not_picked":["Nirvana","CrushJoints+1"],"picked":"Collect+1","floor":55}],"player_experience":1278798,"relics_obtained":[{"floor":6.0,"key":"Molten Egg 2"},{"floor":9.0,"key":"Du-Vu Doll"},{"floor":10.0,"key":"Girya"},{"floor":12.0,"key":"Omamori"},{"floor":17.0,"key":"Regal Pillow"},{"floor":17.0,"key":"The Courier"},{"floor":17.0,"key":"FossilizedHelix"},{"floor":21.0,"key":"Whetstone"},{"floor":23.0,"key":"Vajra"},{"floor":25.0,"key":"Blood Vial"},{"floor":26.0,"key":"MealTicket"},{"floor":30.0,"key":"StoneCalendar"},{"floor":40.0,"key":"Centennial Puzzle"},{"floor":42.0,"key":"War Paint"},{"floor":45.0,"key":"Oddly Smooth Stone"},{"floor":55,"key":"White Beast Statue"}],"event_choices":[{"damage_healed":0.0,"max_hp_gain":0.0,"max_hp_loss":0.0,"gold_gain":0.0,"event_name":"Golden Wing","player_choice":"Ignored","floor":2.0,"gold_loss":0.0,"damage_taken":0.0},{"damage_healed":0.0,"max_hp_gain":0.0,"max_hp_loss":0.0,"gold_gain":0.0,"event_name":"Shining Light","player_choice":"Ignored","floor":7.0,"gold_loss":0.0,"damage_taken":0.0},{"damage_healed":0.0,"max_hp_gain":0.0,"max_hp_loss":0.0,"gold_gain":0.0,"event_name":"Cursed Tome","player_choice":"Ignored","floor":20.0,"gold_loss":0.0,"damage_taken":0.0},{"damage_healed":0.0,"max_hp_gain":0.0,"max_hp_loss":0.0,"gold_gain":0.0,"event_name":"Back to Basics","player_choice":"Simplicity","floor":31.0,"gold_loss":0.0,"damage_taken":0.0,"cards_upgraded":["Strike_P","Strike_P","Strike_P","Strike_P","Defend_P","Defend_P","Defend_P","Defend_P"]},{"damage_healed":0.0,"max_hp_gain":0.0,"max_hp_loss":0.0,"gold_gain":0.0,"event_name":"WeMeetAgain","player_choice":"Gave Potion","floor":38.0,"gold_loss":0.0,"damage_taken":0.0,"relics_obtained":["Art of War"]},{"damage_healed":0.0,"max_hp_gain":0.0,"max_hp_loss":0.0,"gold_gain":0.0,"event_name":"Tomb of Lord Red Mask","player_choice":"Ignored","floor":48.0,"gold_loss":0.0,"damage_taken":0.0}],"is_beta":false,"boss_relics":[{"not_picked":["Sozu","Black Star"],"picked":"Calling Bell"},{"not_picked":["Runic Pyramid","Runic Dome"],"picked":"VioletLotus"}],"items_purged_floors":[],"is_endless":false,"potions_floor_spawned":[4,6,12,14,16,18,22,28,40,42,44,45],"killed_by":"The Heart","ascension_level":20}}