{"host":"emqr263yqun247y7","time":1614187312,"event":{"mods":["Aspiration","BaseMod","Bestiary","BetterRewards","Colored Map","Curses Come First","Downfall","Hubris","Infinite Spire","Jorbs\u0027s Wanderer Trilogy","Marisa????????","Minty Spire (QoL Compilation)","READ ME - Guardian Mod","Replay The Spire","Robot Space Explorer","Spire Arcade","StSLib","The Bug Knight","The Cursed","The Disciple","The Hierophant","The Runesmith","The Servant 0.9.4","Yuri Mod","slay the spire mod where everything is the same but ironclad has a cowboy hat"],"gold_per_floor":[99,114,130,64,81,81,127,144,177,197,232,249,49,49,62,62,62,62],"floor_reached":16,"language":"ENG","playtime":2330,"items_purged":[],"score":139,"play_id":"c2f47043-3273-4123-ba0a-9c048e031d20","local_time":"20210224092152","is_ascension_mode":false,"campfire_choices":[{"floor":1,"key":"RECALL"},{"data":"hexamod:ShieldOfDarkness","floor":6,"key":"SMITH"},{"floor":13,"key":"REST"}],"circlet_count":0,"master_deck":["hexamod:Strike","hexamod:Strike","hexamod:Strike","hexamod:Strike+1","hexamod:Defend","hexamod:Defend+1","hexamod:Defend","hexamod:Defend+1","hexamod:Sear","hexamod:Float","hexamod:ShieldOfDarkness+1","hexamod:ThermalTransfer","hexamod:SixthSeal","hexamod:SpectersWail","hexamod:HauntingEcho+1","hexamod:NecessarySacrifice+1","hexamod:SoulSteal+1","hexamod:ExtraCrispy+1","hexamod:GhostShield","hexamod:FirstSeal","hexamod:InspiringFlames"],"relics":["hexamod:SpiritBrand","Quantum Egg","Toy Ornithopter","downfall:HeartBlessingRed","downfall:HeartBlessingBlue"],"acts_visited":["Exordium"],"potions_floor_usage":[8,11,16,16],"damage_taken":[{"damage":10,"enemies":"Small Slimes","floor":2,"turns":4},{"damage":1,"enemies":"Jaw Worm","floor":3,"turns":6},{"damage":0,"enemies":"downfall:FleeingMerchant","floor":4,"turns":4},{"damage":6,"enemies":"2 Louse","floor":5,"turns":3},{"damage":0,"enemies":"Lots of Slimes","floor":8,"turns":1},{"damage":10,"enemies":"Lagavulin","floor":9,"turns":8},{"damage":6,"enemies":"3 Louse","floor":10,"turns":4},{"damage":9,"enemies":"Gremlin Nob","floor":11,"turns":4},{"damage":11,"enemies":"Blue Slaver","floor":12,"turns":4},{"damage":3,"enemies":"Large Slime","floor":15,"turns":6},{"damage":77,"enemies":"WA_ARCHETYPE_RETAIN","floor":16,"turns":15}],"seed_played":"-8153167089572673335","potions_obtained":[{"floor":2,"key":"Explosive Potion"},{"floor":8,"key":"Slimebound:ThreeZeroPotion"},{"floor":10,"key":"Reflective Coating"},{"floor":12,"key":"ColorlessPotion"}],"is_trial":false,"path_per_floor":["R_BF","M","M","$","M","R","T","M","E","M","E","M","R","?","M","B"],"character_chosen":"THE_SPIRIT","items_purchased":["hexamod:SpectersWail"],"campfire_rested":1,"item_purchase_floors":[4],"current_hp_per_floor":[77,67,66,66,60,60,60,60,50,44,35,24,60,60,64,0,0,0],"gold":62,"neow_bonus":"TEN_PERCENT_HP_BONUS","is_daily":false,"chose_seed":false,"campfire_upgraded":1,"win_rate":0.0,"timestamp":1614187312,"path_taken":["R_BF","M","M","$","M","R","T","M","E","M","E","M","R","?","M","BOSS"],"items_purchased_type":["Card"],"build_version":"2020-12-22","purchased_purges":0,"victory":false,"max_hp_per_floor":[77,77,77,77,77,77,77,77,77,77,77,77,87,87,87,87,87,87],"card_choices":[{"not_picked":["hexamod:ThermalTransfer","hexamod:GhostShield"],"picked":"hexamod:ShieldOfDarkness","floor":2},{"not_picked":["hexamod:RetreatToShadows","hexamod:NightmareGuise"],"picked":"hexamod:ThermalTransfer","floor":3},{"not_picked":["hexamod:AdvancingGuard","hexamod:SecondSeal"],"picked":"hexamod:SixthSeal","floor":4},{"not_picked":["hexamod:DynamicBlow","hexamod:SpectersWail"],"picked":"hexamod:HauntingEcho","floor":5},{"not_picked":["hexamod:HauntingEcho","hexamod:ThermalTransfer"],"picked":"hexamod:NecessarySacrifice","floor":8},{"not_picked":["hexamod:NightmareGuise","hexamod:GhostflameBarrier"],"picked":"hexamod:SoulSteal","floor":9},{"not_picked":["hexamod:GhostLash","hexamod:ThermalTransfer"],"picked":"hexamod:ExtraCrispy","floor":10},{"not_picked":["hexamod:FastForward","hexamod:RetreatToShadows"],"picked":"hexamod:GhostShield","floor":11},{"not_picked":["hexamod:HauntingEcho","hexamod:PhantomCloak"],"picked":"hexamod:FirstSeal","floor":12},{"not_picked":["hexamod:GhostOfSpirePast","hexamod:ThermalTransfer"],"picked":"hexamod:InspiringFlames","floor":15}],"player_experience":709033,"relics_obtained":[{"floor":9,"key":"Quantum Egg"},{"floor":11,"key":"Toy Ornithopter"}],"event_choices":[{"damage_healed":0,"gold_gain":0,"player_choice":"Grow","damage_taken":0,"max_hp_gain":0,"max_hp_loss":0,"event_name":"Living Wall","floor":14,"gold_loss":0,"cards_upgraded":["hexamod:ExtraCrispy"]}],"is_beta":false,"boss_relics":[],"items_purged_floors":[],"is_endless":false,"potions_floor_spawned":[2,8,10,12],"killed_by":"WA_ARCHETYPE_RETAIN","ascension_level":0}}