{"host":"2sct7qpnpunnnd84","time":1614134299,"event":{"mods":["BaseMod","Googly Eyes","Minty Spire (QoL Compilation)","Quick Restart","Shop Mod","StSLib","The IronCluck"],"gold_per_floor":[218,293,293,293,307,307,307,307,357,375,375,394,414,432,432,555,555,545,328,344,344,344],"floor_reached":21,"language":"ENG","playtime":1501,"items_purged":[],"score":171,"play_id":"5898cc39-b96c-4108-9d60-3cf0ca34ef7e","local_time":"20210223183819","is_ascension_mode":false,"campfire_choices":[{"floor":6.0,"key":"REST"},{"floor":8.0,"key":"REST"},{"floor":15.0,"key":"REST"}],"circlet_count":0,"master_deck":["Strike_G","Strike_G+1","Strike_G","Strike_G","Strike_G","Defend_G","Defend_G","Defend_G","Defend_G+1","Defend_G","Survivor","Neutralize","Deadly Poison","Injury","Accuracy","Caltrops","Finisher","Slice","Bullet Time","Accuracy","Finisher"],"relics":["Ring of the Snake","Golden Idol","Paper Crane","Toy Ornithopter","Busted Crown","TwistedFunnel"],"acts_visited":["Exordium","TheCity"],"potions_floor_usage":[18,18,20],"damage_taken":[{"damage":0.0,"enemies":"Jaw Worm","floor":1.0,"turns":3.0},{"damage":7.0,"enemies":"Small Slimes","floor":5.0,"turns":3.0},{"damage":0.0,"enemies":"Cultist","floor":10.0,"turns":3.0},{"damage":2.0,"enemies":"Blue Slaver","floor":12.0,"turns":4.0},{"damage":7.0,"enemies":"Looter","floor":13.0,"turns":4.0},{"damage":3.0,"enemies":"3 Louse","floor":14.0,"turns":5.0},{"damage":45.0,"enemies":"Hexaghost","floor":16.0,"turns":10.0},{"damage":32,"enemies":"2 Thieves","floor":18,"turns":4},{"damage":16,"enemies":"Chosen","floor":20,"turns":4},{"damage":58,"enemies":"Sentry and Sphere","floor":21,"turns":6}],"seed_played":"1884939098524008889","potions_obtained":[{"floor":12.0,"key":"LiquidMemories"},{"floor":13.0,"key":"DistilledChaos"},{"floor":16.0,"key":"Regen Potion"},{"floor":18,"key":"GamblersBrew"}],"is_trial":false,"path_per_floor":["M","?","?","?","M","R","T","R","T","M","?","M","M","M","R","B",null,"M","$","M","M"],"character_chosen":"THE_SILENT","items_purchased":["TwistedFunnel","Accuracy"],"campfire_rested":3,"item_purchase_floors":[19,19],"current_hp_per_floor":[70,59,59,45,38,59,59,70,70,70,75,73,66,63,75,30,75,65,65,54,0,0],"gold":344,"neow_bonus":"HUNDRED_GOLD","is_daily":false,"chose_seed":false,"campfire_upgraded":0,"win_rate":0.0,"timestamp":1614134299,"path_taken":["M","?","?","?","?","R","?","R","T","M","?","M","M","M","R","BOSS","M","$","M","M"],"items_purchased_type":["Relic","Card"],"build_version":"2020-12-22","purchased_purges":0,"victory":false,"max_hp_per_floor":[70,70,70,70,70,70,70,70,70,70,75,75,75,75,75,75,75,75,75,75,75,75],"card_choices":[{"not_picked":["Bane","Prepared"],"picked":"Deadly Poison","floor":1.0},{"not_picked":["Deflect","Slice"],"picked":"Accuracy","floor":5.0},{"not_picked":["Tactician","Flying Knee"],"picked":"Caltrops","floor":10.0},{"not_picked":["All Out Attack","Underhanded Strike","Escape Plan"],"picked":"SKIP","floor":12.0},{"not_picked":["Acrobatics","Burst"],"picked":"Finisher","floor":13.0},{"not_picked":["Setup","Prepared"],"picked":"Slice","floor":14.0},{"not_picked":["Die Die Die","Glass Knife"],"picked":"Bullet Time","floor":16.0},{"not_picked":["Bane"],"picked":"SKIP","floor":18},{"not_picked":[],"picked":"Finisher","floor":20}],"player_experience":3462511,"relics_obtained":[{"floor":7.0,"key":"Paper Crane"},{"floor":9.0,"key":"Toy Ornithopter"}],"event_choices":[{"damage_healed":0.0,"max_hp_gain":0.0,"max_hp_loss":0.0,"gold_gain":75.0,"event_name":"World of Goop","player_choice":"Gather Gold","floor":2.0,"gold_loss":0.0,"damage_taken":11.0},{"damage_healed":0.0,"max_hp_gain":0.0,"max_hp_loss":0.0,"gold_gain":0.0,"event_name":"Golden Idol","player_choice":"Take Wound","floor":3.0,"gold_loss":0.0,"damage_taken":0.0,"relics_obtained":["Golden Idol"],"cards_obtained":["Injury"]},{"damage_healed":0.0,"max_hp_gain":0.0,"max_hp_loss":0.0,"gold_gain":0.0,"event_name":"Shining Light","player_choice":"Entered Light","floor":4.0,"gold_loss":0.0,"damage_taken":14.0,"cards_upgraded":["Defend_G","Strike_G"]},{"damage_healed":0.0,"max_hp_gain":5.0,"max_hp_loss":0.0,"gold_gain":0.0,"event_name":"Big Fish","player_choice":"Donut","floor":11.0,"gold_loss":0.0,"damage_taken":0.0}],"is_beta":false,"boss_relics":[{"not_picked":["Fusion Hammer","SlaversCollar"],"picked":"Busted Crown"}],"items_purged_floors":[],"is_endless":false,"potions_floor_spawned":[12,13,16,18],"killed_by":"Sentry and Sphere","ascension_level":0}}