{"host":"p1xsuo25udtrkbq2","time":1614135993,"event":{"mods":["BaseMod","Colored Map","Googly Eyes","Highlight Path","Minty Spire (QoL Compilation)","Quick Restart","Rare Cards Sparkle","Slay the Relics Exporter","StSLib","everything is the same but u backflip on backflip"],"gold_per_floor":[115,128,128,93,14,43,43,73,73,108,127,127,144,158,158,260,260,276,289,214,214,231,243,259,290,316,15,15,40,40,53,53,157,157,157,157],"floor_reached":35,"language":"ENG","playtime":4417,"items_purged":[],"score":738,"play_id":"d07ca4a7-3e72-4c57-b01c-527768bd5343","local_time":"20210223220633","is_ascension_mode":true,"campfire_choices":[{"data":"Bash","floor":7.0,"key":"SMITH"},{"data":"Barricade","floor":12.0,"key":"SMITH"},{"data":"Clothesline","floor":15.0,"key":"SMITH"},{"data":"Rupture","floor":28.0,"key":"SMITH"},{"data":"Limit Break","floor":32.0,"key":"SMITH"}],"circlet_count":0,"master_deck":["AscendersBane","Strike_R+1","Strike_R+1","Defend_R+1","Defend_R+1","Defend_R+1","Defend_R+1","Bash+1","Battle Trance","Disarm","Reaper","Headbutt","Pommel Strike","Barricade+1","Shrug It Off","Clothesline+1","Reaper","Thunderclap+1","Armaments","Ghostly Armor+1","Ghostly Armor","Shrug It Off+1","Combust+1","Rupture+1","Impervious","Entrench","Limit Break+1","Berserk"],"relics":["Coffee Dripper","Pen Nib","Pantograph","The Courier","Eternal Feather","Empty Cage","Bag of Preparation","Lantern","Lee\u0027s Waffle","Blood Vial","Busted Crown"],"acts_visited":["Exordium","TheCity","TheBeyond"],"potions_floor_usage":[],"damage_taken":[{"damage":12.0,"enemies":"Small Slimes","floor":1.0,"turns":4.0},{"damage":2.0,"enemies":"Jaw Worm","floor":2.0,"turns":3.0},{"damage":13.0,"enemies":"Lagavulin","floor":6.0,"turns":6.0},{"damage":12.0,"enemies":"3 Sentries","floor":8.0,"turns":9.0},{"damage":8.0,"enemies":"Gremlin Nob","floor":10.0,"turns":3.0},{"damage":0.0,"enemies":"2 Louse","floor":11.0,"turns":2.0},{"damage":9.0,"enemies":"Exordium Thugs","floor":13.0,"turns":5.0},{"damage":5.0,"enemies":"Gremlin Gang","floor":14.0,"turns":3.0},{"damage":2.0,"enemies":"The Guardian","floor":16.0,"turns":11.0},{"damage":22.0,"enemies":"3 Byrds","floor":18.0,"turns":7.0},{"damage":18.0,"enemies":"2 Thieves","floor":19.0,"turns":5.0},{"damage":6.0,"enemies":"Snake Plant","floor":22.0,"turns":6.0},{"damage":7.0,"enemies":"Sentry and Sphere","floor":23.0,"turns":13.0},{"damage":0.0,"enemies":"Snecko","floor":24.0,"turns":6.0},{"damage":61.0,"enemies":"Gremlin Leader","floor":25.0,"turns":11.0},{"damage":18.0,"enemies":"Book of Stabbing","floor":29.0,"turns":10.0},{"damage":12.0,"enemies":"Cultist and Chosen","floor":31.0,"turns":8.0},{"damage":12.0,"enemies":"Champ","floor":33.0,"turns":14.0},{"damage":0,"enemies":"3 Darklings","floor":35,"turns":1}],"seed_played":"64207591824954788","potions_obtained":[{"floor":1.0,"key":"SteroidPotion"},{"floor":6.0,"key":"SkillPotion"},{"floor":8.0,"key":"DistilledChaos"},{"floor":10.0,"key":"Block Potion"},{"floor":13.0,"key":"Swift Potion"},{"floor":22.0,"key":"AttackPotion"},{"floor":29.0,"key":"Weak Potion"}],"is_trial":false,"path_per_floor":["M","M","?","?","$","E","R","E","T","E","M","R","M","M","R","B",null,"M","M","?","?","M","M","M","E","T","$","R","E","?","M","R","B",null,"M"],"character_chosen":"IRONCLAD","items_purchased":["Reaper","Rupture","Impervious","Lee\u0027s Waffle"],"campfire_rested":0,"item_purchase_floors":[5,27,27,27],"current_hp_per_floor":[60,58,42,62,62,61,61,61,61,53,61,70,67,62,71,78,80,80,69,69,69,74,73,80,31,31,87,87,87,87,85,87,87,87,87,87],"gold":157,"neow_bonus":"BOSS_RELIC","is_daily":false,"chose_seed":false,"campfire_upgraded":5,"win_rate":0.0,"timestamp":1614135993,"path_taken":["M","M","?","?","$","E","R","E","T","E","M","R","M","M","R","BOSS","M","M","?","?","M","M","M","E","T","$","R","E","?","M","R","BOSS","M"],"items_purchased_type":["Card","Card","Card","Relic"],"build_version":"2020-12-22","purchased_purges":0,"victory":false,"max_hp_per_floor":[80,80,80,80,80,80,80,80,80,80,80,80,80,80,80,80,80,80,80,80,80,80,80,80,80,80,87,87,87,87,87,87,87,87,87,87],"card_choices":[{"not_picked":["True Grit","Perfected Strike"],"picked":"Battle Trance","floor":1.0},{"not_picked":["Sever Soul","Dropkick"],"picked":"Disarm","floor":2.0},{"not_picked":["Dark Embrace","Ghostly Armor"],"picked":"Headbutt","floor":6.0},{"not_picked":["Heavy Blade","Wild Strike"],"picked":"Pommel Strike","floor":8.0},{"not_picked":["Armaments","Sword Boomerang"],"picked":"Barricade","floor":10.0},{"not_picked":["Anger","Sever Soul"],"picked":"Shrug It Off","floor":11.0},{"not_picked":["Flex","Clash","Pummel"],"picked":"SKIP","floor":13.0},{"not_picked":["Feel No Pain","Sword Boomerang"],"picked":"Clothesline","floor":14.0},{"not_picked":["Exhume","Bludgeon"],"picked":"Reaper","floor":16.0},{"not_picked":["Headbutt","Rage+1"],"picked":"Thunderclap+1","floor":18.0},{"not_picked":["Perfected Strike","Pummel+1"],"picked":"Armaments","floor":19.0},{"not_picked":["Burning Pact+1","Sword Boomerang"],"picked":"Ghostly Armor+1","floor":22.0},{"not_picked":["Heavy Blade","Clothesline"],"picked":"Ghostly Armor","floor":23.0},{"not_picked":["Anger+1","Perfected Strike"],"picked":"Shrug It Off+1","floor":24.0},{"not_picked":["Flex+1","Sever Soul+1"],"picked":"Combust+1","floor":25.0},{"not_picked":["Flex","Headbutt+1"],"picked":"Entrench","floor":29.0},{"not_picked":["Clash","Anger"],"picked":"Limit Break","floor":31.0},{"not_picked":["Feed","Corruption"],"picked":"Berserk","floor":33.0}],"player_experience":1145301,"relics_obtained":[{"floor":6.0,"key":"Pen Nib"},{"floor":8.0,"key":"Pantograph"},{"floor":9.0,"key":"The Courier"},{"floor":10.0,"key":"Eternal Feather"},{"floor":25.0,"key":"Bag of Preparation"},{"floor":26.0,"key":"Lantern"},{"floor":29.0,"key":"Blood Vial"}],"event_choices":[{"damage_healed":0.0,"max_hp_gain":0.0,"max_hp_loss":0.0,"gold_gain":0.0,"event_name":"Shining Light","player_choice":"Entered Light","floor":3.0,"gold_loss":0.0,"damage_taken":16.0,"cards_upgraded":["Strike_R","Defend_R"]},{"damage_healed":20.0,"max_hp_gain":0.0,"max_hp_loss":0.0,"gold_gain":0.0,"event_name":"The Cleric","player_choice":"Healed","floor":4.0,"gold_loss":35.0,"damage_taken":0.0},{"cards_removed":["Strike_R"],"damage_healed":0.0,"max_hp_gain":0.0,"max_hp_loss":0.0,"gold_gain":0.0,"event_name":"Beggar","player_choice":"Gave Gold","floor":20.0,"gold_loss":75.0,"damage_taken":0.0},{"damage_healed":0.0,"max_hp_gain":0.0,"max_hp_loss":0.0,"gold_gain":0.0,"event_name":"Back to Basics","player_choice":"Simplicity","floor":21.0,"gold_loss":0.0,"damage_taken":0.0,"cards_upgraded":["Strike_R","Defend_R","Defend_R","Defend_R"]},{"damage_healed":0.0,"max_hp_gain":0.0,"max_hp_loss":0.0,"gold_gain":0.0,"event_name":"Vampires","player_choice":"Ignored","floor":30.0,"gold_loss":0.0,"damage_taken":0.0}],"is_beta":false,"boss_relics":[{"not_picked":["Cursed Key","Fusion Hammer"],"picked":"Empty Cage"},{"not_picked":["Mark of Pain","Snecko Eye"],"picked":"Busted Crown"}],"items_purged_floors":[],"is_endless":false,"potions_floor_spawned":[1,6,8,10,13,22,29],"killed_by":"3 Darklings","ascension_level":10}}