{"host":"5mo0809oo9tcrmpl","time":1614138194,"event":{"mods":["BaseMod","Highlight Path","Minty Spire (QoL Compilation)","Relic Stats","Slay the Relics Exporter"],"gold_per_floor":[115,130,144,144,144,174,174,174,174],"floor_reached":8,"language":"ENG","playtime":245,"items_purged":[],"score":112,"play_id":"bcaaba5e-236e-4b97-ac5e-8bd1c757f6d6","local_time":"20210223214314","is_ascension_mode":true,"campfire_choices":[{"floor":7,"key":"REST"}],"circlet_count":0,"master_deck":["AscendersBane","Strike_R","Strike_R","Strike_R","Strike_R","Defend_R","Defend_R","Defend_R","Defend_R","Bash","Sword Boomerang","Sword Boomerang","Fire Breathing","Pommel Strike","Iron Wave"],"relics":["Burning Blood","GremlinMask","Regal Pillow"],"acts_visited":["Exordium"],"potions_floor_usage":[6,6],"damage_taken":[{"damage":6,"enemies":"Cultist","floor":1,"turns":4},{"damage":12,"enemies":"Small Slimes","floor":2,"turns":3},{"damage":3,"enemies":"2 Louse","floor":3,"turns":3},{"damage":66,"enemies":"Lagavulin","floor":6,"turns":9},{"damage":51,"enemies":"Gremlin Nob","floor":8,"turns":4}],"seed_played":"7515908866865700248","potions_obtained":[{"floor":1,"key":"Dexterity Potion"},{"floor":3,"key":"Swift Potion"}],"is_trial":false,"path_per_floor":["M","M","M","?","?","E","R","E"],"character_chosen":"IRONCLAD","items_purchased":[],"campfire_rested":1,"item_purchase_floors":[],"current_hp_per_floor":[68,62,65,70,70,10,49,0,0],"gold":174,"neow_bonus":"TRANSFORM_CARD","is_daily":false,"chose_seed":false,"campfire_upgraded":0,"win_rate":0.0,"timestamp":1614138194,"path_taken":["M","M","?","?","?","E","R","E"],"items_purchased_type":[],"build_version":"2020-12-22","purchased_purges":0,"victory":false,"max_hp_per_floor":[75,75,75,80,80,80,80,80,80],"relic_stats":{"Regal Pillow":15,"counters":[5,23],"obtain_stats":[{"Regal Pillow":6,"GremlinMask":5,"Burning Blood":0},{"Regal Pillow":4,"GremlinMask":3,"Burning Blood":0},{"Regal Pillow":19,"GremlinMask":10,"Burning Blood":0}],"Burning Blood":24},"card_choices":[{"not_picked":["Warcry","Seeing Red"],"picked":"Sword Boomerang","floor":1},{"not_picked":["Ghostly Armor","Clothesline"],"picked":"Fire Breathing","floor":2},{"not_picked":["Headbutt","Searing Blow"],"picked":"Pommel Strike","floor":3},{"not_picked":["Rampage","Heavy Blade"],"picked":"Iron Wave","floor":6}],"player_experience":1320015,"relics_obtained":[{"floor":6,"key":"Regal Pillow"}],"event_choices":[{"damage_healed":0,"gold_gain":0,"player_choice":"Donut","damage_taken":0,"max_hp_gain":5,"max_hp_loss":0,"event_name":"Big Fish","floor":4,"gold_loss":0},{"damage_healed":0,"gold_gain":0,"player_choice":"Trade","damage_taken":0,"relics_obtained":["GremlinMask"],"max_hp_gain":0,"max_hp_loss":0,"event_name":"FaceTrader","floor":5,"gold_loss":0}],"is_beta":false,"boss_relics":[],"items_purged_floors":[],"is_endless":false,"potions_floor_spawned":[1,3],"killed_by":"Gremlin Nob","ascension_level":20}}