{"host":"lly094a91h6n5nv5","time":1614148527,"event":{"mods":["AchievementEnabler","BaseMod","Block Reminder","Colored Map","Minty Spire (QoL Compilation)","Permanent Neow"],"gold_per_floor":[109,120,120,138,53,53,87,100,100,25,25,25,43,59,59,134,134,151,202,13,26,46,46,81,81,126,126,136,152,27,47,47,47,47],"floor_reached":33,"language":"ENG","playtime":2119,"items_purged":["Strike_G","Strike_G","Strike_G"],"score":484,"play_id":"4c3f8499-5759-405a-a7c2-9c2ac08c311d","local_time":"20210224003527","is_ascension_mode":true,"campfire_choices":[{"data":"Footwork","floor":6,"key":"SMITH"},{"data":"Footwork","floor":11,"key":"SMITH"},{"data":"Unload","floor":15,"key":"SMITH"},{"data":"Die Die Die","floor":23,"key":"SMITH"},{"data":"Bouncing Flask","floor":27,"key":"SMITH"},{"data":"Catalyst","floor":32,"key":"SMITH"}],"circlet_count":0,"master_deck":["AscendersBane","Strike_G","Defend_G+1","Defend_G","Defend_G","Defend_G","Survivor","Neutralize","Backstab","Unload+1","PiercingWail","Footwork+1","Footwork+1","Venomology","Die Die Die+1","CurseOfTheBell","Bouncing Flask+1","Backflip","Well Laid Plans","Terror+1","Catalyst+1"],"relics":["Coffee Dripper","CaptainsWheel","Bottled Flame","Calling Bell","Happy Flower","White Beast Statue","Ginger","Pen Nib","Sundial","War Paint"],"acts_visited":["Exordium","TheCity"],"potions_floor_usage":[14,16,16,18,21,21,22,22,24,24,24,28,29,31,31,33,33,33],"damage_taken":[{"damage":7,"enemies":"Jaw Worm","floor":1,"turns":5},{"damage":0,"enemies":"Cultist","floor":2,"turns":4},{"damage":0,"enemies":"Small Slimes","floor":4,"turns":4},{"damage":24,"enemies":"3 Sentries","floor":7,"turns":13},{"damage":4,"enemies":"Red Slaver","floor":8,"turns":4},{"damage":0,"enemies":"Large Slime","floor":13,"turns":9},{"damage":1,"enemies":"Lots of Slimes","floor":14,"turns":4},{"damage":8,"enemies":"Slime Boss","floor":16,"turns":21},{"damage":3,"enemies":"3 Byrds","floor":18,"turns":8},{"damage":12,"enemies":"Shell Parasite","floor":21,"turns":4},{"damage":0,"enemies":"3 Cultists","floor":22,"turns":4},{"damage":11,"enemies":"Book of Stabbing","floor":24,"turns":5},{"damage":0,"enemies":"Chosen and Byrds","floor":28,"turns":5},{"damage":4,"enemies":"Shelled Parasite and Fungi","floor":29,"turns":5},{"damage":5,"enemies":"Centurion and Healer","floor":31,"turns":6},{"damage":50,"enemies":"Automaton","floor":33,"turns":6}],"seed_played":"7917341893954884503","potions_obtained":[{"floor":1,"key":"Strength Potion"},{"floor":2,"key":"Energy Potion"},{"floor":16,"key":"Block Potion"},{"floor":18,"key":"DuplicationPotion"},{"floor":21,"key":"DistilledChaos"},{"floor":22,"key":"PowerPotion"},{"floor":24,"key":"BlessingOfTheForge"},{"floor":25,"key":"Dexterity Potion"},{"floor":25,"key":"AttackPotion"},{"floor":28,"key":"SkillPotion"},{"floor":29,"key":"Swift Potion"},{"floor":31,"key":"SteroidPotion"}],"is_trial":false,"path_per_floor":["M","M","?","M","$","R","E","M","T","$","R","?","M","M","R","B",null,"M","T","$","M","M","R","E","?","T","R","M","M","$","M","R","B"],"character_chosen":"THE_SILENT","items_purchased":["Footwork","Bouncing Flask"],"campfire_rested":0,"item_purchase_floors":[5,20],"current_hp_per_floor":[52,52,52,52,52,52,28,24,24,24,24,24,24,23,23,15,53,50,50,50,52,52,52,41,41,41,41,41,37,37,32,32,0,0],"gold":47,"neow_bonus":"BOSS_RELIC","is_daily":false,"chose_seed":false,"campfire_upgraded":6,"win_rate":0.0,"timestamp":1614148527,"path_taken":["M","M","?","M","$","R","E","?","T","$","R","?","M","M","R","BOSS","M","?","$","M","M","R","E","?","T","R","M","M","$","M","R","BOSS"],"items_purchased_type":["Card","Card"],"build_version":"2020-12-22","purchased_purges":3,"victory":false,"max_hp_per_floor":[66,66,66,66,66,66,66,66,66,66,66,66,66,66,66,66,66,66,66,66,66,66,66,66,66,66,66,66,66,66,66,66,66,66],"card_choices":[{"not_picked":["Acrobatics","Backflip"],"picked":"Backstab","floor":1},{"not_picked":["Endless Agony","Finisher","Riddle With Holes"],"picked":"SKIP","floor":2},{"not_picked":["Quick Slash","Concentrate"],"picked":"PiercingWail","floor":4},{"not_picked":["Eviscerate","Underhanded Strike","Flying Knee"],"picked":"SKIP","floor":7},{"not_picked":["Dagger Spray","Slice"],"picked":"Footwork","floor":8},{"not_picked":["Cloak And Dagger","Sucker Punch"],"picked":"Venomology","floor":13},{"not_picked":["Sucker Punch","Poisoned Stab","Dagger Throw"],"picked":"SKIP","floor":14},{"not_picked":["Storm of Steel","Unload"],"picked":"Die Die Die","floor":16},{"not_picked":["Deflect","Underhanded Strike","Slice"],"picked":"SKIP","floor":18},{"not_picked":["Expertise+1","Distraction"],"picked":"Backflip","floor":21},{"not_picked":["Quick Slash","PiercingWail"],"picked":"Well Laid Plans","floor":22},{"not_picked":["Distraction","Tools of the Trade"],"picked":"Terror","floor":24},{"not_picked":["Cloak And Dagger","Blade Dance","Distraction"],"picked":"SKIP","floor":28},{"not_picked":["Slice","Sucker Punch"],"picked":"Catalyst","floor":29},{"not_picked":["Expertise","Blade Dance","Underhanded Strike"],"picked":"SKIP","floor":31}],"player_experience":296770,"relics_obtained":[{"floor":7,"key":"CaptainsWheel"},{"floor":9,"key":"Bottled Flame"},{"floor":17,"key":"Happy Flower"},{"floor":17,"key":"White Beast Statue"},{"floor":17,"key":"Ginger"},{"floor":19,"key":"Pen Nib"},{"floor":24,"key":"Sundial"},{"floor":26,"key":"War Paint"}],"event_choices":[{"damage_healed":0,"gold_gain":0,"cards_transformed":["Strike_G"],"player_choice":"Transformed","damage_taken":0,"max_hp_gain":0,"max_hp_loss":0,"event_name":"Transmorgrifier","floor":3,"gold_loss":0,"cards_obtained":["Unload"]},{"cards_removed":["Defend_G"],"damage_healed":0,"gold_gain":0,"player_choice":"Purged","damage_taken":0,"max_hp_gain":0,"max_hp_loss":0,"event_name":"Purifier","floor":12,"gold_loss":0},{"damage_healed":0,"gold_gain":0,"player_choice":"Got Potions","damage_taken":0,"max_hp_gain":0,"max_hp_loss":0,"event_name":"Lab","floor":25,"gold_loss":0}],"is_beta":false,"boss_relics":[{"not_picked":["Ectoplasm","Pandora\u0027s Box"],"picked":"Calling Bell"}],"items_purged_floors":[10,20,30],"is_endless":false,"potions_floor_spawned":[1,2,7,16,18,21,22,24,28,29,31],"killed_by":"Automaton","ascension_level":16}}