{"host":"tlbbab9afexrkdtf","time":1614199667,"event":{"mods":["2.2 Compatiblity","AchievementEnabler","BaseMod","Colored Map","Colored Powertips","Minty Spire (QoL Compilation)","Rare Cards Sparkle","StSLib"],"gold_per_floor":[110,110,3,3,3,3,15,15,40,74,74,74,74,86,86,189,189,203,203,203,203],"floor_reached":20,"language":"ENG","playtime":472,"items_purged":[],"score":269,"play_id":"9be5e954-0feb-4457-8802-4b849bd1e82d","local_time":"20210224154747","is_ascension_mode":true,"campfire_choices":[{"floor":6,"key":"REST"},{"data":"Dualcast","floor":8,"key":"SMITH"},{"floor":11,"key":"REST"},{"data":"Coolheaded","floor":13,"key":"SMITH"},{"data":"Force Field","floor":15,"key":"SMITH"}],"circlet_count":0,"master_deck":["Strike_B","Strike_B","Strike_B","Strike_B","Defend_B","Defend_B","Defend_B","Defend_B","Zap+1","Dualcast+1","Cold Snap","Capacitor+1","Force Field+1","Doom and Gloom","Coolheaded+1","Cold Snap","Creative AI+1","Self Repair+1"],"relics":["Cracked Core","Frozen Egg 2","Orichalcum","Lantern","Black Star"],"acts_visited":["Exordium","TheCity"],"potions_floor_usage":[16,16],"damage_taken":[{"damage":6,"enemies":"Small Slimes","floor":1,"turns":3},{"damage":2,"enemies":"Jaw Worm","floor":7,"turns":3},{"damage":24,"enemies":"3 Sentries","floor":10,"turns":8},{"damage":0,"enemies":"Cultist","floor":14,"turns":3},{"damage":58,"enemies":"Hexaghost","floor":16,"turns":15},{"damage":62,"enemies":"3 Byrds","floor":18,"turns":7},{"damage":15,"enemies":"Spheric Guardian","floor":20,"turns":3}],"seed_played":"1962030731557850986","potions_obtained":[{"floor":7,"key":"Weak Potion"},{"floor":14,"key":"EssenceOfDarkness"}],"is_trial":false,"path_per_floor":["M","?","$","?","?","R","M","R","T","E","R","?","R","M","R","B",null,"M","?","M"],"character_chosen":"DEFECT","items_purchased":["Capacitor+1","Force Field"],"campfire_rested":2,"item_purchase_floors":[3,3],"current_hp_per_floor":[76,51,51,51,51,77,75,75,75,51,77,82,82,82,82,24,77,15,15,0,0],"gold":203,"neow_bonus":"TWENTY_PERCENT_HP_BONUS","is_daily":false,"chose_seed":false,"campfire_upgraded":3,"win_rate":0.0,"timestamp":1614199667,"path_taken":["M","?","$","?","?","R","?","R","T","E","R","?","R","M","R","BOSS","M","?","M"],"items_purchased_type":["Card","Card"],"build_version":"2020-12-22","purchased_purges":0,"victory":false,"max_hp_per_floor":[89,89,89,89,89,89,89,89,89,89,89,94,94,94,94,94,94,94,94,94,94],"card_choices":[{"not_picked":["Reinforced Body","Go for the Eyes"],"picked":"Cold Snap","floor":1},{"not_picked":["Sweeping Beam","Melter"],"picked":"Doom and Gloom","floor":7},{"not_picked":["Stack","Steam Power"],"picked":"Coolheaded","floor":10},{"not_picked":["Skim","Sweeping Beam"],"picked":"Cold Snap","floor":14},{"not_picked":["Machine Learning+1","Fission"],"picked":"Creative AI+1","floor":16},{"not_picked":["Cold Snap+1","Ball Lightning"],"picked":"Self Repair+1","floor":18}],"player_experience":363986,"relics_obtained":[{"floor":9,"key":"Orichalcum"},{"floor":10,"key":"Lantern"}],"event_choices":[{"damage_healed":0,"gold_gain":0,"player_choice":"Success","damage_taken":25,"relics_obtained":["Frozen Egg 2"],"max_hp_gain":0,"max_hp_loss":0,"event_name":"Scrap Ooze","floor":2,"gold_loss":0},{"cards_removed":["Pain"],"damage_healed":0,"gold_gain":0,"player_choice":"Forget","damage_taken":0,"max_hp_gain":0,"max_hp_loss":0,"event_name":"Living Wall","floor":4,"gold_loss":0},{"damage_healed":0,"gold_gain":0,"player_choice":"Forge","damage_taken":0,"max_hp_gain":0,"max_hp_loss":0,"event_name":"Accursed Blacksmith","floor":5,"gold_loss":0,"cards_upgraded":["Zap"]},{"damage_healed":0,"gold_gain":0,"player_choice":"Donut","damage_taken":0,"max_hp_gain":5,"max_hp_loss":0,"event_name":"Big Fish","floor":12,"gold_loss":0},{"damage_healed":0,"gold_gain":0,"player_choice":"Ignored","damage_taken":0,"max_hp_gain":0,"max_hp_loss":0,"event_name":"Ghosts","floor":19,"gold_loss":0}],"is_beta":false,"boss_relics":[{"not_picked":["Sozu","Empty Cage"],"picked":"Black Star"}],"items_purged_floors":[],"is_endless":false,"potions_floor_spawned":[7,14],"killed_by":"Spheric Guardian","ascension_level":9}}