{"host":"en4narc5947t7k9n","time":1614193250,"event":{"mods":["AchievementEnabler","BaseMod","Colored Map","Minty Spire (QoL Compilation)","SuperFastMode"],"gold_per_floor":[118,131,56,76,95,121,121,38,65,77,110,127,157,177,177,277,277,294,59,72,72,72,72,87,37,61,76,76,76],"floor_reached":28,"language":"KOR","playtime":1203,"items_purged":["Strike_R","Strike_R","Strike_R"],"score":292,"play_id":"f76a0579-56d1-4b60-b213-e389207706d1","local_time":"20210225040050","is_ascension_mode":false,"campfire_choices":[{"floor":7,"key":"RECALL"},{"data":"Barricade","floor":15,"key":"SMITH"},{"data":"Bludgeon","floor":23,"key":"SMITH"}],"circlet_count":0,"master_deck":["Strike_R","Strike_R","Defend_R","Defend_R","Defend_R","Defend_R","Bash","Inflame","Warcry","Pommel Strike","Flex","Dual Wield","Discovery","Heavy Blade","Barricade+1","Heavy Blade","Clash","Flame Barrier","Bludgeon+1","Seeing Red","Shockwave","Fire Breathing+1","Anger","Shrug It Off+1","Feel No Pain"],"relics":["Burning Blood","NeowsBlessing","Smiling Mask","Orichalcum","Potion Belt","Paper Frog","Coffee Dripper","HandDrill"],"acts_visited":["Exordium","TheCity"],"potions_floor_usage":[6,13,13,13,16,16,27],"damage_taken":[{"damage":0,"enemies":"2 Louse","floor":1,"turns":1},{"damage":0,"enemies":"Small Slimes","floor":2,"turns":2},{"damage":0,"enemies":"Jaw Worm","floor":4,"turns":1},{"damage":0,"enemies":"Large Slime","floor":5,"turns":5},{"damage":46,"enemies":"3 Sentries","floor":6,"turns":10},{"damage":14,"enemies":"3 Louse","floor":10,"turns":4},{"damage":12,"enemies":"Gremlin Nob","floor":11,"turns":3},{"damage":5,"enemies":"Red Slaver","floor":12,"turns":5},{"damage":13,"enemies":"3 Sentries","floor":13,"turns":4},{"damage":3,"enemies":"2 Fungi Beasts","floor":14,"turns":2},{"damage":0,"enemies":"Hexaghost","floor":16,"turns":8},{"damage":34,"enemies":"3 Byrds","floor":18,"turns":5},{"damage":18,"enemies":"Spheric Guardian","floor":20,"turns":4},{"damage":4,"enemies":"Snecko","floor":24,"turns":4},{"damage":29,"enemies":"Centurion and Healer","floor":27,"turns":8},{"damage":21,"enemies":"Gremlin Leader","floor":28,"turns":1}],"seed_played":"-6639725971699285037","potions_obtained":[{"floor":1,"key":"Swift Potion"},{"floor":6,"key":"AttackPotion"},{"floor":10,"key":"Explosive Potion"},{"floor":12,"key":"ColorlessPotion"},{"floor":13,"key":"LiquidMemories"},{"floor":14,"key":"Block Potion"},{"floor":18,"key":"GamblersBrew"},{"floor":24,"key":"Strength Potion"},{"floor":27,"key":"Regen Potion"}],"is_trial":false,"path_per_floor":["M","M","$","M","M","E","R","$","T","M","E","M","E","M","R","B",null,"M","$","M","?","?","R","M","$","T","M","E"],"character_chosen":"IRONCLAD","items_purchased":["Discovery","HandDrill","Shockwave"],"campfire_rested":0,"item_purchase_floors":[8,19,19],"current_hp_per_floor":[80,80,80,80,80,40,40,40,40,32,26,27,20,23,23,29,80,52,52,40,40,40,40,42,42,42,19,0,0],"gold":76,"neow_bonus":"THREE_ENEMY_KILL","is_daily":false,"chose_seed":false,"campfire_upgraded":2,"win_rate":0.0,"timestamp":1614193250,"path_taken":["M","M","$","M","M","E","R","$","T","M","E","M","E","M","R","BOSS","M","$","M","?","?","R","M","$","T","M","E"],"items_purchased_type":["Card","Relic","Card"],"build_version":"2020-12-22","purchased_purges":3,"victory":false,"max_hp_per_floor":[80,80,80,80,80,80,80,80,80,80,80,80,80,80,80,80,80,80,80,80,80,80,80,80,80,80,80,80,80],"card_choices":[{"not_picked":["Perfected Strike","Iron Wave"],"picked":"Inflame","floor":1},{"not_picked":["Metallicize","Havoc"],"picked":"Warcry","floor":2},{"not_picked":["Sword Boomerang","Dark Embrace"],"picked":"Pommel Strike","floor":4},{"not_picked":["Evolve","Sword Boomerang"],"picked":"Flex","floor":5},{"not_picked":["Warcry","Spot Weakness"],"picked":"Dual Wield","floor":6},{"not_picked":["Warcry","Metallicize"],"picked":"Heavy Blade","floor":10},{"not_picked":["Battle Trance","Uppercut"],"picked":"Barricade","floor":11},{"not_picked":["Thunderclap","Reckless Charge"],"picked":"Heavy Blade","floor":12},{"not_picked":["Armaments","Pommel Strike"],"picked":"Clash","floor":13},{"not_picked":["Pommel Strike","Dark Embrace"],"picked":"Flame Barrier","floor":14},{"not_picked":["Exhume","Brutality"],"picked":"Bludgeon","floor":16},{"not_picked":["Armaments","Searing Blow"],"picked":"Seeing Red","floor":18},{"not_picked":["Bloodletting","Armaments"],"picked":"Fire Breathing+1","floor":20},{"not_picked":["Rampage+1","Headbutt"],"picked":"Shrug It Off+1","floor":24},{"not_picked":["Thunderclap","Perfected Strike"],"picked":"Feel No Pain","floor":27}],"player_experience":208892,"relics_obtained":[{"floor":6,"key":"Smiling Mask"},{"floor":9,"key":"Orichalcum"},{"floor":11,"key":"Potion Belt"},{"floor":13,"key":"Paper Frog"}],"event_choices":[{"damage_healed":0,"gold_gain":0,"player_choice":"Ignored","damage_taken":0,"max_hp_gain":0,"max_hp_loss":0,"event_name":"Vampires","floor":21,"gold_loss":0},{"damage_healed":0,"gold_gain":0,"player_choice":"Read","damage_taken":0,"max_hp_gain":0,"max_hp_loss":0,"event_name":"The Library","floor":22,"gold_loss":0,"cards_obtained":["Anger"]}],"is_beta":false,"boss_relics":[{"not_picked":["Sozu","Runic Cube"],"picked":"Coffee Dripper"}],"items_purged_floors":[3,19,25],"is_endless":false,"potions_floor_spawned":[1,6,10,12,13,14,18,24,27],"killed_by":"Gremlin Leader","ascension_level":0}}