{"host":"ul3z8ex5o8l5j7mh","time":1614203766,"event":{"mods":["2.2 Compatiblity","AchievementEnabler","BaseMod","Bestiary","Colored Map","Colored Powertips","Curses Come First","DeckTracker","Highlight Path","Keyboard Shortcuts","Minty Spire (QoL Compilation)","Relic Sorter","Relic Stats","StSLib","SuperFastMode"],"gold_per_floor":[114,114,134,154,154,190,43,84,84,104,139,139,164,164,164,289,289,302,302,338,45,65,65,98,98,98,111,131,144,104,123,123,246,246,262,262,262,57,120,156,156,172,172,203,16,16,32,32,32,32],"floor_reached":51,"language":"ENG","playtime":3394,"items_purged":["Injury"],"score":901,"play_id":"71632385-4ab1-45a5-8e58-e52dcffe3104","local_time":"20210224225606","is_ascension_mode":true,"campfire_choices":[{"data":"Venomology","floor":12.0,"key":"SMITH"},{"data":"Terror","floor":15.0,"key":"SMITH"},{"floor":23.0,"key":"REST"},{"floor":25.0,"key":"REST"},{"floor":32.0,"key":"REST"},{"data":"After Image","floor":41,"key":"SMITH"},{"floor":46,"key":"DIG"},{"floor":49,"key":"DIG"}],"circlet_count":0,"master_deck":["Strike_G","Strike_G+1","Strike_G","Strike_G+1","Strike_G","Defend_G","Defend_G","Survivor","Neutralize","Crippling Poison+1","Dodge and Roll+1","Deadly Poison","Neutralize","Adrenaline","Terror+1","Deadly Poison","Venomology+1","Poisoned Stab","Envenom","Footwork","Deadly Poison+1","Noxious Fumes","Dodge and Roll+1","Crippling Poison","Leg Sweep+1","Dodge and Roll+1","Backflip+1","After Image+1","Corpse Explosion+1","Poisoned Stab","Panacea+1","Backflip+1","Dash","Blur+1","Bane+1","Apotheosis+1"],"relics":["Astrolabe","Golden Idol","CaptainsWheel","Strange Spoon","Peace Pipe","The Specimen","Strawberry","SlaversCollar","Nilry\u0027s Codex","Red Mask","TwistedFunnel","Eternal Feather","Toxic Egg 2","SacredBark","Anchor","Unceasing Top","Shovel","Calipers","Pen Nib","Pear"],"acts_visited":["Exordium","TheCity","TheBeyond"],"potions_floor_usage":[39,40,40,42,44,44,47,47,50],"damage_taken":[{"damage":0.0,"enemies":"Small Slimes","floor":1.0,"turns":3.0},{"damage":0.0,"enemies":"Cultist","floor":3.0,"turns":3.0},{"damage":0.0,"enemies":"Jaw Worm","floor":4.0,"turns":3.0},{"damage":11.0,"enemies":"Lagavulin","floor":6.0,"turns":6.0},{"damage":10.0,"enemies":"3 Sentries","floor":8.0,"turns":7.0},{"damage":10.0,"enemies":"Large Slime","floor":10.0,"turns":4.0},{"damage":1.0,"enemies":"Gremlin Nob","floor":11.0,"turns":4.0},{"damage":4.0,"enemies":"Exordium Thugs","floor":13.0,"turns":4.0},{"damage":33.0,"enemies":"Slime Boss","floor":16.0,"turns":11.0},{"damage":6.0,"enemies":"2 Thieves","floor":18.0,"turns":4.0},{"damage":15.0,"enemies":"Masked Bandits","floor":20.0,"turns":5.0},{"damage":15.0,"enemies":"Shell Parasite","floor":22.0,"turns":4.0},{"damage":39.0,"enemies":"Slavers","floor":24.0,"turns":4.0},{"damage":16.0,"enemies":"Shelled Parasite and Fungi","floor":27.0,"turns":4.0},{"damage":1.0,"enemies":"Sentry and Sphere","floor":28.0,"turns":4.0},{"damage":0.0,"enemies":"Chosen and Byrds","floor":29.0,"turns":5.0},{"damage":7.0,"enemies":"Snake Plant","floor":31.0,"turns":4.0},{"damage":35.0,"enemies":"Champ","floor":33.0,"turns":13.0},{"damage":0.0,"enemies":"3 Shapes","floor":35.0,"turns":5.0},{"damage":5,"enemies":"Mind Bloom Boss Battle","floor":39,"turns":6},{"damage":7,"enemies":"Reptomancer","floor":40,"turns":4},{"damage":0,"enemies":"Orb Walker","floor":42,"turns":3},{"damage":4,"enemies":"Giant Head","floor":44,"turns":8},{"damage":14,"enemies":"Transient","floor":47,"turns":5},{"damage":41,"enemies":"Awakened One","floor":50,"turns":15}],"seed_played":"6716486615397211960","potions_obtained":[{"floor":3.0,"key":"Dexterity Potion"},{"floor":10.0,"key":"ColorlessPotion"},{"floor":13.0,"key":"ColorlessPotion"},{"floor":24.0,"key":"SteroidPotion"},{"floor":27.0,"key":"Energy Potion"},{"floor":40,"key":"Ancient Potion"},{"floor":42,"key":"CunningPotion"},{"floor":47,"key":"Weak Potion"}],"is_trial":false,"path_per_floor":["M","?","M","M","?","E","$","E","T","M","E","R","M","?","R","B",null,"M","?","?","$","M","R","E","R","T","M","M","M","?","M","R","B",null,"M","?","?","$","?","E","R","M","T","E","$","R","M","$","R","B",null],"character_chosen":"THE_SILENT","items_purchased":["Strange Spoon","TwistedFunnel","Noxious Fumes","Anchor","Backflip+1","Apotheosis+1"],"campfire_rested":3,"item_purchase_floors":[7,21,21,38,38,45],"current_hp_per_floor":[70,70,70,70,70,59,59,49,49,39,45,45,41,41,41,8,77,71,55,40,40,25,48,9,47,47,31,30,30,30,23,61,26,77,77,77,77,77,72,65,77,77,77,73,73,77,63,63,87,46],"gold":32,"neow_bonus":"BOSS_RELIC","is_daily":false,"chose_seed":false,"campfire_upgraded":3,"win_rate":0.0,"timestamp":1614203766,"path_taken":["M","?","?","M","?","E","$","E","T","M","E","R","M","?","R","BOSS","M","?","?","$","M","R","E","R","T","?","?","M","?","?","R","BOSS","M","?","?","?","?","E","R","M","T","E","$","R","M","$","R","BOSS"],"items_purchased_type":["Relic","Relic","Card","Relic","Card","Card"],"build_version":"2020-12-22","purchased_purges":1,"victory":true,"max_hp_per_floor":[70,70,70,70,70,70,70,70,70,70,77,77,77,77,77,77,77,77,77,77,77,77,77,77,77,77,77,77,77,77,77,77,77,77,77,77,77,77,77,77,77,77,77,77,77,77,77,77,87,87],"relic_stats":{"Peace Pipe":1,"Strange Spoon":[63],"Shovel":2,"counters":[25,138],"Golden Idol":175,"Astrolabe":["Crippling Poison","Dodge and Roll","Poisoned Stab"],"Eternal Feather":60,"Pen Nib":[3],"obtain_stats":[{"TwistedFunnel":21,"Calipers":44,"Pear":49,"The Specimen":9,"Golden Idol":5,"Nilry\u0027s Codex":19,"Astrolabe":0,"SacredBark":34,"Eternal Feather":24,"Pen Nib":46,"Peace Pipe":8,"Strange Spoon":7,"SlaversCollar":17,"CaptainsWheel":6,"Anchor":38,"Shovel":40,"Strawberry":11,"Red Mask":20,"Toxic Egg 2":26,"Unceasing Top":39,"Ring of the Snake":0},{"TwistedFunnel":11,"Calipers":23,"Pear":24,"The Specimen":5,"Golden Idol":3,"Nilry\u0027s Codex":10,"Astrolabe":0,"SacredBark":18,"Eternal Feather":13,"Pen Nib":23,"Peace Pipe":5,"Strange Spoon":4,"SlaversCollar":9,"CaptainsWheel":4,"Anchor":19,"Shovel":21,"Strawberry":7,"Red Mask":11,"Toxic Egg 2":13,"Unceasing Top":20,"Ring of the Snake":0},{"TwistedFunnel":54,"Calipers":118,"Pear":123,"The Specimen":22,"Golden Idol":9,"Nilry\u0027s Codex":49,"Astrolabe":0,"SacredBark":92,"Eternal Feather":62,"Pen Nib":118,"Peace Pipe":22,"Strange Spoon":15,"SlaversCollar":45,"CaptainsWheel":15,"Anchor":97,"Shovel":107,"Strawberry":30,"Red Mask":54,"Toxic Egg 2":62,"Unceasing Top":103,"Ring of the Snake":0}],"Unceasing Top":[4]},"card_choices":[{"not_picked":["Cloak And Dagger","Dodge and Roll"],"picked":"Deadly Poison","floor":1.0},{"not_picked":["Heel Hook","Slice"],"picked":"Terror","floor":3.0},{"not_picked":["Heel Hook","Backflip","Sucker Punch"],"picked":"SKIP","floor":4.0},{"not_picked":["Well Laid Plans","Flying Knee"],"picked":"Deadly Poison","floor":6.0},{"not_picked":["Outmaneuver","Blur","Acrobatics"],"picked":"SKIP","floor":8.0},{"not_picked":["Flying Knee","Blade Dance","Dagger Throw"],"picked":"SKIP","floor":10.0},{"not_picked":["Night Terror","Sucker Punch"],"picked":"Venomology","floor":11.0},{"not_picked":["Blade Dance","Dodge and Roll"],"picked":"Poisoned Stab","floor":13.0},{"not_picked":["Tools of the Trade","After Image"],"picked":"Envenom","floor":16.0},{"not_picked":["Sucker Punch+1","Prepared"],"picked":"Footwork","floor":18.0},{"not_picked":["Acrobatics","PiercingWail+1"],"picked":"Deadly Poison+1","floor":20.0},{"not_picked":["Sucker Punch","Prepared"],"picked":"Dodge and Roll+1","floor":22.0},{"not_picked":["PiercingWail","Masterful Stab"],"picked":"Crippling Poison","floor":24.0},{"not_picked":["Infinite Blades","Finisher"],"picked":"Leg Sweep+1","floor":27.0},{"not_picked":["Outmaneuver+1","Bane"],"picked":"Dodge and Roll+1","floor":28.0},{"not_picked":["Dagger Throw+1","Prepared+1"],"picked":"Backflip+1","floor":29.0},{"not_picked":["Outmaneuver+1","Expertise+1"],"picked":"After Image","floor":31.0},{"not_picked":["Adrenaline+1","Tools of the Trade"],"picked":"Corpse Explosion+1","floor":33.0},{"not_picked":["Dagger Throw","Predator+1"],"picked":"Poisoned Stab","floor":35.0},{"not_picked":["Flash of Steel","Master of Strategy+1"],"picked":"Panacea+1","floor":36.0},{"not_picked":["Prepared+1","Outmaneuver+1"],"picked":"Dash","floor":40},{"not_picked":["Dagger Spray","Flechettes+1"],"picked":"Blur+1","floor":42},{"not_picked":["Dagger Throw","Cloak And Dagger+1"],"picked":"Bane+1","floor":44},{"not_picked":["Prepared+1","Outmaneuver+1","Quick Slash+1"],"picked":"SKIP","floor":47}],"player_experience":435279,"relics_obtained":[{"floor":6.0,"key":"CaptainsWheel"},{"floor":8.0,"key":"Peace Pipe"},{"floor":9.0,"key":"The Specimen"},{"floor":11.0,"key":"Strawberry"},{"floor":19.0,"key":"Nilry\u0027s Codex"},{"floor":20.0,"key":"Red Mask"},{"floor":24.0,"key":"Eternal Feather"},{"floor":26.0,"key":"Toxic Egg 2"},{"floor":39,"key":"Unceasing Top"},{"floor":40,"key":"Shovel"},{"floor":44,"key":"Calipers"},{"floor":46,"key":"Pen Nib"},{"floor":49,"key":"Pear"}],"event_choices":[{"damage_healed":0.0,"max_hp_gain":0.0,"max_hp_loss":0.0,"gold_gain":0.0,"event_name":"Match and Keep!","player_choice":"2 cards matched","floor":2.0,"gold_loss":0.0,"damage_taken":0.0,"cards_obtained":["Neutralize","Adrenaline"]},{"damage_healed":0.0,"max_hp_gain":0.0,"max_hp_loss":0.0,"gold_gain":0.0,"event_name":"Match and Keep!","player_choice":"2 cards matched","floor":2.0,"gold_loss":0.0,"damage_taken":0.0,"cards_obtained":["Neutralize","Adrenaline"]},{"damage_healed":0.0,"max_hp_gain":0.0,"max_hp_loss":0.0,"gold_gain":0.0,"event_name":"Golden Idol","player_choice":"Take Wound","floor":5.0,"gold_loss":0.0,"damage_taken":0.0,"relics_obtained":["Golden Idol"],"cards_obtained":["Injury"]},{"damage_healed":0.0,"max_hp_gain":0.0,"max_hp_loss":0.0,"gold_gain":0.0,"event_name":"Liars Game","player_choice":"Ignored","floor":14.0,"gold_loss":0.0,"damage_taken":0.0},{"damage_healed":0.0,"max_hp_gain":0.0,"max_hp_loss":0.0,"gold_gain":0.0,"event_name":"Cursed Tome","player_choice":"Obtained Book","floor":19.0,"gold_loss":0.0,"damage_taken":16.0},{"damage_healed":0.0,"max_hp_gain":0.0,"max_hp_loss":0.0,"gold_gain":0.0,"event_name":"Masked Bandits","player_choice":"Fought Bandits","floor":20.0,"gold_loss":0.0,"damage_taken":0.0},{"damage_healed":0.0,"max_hp_gain":0.0,"max_hp_loss":0.0,"gold_gain":0.0,"event_name":"Designer","player_choice":"Upgraded Two","floor":30.0,"gold_loss":40.0,"damage_taken":0.0,"cards_upgraded":["Strike_G","Strike_G"]},{"damage_healed":0.0,"max_hp_gain":0.0,"max_hp_loss":0.0,"gold_gain":0.0,"event_name":"SensoryStone","player_choice":"Memory 1","floor":36.0,"gold_loss":0.0,"damage_taken":0.0},{"cards_removed":["Poisoned Stab"],"damage_healed":0.0,"max_hp_gain":0.0,"max_hp_loss":0.0,"gold_gain":0.0,"event_name":"Falling","player_choice":"Removed Attack","floor":37.0,"gold_loss":0.0,"damage_taken":0.0},{"damage_healed":0,"gold_gain":0,"player_choice":"Fight","damage_taken":0,"max_hp_gain":0,"max_hp_loss":0,"event_name":"MindBloom","floor":39,"gold_loss":0}],"is_beta":false,"boss_relics":[{"not_picked":["Ectoplasm","Coffee Dripper"],"picked":"SlaversCollar"},{"not_picked":["Black Star","Philosopher\u0027s Stone"],"picked":"SacredBark"}],"items_purged_floors":[21],"is_endless":false,"potions_floor_spawned":[3,10,13,24,27,33,40,42,47],"ascension_level":3}}