{"host":"5z8akj3r2akmlwyw","time":1614190776,"event":{"mods":["AchievementEnabler","BaseMod","Colored Powertips","Conspire","Downfall","KinomotoSakuraMod(ƒæ÷Æ±æ”£)","Marisa£®ÏF”Í°°ƒß¿Ì…≥£©","Minty Spire (QoL Compilation)","Quick Restart","Reimu£®≤©¿ˆ¡È√Œ£©","Remilia£®¿Ÿ√◊¿Ú—«£©","Replay The Spire","StSLib","The Construct","The Cursed","The Hierophant","The Servant 0.9.4","Youmu£®ªÍ∆«—˝√Œ£©"],"gold_per_floor":[119,294,294,194,205,205,216,107,132,152,52,52,102,119,119,221,221,234,253,265,284,159,189,189,209,209,209,8,8,23,37,37,142,142,157,174,24,24,38,38,92,92,92,92,117,132,165,177,177,177,177,177,2,28,28,28],"floor_reached":55,"language":"ZHS","playtime":4355,"items_purged":["Strike_P","Doubt","Strike_P","Strike_P","Doubt"],"score":648,"play_id":"eb8106a2-6410-4ed7-9c62-9be87397cf12","local_time":"20210225021936","is_ascension_mode":true,"campfire_choices":[{"data":"Scrawl","floor":6.0,"key":"SMITH"},{"data":"Ghostly","floor":24.0,"key":"SMITH"},{"floor":32.0,"key":"REST"},{"data":"MentalFortress","floor":40.0,"key":"SMITH"},{"data":"ForeignInfluence","floor":44.0,"key":"SMITH"},{"floor":49.0,"key":"RECALL"},{"data":"Prostrate","floor":52.0,"key":"SMITH"}],"circlet_count":0,"master_deck":["Defend_P+1","Defend_P+1","Eruption+1","Vigilance","Scrawl+1","Tantrum+1","Ghostly+1","EmptyBody","Prostrate","CrushJoints+1","MentalFortress+1","ForeignInfluence+1","Steam","LessonLearned+1","BattleHymn+1","Prostrate+1","LikeWater+1","Wallop","InnerPeace+1","Replay:ManipulateFuture+1","Ghostly+1","Crescendo","Consecrate+1","Brilliance","Adaptation+1","Crescendo+1","Halt+1","Judgement","FlurryOfBlows+1"],"relics":["PureWater","Vajra","Painkiller Herb","conspire:DeflatedDodgeball","Replay:Bottled Steam","conspire:BottledYoYo","Strange Spoon","conspire:SpecialSausage","CatCart","conspire:Boomerang","Ancient Tea Set","Replay:Wax Seal","Sundial"],"acts_visited":["Exordium","TheCity","TheBeyond","TheEnding"],"potions_floor_usage":[55],"damage_taken":[{"damage":1.0,"enemies":"Cultist","floor":1.0,"turns":3.0},{"damage":0.0,"enemies":"Small Slimes","floor":5.0,"turns":2.0},{"damage":0.0,"enemies":"Jaw Worm","floor":7.0,"turns":3.0},{"damage":0.0,"enemies":"Large Slime","floor":10.0,"turns":2.0},{"damage":0.0,"enemies":"Looter","floor":14.0,"turns":3.0},{"damage":9.0,"enemies":"The Guardian","floor":16.0,"turns":7.0},{"damage":0.0,"enemies":"Chosen","floor":18.0,"turns":2.0},{"damage":6.0,"enemies":"Shell Parasite","floor":19.0,"turns":3.0},{"damage":4.0,"enemies":"Snecko","floor":20.0,"turns":5.0},{"damage":0.0,"enemies":"Shelled Parasite and Fungi","floor":21.0,"turns":3.0},{"damage":7.0,"enemies":"Gremlin Leader","floor":23.0,"turns":5.0},{"damage":0.0,"enemies":"Snake Plant","floor":25.0,"turns":3.0},{"damage":0.0,"enemies":"Snecko","floor":30.0,"turns":2.0},{"damage":2.0,"enemies":"Centurion and Healer","floor":31.0,"turns":4.0},{"damage":0.0,"enemies":"Collector","floor":33.0,"turns":5.0},{"damage":0.0,"enemies":"3 Shapes","floor":35.0,"turns":7.0},{"damage":10.0,"enemies":"Orb Walker","floor":36.0,"turns":4.0},{"damage":0.0,"enemies":"Sphere and 2 Shapes","floor":39.0,"turns":3.0},{"damage":50.0,"enemies":"Orin","floor":41.0,"turns":7.0},{"damage":8.0,"enemies":"Reptomancer","floor":45.0,"turns":4.0},{"damage":21.0,"enemies":"Writhing Mass","floor":46.0,"turns":6.0},{"damage":74.0,"enemies":"Nemesis","floor":47.0,"turns":5.0},{"damage":9.0,"enemies":"4 Shapes","floor":48.0,"turns":5.0},{"damage":4.0,"enemies":"Replay:Hell Engine","floor":50.0,"turns":8.0},{"damage":17.0,"enemies":"Shield and Spear","floor":54.0,"turns":6.0},{"damage":155,"enemies":"The Heart","floor":55,"turns":6}],"seed_played":"-6082874139655184837","potions_obtained":[{"floor":10.0,"key":"construct:ShiftPotion"},{"floor":18.0,"key":"Flashbang"},{"floor":21.0,"key":"PowerPotion"},{"floor":30.0,"key":"SpeedPotion"},{"floor":33.0,"key":"ZuzhouPotion:ReiMu"},{"floor":45.0,"key":"PowerPotion"},{"floor":47.0,"key":"LiquidBronze"},{"floor":48.0,"key":"Energy Potion"},{"floor":54.0,"key":"conspire:TimeTravelPotion"}],"is_trial":false,"path_per_floor":["M","?","?","?","M","R","M","$","T","M","$","?","T","M","R","B",null,"?","?","?","?","T","E","T","?","T","?","T","?","?","?","T","B",null,"?","?","T","T","?","T","?","?","T","T","E","?","E","?","T","B",null,"T","T","E","B"],"character_chosen":"WATCHER","items_purchased":["CrushJoints+1","Strange Spoon","Adrenaline Potion"],"campfire_rested":1,"item_purchase_floors":[8,28,28],"current_hp_per_floor":[64,64,51,51,51,51,51,51,51,51,51,44,44,44,44,35,65,65,59,55,55,55,48,48,48,48,48,48,48,48,46,65,65,65,65,55,55,55,55,55,5,65,65,65,57,36,24,15,15,11,65,65,65,48,0,0],"gold":28,"neow_bonus":"THREE_RARE_CARDS","is_daily":false,"chose_seed":false,"campfire_upgraded":5,"win_rate":0.0,"timestamp":1614190776,"path_taken":["M","?","?","?","M","R","M","$","T","M","$","?","?","M","R","BOSS","?","?","?","?","T","E","T","?","T","?","T","?","?","?","T","BOSS","?","?","?","T","?","T","?","?","T","T","E","?","E","?","T","BOSS","T","T","E","BOSS"],"items_purchased_type":["Card","Relic","Potion"],"build_version":"2020-12-22","purchased_purges":5,"victory":false,"max_hp_per_floor":[65,65,65,65,65,65,65,65,65,65,65,65,65,65,65,65,65,65,65,65,65,65,65,65,65,65,65,65,65,65,65,65,65,65,65,65,65,65,65,65,65,65,65,65,65,65,65,65,65,65,65,65,65,65,65,65],"card_choices":[{"not_picked":["Blasphemy","DevaForm"],"picked":"Scrawl","floor":0.0},{"not_picked":["FlurryOfBlows","EmptyBody"],"picked":"Tantrum","floor":1.0},{"not_picked":["ThirdEye","Halt"],"picked":"EmptyBody","floor":5.0},{"not_picked":["Replay:Vibes","SashWhip"],"picked":"Prostrate","floor":7.0},{"not_picked":["EmptyFist","Collect"],"picked":"MentalFortress","floor":10.0},{"not_picked":["DevaForm","ThirdEye","CutThroughFate"],"picked":"SKIP","floor":14.0},{"not_picked":["Alpha","Establishment"],"picked":"LessonLearned","floor":16.0},{"not_picked":["SashWhip","Replay:Cycle+1"],"picked":"BattleHymn+1","floor":18.0},{"not_picked":["FlyingSleeves","Crescendo"],"picked":"Prostrate","floor":19.0},{"not_picked":["CrushJoints","Crescendo"],"picked":"LikeWater+1","floor":20.0},{"not_picked":["Sanctity","FlyingSleeves"],"picked":"Wallop","floor":21.0},{"not_picked":["Perseverance","Sanctity+1"],"picked":"InnerPeace+1","floor":23.0},{"not_picked":["Replay:AtTheReady","CrushJoints+1"],"picked":"Replay:ManipulateFuture+1","floor":25.0},{"not_picked":["Prostrate","TalkToTheHand"],"picked":"Crescendo","floor":30.0},{"not_picked":["Nirvana","ClearTheMind"],"picked":"Consecrate+1","floor":31.0},{"not_picked":["Blasphemy","Alpha"],"picked":"Brilliance","floor":33.0},{"not_picked":["CrushJoints","EmptyMind"],"picked":"Adaptation","floor":35.0},{"not_picked":["FlyingSleeves+1","CrushJoints+1"],"picked":"Crescendo+1","floor":36.0},{"not_picked":["Consecrate+1","InnerPeace","SandsOfTime"],"picked":"SKIP","floor":39.0},{"not_picked":["Replay:ManipulateFuture+1","Worship"],"picked":"Halt+1","floor":41.0},{"not_picked":["Replay:Vibes","Replay:AtTheReady","Protect+1"],"picked":"SKIP","floor":45.0},{"not_picked":["Evaluate","BowlingBash+1","Halt"],"picked":"SKIP","floor":46.0},{"not_picked":["Collect","Consecrate"],"picked":"Judgement","floor":47.0},{"not_picked":["FollowUp+1","Replay:AtTheReady+1","Replay:BluntJabs+1"],"picked":"SKIP","floor":48.0},{"not_picked":["ReachHeaven","EmptyBody+1"],"picked":"FlurryOfBlows+1","floor":54.0}],"player_experience":129226,"relics_obtained":[{"floor":13.0,"key":"Vajra"},{"floor":23.0,"key":"conspire:DeflatedDodgeball"},{"floor":26.0,"key":"Replay:Bottled Steam"},{"floor":41.0,"key":"CatCart"},{"floor":43.0,"key":"conspire:Boomerang"},{"floor":45.0,"key":"Ancient Tea Set"},{"floor":47.0,"key":"Replay:Wax Seal"},{"floor":54.0,"key":"Sundial"}],"event_choices":[{"damage_healed":0.0,"max_hp_gain":0.0,"max_hp_loss":0.0,"gold_gain":175.0,"event_name":"Liars Game","player_choice":"AGREE","floor":2.0,"gold_loss":0.0,"damage_taken":0.0,"cards_obtained":["Doubt"]},{"damage_healed":0.0,"max_hp_gain":0.0,"max_hp_loss":0.0,"gold_gain":0.0,"event_name":"Shining Light","player_choice":"Entered Light","floor":3.0,"gold_loss":0.0,"damage_taken":13.0,"cards_upgraded":["Eruption","Strike_P"]},{"damage_healed":0.0,"max_hp_gain":0.0,"max_hp_loss":0.0,"gold_gain":0.0,"event_name":"conspire:LoneGhost","player_choice":"Argue","floor":4.0,"gold_loss":0.0,"damage_taken":0.0},{"cards_removed":["Defend_P"],"damage_healed":0.0,"max_hp_gain":0.0,"max_hp_loss":0.0,"gold_gain":0.0,"event_name":"Golden Wing","player_choice":"Card Removal","floor":12.0,"gold_loss":0.0,"damage_taken":7.0},{"damage_healed":0.0,"max_hp_gain":0.0,"max_hp_loss":0.0,"gold_gain":0.0,"event_name":"Duplicator","player_choice":"Copied","floor":29.0,"gold_loss":0.0,"damage_taken":0.0,"cards_obtained":["Ghostly"]},{"damage_healed":0.0,"max_hp_gain":0.0,"max_hp_loss":0.0,"gold_gain":0.0,"event_name":"OrinTheCat","player_choice":"Fight","floor":41.0,"gold_loss":0.0,"damage_taken":0.0},{"damage_healed":60.0,"max_hp_gain":0.0,"max_hp_loss":0.0,"gold_gain":0.0,"event_name":"MindBloom","player_choice":"Heal","floor":42.0,"gold_loss":0.0,"damage_taken":0.0,"cards_obtained":["Doubt"]}],"is_beta":false,"boss_relics":[{"not_picked":["Replay:Ancient Bell","conspire:SeveredTorchhead"],"picked":"Painkiller Herb"},{"not_picked":["Replay:Bronze Core","Kintsugi"],"picked":"conspire:SpecialSausage"}],"items_purged_floors":[8,11,22,37,53],"is_endless":false,"potions_floor_spawned":[10,18,21,30,33,45,47,48,54],"killed_by":"The Heart","ascension_level":2}}