{"host":"lg1piimdyocafd6j","time":1614166576,"event":{"mods":["AchievementEnabler","BaseMod","Better Third Choice","BetterRewards","Colored Map","Colored Powertips","Downfall","Minty Spire (QoL Compilation)","Quick Restart","Rare Cards Sparkle","Remove Card Discount Mod","Shop Mod","StSLib","SuperFastMode"],"gold_per_floor":[116,191,191,210,26,26,56,56,56,56,56,56,91,159,159,258,258,274,286,299,299,317,317,329,179,203,215,215,215,215,233,233,330,330,345,345,357,203,215,245,121,140,140,156,156,206,133,150,150,150,150,150,71,106,106],"floor_reached":56,"language":"ENG","playtime":3732,"items_purged":["Defend_R","Defend_R","Bash","Strike_R","Strike_R","Strike_R","Strike_R","Strike_R","Battle Trance","Rampage","Clash","Pommel Strike+1","Demon Form","Searing Blow","Feed","Inflame+1","Iron Wave","Disarm+1","Armaments+1"],"score":1435,"play_id":"789c4a49-e5f6-4f22-8baa-019f719890f5","local_time":"20210224123616","is_ascension_mode":false,"campfire_choices":[{"floor":6,"key":"RECALL"},{"data":"Armaments","floor":8,"key":"SMITH"},{"data":"Barricade","floor":10,"key":"SMITH"},{"data":"Armaments","floor":15,"key":"SMITH"},{"data":"Body Slam","floor":23,"key":"SMITH"},{"data":"Impervious","floor":29,"key":"SMITH"},{"data":"Iron Wave","floor":32,"key":"SMITH"},{"floor":49,"key":"REST"},{"data":"Body Slam","floor":52,"key":"SMITH"}],"circlet_count":0,"master_deck":["Body Slam+1","Iron Wave","Armaments+1","Barricade+1","Iron Wave+1","Iron Wave+1","Body Slam+1","Impervious+1","Offering+1","Offering+1","Juggernaut","Body Slam+1","Metallicize","Impervious","Flame Barrier+1","Seeing Red+1"],"relics":["Burning Blood","Orrery","White Beast Statue","Thread and Needle","Sundial","Astrolabe","Toy Ornithopter","Tiny Chest","Runic Pyramid","Membership Card","Red Skull","HornCleat","Bag of Marbles","War Paint","Lantern","Strawberry"],"acts_visited":["Exordium","TheCity","TheBeyond","TheEnding"],"potions_floor_usage":[7,54],"damage_taken":[{"damage":1,"enemies":"2 Louse","floor":1,"turns":4},{"damage":0,"enemies":"Jaw Worm","floor":4,"turns":4},{"damage":12,"enemies":"Lagavulin","floor":7,"turns":7},{"damage":29,"enemies":"Gremlin Nob","floor":13,"turns":5},{"damage":21,"enemies":"Hexaghost","floor":16,"turns":10},{"damage":6,"enemies":"Shell Parasite","floor":18,"turns":7},{"damage":6,"enemies":"Spheric Guardian","floor":19,"turns":3},{"damage":6,"enemies":"Centurion and Healer","floor":20,"turns":11},{"damage":6,"enemies":"Chosen and Byrds","floor":22,"turns":5},{"damage":6,"enemies":"Snecko","floor":24,"turns":5},{"damage":6,"enemies":"Shelled Parasite and Fungi","floor":27,"turns":5},{"damage":6,"enemies":"Snake Plant","floor":31,"turns":3},{"damage":12,"enemies":"Automaton","floor":33,"turns":7},{"damage":17,"enemies":"Orb Walker","floor":35,"turns":4},{"damage":19,"enemies":"3 Darklings","floor":37,"turns":4},{"damage":20,"enemies":"Transient","floor":39,"turns":5},{"damage":12,"enemies":"Reptomancer","floor":40,"turns":4},{"damage":6,"enemies":"Jaw Worm Horde","floor":42,"turns":5},{"damage":0,"enemies":"Maw","floor":44,"turns":6},{"damage":6,"enemies":"Writhing Mass","floor":48,"turns":4},{"damage":12,"enemies":"Time Eater","floor":50,"turns":4},{"damage":12,"enemies":"Shield and Spear","floor":54,"turns":2},{"damage":12,"enemies":"The Heart","floor":55,"turns":6}],"seed_played":"2301545420095420377","potions_obtained":[{"floor":1,"key":"Explosive Potion"},{"floor":7,"key":"bronze:BurnAndBuffPotion"},{"floor":13,"key":"AttackPotion"},{"floor":16,"key":"ColorlessPotion"},{"floor":18,"key":"Dexterity Potion"},{"floor":35,"key":"BloodPotion"},{"floor":42,"key":"DistilledChaos"},{"floor":54,"key":"Regen Potion"}],"is_trial":false,"path_per_floor":["M","?","?","M","$","R","E","R","T","R","?","?","E","T","R","B",null,"M","M","M","?","M","R","M","$","T","M","?","R","T","M","R","B",null,"M","?","M","$","M","E","$","M","T","M","?","T","$","M","R","B",null,"R","$","E","B",null],"character_chosen":"IRONCLAD","items_purchased":["Body Slam","Iron Wave","Armaments","Barricade","Iron Wave","Orrery","Feed","Iron Wave","Offering","Membership Card","Impervious","Flame Barrier","War Paint","Lantern"],"campfire_rested":1,"item_purchase_floors":[0,0,0,0,0,0,5,5,25,38,41,41,47,53],"current_hp_per_floor":[80,69,53,59,59,59,61,61,61,61,66,66,52,52,52,51,93,97,101,105,105,109,109,112,112,112,116,116,116,116,116,116,110,116,105,105,92,92,78,72,72,72,72,78,78,78,78,78,112,106,116,116,116,117,111],"gold":106,"neow_bonus":"","is_daily":false,"chose_seed":false,"campfire_upgraded":7,"win_rate":0.0,"timestamp":1614166576,"path_taken":["M","?","?","M","$","R","E","R","T","R","?","?","E","?","R","BOSS","M","M","M","?","M","R","M","$","T","M","?","R","?","?","R","BOSS","M","?","M","$","M","E","$","M","T","M","?","?","$","M","R","BOSS","R","$","E","BOSS"],"items_purchased_type":["Card","Card","Card","Card","Card","Relic","Card","Card","Card","Relic","Card","Card","Relic","Relic"],"build_version":"2020-12-22","purchased_purges":19,"victory":true,"max_hp_per_floor":[80,80,80,80,80,80,84,84,84,84,89,89,93,93,93,93,93,97,101,105,105,109,109,112,112,112,116,116,116,116,116,116,116,116,116,116,116,116,116,116,116,116,116,116,116,116,116,116,116,116,116,116,116,123,123],"card_choices":[{"not_picked":["Sentinel","Dual Wield"],"picked":"Iron Wave","floor":0},{"not_picked":["Burning Pact","Carnage"],"picked":"Battle Trance","floor":0},{"not_picked":["Intimidate","Wild Strike"],"picked":"Rampage","floor":0},{"not_picked":["Flex","Cleave"],"picked":"Clash","floor":0},{"not_picked":["Anger","Sword Boomerang"],"picked":"Armaments","floor":0},{"not_picked":["Wild Strike","Havoc"],"picked":"Reaper","floor":1},{"not_picked":["Searing Blow","Headbutt"],"picked":"Body Slam","floor":4},{"not_picked":["Battle Trance","Sentinel"],"picked":"Searing Blow","floor":7},{"not_picked":["Sword Boomerang","Clash"],"picked":"Demon Form","floor":13},{"not_picked":["Double Tap","Corruption"],"picked":"Impervious","floor":16},{"not_picked":["Thunderclap","Anger","Headbutt"],"picked":"SKIP","floor":18},{"not_picked":["Twin Strike+1","Warcry","Pommel Strike"],"picked":"SKIP","floor":19},{"not_picked":["Heavy Blade","Rupture","Battle Trance"],"picked":"SKIP","floor":20},{"not_picked":["Clothesline","Uppercut","True Grit"],"picked":"SKIP","floor":22},{"not_picked":["Dark Embrace+1","Warcry+1"],"picked":"Inflame+1","floor":24},{"not_picked":["Warcry","Headbutt","Shockwave"],"picked":"SKIP","floor":27},{"not_picked":["Twin Strike","Intimidate+1"],"picked":"Metallicize","floor":31},{"not_picked":["Immolate","Barricade"],"picked":"Juggernaut","floor":33},{"not_picked":["Headbutt","Sentinel+1","True Grit"],"picked":"SKIP","floor":35},{"not_picked":["True Grit","Sword Boomerang+1"],"picked":"Body Slam","floor":37},{"not_picked":["Warcry+1","Anger+1"],"picked":"Metallicize","floor":39},{"not_picked":["Cleave+1","Shockwave","Hemokinesis"],"picked":"SKIP","floor":40},{"not_picked":["Perfected Strike+1","Pommel Strike+1","Fire Breathing"],"picked":"SKIP","floor":42},{"not_picked":["Hemokinesis+1","Warcry","Wild Strike+1"],"picked":"SKIP","floor":44},{"not_picked":["Headbutt","Spot Weakness+1","Reckless Charge+1"],"picked":"SKIP","floor":48},{"not_picked":["Immolate","True Grit+1"],"picked":"Seeing Red+1","floor":54}],"player_experience":200640,"relics_obtained":[{"floor":7,"key":"White Beast Statue"},{"floor":13,"key":"Thread and Needle"},{"floor":14,"key":"Sundial"},{"floor":26,"key":"Toy Ornithopter"},{"floor":30,"key":"Tiny Chest"},{"floor":40,"key":"Red Skull"},{"floor":43,"key":"HornCleat"},{"floor":46,"key":"Bag of Marbles"},{"floor":54,"key":"Strawberry"}],"event_choices":[{"damage_healed":0,"gold_gain":75,"player_choice":"Gold","damage_taken":11,"max_hp_gain":0,"max_hp_loss":0,"event_name":"betterThird:BetterGoop","floor":2,"gold_loss":0},{"damage_healed":69,"gold_gain":0,"player_choice":"Upgrade","damage_taken":16,"max_hp_gain":0,"max_hp_loss":80,"event_name":"betterThird:BetterShining","floor":3,"gold_loss":0,"cards_upgraded":["Iron Wave","Body Slam"]},{"damage_healed":0,"gold_gain":0,"player_choice":"Donut","damage_taken":0,"max_hp_gain":5,"max_hp_loss":0,"event_name":"Big Fish","floor":11,"gold_loss":0},{"damage_healed":0,"gold_gain":0,"player_choice":"Ignored","damage_taken":0,"max_hp_gain":0,"max_hp_loss":0,"event_name":"Golden Idol","floor":12,"gold_loss":0},{"damage_healed":0,"gold_gain":0,"player_choice":"Ignored","damage_taken":0,"max_hp_gain":0,"max_hp_loss":0,"event_name":"Vampires","floor":28,"gold_loss":0},{"damage_healed":0,"gold_gain":0,"player_choice":"Memory 1","damage_taken":0,"max_hp_gain":0,"max_hp_loss":0,"event_name":"SensoryStone","floor":36,"gold_loss":0},{"cards_removed":["Metallicize"],"damage_healed":0,"gold_gain":0,"player_choice":"Removed Power","damage_taken":0,"max_hp_gain":0,"max_hp_loss":0,"event_name":"Falling","floor":45,"gold_loss":0}],"is_beta":false,"boss_relics":[{"not_picked":["Snecko Eye","Cursed Key"],"picked":"Astrolabe"},{"not_picked":["Black Blood","Empty Cage"],"picked":"Runic Pyramid"}],"items_purged_floors":[0,0,0,0,0,0,0,0,0,0,0,25,38,38,38,41,53,53,53],"is_endless":false,"potions_floor_spawned":[1,7,13,16,18,19,20,22,24,27,31,33,35,37,39,40,42,44,48,54],"ascension_level":0}}