{"host":"tgqjap25jvjx3f06","time":1614170184,"event":{"mods":["BaseMod","DeckTracker","Dota2Spire","Minty Spire (QoL Compilation)","Quick Restart","Relic Filter Mod","Replay The Spire","Shop Mod","StSLib","óô»ðÖ¸ÄÏ"],"gold_per_floor":[114,114,138,0,0,36,36,79,103,118,24,42,75,90,90,211,211,234,253,271,271,286,286,320,320,345,389,414,364,364,404,404,525,525,548,548,50,64,64,64,95,95,95,95,116,179,0,44,44,44,44,44,45,71,71],"floor_reached":56,"language":"ZHS","playtime":2936,"items_purged":["Strike_G","Strike_G","Strike_G","Strike_G","Clumsy"],"score":1435,"play_id":"6a860924-31fa-45ed-9560-4ac1b597af2e","local_time":"20210224203624","is_ascension_mode":true,"campfire_choices":[{"data":"Apotheosis","floor":7.0,"key":"SMITH"},{"data":"Footwork","floor":15.0,"key":"SMITH"},{"data":"Reflex","floor":23.0,"key":"SMITH"},{"data":"Tactician","floor":25.0,"key":"SMITH"},{"data":"Bullet Time","floor":30.0,"key":"SMITH"},{"data":"Envenom","floor":40.0,"key":"SMITH"},{"data":"Adrenaline","floor":42.0,"key":"SMITH"},{"data":"Glass Knife","floor":44.0,"key":"SMITH"},{"floor":49,"key":"RECALL"},{"data":"Footwork","floor":52,"key":"SMITH"}],"circlet_count":0,"master_deck":["Defend_G","Defend_G","Defend_G","Defend_G","Defend_G+1","Survivor+1","Neutralize","Tools of the Trade","Masterful Stab","Apotheosis+1","Tactician+1","Footwork+1","Eviscerate","Eviscerate","Eviscerate","Glass Knife+1","Reflex+1","Bullet Time+1","ReplayTheSpireMod:Tripwire+1","Envenom+1","Venomology","Adrenaline+1","ReplayTheSpireMod:Muscle Training+1","Escape Plan+1","Unload","Footwork+1","Footwork","Flex+1","Chrysalis","Replay:Sssssssssstrike","Replay:BasicMightCard","ReplayTheSpireMod:Speed Training"],"relics":["Dota2Spire:ShadowBlade","Gambling Chip","Dota2Spire:EchoSabre","Dota2Spire:Vanguard","Smiling Mask","Oddly Smooth Stone","Dota2Spire:Bloodstone","Cursed Key","MerchantsRug","Bag of Preparation","Torii","Dota2Spire:PhaseBoots","Dota2Spire:CrimsonGuard","War Paint","ReplayTheSpireMod:ShopPack","Dota2Spire:ArcaneBoots"],"acts_visited":["Exordium","TheCity","TheBeyond","TheEnding"],"potions_floor_usage":[50,55,55,55],"damage_taken":[{"damage":0.0,"enemies":"Cultist","floor":1.0,"turns":5.0},{"damage":0.0,"enemies":"Small Slimes","floor":3.0,"turns":6.0},{"damage":3.0,"enemies":"3 Sentries","floor":6.0,"turns":8.0},{"damage":2.0,"enemies":"Lagavulin","floor":8.0,"turns":7.0},{"damage":0.0,"enemies":"Jaw Worm","floor":10.0,"turns":2.0},{"damage":0.0,"enemies":"Exordium Thugs","floor":12.0,"turns":3.0},{"damage":9.0,"enemies":"3 Sentries","floor":13.0,"turns":4.0},{"damage":0.0,"enemies":"2 Fungi Beasts","floor":14.0,"turns":1.0},{"damage":0.0,"enemies":"Slime Boss","floor":16.0,"turns":6.0},{"damage":0.0,"enemies":"2 Thieves","floor":18.0,"turns":3.0},{"damage":0.0,"enemies":"Shell Parasite","floor":19.0,"turns":3.0},{"damage":6.0,"enemies":"Cultist and Chosen","floor":20.0,"turns":3.0},{"damage":0.0,"enemies":"Centurion and Healer","floor":22.0,"turns":3.0},{"damage":8.0,"enemies":"Gremlin Leader","floor":24.0,"turns":4.0},{"damage":0.0,"enemies":"Slavers","floor":27.0,"turns":5.0},{"damage":0.0,"enemies":"Snake Plant","floor":28.0,"turns":3.0},{"damage":0.0,"enemies":"Book of Stabbing","floor":31.0,"turns":5.0},{"damage":12.0,"enemies":"Automaton","floor":33.0,"turns":8.0},{"damage":0.0,"enemies":"3 Shapes","floor":35.0,"turns":3.0},{"damage":0.0,"enemies":"3 Darklings","floor":38.0,"turns":3.0},{"damage":9.0,"enemies":"Nemesis","floor":41.0,"turns":5.0},{"damage":0.0,"enemies":"Sphere and 2 Shapes","floor":45.0,"turns":3.0},{"damage":0.0,"enemies":"Mind Bloom Boss Battle","floor":46.0,"turns":5.0},{"damage":0.0,"enemies":"Giant Head","floor":48.0,"turns":6.0},{"damage":53,"enemies":"Time Eater","floor":50,"turns":10},{"damage":46,"enemies":"Shield and Spear","floor":54,"turns":5},{"damage":59,"enemies":"The Heart","floor":55,"turns":8}],"seed_played":"6238050861936625869","potions_obtained":[{"floor":3.0,"key":"Flashbang"},{"floor":8.0,"key":"Death Potion"},{"floor":13.0,"key":"LiquidMemories"},{"floor":16.0,"key":"Strength Potion"},{"floor":27.0,"key":"Flashbang"},{"floor":35.0,"key":"Adrenaline Potion"},{"floor":41.0,"key":"Dexterity Potion"},{"floor":46.0,"key":"Toxic Potion"},{"floor":48.0,"key":"LiquidBronze"}],"is_trial":false,"path_per_floor":["M","?","M","$","?","E","R","E","T","M","$","M","E","M","R","B",null,"M","M","M","?","M","R","E","R","T","E","M","$","R","E","R","B",null,"M","?","$","M","T","R","E","R","T","R","M","?","$","E","R","B",null,"R","$","E","B",null],"character_chosen":"THE_SILENT","items_purchased":["Apotheosis","Eviscerate","MerchantsRug","Bag of Preparation","PrismaticShard","Adrenaline","BargainBundle","Unload","Footwork","Dota2Spire:CrimsonGuard","War Paint","ReplayTheSpireMod:ShopPack"],"campfire_rested":0,"item_purchase_floors":[4,11,37,37,37,37,47,47,47,53,53,53],"current_hp_per_floor":[70,53,53,53,53,50,50,48,48,48,48,48,39,39,39,39,70,70,70,64,64,64,64,56,56,56,56,56,56,56,56,56,44,70,70,70,70,70,70,70,61,61,61,61,61,61,61,61,61,8,70,70,70,24,13],"gold":71,"neow_bonus":"BOSS_RELIC","is_daily":false,"chose_seed":false,"campfire_upgraded":9,"win_rate":0.0,"timestamp":1614170184,"path_taken":["M","?","M","$","?","E","R","E","T","M","$","M","E","M","R","BOSS","M","M","M","?","M","R","E","R","T","E","M","$","R","E","R","BOSS","M","?","$","M","?","R","E","R","T","R","M","?","$","E","R","BOSS","R","$","E","BOSS"],"items_purchased_type":["Card","Card","Relic","Relic","Relic","Card","Relic","Card","Card","Relic","Relic","Relic"],"build_version":"2020-12-22","purchased_purges":5,"victory":true,"max_hp_per_floor":[70,70,70,70,70,70,70,70,70,70,70,70,70,70,70,70,70,70,70,70,70,70,70,70,70,70,70,70,70,70,70,70,70,70,70,70,70,70,70,70,70,70,70,70,70,70,70,70,70,70,70,70,70,70,70],"card_choices":[{"not_picked":["Draining Mist","Outmaneuver"],"picked":"Tools of the Trade","floor":1.0},{"not_picked":["Slice","Infinite Blades"],"picked":"Masterful Stab","floor":3.0},{"not_picked":["Dagger Spray","Blur"],"picked":"Tactician","floor":6.0},{"not_picked":["PiercingWail","Flying Knee"],"picked":"Footwork","floor":8.0},{"not_picked":["Cloak And Dagger","Dagger Spray","Heel Hook"],"picked":"SKIP","floor":10.0},{"not_picked":["Dodge and Roll","PiercingWail","Poison Darts"],"picked":"SKIP","floor":12.0},{"not_picked":["Blade Dance","Dagger Spray"],"picked":"Eviscerate","floor":13.0},{"not_picked":["Slice","Outmaneuver","Catalyst"],"picked":"SKIP","floor":14.0},{"not_picked":["Venomology","Replay:Bag of Tricks"],"picked":"Glass Knife","floor":16.0},{"not_picked":["PiercingWail","Blade Dance"],"picked":"Dagger Throw+1","floor":18.0},{"not_picked":["Flying Knee","Cloak And Dagger","Blade Dance"],"picked":"SKIP","floor":19.0},{"not_picked":["Sucker Punch","Hidden Blade+1","Flying Knee+1"],"picked":"SKIP","floor":20.0},{"not_picked":["PiercingWail","Dodge and Roll","Sucker Punch+1"],"picked":"SKIP","floor":22.0},{"not_picked":["Backstab","Slice+1","Flechettes"],"picked":"SKIP","floor":24.0},{"not_picked":["Setup","ReplayTheSpireMod:Shiv Toss"],"picked":"Bullet Time","floor":27.0},{"not_picked":["Dagger Throw+1","Dodge and Roll+1","Backflip"],"picked":"SKIP","floor":28.0},{"not_picked":["Masterful Stab","Fluid Movement"],"picked":"ReplayTheSpireMod:Tripwire+1","floor":31.0},{"not_picked":["Poison Darts","ReplayTheSpireMod:Necrosis"],"picked":"Venomology","floor":33.0},{"not_picked":["Bouncing Flask","Outmaneuver","Accuracy+1"],"picked":"SKIP","floor":35.0},{"not_picked":["Sweeping Beam+1","Anger+1","Weave"],"picked":"SKIP","floor":38.0},{"not_picked":["Entrench","ReplayTheSpireMod:Uncanny Aura"],"picked":"ReplayTheSpireMod:Muscle Training+1","floor":41.0},{"not_picked":["Streamline","ReplayTheSpireMod:Tripwire","Body Slam+1"],"picked":"Escape Plan+1","floor":45.0},{"not_picked":["Deadly Poison","Slice+1","FlyingSleeves+1"],"picked":"Flex+1","floor":48.0},{"not_picked":["The Bomb","HandOfGreed"],"picked":"Chrysalis","floor":53},{"not_picked":["Enlightenment","Apotheosis"],"picked":"Replay:Sssssssssstrike","floor":53},{"not_picked":["Survey Options","Dark Shackles"],"picked":"Replay:BasicMightCard","floor":53},{"not_picked":["Doppelganger","Predator+1"],"picked":"ReplayTheSpireMod:Speed Training","floor":54}],"player_experience":361107,"relics_obtained":[{"floor":0.0,"key":"Dota2Spire:ShadowBlade"},{"floor":0.0,"key":"The Courier"},{"floor":0.0,"key":"Gambling Chip"},{"floor":6.0,"key":"Dota2Spire:EchoSabre"},{"floor":8.0,"key":"Dota2Spire:Vanguard"},{"floor":9.0,"key":"Smiling Mask"},{"floor":13.0,"key":"Oddly Smooth Stone"},{"floor":24.0,"key":"Orichalcum"},{"floor":27.0,"key":"Regal Pillow"},{"floor":31.0,"key":"Ninja Scroll"},{"floor":41.0,"key":"Torii"},{"floor":43.0,"key":"Question Card"},{"floor":46.0,"key":"The Specimen"},{"floor":48.0,"key":"Dota2Spire:PhaseBoots"},{"floor":54,"key":"Dota2Spire:ArcaneBoots"}],"event_choices":[{"damage_healed":0.0,"max_hp_gain":0.0,"max_hp_loss":0.0,"gold_gain":0.0,"event_name":"Golden Idol","player_choice":"Take Damage","floor":2.0,"gold_loss":0.0,"damage_taken":17.0,"relics_obtained":["Golden Idol"]},{"damage_healed":0.0,"max_hp_gain":0.0,"max_hp_loss":0.0,"gold_gain":0.0,"event_name":"The Library","player_choice":"Read","floor":21.0,"gold_loss":0.0,"damage_taken":0.0,"cards_obtained":["Reflex"]},{"cards_removed":["Dagger Throw"],"damage_healed":0.0,"max_hp_gain":0.0,"max_hp_loss":0.0,"gold_gain":0.0,"event_name":"Falling","player_choice":"Removed Attack","floor":36.0,"gold_loss":0.0,"damage_taken":0.0},{"damage_healed":0.0,"max_hp_gain":0.0,"max_hp_loss":0.0,"gold_gain":0.0,"event_name":"MindBloom","player_choice":"Fight","floor":46.0,"gold_loss":0.0,"damage_taken":0.0}],"is_beta":false,"boss_relics":[{"not_picked":["Runic Dome","Philosopher\u0027s Stone"],"picked":"Dota2Spire:Bloodstone"},{"not_picked":["Busted Crown","Snecko Eye"],"picked":"Cursed Key"}],"items_purged_floors":[11,29,37,47,53],"is_endless":false,"potions_floor_spawned":[3,8,13,16,18,19,27,28,35,41,46,48],"ascension_level":1}}