{"host":"3hzk4hwwdropes3d","time":1614133062,"event":{"mods":["BaseMod","Colored Map","Downfall","Hermit","Minty Spire (QoL Compilation)","Permanent Neow","Relic Stats","StSLib"],"gold_per_floor":[118,293,293,293,305,334,334,369,395,412,412,431,135,150,150,250,250,262,262,276,29,29,29,40,40,40,71,0,0,0,100,100,198,198,210,10,21,40,56,56,81,81,104,104,119,136,136,136,136],"floor_reached":48,"language":"ENG","playtime":2065,"items_purged":["Doubt","Pain","Eruption"],"score":610,"play_id":"736abdfb-fb66-4f1f-aa77-84359fcdcc8b","local_time":"20210223181742","is_ascension_mode":true,"campfire_choices":[{"floor":7,"key":"REST"},{"data":"Tantrum","floor":11,"key":"SMITH"},{"floor":15,"key":"REST"},{"floor":23,"key":"REST"},{"data":"Tantrum","floor":25,"key":"SMITH"},{"floor":29,"key":"REST"},{"data":"FearNoEvil","floor":32,"key":"SMITH"},{"floor":40,"key":"REST"},{"floor":42,"key":"REST"},{"data":"Indignation","floor":44,"key":"SMITH"}],"circlet_count":0,"master_deck":["Strike_P+1","Strike_P","Strike_P+1","Defend_P","Defend_P+1","Defend_P","Defend_P+1","Vigilance+1","Tantrum+1","FlurryOfBlows","Tantrum+1","EmptyBody+1","Evaluate","Protect","FearNoEvil+1","EmptyFist","LessonLearned","WaveOfTheHand","Prostrate+1","DevaForm","Scrawl","ThirdEye+1","Indignation+1","ThirdEye+1","CutThroughFate+1","SashWhip+1","Fasting2","FlurryOfBlows"],"relics":["Philosopher\u0027s Stone","Regal Pillow","TeardropLocket","hexamod:Sixitude","MealTicket","Nunchaku","sneckomod:SneckoTalon","WarpedTongs","champ:Barbells","Kunai","sneckomod:BlankCard","Black Star","Prayer Wheel","Damaru","Vajra"],"acts_visited":["Exordium","TheCity","TheBeyond"],"potions_floor_usage":[6,16,33,39,41,46,46],"damage_taken":[{"damage":0,"enemies":"2 Louse","floor":1,"turns":1},{"damage":3,"enemies":"Small Slimes","floor":5,"turns":3},{"damage":50,"enemies":"Lagavulin","floor":6,"turns":4},{"damage":36,"enemies":"Gremlin Nob","floor":8,"turns":5},{"damage":0,"enemies":"Jaw Worm","floor":10,"turns":2},{"damage":0,"enemies":"Exordium Wildlife","floor":12,"turns":2},{"damage":18,"enemies":"Gremlin Gang","floor":14,"turns":3},{"damage":16,"enemies":"The Guardian","floor":16,"turns":6},{"damage":14,"enemies":"2 Thieves","floor":18,"turns":2},{"damage":33,"enemies":"Shell Parasite","floor":20,"turns":4},{"damage":22,"enemies":"Shelled Parasite and Fungi","floor":24,"turns":3},{"damage":37,"enemies":"Book of Stabbing","floor":27,"turns":4},{"damage":16,"enemies":"Champ","floor":33,"turns":6},{"damage":26,"enemies":"3 Shapes","floor":35,"turns":3},{"damage":3,"enemies":"3 Darklings","floor":37,"turns":3},{"damage":22,"enemies":"Maw","floor":38,"turns":6},{"damage":25,"enemies":"Transient","floor":39,"turns":5},{"damage":14,"enemies":"Giant Head","floor":41,"turns":5},{"damage":0,"enemies":"Spire Growth","floor":45,"turns":2},{"damage":53,"enemies":"Sphere and 2 Shapes","floor":46,"turns":5},{"damage":25,"enemies":"Jaw Worm Horde","floor":48,"turns":2}],"seed_played":"-5266353354193728397","potions_obtained":[{"floor":5,"key":"FearPotion"},{"floor":6,"key":"Ambrosia"},{"floor":14,"key":"FearPotion"},{"floor":24,"key":"PowerPotion"},{"floor":35,"key":"Fruit Juice"},{"floor":38,"key":"Weak Potion"},{"floor":41,"key":"Block Potion"}],"is_trial":false,"path_per_floor":["M","?","?","?","M","E","R","E","T","M","R","M","$","M","R","B",null,"M","?","M","$","?","R","M","R","T","E","?","R","?","?","R","B",null,"M","$","M","M","M","R","E","R","T","R","M","M","?","M"],"character_chosen":"WATCHER","items_purchased":["Nunchaku","FearNoEvil","champ:Barbells","Indignation"],"campfire_rested":6,"item_purchase_floors":[13,13,21,36],"current_hp_per_floor":[72,72,77,70,67,17,55,19,19,19,19,19,34,16,54,38,67,53,53,20,35,35,73,51,51,51,14,14,52,52,52,52,36,67,41,56,53,31,6,44,30,68,68,68,68,20,20,0,0],"gold":136,"neow_bonus":"BOSS_RELIC","is_daily":false,"chose_seed":false,"campfire_upgraded":4,"win_rate":0.0,"timestamp":1614133062,"path_taken":["M","?","?","?","M","E","R","E","T","?","R","M","$","M","R","BOSS","M","?","?","$","?","R","M","R","T","E","?","R","?","?","R","BOSS","M","$","M","?","?","R","E","R","T","R","M","M","?","M"],"items_purchased_type":["Relic","Card","Relic","Card"],"build_version":"2020-12-22","purchased_purges":3,"victory":false,"max_hp_per_floor":[72,72,77,77,77,77,77,77,77,77,77,77,77,77,77,77,77,77,77,77,77,77,77,77,77,77,77,77,77,77,77,77,77,77,77,77,77,77,77,77,77,77,77,77,77,82,82,82,82],"relic_stats":{"Regal Pillow":90,"Nunchaku":[18],"counters":[21,76],"MealTicket":45,"Prayer Wheel":2,"Black Star":1,"Kunai":[33],"obtain_stats":[{"champ:Barbells":21,"Regal Pillow":4,"sneckomod:BlankCard":27,"hexamod:Sixitude":8,"Damaru":41,"Vajra":43,"TeardropLocket":6,"sneckomod:SneckoTalon":17,"WarpedTongs":19,"Nunchaku":13,"Philosopher\u0027s Stone":0,"MealTicket":9,"Prayer Wheel":41,"Black Star":34,"Kunai":26,"PureWater":0},{"champ:Barbells":10,"Regal Pillow":1,"sneckomod:BlankCard":12,"hexamod:Sixitude":4,"Damaru":18,"Vajra":18,"TeardropLocket":3,"sneckomod:SneckoTalon":8,"WarpedTongs":9,"Nunchaku":6,"Philosopher\u0027s Stone":0,"MealTicket":4,"Prayer Wheel":18,"Black Star":13,"Kunai":11,"PureWater":0},{"champ:Barbells":32,"Regal Pillow":1,"sneckomod:BlankCard":39,"hexamod:Sixitude":13,"Damaru":67,"Vajra":67,"TeardropLocket":8,"sneckomod:SneckoTalon":26,"WarpedTongs":28,"Nunchaku":17,"Philosopher\u0027s Stone":0,"MealTicket":13,"Prayer Wheel":67,"Black Star":45,"Kunai":35,"PureWater":0}],"WarpedTongs":[47]},"card_choices":[{"not_picked":["Weave","Evaluate"],"picked":"Tantrum","floor":1},{"not_picked":["PathToVictory","JustLucky"],"picked":"FlurryOfBlows","floor":5},{"not_picked":["DeceiveReality","Conclude"],"picked":"Tantrum","floor":6},{"not_picked":["Vault","CutThroughFate"],"picked":"EmptyBody","floor":8},{"not_picked":["FlyingSleeves","SashWhip"],"picked":"Evaluate","floor":10},{"not_picked":["LessonLearned","Collect"],"picked":"Protect","floor":12},{"not_picked":["Protect","Study"],"picked":"EmptyFist","floor":14},{"not_picked":["Alpha","MasterReality"],"picked":"LessonLearned","floor":16},{"not_picked":["PathToVictory","EmptyBody","EmptyFist"],"picked":"SKIP","floor":18},{"not_picked":["EmptyFist+1","PathToVictory+1"],"picked":"WaveOfTheHand","floor":20},{"not_picked":["LessonLearned","Worship+1"],"picked":"Prostrate+1","floor":24},{"not_picked":["CutThroughFate","FlurryOfBlows"],"picked":"DevaForm","floor":27},{"not_picked":["DevaForm","Wish"],"picked":"Scrawl","floor":33},{"not_picked":["TalkToTheHand+1","JustLucky+1"],"picked":"ThirdEye+1","floor":35},{"not_picked":["ClearTheMind+1","Collect"],"picked":"ThirdEye","floor":37},{"not_picked":["Prostrate","EmptyBody+1"],"picked":"CutThroughFate","floor":38},{"not_picked":["Worship","CrushJoints","Indignation"],"picked":"SKIP","floor":39},{"not_picked":["PathToVictory+1","ClearTheMind"],"picked":"SashWhip+1","floor":41},{"not_picked":["PathToVictory","Blasphemy"],"picked":"Fasting2","floor":45},{"not_picked":["SashWhip+1","Consecrate+1","CutThroughFate"],"picked":"SKIP","floor":45},{"not_picked":["Consecrate","Nirvana"],"picked":"FlurryOfBlows","floor":46},{"not_picked":["CutThroughFate","Fasting2","Consecrate+1"],"picked":"SKIP","floor":46}],"player_experience":436935,"relics_obtained":[{"floor":6,"key":"TeardropLocket"},{"floor":8,"key":"hexamod:Sixitude"},{"floor":9,"key":"MealTicket"},{"floor":26,"key":"Kunai"},{"floor":27,"key":"sneckomod:BlankCard"},{"floor":41,"key":"Prayer Wheel"},{"floor":41,"key":"Damaru"},{"floor":43,"key":"Vajra"}],"event_choices":[{"damage_healed":0,"gold_gain":175,"player_choice":"AGREE","damage_taken":0,"max_hp_gain":0,"max_hp_loss":0,"event_name":"Liars Game","floor":2,"gold_loss":0,"cards_obtained":["Doubt"]},{"damage_healed":0,"gold_gain":0,"player_choice":"Donut","damage_taken":0,"max_hp_gain":5,"max_hp_loss":0,"event_name":"Big Fish","floor":3,"gold_loss":0},{"damage_healed":0,"gold_gain":0,"player_choice":"Success","damage_taken":7,"relics_obtained":["Regal Pillow"],"max_hp_gain":0,"max_hp_loss":0,"event_name":"Scrap Ooze","floor":4,"gold_loss":0},{"damage_healed":0,"gold_gain":0,"player_choice":"Rummage","damage_taken":0,"relics_obtained":["WarpedTongs"],"max_hp_gain":0,"max_hp_loss":0,"event_name":"Accursed Blacksmith","floor":19,"gold_loss":0,"cards_obtained":["Pain"]},{"damage_healed":0,"gold_gain":0,"player_choice":"Paid Fearfully","damage_taken":0,"max_hp_gain":0,"max_hp_loss":0,"event_name":"Masked Bandits","floor":28,"gold_loss":71},{"damage_healed":0,"gold_gain":100,"player_choice":"Pray","damage_taken":0,"max_hp_gain":0,"max_hp_loss":0,"event_name":"Golden Shrine","floor":31,"gold_loss":0},{"cards_removed":["Strike_P"],"damage_healed":0,"gold_gain":0,"player_choice":"Removed Attack","damage_taken":0,"max_hp_gain":0,"max_hp_loss":0,"event_name":"Falling","floor":47,"gold_loss":0}],"is_beta":false,"boss_relics":[{"not_picked":["SlaversCollar","Velvet Choker"],"picked":"sneckomod:SneckoTalon"},{"not_picked":["Sozu","Snecko Eye"],"picked":"Black Star"}],"items_purged_floors":[13,21,36],"is_endless":false,"potions_floor_spawned":[1,5,6,14,16,24,35,38,41,46],"killed_by":"Jaw Worm Horde","ascension_level":5}}