{"host":"h0eytjmkj9z8sjet","time":1614139062,"event":{"mods":["BaseMod","BetterRewards","Colored Map","Colored Powertips","Downfall","Duelist Mod","Ekko","GifTheSpireLib","Hubris","Infinite Spire","Minty Spire (QoL Compilation)","Quick Restart","Replay The Spire","Shop Mod","StSLib","The Animator","The Bug Knight","The Cursed"],"gold_per_floor":[112,112,112,112,172,244,307,5,80,180,180,209,219,232,232,337,337,362,378,378,398,411,439,439,439,439],"floor_reached":25,"language":"ENG","playtime":3437,"items_purged":[],"score":233,"play_id":"5f1bc30a-1f90-4c70-9648-0caf9d3d0580","local_time":"20210223225742","is_ascension_mode":false,"campfire_choices":[{"data":"ekkoTheBoyWhoShatteredTime:TrinityForce","floor":11,"key":"SMITH"},{"data":"ekkoTheBoyWhoShatteredTime:GuinsoosRageblade","floor":24,"key":"SMITH"}],"circlet_count":0,"master_deck":["ekkoTheBoyWhoShatteredTime:Strike","ekkoTheBoyWhoShatteredTime:Strike","ekkoTheBoyWhoShatteredTime:Strike","ekkoTheBoyWhoShatteredTime:Strike","ekkoTheBoyWhoShatteredTime:Strike","ekkoTheBoyWhoShatteredTime:Defend","ekkoTheBoyWhoShatteredTime:Defend","ekkoTheBoyWhoShatteredTime:Defend","ekkoTheBoyWhoShatteredTime:Defend","ekkoTheBoyWhoShatteredTime:TimeMaster","ekkoTheBoyWhoShatteredTime:Powered","ekkoTheBoyWhoShatteredTime:AfterimageDualStroke","ekkoTheBoyWhoShatteredTime:MicCheck","ekkoTheBoyWhoShatteredTime:NeedlesslyLargeRod","hubris:NaturalOne","ekkoTheBoyWhoShatteredTime:TrinityForce+1","ekkoTheBoyWhoShatteredTime:DefensiveStance","ekkoTheBoyWhoShatteredTime:NeedlesslyLargeRod","ekkoTheBoyWhoShatteredTime:Resocharge","ekkoTheBoyWhoShatteredTime:NeedlesslyLargeRod","ekkoTheBoyWhoShatteredTime:WaitForKeyTiming","ekkoTheBoyWhoShatteredTime:Confident","CommonCold","ekkoTheBoyWhoShatteredTime:GuinsoosRageblade+1","ekkoTheBoyWhoShatteredTime:FeelIt+1","ekkoTheBoyWhoShatteredTime:Leap+1","infinitespire:Collect","ekkoTheBoyWhoShatteredTime:PhaseDive","ekkoTheBoyWhoShatteredTime:HextechProtobelt","ekkoTheBoyWhoShatteredTime:SktSynergy"],"relics":["ekkoTheBoyWhoShatteredTime:zDriveResonance","NeowsBlessing","ReplayTheSpireMod:Ring of Challenge","ReplayTheSpireMod:Ring of Addiction","Toy Ornithopter","SacredBark","hubris:Icosahedron","Lantern","DollysMirror","Sundial","Meat on the Bone","Philosopher\u0027s Stone","Potion Belt","Cauldron","Black Star","hubris:SlimyHat","infinitespire:PuzzleCube"],"acts_visited":["Exordium","TheCity"],"potions_floor_usage":[7,7,12,12,16,18,21,21,21,21,23,25],"damage_taken":[{"damage":0,"enemies":"Small Slimes","floor":1,"turns":1},{"damage":1,"enemies":"Jaw Worm","floor":5,"turns":1},{"damage":25,"enemies":"Gremlin Nob","floor":6,"turns":4},{"damage":0,"enemies":"Cultist","floor":7,"turns":4},{"damage":9,"enemies":"Lagavulin","floor":12,"turns":5},{"damage":5,"enemies":"3 Louse","floor":13,"turns":2},{"damage":4,"enemies":"Looter","floor":14,"turns":3},{"damage":40,"enemies":"The Guardian","floor":16,"turns":5},{"damage":36,"enemies":"3 Byrds","floor":18,"turns":4},{"damage":38,"enemies":"2 Thieves","floor":19,"turns":4},{"damage":12,"enemies":"Snake Plant","floor":21,"turns":3},{"damage":26,"enemies":"Snecko","floor":22,"turns":5},{"damage":11,"enemies":"Replay:Snechameleon","floor":23,"turns":3},{"damage":35,"enemies":"Cultist and Chosen","floor":25,"turns":6}],"seed_played":"-2499869600920828435","potions_obtained":[{"floor":1,"key":"SpeedPotion"},{"floor":2,"key":"bronze:BurnAndBuffPotion"},{"floor":2,"key":"champ:CounterPotion"},{"floor":2,"key":"LifebloodPotion"},{"floor":7,"key":"Adrenaline Potion"},{"floor":12,"key":"ekkoTheBoyWhoShatteredTime:BottledSheen"},{"floor":13,"key":"AttackPotion"},{"floor":18,"key":"SpeedPotion"},{"floor":20,"key":"Cursed Concoction"},{"floor":20,"key":"Reflective Coating"},{"floor":20,"key":"Explosive Potion"},{"floor":20,"key":"BlessingOfTheForge"},{"floor":23,"key":"SneckoOil"}],"is_trial":false,"path_per_floor":["M","?","?","?","M","E","M","$","T","?","R","E","M","M","R_BF","B",null,"M","M","AVR","M","M","E","R","M"],"character_chosen":"EKKO_THE_BOY_WHO_SHATTERED_TIME","items_purchased":["ekkoTheBoyWhoShatteredTime:DefensiveStance","DollysMirror","ekkoTheBoyWhoShatteredTime:Resocharge"],"campfire_rested":0,"item_purchase_floors":[8,8,8],"current_hp_per_floor":[78,78,78,78,77,51,61,61,61,61,61,62,57,53,53,30,72,41,15,15,35,21,27,27,0,0],"gold":439,"neow_bonus":"THREE_ENEMY_KILL","is_daily":false,"chose_seed":false,"campfire_upgraded":2,"win_rate":0.0,"timestamp":1614139062,"path_taken":["M","?","?","?","?","E","M","?","T","?","R","E","M","?","R_BF","BOSS","M","?","AVR","M","M","E","R","?"],"items_purchased_type":["Card","Relic","Card"],"build_version":"2020-12-22","purchased_purges":0,"victory":false,"max_hp_per_floor":[78,78,78,78,78,76,76,76,76,76,74,74,74,74,74,72,72,72,72,72,72,72,72,72,72,72],"card_choices":[{"not_picked":["ekkoTheBoyWhoShatteredTime:FluidEnergy","ekkoTheBoyWhoShatteredTime:VelocityConsuming"],"picked":"ekkoTheBoyWhoShatteredTime:AfterimageDualStroke","floor":1},{"not_picked":["ekkoTheBoyWhoShatteredTime:Dash","ekkoTheBoyWhoShatteredTime:TimeRecall"],"picked":"ekkoTheBoyWhoShatteredTime:MicCheck","floor":5},{"not_picked":["ekkoTheBoyWhoShatteredTime:HailOfBlades","ekkoTheBoyWhoShatteredTime:Backtrack"],"picked":"ekkoTheBoyWhoShatteredTime:NeedlesslyLargeRod","floor":6},{"not_picked":["ekkoTheBoyWhoShatteredTime:MotivateCrowds","ekkoTheBoyWhoShatteredTime:TimeRecall"],"picked":"ekkoTheBoyWhoShatteredTime:TrinityForce","floor":7},{"not_picked":["ekkoTheBoyWhoShatteredTime:TrueDamageTendency","ekkoTheBoyWhoShatteredTime:Disturblast"],"picked":"ekkoTheBoyWhoShatteredTime:NeedlesslyLargeRod","floor":12},{"not_picked":["ekkoTheBoyWhoShatteredTime:BansheesVeil","ekkoTheBoyWhoShatteredTime:CalmingWaves"],"picked":"ekkoTheBoyWhoShatteredTime:WaitForKeyTiming","floor":13},{"not_picked":["ekkoTheBoyWhoShatteredTime:Dash","ekkoTheBoyWhoShatteredTime:WaitForKeyTiming"],"picked":"ekkoTheBoyWhoShatteredTime:Confident","floor":14},{"not_picked":["ekkoTheBoyWhoShatteredTime:URF","ekkoTheBoyWhoShatteredTime:SktSynergy"],"picked":"ekkoTheBoyWhoShatteredTime:GuinsoosRageblade","floor":16},{"not_picked":["ekkoTheBoyWhoShatteredTime:AfterimageBait+1","ekkoTheBoyWhoShatteredTime:AfterimageHit+1"],"picked":"ekkoTheBoyWhoShatteredTime:FeelIt+1","floor":18},{"not_picked":["ekkoTheBoyWhoShatteredTime:KneeNSwordCombo+1","ekkoTheBoyWhoShatteredTime:NaggingBlow"],"picked":"ekkoTheBoyWhoShatteredTime:Leap+1","floor":19},{"not_picked":["ekkoTheBoyWhoShatteredTime:FeelIt","ekkoTheBoyWhoShatteredTime:Dash"],"picked":"ekkoTheBoyWhoShatteredTime:PhaseDive","floor":21},{"not_picked":["ekkoTheBoyWhoShatteredTime:QuickBreak","ekkoTheBoyWhoShatteredTime:Dash"],"picked":"ekkoTheBoyWhoShatteredTime:HextechProtobelt","floor":22},{"not_picked":["ekkoTheBoyWhoShatteredTime:PhaseDive+1","ekkoTheBoyWhoShatteredTime:NeedlesslyLargeRod"],"picked":"ekkoTheBoyWhoShatteredTime:SktSynergy","floor":23}],"player_experience":236491,"relics_obtained":[{"floor":2,"key":"ReplayTheSpireMod:Ring of Challenge"},{"floor":2,"key":"ReplayTheSpireMod:Ring of Addiction"},{"floor":2,"key":"Toy Ornithopter"},{"floor":2,"key":"SacredBark"},{"floor":6,"key":"Lantern"},{"floor":9,"key":"Sundial"},{"floor":12,"key":"Meat on the Bone"},{"floor":18,"key":"Potion Belt"},{"floor":23,"key":"hubris:SlimyHat"},{"floor":23,"key":"infinitespire:PuzzleCube"}],"event_choices":[{"damage_healed":0,"gold_gain":100,"player_choice":"Gold","damage_taken":0,"max_hp_gain":0,"max_hp_loss":0,"event_name":"Wheel of Change","floor":10,"gold_loss":0},{"damage_healed":0,"gold_gain":0,"cards_transformed":["Delirium"],"player_choice":"Transformed","damage_taken":0,"max_hp_gain":0,"max_hp_loss":0,"event_name":"Transmorgrifier","floor":15,"gold_loss":0,"cards_obtained":["CommonCold"]}],"is_beta":false,"boss_relics":[{"not_picked":["Ectoplasm","Runic Pyramid"],"picked":"Philosopher\u0027s Stone"}],"items_purged_floors":[],"is_endless":false,"potions_floor_spawned":[1,7,12,13,18,23],"killed_by":"Cultist and Chosen","ascension_level":0}}