{"host":"d52brwsy6af8zvaq","time":1614199794,"event":{"mods":["AchievementEnabler","BaseMod","Bestiary","Highlight Path","Minty Spire (QoL Compilation)","Quick Restart","Relic Stats","ojb\u0027s Better Paths Mod"],"gold_per_floor":[112,123,8,8,25,356,356,376,376,406,406,406,406,422,422,499,499,511,167,178,178,178,211,211,211,211],"floor_reached":25,"language":"ENG","playtime":707,"items_purged":["Strike_B","Strike_B"],"score":458,"play_id":"0bf55904-b9aa-46a8-89f8-d017538e663a","local_time":"20210224134954","is_ascension_mode":true,"campfire_choices":[{"floor":7.0,"key":"REST"},{"data":"Static Discharge","floor":11.0,"key":"SMITH"},{"floor":15.0,"key":"REST"},{"floor":24.0,"key":"REST"}],"circlet_count":0,"master_deck":["AscendersBane","Strike_B","Strike_B","Defend_B","Defend_B","Defend_B","Defend_B","Zap","Dualcast","Capacitor+1","Static Discharge+1","Melter","Ball Lightning","Electrodynamics","Cold Snap","Self Repair+1","Leap","Echo Form+1","Capacitor+1","Chill","FTL+1","Buffer+1"],"relics":["FrozenCore","Old Coin","Pocketwatch","Frozen Egg 2","OrangePellets","Regal Pillow"],"acts_visited":["Exordium","TheCity"],"potions_floor_usage":[],"damage_taken":[{"damage":2.0,"enemies":"Jaw Worm","floor":1.0,"turns":4.0},{"damage":2.0,"enemies":"Small Slimes","floor":2.0,"turns":4.0},{"damage":1.0,"enemies":"2 Louse","floor":5.0,"turns":2.0},{"damage":56.0,"enemies":"Gremlin Nob","floor":6.0,"turns":5.0},{"damage":7.0,"enemies":"Large Slime","floor":8.0,"turns":4.0},{"damage":10.0,"enemies":"3 Sentries","floor":10.0,"turns":3.0},{"damage":6.0,"enemies":"Looter","floor":14.0,"turns":3.0},{"damage":22.0,"enemies":"Slime Boss","floor":16.0,"turns":7.0},{"damage":14.0,"enemies":"2 Thieves","floor":18.0,"turns":3.0},{"damage":0.0,"enemies":"Spheric Guardian","floor":20.0,"turns":2.0},{"damage":57.0,"enemies":"Slavers","floor":23.0,"turns":4.0},{"damage":71,"enemies":"Book of Stabbing","floor":25,"turns":6}],"seed_played":"137857009392177093","potions_obtained":[{"floor":2.0,"key":"SpeedPotion"},{"floor":6.0,"key":"DistilledChaos"},{"floor":8.0,"key":"Swift Potion"},{"floor":14.0,"key":"FearPotion"}],"is_trial":false,"path_per_floor":["M","M","$","?","M","E","R","M","T","E","R","?","?","M","R","B",null,"M","$","M","?","?","E","R","E"],"character_chosen":"DEFECT","items_purchased":["Melter","OrangePellets","Chill"],"campfire_rested":3,"item_purchase_floors":[3,19,19],"current_hp_per_floor":[69,67,67,72,71,15,39,32,32,22,22,22,22,26,50,38,72,58,58,58,75,75,28,67,0,0],"gold":211,"neow_bonus":"TEN_PERCENT_HP_BONUS","is_daily":false,"chose_seed":false,"campfire_upgraded":1,"win_rate":0.0,"timestamp":1614199794,"path_taken":["M","M","$","?","M","E","R","M","T","E","R","?","?","M","R","BOSS","M","$","M","?","?","E","R","E"],"items_purchased_type":["Card","Relic","Card"],"build_version":"2020-12-22","purchased_purges":2,"victory":false,"max_hp_per_floor":[78,78,78,83,83,83,83,83,83,83,83,83,83,83,83,83,83,83,83,83,83,83,83,83,83,83],"relic_stats":{"OrangePellets":[0],"Regal Pillow":15,"counters":[12,47],"obtain_stats":[{"OrangePellets":19,"Regal Pillow":23,"Frozen Egg 2":10,"Cracked Core":0,"Old Coin":6,"Pocketwatch":9,"FrozenCore":17},{"OrangePellets":9,"Regal Pillow":11,"Frozen Egg 2":6,"Cracked Core":0,"Old Coin":4,"Pocketwatch":5,"FrozenCore":8},{"OrangePellets":35,"Regal Pillow":41,"Frozen Egg 2":22,"Cracked Core":0,"Old Coin":15,"Pocketwatch":19,"FrozenCore":32}],"FrozenCore":[7],"Pocketwatch":[51]},"card_choices":[{"not_picked":["Streamline","Beam Cell"],"picked":"Capacitor","floor":1.0},{"not_picked":["Go for the Eyes","Turbo"],"picked":"Static Discharge","floor":2.0},{"not_picked":["White Noise","Leap"],"picked":"Ball Lightning","floor":5.0},{"not_picked":["Aggregate","Self Repair"],"picked":"Electrodynamics","floor":6.0},{"not_picked":["Conserve Battery","Gash"],"picked":"Cold Snap","floor":8.0},{"not_picked":["Turbo","Undo"],"picked":"Self Repair+1","floor":10.0},{"not_picked":["Stack","Chill"],"picked":"Leap","floor":14.0},{"not_picked":["Meteor Strike","Electrodynamics+1"],"picked":"Echo Form+1","floor":16.0},{"not_picked":["Barrage","Leap"],"picked":"Capacitor+1","floor":18.0},{"not_picked":["Streamline","Hello World+1"],"picked":"FTL+1","floor":20.0},{"not_picked":["Chaos","Auto Shields"],"picked":"Buffer+1","floor":23.0}],"player_experience":2360860,"relics_obtained":[{"floor":6.0,"key":"Old Coin"},{"floor":9.0,"key":"Pocketwatch"},{"floor":10.0,"key":"Frozen Egg 2"},{"floor":23.0,"key":"Regal Pillow"}],"event_choices":[{"damage_healed":0.0,"max_hp_gain":5.0,"max_hp_loss":0.0,"gold_gain":0.0,"event_name":"Big Fish","player_choice":"Donut","floor":4.0,"gold_loss":0.0,"damage_taken":0.0},{"damage_healed":0.0,"max_hp_gain":0.0,"max_hp_loss":0.0,"gold_gain":0.0,"event_name":"Scrap Ooze","player_choice":"Fled","floor":12.0,"gold_loss":0.0,"damage_taken":0.0},{"damage_healed":0.0,"max_hp_gain":0.0,"max_hp_loss":0.0,"gold_gain":0.0,"event_name":"Living Wall","player_choice":"Grow","floor":13.0,"gold_loss":0.0,"damage_taken":0.0,"cards_upgraded":["Capacitor"]},{"damage_healed":17.0,"max_hp_gain":0.0,"max_hp_loss":0.0,"gold_gain":0.0,"event_name":"The Library","player_choice":"Heal","floor":21.0,"gold_loss":0.0,"damage_taken":0.0},{"damage_healed":0.0,"max_hp_gain":0.0,"max_hp_loss":0.0,"gold_gain":0.0,"event_name":"The Mausoleum","player_choice":"Ignored","floor":22.0,"gold_loss":0.0,"damage_taken":0.0}],"is_beta":false,"boss_relics":[{"not_picked":["Astrolabe","Tiny House"],"picked":"FrozenCore"}],"items_purged_floors":[3,19],"is_endless":false,"potions_floor_spawned":[2,6,8,14,18],"killed_by":"Book of Stabbing","ascension_level":20}}