{"host":"yassvrowvc2yfwp2","time":1614133635,"event":{"mods":["2.2 Compatiblity","Act Like it!","BaseMod","Better Note","Curses Come First","Dota2Spire","Downfall","HololiveMod","Jorbs\u0027s Wanderer Trilogy","Minty Spire (QoL Compilation)","Prisma Mod","Rare Cards Sparkle","Reimu£®≤©¿ˆ¡È√Œ£©","Replay The Spire","Say the Spire","Spicy Shops","StSLib","The Bug Knight","The Cursed","The Servant 0.9.4"],"gold_per_floor":[114,30,305,320,396,426,426,426,501,501,42,57,87,102,102,202,202,217,232,232,247,262,262,262,292,317,317,332,332,362,377,377,461,461,476,476,476,491,506,536,551,581,581,581,596,626,641,656,656,656],"floor_reached":51,"language":"ZHS","playtime":2071,"items_purged":[],"score":1039,"play_id":"8fb159e3-348f-4550-8b01-0ee213a10f4a","local_time":"20210224102715","daily_mods":["Allstar","Time Dilation","Terminal"],"is_ascension_mode":false,"campfire_choices":[{"floor":8,"key":"REST"},{"data":"ReplayUltimateDefense","floor":10,"key":"SMITH"},{"floor":15,"key":"REST"},{"data":"TheCursedMod:VoidForm","floor":23,"key":"SMITH"},{"data":"TheCursedMod:CursedRelics","floor":29,"key":"SMITH"},{"floor":32,"key":"REST"},{"data":"TheCursedMod:Neurasthenia","floor":44,"key":"SMITH"},{"data":"TheCursedMod:LuckyCharm","floor":49,"key":"SMITH"}],"circlet_count":0,"master_deck":["TheCursedMod:Strike_TheCursed","TheCursedMod:Strike_TheCursed","TheCursedMod:Strike_TheCursed","TheCursedMod:Strike_TheCursed","TheCursedMod:Defend_TheCursed","TheCursedMod:Defend_TheCursed","TheCursedMod:Defend_TheCursed","TheCursedMod:CursedWand","TheCursedMod:CleanUpWorkshop","TheCursedMod:Dregs","Replay:Parry","ReplayTheSpireMod:Trickstab","Panacea","ReplayUltimateDefense+1","Violence","TheCursedMod:SaltUponWound","TheCursedMod:Hemoplague","TheCursedMod:Hemoplague","Regret","TheCursedMod:SpitefulStrike","TheCursedMod:SurpriseAttack","Regret","TheCursedMod:VoidForm+1","TheCursedMod:CursedArmor","TheCursedMod:CursedAmulet","TheCursedMod:UltimatePain","TheCursedMod:CircleOfBlood","TheCursedMod:CursedRelics+1","downfall:Bewildered","TheCursedMod:SoulReap","TheCursedMod:LuckyCharm+1","TheCursedMod:ReleasedKnowledge","TheCursedMod:Neurasthenia+1","Decay","Amnesia","ReplayTheSpireMod:Faulty Equipment","TheCursedMod:CircleOfAmplification+1","TheCursedMod:CircleOfCorruption+1","TheCursedMod:Hemoplague+1","TheCursedMod:HellsGateOpen+1","TheCursedMod:SaltUponWound+1","TheCursedMod:DemonSword"],"relics":["TheCursedMod:BlackMagic101","StrikeDummy","Onion Ring","hexamod:CandleOfCauterizing","Du-Vu Doll","Dota2Spire:MagicBottle","Painkiller Herb","sneckomod:BabySnecko","Dota2Spire:OctarineCore","Dota2Spire:UrnOfShadows","Art of War","Replay:Ancient Bell","Replay:Baseball","Mercury Hourglass","Mango","Sundial","Smiling Mask","Dota2Spire:PhaseBoots","Replay:Mystery Machine"],"acts_visited":["Exordium","TheCity","TheBeyond"],"potions_floor_usage":[40,50,50],"damage_taken":[{"damage":0,"enemies":"Cultist","floor":1,"turns":4},{"damage":0,"enemies":"Jaw Worm","floor":4,"turns":4},{"damage":30,"enemies":"Gremlin Nob","floor":6,"turns":5},{"damage":0,"enemies":"2 Louse","floor":12,"turns":1},{"damage":16,"enemies":"Lagavulin","floor":13,"turns":5},{"damage":0,"enemies":"Exordium Wildlife","floor":14,"turns":1},{"damage":41,"enemies":"Fading Forest","floor":16,"turns":11},{"damage":0,"enemies":"2 Thieves","floor":18,"turns":2},{"damage":2,"enemies":"Shell Parasite","floor":19,"turns":5},{"damage":6,"enemies":"Centurion and Healer","floor":21,"turns":3},{"damage":10,"enemies":"Snecko","floor":22,"turns":3},{"damage":1,"enemies":"Replay:Snechameleon","floor":25,"turns":4},{"damage":12,"enemies":"Snake Plant","floor":28,"turns":3},{"damage":2,"enemies":"Book of Stabbing","floor":30,"turns":3},{"damage":3,"enemies":"Centurion and Healer","floor":31,"turns":5},{"damage":27,"enemies":"Automaton","floor":33,"turns":8},{"damage":0,"enemies":"3 Shapes","floor":35,"turns":2},{"damage":6,"enemies":"3 Darklings","floor":38,"turns":3},{"damage":14,"enemies":"Jaw Worm Horde","floor":39,"turns":2},{"damage":11,"enemies":"Giant Head","floor":40,"turns":6},{"damage":1,"enemies":"Transient","floor":41,"turns":5},{"damage":0,"enemies":"HollowMod:StalkingDevout","floor":42,"turns":4},{"damage":6,"enemies":"Maw","floor":45,"turns":5},{"damage":0,"enemies":"Reptomancer","floor":46,"turns":3},{"damage":5,"enemies":"Sphere and 2 Shapes","floor":47,"turns":3},{"damage":0,"enemies":"Transient","floor":48,"turns":5},{"damage":23,"enemies":"Awakened One","floor":50,"turns":10}],"seed_played":"1986488565424594500","potions_obtained":[{"floor":6,"key":"LifebloodPotion"},{"floor":12,"key":"Adrenaline Potion"},{"floor":14,"key":"Adrenaline Potion"},{"floor":28,"key":"FairyPotion"},{"floor":41,"key":"LiquidMemories"}],"is_trial":false,"path_per_floor":["M","$","?","M","?","E","?","R","T","R","$","M","E","M","R","B",null,"?","?","?","?","?","T","?","E","T","?","?","T","E","?","T","B",null,"?","?","?","?","?","E","?","E","T","T","?","E","?","?","T","B",null],"character_chosen":"THE_CURSED","items_purchased":["TheCursedMod:Hemoplague","Du-Vu Doll","TheCursedMod:VoidForm"],"campfire_rested":3,"item_purchase_floors":[2,11,11],"current_hp_per_floor":[73,72,71,70,69,39,39,59,59,59,59,59,43,43,59,38,57,56,55,54,48,38,38,38,39,39,39,31,31,44,43,42,41,54,53,52,51,50,49,38,47,46,45,44,43,42,39,40,39,38],"gold":656,"neow_bonus":"","is_daily":true,"chose_seed":false,"campfire_upgraded":5,"win_rate":0.0,"timestamp":1614133635,"path_taken":["M","?","?","?","?","E","?","R","T","R","?","M","E","M","R","BOSS","?","?","?","?","?","T","?","E","T","?","?","T","E","?","T","BOSS","?","?","?","?","?","E","?","E","T","T","?","E","?","?","T","BOSS"],"items_purchased_type":["Card","Relic","Card"],"build_version":"2020-12-22","purchased_purges":0,"victory":true,"max_hp_per_floor":[73,72,71,70,69,68,67,66,65,64,63,62,61,60,59,58,57,56,55,54,53,52,51,50,49,48,47,46,45,44,43,42,41,54,53,52,51,50,49,48,47,46,45,44,43,42,41,40,39,38],"card_choices":[{"not_picked":["TheCursedMod:VitalStrike","TheCursedMod:WearCloak"],"picked":"TheCursedMod:SaltUponWound","floor":1},{"not_picked":["TheCursedMod:Evocation","TheCursedMod:Torture"],"picked":"TheCursedMod:SpitefulStrike","floor":4},{"not_picked":["TheCursedMod:CursedShiv","TheCursedMod:CircleOfCorruption"],"picked":"TheCursedMod:SurpriseAttack","floor":6},{"not_picked":["TheCursedMod:SurpriseAttack","TheCursedMod:CircleOfCorruption","TheCursedMod:Wield"],"picked":"SKIP","floor":12},{"not_picked":["TheCursedMod:CircleOfFlame","TheCursedMod:TroublousMinions"],"picked":"TheCursedMod:CursedArmor","floor":13},{"not_picked":["TheCursedMod:SurpriseAttack","TheCursedMod:TacticalStrike"],"picked":"TheCursedMod:CursedAmulet","floor":14},{"not_picked":["TheCursedMod:CollectTribute","TheCursedMod:DemonicPact"],"picked":"TheCursedMod:UltimatePain","floor":16},{"not_picked":["TheCursedMod:TacticalStrike","TheCursedMod:Obscuration+1"],"picked":"TheCursedMod:CircleOfBlood","floor":18},{"not_picked":["TheCursedMod:RapidMovement","TheCursedMod:CursedBlade"],"picked":"TheCursedMod:CursedRelics","floor":19},{"not_picked":["TheCursedMod:CircleOfCorruption","TheCursedMod:Hemoplague"],"picked":"TheCursedMod:SoulReap","floor":21},{"not_picked":["TheCursedMod:Stretching","TheCursedMod:CursedShiv","TheCursedMod:CursedAmulet"],"picked":"SKIP","floor":22},{"not_picked":["TheCursedMod:Evocation+1","TheCursedMod:TacticalStrike","TheCursedMod:Grudge"],"picked":"SKIP","floor":25},{"not_picked":["TheCursedMod:SpitefulStrike","TheCursedMod:Stretching"],"picked":"TheCursedMod:LuckyCharm","floor":28},{"not_picked":["TheCursedMod:SmokeScreen","TheCursedMod:CursedShiv"],"picked":"TheCursedMod:ReleasedKnowledge","floor":30},{"not_picked":["TheCursedMod:CircleOfFlame","TheCursedMod:CursedBlade","TheCursedMod:TacticalStrike"],"picked":"SKIP","floor":31},{"not_picked":["TheCursedMod:CircleOfAbyss","TheCursedMod:ParallelWorld"],"picked":"TheCursedMod:Neurasthenia","floor":33},{"not_picked":["AbeCurse","downfall:Malfunctioning"],"picked":"Decay","floor":34},{"not_picked":["Writhe","downfall:Bewildered"],"picked":"Amnesia","floor":34},{"not_picked":["Decay","Voices"],"picked":"ReplayTheSpireMod:Faulty Equipment","floor":34},{"not_picked":["TheCursedMod:CursedAmulet+1","TheCursedMod:VitalStrike+1"],"picked":"TheCursedMod:CircleOfAmplification+1","floor":35},{"not_picked":["TheCursedMod:TacticalStrike","TheCursedMod:RapidMovement+1"],"picked":"TheCursedMod:CircleOfCorruption+1","floor":38},{"not_picked":["TheCursedMod:Stigma","TheCursedMod:CursedMace+1"],"picked":"TheCursedMod:Hemoplague+1","floor":39},{"not_picked":["TheCursedMod:TacticalStrike","TheCursedMod:BloodBarrier"],"picked":"TheCursedMod:HellsGateOpen+1","floor":40},{"not_picked":["TheCursedMod:EmpowerCircles","TheCursedMod:TroublousMinions+1","TheCursedMod:CursedAmulet"],"picked":"SKIP","floor":41},{"not_picked":["TheCursedMod:PrepareRite","TheCursedMod:SoulReap+1"],"picked":"TheCursedMod:SaltUponWound+1","floor":42},{"not_picked":["TheCursedMod:TacticalStrike+1","TheCursedMod:CursedBlade+1"],"picked":"TheCursedMod:DemonSword","floor":45},{"not_picked":["TheCursedMod:DemonicPact","TheCursedMod:RapidMovement","TheCursedMod:Torture+1"],"picked":"SKIP","floor":46},{"not_picked":["TheCursedMod:CursedAmulet","TheCursedMod:WearCloak+1","TheCursedMod:CursedShiv+1"],"picked":"SKIP","floor":47},{"not_picked":["TheCursedMod:CursedShiv+1","TheCursedMod:RavingStaff","TheCursedMod:SurpriseAttack"],"picked":"SKIP","floor":48}],"player_experience":2196737,"relics_obtained":[{"floor":6,"key":"StrikeDummy"},{"floor":9,"key":"hexamod:CandleOfCauterizing"},{"floor":13,"key":"Dota2Spire:MagicBottle"},{"floor":25,"key":"Dota2Spire:OctarineCore"},{"floor":26,"key":"Dota2Spire:UrnOfShadows"},{"floor":30,"key":"Art of War"},{"floor":40,"key":"Sundial"},{"floor":42,"key":"Smiling Mask"},{"floor":43,"key":"Dota2Spire:PhaseBoots"},{"floor":46,"key":"Replay:Mystery Machine"}],"event_choices":[{"damage_healed":0,"gold_gain":275,"player_choice":"Desecrate","damage_taken":0,"max_hp_gain":0,"max_hp_loss":0,"event_name":"Golden Shrine","floor":3,"gold_loss":0,"cards_obtained":["Regret"]},{"damage_healed":0,"gold_gain":76,"player_choice":"Gained Gold","damage_taken":0,"max_hp_gain":0,"max_hp_loss":0,"event_name":"Golden Wing","floor":5,"gold_loss":0},{"damage_healed":0,"gold_gain":0,"player_choice":"Box","damage_taken":0,"relics_obtained":["Onion Ring"],"max_hp_gain":0,"max_hp_loss":0,"event_name":"Big Fish","floor":7,"gold_loss":0,"cards_obtained":["Regret"]},{"damage_healed":0,"gold_gain":0,"player_choice":"Ignored","damage_taken":0,"max_hp_gain":0,"max_hp_loss":0,"event_name":"Ghosts","floor":24,"gold_loss":0},{"damage_healed":0,"gold_gain":0,"player_choice":"Ignored","damage_taken":0,"max_hp_gain":0,"max_hp_loss":0,"event_name":"Tomb of Lord Red Mask","floor":36,"gold_loss":0},{"cards_removed":["TheCursedMod:Defend_TheCursed"],"damage_healed":0,"gold_gain":0,"player_choice":"Purged","damage_taken":0,"max_hp_gain":0,"max_hp_loss":0,"event_name":"Purifier","floor":37,"gold_loss":0}],"is_beta":false,"boss_relics":[{"not_picked":["Replay:Wanted Poster","Replay:Drink Me"],"picked":"Painkiller Herb"},{"not_picked":["Honey Jar","Dota2Spire:Bloodstone"],"picked":"Replay:Ancient Bell"},{"not_picked":["Akabeko","Simple Rune"],"picked":"Replay:Baseball"},{"not_picked":["Dota2Spire:LinkenSphere","ReplayTheSpireMod:Shallot"],"picked":"Mercury Hourglass"},{"not_picked":["Replay:Towering Pillar of Hats","Thread and Needle"],"picked":"Mango"}],"items_purged_floors":[],"is_endless":false,"potions_floor_spawned":[6,12,14,16,22,28,30,35,39,41],"ascension_level":0}}