{"host":"7vcinojww5gy0fs8","time":1614171006,"event":{"mods":["100% Spire Juice","Act Like it!","Alarm Clock","Aspiration","Astrologer","BaseMod","Better Vampires","BetterRewards","Conspire","Energized Spire","Googly Eyes","Gremlin Mod","Highlight Path","Jedi Mod","Library of Ruina","Library of Ruina Extra","Minty Spire (QoL Compilation)","Pale of the Ancients","Quick Restart","Reliquary","Shop Mod","StSLib","TestMod","The Alterego","The Bladedancer","The Cursed","The Hayseed","The Mystic","The Poker Player","Yuri Mod","篝火指南"],"gold_per_floor":[115,190,201,201,201,236,236,236,236,236,261,261,304,365,365,511,511,562,584,984,984,1019,872,930,955,955,977,1015,1015,124,142,142,142,142],"floor_reached":33,"language":"ZHS","playtime":2174,"items_purged":["alterego_mod:Strike"],"score":378,"play_id":"63310030-b8d2-4d21-a660-fe4f36053583","local_time":"20210224205006","is_ascension_mode":false,"campfire_choices":[{"data":"alterego_mod:Impale","floor":7.0,"key":"SMITH"},{"data":"alterego_mod:Lift","floor":12.0,"key":"SMITH"},{"data":"alterego_mod:DiscoLights","floor":15.0,"key":"SMITH"},{"data":"alterego_mod:TrashNCrash","floor":32,"key":"SMITH"}],"circlet_count":0,"master_deck":["alterego_mod:Strike","alterego_mod:Strike","alterego_mod:Strike","alterego_mod:Defend","alterego_mod:Defend","alterego_mod:Defend","alterego_mod:Defend","alterego_mod:Impale+1","alterego_mod:BigMeatyClaws","alterego_mod:BrynhildrsRune","alterego_mod:Bounce","alterego_mod:Birthday","alterego_mod:RocketPunch","alterego_mod:Lift+1","alterego_mod:ClassAdvantage","alterego_mod:DiscoLights+1","alterego_mod:Valkyrie","alterego_mod:Lingerie","alterego_mod:SakuraLabyrinth+1","alterego_mod:RingBreak","alterego_mod:TrashNCrash","alterego_mod:Bunnysuit","alterego_mod:Rip","J.A.X.","alterego_mod:TrashNCrash","alterego_mod:GoddessCore","alterego_mod:TrashNCrash+1"],"relics":["alterego_mod:MasochisticConstitution","jedi:maincommand","mysticmod:CrystalBall","testmod-D_4","Golden Idol","Juzu Bracelet","reliquary:Stiletto","testmod-AssaultLearning","reliquary:TatteredRug","testmod-Acrobat","reliquary:ThirdArm","alterego_mod:SomeoneToFightFor","Bag of Preparation","Red Mask","PreservedInsect","testmod-Justice","testmod-Charity","reliquary:HotPoker","reliquary:MedicineBall"],"acts_visited":["TheCity"],"potions_floor_usage":[16,18,27,28,31,33],"damage_taken":[{"damage":1.0,"enemies":"2 Louse","floor":1.0,"turns":3.0},{"damage":4.0,"enemies":"conspire:RoseBush","floor":3.0,"turns":4.0},{"damage":11.0,"enemies":"Lagavulin","floor":6.0,"turns":7.0},{"damage":0.0,"enemies":"Small Slimes","floor":11.0,"turns":1.0},{"damage":0.0,"enemies":"3 Sentries","floor":13.0,"turns":3.0},{"damage":18.0,"enemies":"Lagavulin Event","floor":14.0,"turns":4.0},{"damage":27,"enemies":"The Guardian","floor":16,"turns":6},{"damage":10,"enemies":"3 Byrds","floor":18,"turns":4},{"damage":11,"enemies":"Spheric Guardian","floor":19,"turns":3},{"damage":7,"enemies":"Snecko","floor":22,"turns":3},{"damage":0,"enemies":"Masked Bandits","floor":24,"turns":2},{"damage":15,"enemies":"Snake Plant","floor":27,"turns":2},{"damage":4,"enemies":"3 Cultists","floor":28,"turns":4},{"damage":7,"enemies":"Shelled Parasite and Fungi","floor":31,"turns":2},{"damage":110,"enemies":"RedHoodMercenary","floor":33,"turns":4}],"seed_played":"1770939852280135905","potions_obtained":[{"floor":6.0,"key":"PowerPotion"},{"floor":10.0,"key":"testmod-SpacePotion"},{"floor":10.0,"key":"GamblersBrew"},{"floor":10.0,"key":"SneckoOil"},{"floor":11.0,"key":"Weak Potion"},{"floor":16,"key":"PowerPotion"},{"floor":19,"key":"FearPotion"},{"floor":22,"key":"SteroidPotion"},{"floor":27,"key":"DistilledChaos"}],"is_trial":true,"path_per_floor":["M","?","M","?","?","E","R","?","T","?","M","R","E","?","R","B",null,"M","M","?","?","M","R","?","T","T","M","M","?","$","M","R","B"],"character_chosen":"The_Alterego","items_purchased":["jedi:command_common","jedi:command_shop","jedi:command_uncommon","jedi:command_uncommon","alterego_mod:TrashNCrash","alterego_mod:GoddessCore","ColorlessPotion"],"campfire_rested":0,"item_purchase_floors":[23,30,30,30,30,30,30],"current_hp_per_floor":[71,60,57,57,50,55,55,55,55,55,55,55,61,46,46,22,70,63,62,62,62,56,56,58,58,58,61,75,75,75,81,81,0,0],"gold":142,"neow_bonus":"","is_daily":false,"chose_seed":false,"campfire_upgraded":4,"win_rate":0.0,"timestamp":1614171006,"path_taken":["M","?","M","?","?","E","R","?","T","?","M","R","E","?","R","BOSS","M","M","?","?","M","R","?","?","T","M","M","?","$","M","R","BOSS"],"items_purchased_type":["Relic","Relic","Relic","Relic","Card","Card","Potion"],"build_version":"2020-12-22","purchased_purges":1,"victory":false,"max_hp_per_floor":[71,71,72,67,67,68,68,68,68,68,68,68,68,69,69,70,70,71,72,72,72,73,73,73,73,73,74,75,75,75,88,88,117,117],"card_choices":[{"not_picked":["alterego_mod:HighServant","alterego_mod:BiFurious"],"picked":"alterego_mod:Bounce","floor":1.0},{"not_picked":["alterego_mod:Mirror","alterego_mod:Clones"],"picked":"alterego_mod:Birthday","floor":3.0},{"not_picked":["alterego_mod:Pet","alterego_mod:BreastValley"],"picked":"alterego_mod:RocketPunch","floor":6.0},{"not_picked":["alterego_mod:Cooking","alterego_mod:RidiculouslyBig"],"picked":"alterego_mod:Lift","floor":11.0},{"not_picked":["alterego_mod:Cycle","alterego_mod:Cushion"],"picked":"alterego_mod:ClassAdvantage","floor":13.0},{"not_picked":["alterego_mod:Punishment","alterego_mod:PerceptionDisorder"],"picked":"alterego_mod:DiscoLights","floor":14.0},{"not_picked":["alterego_mod:Vow","alterego_mod:VirginLaserPalladion"],"picked":"alterego_mod:Valkyrie","floor":16},{"not_picked":["alterego_mod:Smother","alterego_mod:Exercise"],"picked":"alterego_mod:Lingerie","floor":18},{"not_picked":["alterego_mod:Skirt","alterego_mod:GoddessCore"],"picked":"alterego_mod:SakuraLabyrinth+1","floor":19},{"not_picked":["alterego_mod:Lingerie+1","alterego_mod:Complex"],"picked":"alterego_mod:RingBreak","floor":22},{"not_picked":["alterego_mod:HighServant","alterego_mod:Jiggle"],"picked":"alterego_mod:TrashNCrash","floor":24},{"not_picked":["alterego_mod:BreastValley","alterego_mod:Belts"],"picked":"alterego_mod:Bunnysuit","floor":27},{"not_picked":["alterego_mod:DeftHands+1","alterego_mod:GoddessCore+1"],"picked":"alterego_mod:Rip","floor":28},{"not_picked":["alterego_mod:Schoolgirl","alterego_mod:Vow"],"picked":"alterego_mod:TrashNCrash","floor":31}],"player_experience":325490,"relics_obtained":[{"floor":6.0,"key":"jedi:command_common"},{"floor":9.0,"key":"jedi:command_common"},{"floor":13.0,"key":"jedi:command_common"},{"floor":14.0,"key":"jedi:command_common"},{"floor":24,"key":"Red Mask"},{"floor":25,"key":"jedi:command_common"},{"floor":26,"key":"jedi:command_uncommon"}],"event_choices":[{"damage_healed":0.0,"max_hp_gain":0.0,"max_hp_loss":0.0,"gold_gain":75.0,"event_name":"World of Goop","player_choice":"Gather Gold","floor":2.0,"gold_loss":0.0,"damage_taken":11.0},{"damage_healed":0.0,"max_hp_gain":0.0,"max_hp_loss":5.0,"gold_gain":0.0,"event_name":"Golden Idol","player_choice":"Lose Max HP","floor":4.0,"gold_loss":0.0,"damage_taken":0.0,"relics_obtained":["Golden Idol"]},{"damage_healed":0.0,"max_hp_gain":0.0,"max_hp_loss":0.0,"gold_gain":0.0,"event_name":"Scrap Ooze","player_choice":"Success","floor":5.0,"gold_loss":0.0,"damage_taken":7.0,"relics_obtained":["jedi:command_common"]},{"damage_healed":0.0,"max_hp_gain":0.0,"max_hp_loss":0.0,"gold_gain":0.0,"event_name":"NoteForYourself","player_choice":"Ignored","floor":8.0,"gold_loss":0.0,"damage_taken":0.0},{"damage_healed":0.0,"max_hp_gain":0.0,"max_hp_loss":0.0,"gold_gain":0.0,"event_name":"Lab","player_choice":"Got Potions","floor":10.0,"gold_loss":0.0,"damage_taken":0.0},{"damage_healed":0.0,"max_hp_gain":0.0,"max_hp_loss":0.0,"gold_gain":30.0,"event_name":"Dead Adventurer","player_choice":"Searched \u00273\u0027 times","floor":14.0,"gold_loss":0.0,"damage_taken":0.0},{"damage_healed":0,"gold_gain":400,"player_choice":"Sell","damage_taken":0,"max_hp_gain":0,"max_hp_loss":0,"event_name":"恩洛斯的盘子","floor":20,"relics_lost":["testmod-TestBox"],"gold_loss":0},{"damage_healed":0,"gold_gain":0,"player_choice":"Choice 2","damage_taken":0,"relics_obtained":["alterego_mod:SomeoneToFightFor"],"max_hp_gain":0,"max_hp_loss":0,"event_name":"爱的神圣花园","floor":21,"gold_loss":0},{"damage_healed":0,"gold_gain":0,"player_choice":"Fought Bandits","damage_taken":0,"max_hp_gain":0,"max_hp_loss":0,"event_name":"Masked Bandits","floor":24,"gold_loss":0},{"damage_healed":0,"gold_gain":0,"player_choice":"Obtain J.A.X.","damage_taken":0,"max_hp_gain":0,"max_hp_loss":0,"event_name":"Drug Dealer","floor":29,"gold_loss":0,"cards_obtained":["J.A.X."]}],"is_beta":false,"boss_relics":[{"not_picked":["jedi:command_boss","jedi:command_boss"],"picked":"jedi:command_boss"}],"items_purged_floors":[30],"is_endless":false,"potions_floor_spawned":[6,11,16,19,22,27],"killed_by":"RedHoodMercenary","ascension_level":0}}