{"host":"0tbecx6mc13icp35","time":1614179027,"event":{"mods":["AchievementEnabler","BaseMod","Colored Map","Colored Powertips","Minty Spire (QoL Compilation)","Relic Stats","Synergy Search","slay the spire mod where everything is the same but ironclad has a cowboy hat"],"gold_per_floor":[112,112,112,122,70,70,96,109,109,109,109,109,109,109,109,238,238,258,258,258,283,203,203,247,247,272,272,311,41,61,92,92,220,283,307,370,393,416,435,449,488,488,488,508,149,189,205,218,218,218],"floor_reached":51,"language":"ENG","playtime":3603,"items_purged":[],"score":923,"play_id":"b0005b94-8512-442d-9b62-93204725e13d","local_time":"20210224180347","is_ascension_mode":true,"campfire_choices":[{"data":"Thinking Ahead","floor":6,"key":"SMITH"},{"floor":11,"key":"DIG"},{"floor":13,"key":"DIG"},{"floor":15,"key":"REST"},{"floor":23,"key":"DIG"},{"floor":25,"key":"DIG"},{"floor":27,"key":"DIG"},{"floor":32,"key":"DIG"},{"floor":42,"key":"DIG"},{"floor":49,"key":"DIG"}],"circlet_count":0,"master_deck":["Defend_G+1","Defend_G","Defend_G","Defend_G","Survivor","Neutralize","Thinking Ahead+1","Dagger Throw","All Out Attack","Prepared+1","Backstab","Backflip+1","Burst+1","Acrobatics+1","Footwork","Flying Knee","Bite","Bite","Bite","Bite","Bite","Footwork","Terror+1","Malaise+1","Dagger Throw","Magnetism+1","Noxious Fumes+1","Underhanded Strike","Corpse Explosion+1","Backflip+1","Distraction+1","Tactician+1","Outmaneuver+1","Backflip+1","Quick Slash+1","Backflip+1","Tactician+1","Panacea+1","Deadly Poison+1","Catalyst+1"],"relics":["Ring of the Snake","Tingsha","Toxic Egg 2","Shovel","Mummified Hand","Golden Idol","Potion Belt","Spirit Poop","Philosopher\u0027s Stone","Happy Flower","Toy Ornithopter","Frozen Egg 2","Vajra","Bronze Scales","Letter Opener","Membership Card","Art of War","Kunai","Tiny House","Mango","Bag of Marbles","InkBottle","Ancient Tea Set","Bottled Flame","TwistedFunnel","PreservedInsect","Ninja Scroll","Juzu Bracelet","CaptainsWheel"],"acts_visited":["Exordium","TheCity","TheBeyond"],"potions_floor_usage":[16,33,35,37,50,50,50],"damage_taken":[{"damage":7,"enemies":"2 Louse","floor":1,"turns":4},{"damage":0,"enemies":"Small Slimes","floor":4,"turns":2},{"damage":19,"enemies":"Lagavulin","floor":7,"turns":6},{"damage":0,"enemies":"Cultist","floor":8,"turns":2},{"damage":9,"enemies":"Hexaghost","floor":16,"turns":12},{"damage":0,"enemies":"Spheric Guardian","floor":18,"turns":3},{"damage":8,"enemies":"Chosen","floor":21,"turns":3},{"damage":7,"enemies":"Book of Stabbing","floor":24,"turns":5},{"damage":0,"enemies":"Gremlin Leader","floor":28,"turns":7},{"damage":0,"enemies":"Snake Plant","floor":30,"turns":3},{"damage":9,"enemies":"Book of Stabbing","floor":31,"turns":4},{"damage":27,"enemies":"Collector","floor":33,"turns":8},{"damage":10,"enemies":"3 Shapes","floor":35,"turns":3},{"damage":3,"enemies":"Mind Bloom Boss Battle","floor":36,"turns":5},{"damage":0,"enemies":"Orb Walker","floor":37,"turns":3},{"damage":4,"enemies":"Sphere and 2 Shapes","floor":39,"turns":5},{"damage":0,"enemies":"4 Shapes","floor":40,"turns":3},{"damage":16,"enemies":"Giant Head","floor":41,"turns":7},{"damage":0,"enemies":"Transient","floor":44,"turns":5},{"damage":0,"enemies":"Reptomancer","floor":46,"turns":3},{"damage":0,"enemies":"Jaw Worm Horde","floor":47,"turns":1},{"damage":9,"enemies":"Maw","floor":48,"turns":6},{"damage":13,"enemies":"Time Eater","floor":50,"turns":9}],"seed_played":"-4838428897573104890","potions_obtained":[{"floor":7,"key":"BlessingOfTheForge"},{"floor":21,"key":"Explosive Potion"},{"floor":24,"key":"LiquidBronze"},{"floor":30,"key":"BlessingOfTheForge"},{"floor":31,"key":"ColorlessPotion"},{"floor":34,"key":"AttackPotion"},{"floor":35,"key":"FearPotion"},{"floor":37,"key":"Fruit Juice"},{"floor":48,"key":"Dexterity Potion"}],"is_trial":false,"path_per_floor":["M","?","?","M","$","R","E","M","T","?","R","?","R","?","R","B",null,"M","?","?","M","$","R","E","R","T","R","E","$","M","E","R","B",null,"M","?","M","T","M","M","E","R","T","M","$","E","M","M","R","B",null],"character_chosen":"THE_SILENT","items_purchased":["Prepared","Terror+1","Membership Card","Magnetism+1","PowerPotion","TwistedFunnel","Panacea+1","DuplicationPotion","PreservedInsect","Ninja Scroll"],"campfire_rested":1,"item_purchase_floors":[5,22,29,29,29,45,45,45,45,45],"current_hp_per_floor":[56,56,53,53,53,53,34,34,34,34,34,34,34,34,52,43,63,63,63,44,42,42,42,43,43,43,43,44,44,44,39,39,29,49,43,62,68,68,68,68,59,59,59,68,68,68,68,65,65,55],"gold":218,"neow_bonus":"RANDOM_COLORLESS_2","is_daily":false,"chose_seed":false,"campfire_upgraded":1,"win_rate":0.0,"timestamp":1614179027,"path_taken":["M","?","?","M","$","R","E","M","T","?","R","?","R","?","R","BOSS","M","?","?","M","$","R","E","R","T","R","E","$","M","E","R","BOSS","M","?","M","?","M","?","E","R","T","M","$","E","M","M","R","BOSS"],"items_purchased_type":["Card","Card","Relic","Card","Potion","Relic","Card","Potion","Relic","Relic"],"build_version":"2020-12-22","purchased_purges":0,"victory":true,"max_hp_per_floor":[63,63,63,63,63,63,63,63,63,63,63,63,63,63,63,63,63,63,63,44,44,44,44,44,44,44,44,44,44,44,44,44,44,49,49,63,68,68,68,68,68,68,68,68,68,68,68,68,68,68],"relic_stats":{"Happy Flower":[25],"counters":[23,109],"Golden Idol":183,"Tingsha":[368],"PreservedInsect":60,"Juzu Bracelet":0,"Letter Opener":[258],"Shovel":8,"Mummified Hand":[46],"Bronze Scales":[154],"Art of War":[3],"Kunai":[32],"obtain_stats":[{"TwistedFunnel":45,"Tiny House":34,"Spirit Poop":14,"Vajra":26,"Mango":36,"Juzu Bracelet":46,"Ancient Tea Set":42,"Shovel":9,"Mummified Hand":11,"Ninja Scroll":45,"Philosopher\u0027s Stone":17,"Kunai":32,"Toxic Egg 2":7,"InkBottle":41,"Ring of the Snake":0,"Potion Belt":13,"Happy Flower":23,"Golden Idol":12,"Tingsha":3,"PreservedInsect":45,"Letter Opener":28,"Frozen Egg 2":25,"Bottled Flame":43,"CaptainsWheel":49,"Bronze Scales":27,"Art of War":31,"Bag of Marbles":38,"Membership Card":29,"Toy Ornithopter":24},{"TwistedFunnel":19,"Tiny House":12,"Spirit Poop":4,"Vajra":8,"Mango":14,"Juzu Bracelet":20,"Ancient Tea Set":18,"Shovel":4,"Mummified Hand":4,"Ninja Scroll":19,"Philosopher\u0027s Stone":5,"Kunai":11,"Toxic Egg 2":3,"InkBottle":18,"Ring of the Snake":0,"Potion Belt":4,"Happy Flower":7,"Golden Idol":4,"Tingsha":1,"PreservedInsect":19,"Letter Opener":9,"Frozen Egg 2":8,"Bottled Flame":18,"CaptainsWheel":22,"Bronze Scales":8,"Art of War":11,"Bag of Marbles":15,"Membership Card":9,"Toy Ornithopter":8},{"TwistedFunnel":90,"Tiny House":59,"Spirit Poop":14,"Vajra":37,"Mango":67,"Juzu Bracelet":93,"Ancient Tea Set":85,"Shovel":14,"Mummified Hand":14,"Ninja Scroll":90,"Philosopher\u0027s Stone":26,"Kunai":51,"Toxic Egg 2":12,"InkBottle":85,"Ring of the Snake":0,"Potion Belt":14,"Happy Flower":32,"Golden Idol":14,"Tingsha":4,"PreservedInsect":90,"Letter Opener":44,"Frozen Egg 2":37,"Bottled Flame":85,"CaptainsWheel":100,"Bronze Scales":37,"Art of War":51,"Bag of Marbles":70,"Membership Card":44,"Toy Ornithopter":37}],"Toy Ornithopter":6,"InkBottle":[16],"Ring of the Snake":[46]},"card_choices":[{"not_picked":["The Bomb","Secret Weapon"],"picked":"Thinking Ahead","floor":0},{"not_picked":["Caltrops","Bane"],"picked":"Dagger Throw","floor":1},{"not_picked":["Slice","Backflip"],"picked":"All Out Attack","floor":4},{"not_picked":["Bane","Escape Plan+1"],"picked":"Backstab","floor":7},{"not_picked":["Deadly Poison+1","Reflex+1"],"picked":"Backflip+1","floor":8},{"not_picked":["Glass Knife","Unload"],"picked":"Burst+1","floor":16},{"not_picked":["Blur+1","Bane+1"],"picked":"Acrobatics+1","floor":18},{"not_picked":["Prepared+1","Outmaneuver+1"],"picked":"Footwork","floor":21},{"not_picked":["Distraction+1","Accuracy"],"picked":"Malaise+1","floor":24},{"not_picked":["Predator","Deflect+1"],"picked":"Dagger Throw","floor":28},{"not_picked":["Bane","Quick Slash"],"picked":"Noxious Fumes+1","floor":30},{"not_picked":["Night Terror+1","Calculated Gamble+1"],"picked":"Underhanded Strike","floor":31},{"not_picked":["Malaise+1","Night Terror+1"],"picked":"Corpse Explosion+1","floor":33},{"not_picked":["Deadly Poison+1","Dagger Throw"],"picked":"Backflip+1","floor":34},{"not_picked":["Concentrate+1","Sucker Punch+1"],"picked":"Distraction+1","floor":35},{"not_picked":["Sucker Punch","Accuracy+1"],"picked":"Tactician+1","floor":36},{"not_picked":["Masterful Stab+1","Heel Hook"],"picked":"Outmaneuver+1","floor":37},{"not_picked":["Bane","Outmaneuver+1"],"picked":"Backflip+1","floor":39},{"not_picked":["Blade Dance+1","Slice+1"],"picked":"Quick Slash+1","floor":40},{"not_picked":["Doppelganger+1","Sucker Punch"],"picked":"Backflip+1","floor":41},{"not_picked":["Sucker Punch","Quick Slash+1"],"picked":"Tactician+1","floor":44},{"not_picked":["Corpse Explosion+1","Acrobatics+1"],"picked":"Deadly Poison+1","floor":46},{"not_picked":["Calculated Gamble+1","Prepared+1","Underhanded Strike"],"picked":"SKIP","floor":47},{"not_picked":["Crippling Poison+1","Dagger Spray"],"picked":"Catalyst+1","floor":48}],"player_experience":76497,"relics_obtained":[{"floor":7,"key":"Toxic Egg 2"},{"floor":9,"key":"Shovel"},{"floor":11,"key":"Mummified Hand"},{"floor":13,"key":"Potion Belt"},{"floor":23,"key":"Happy Flower"},{"floor":24,"key":"Toy Ornithopter"},{"floor":25,"key":"Frozen Egg 2"},{"floor":26,"key":"Vajra"},{"floor":27,"key":"Bronze Scales"},{"floor":28,"key":"Letter Opener"},{"floor":31,"key":"Art of War"},{"floor":32,"key":"Kunai"},{"floor":36,"key":"Mango"},{"floor":38,"key":"Bag of Marbles"},{"floor":41,"key":"InkBottle"},{"floor":42,"key":"Ancient Tea Set"},{"floor":43,"key":"Bottled Flame"},{"floor":46,"key":"Juzu Bracelet"},{"floor":49,"key":"CaptainsWheel"}],"event_choices":[{"damage_healed":0,"gold_gain":0,"player_choice":"Leave","damage_taken":0,"max_hp_gain":0,"max_hp_loss":0,"event_name":"The Cleric","floor":2,"gold_loss":0},{"damage_healed":0,"gold_gain":0,"player_choice":"Success","damage_taken":3,"relics_obtained":["Tingsha"],"max_hp_gain":0,"max_hp_loss":0,"event_name":"Scrap Ooze","floor":3,"gold_loss":0},{"damage_healed":0,"gold_gain":0,"player_choice":"Grow","damage_taken":0,"max_hp_gain":0,"max_hp_loss":0,"event_name":"Living Wall","floor":10,"gold_loss":0,"cards_upgraded":["Prepared"]},{"damage_healed":0,"gold_gain":0,"player_choice":"Take Wound","damage_taken":0,"relics_obtained":["Golden Idol"],"max_hp_gain":0,"max_hp_loss":0,"event_name":"Golden Idol","floor":12,"gold_loss":0,"cards_obtained":["Injury"]},{"cards_removed":["Injury"],"damage_healed":0,"gold_gain":0,"player_choice":"Offered Curse","damage_taken":0,"relics_obtained":["Spirit Poop"],"max_hp_gain":0,"max_hp_loss":0,"event_name":"Bonfire Elementals","floor":14,"gold_loss":0},{"damage_healed":0,"gold_gain":0,"cards_transformed":["Strike_G","Defend_G"],"player_choice":"Became Test Subject","damage_taken":0,"max_hp_gain":0,"max_hp_loss":0,"event_name":"Drug Dealer","floor":19,"gold_loss":0,"cards_obtained":["Footwork","Flying Knee"]},{"damage_healed":0,"gold_gain":0,"player_choice":"Became a vampire","damage_taken":0,"max_hp_gain":0,"max_hp_loss":19,"event_name":"Vampires","floor":20,"gold_loss":0,"cards_obtained":["Bite","Bite","Bite","Bite","Bite"]},{"damage_healed":0,"gold_gain":0,"player_choice":"Fight","damage_taken":0,"max_hp_gain":0,"max_hp_loss":0,"event_name":"MindBloom","floor":36,"gold_loss":0}],"is_beta":false,"boss_relics":[{"not_picked":["SacredBark","Snecko Eye"],"picked":"Philosopher\u0027s Stone"},{"not_picked":["WristBlade","Velvet Choker"],"picked":"Tiny House"}],"items_purged_floors":[],"is_endless":false,"potions_floor_spawned":[7,21,24,30,31,35,37,46,48],"ascension_level":1}}