{"host":"0xrtbk0xxukcoky5","time":1614165612,"event":{"mods":["BaseMod","Colored Map","Hermit","Minty Spire (QoL Compilation)","Reliquary","Replay The Spire","StSLib"],"gold_per_floor":[118,82,82,82,6,6,37,37,62,62,75,109,127,92,267,366,366,381,400,411,207,207,233,233,248,248,279,316,316,376,408,408,430,430],"floor_reached":33,"language":"ENG","playtime":1686,"items_purged":[],"score":334,"play_id":"dc901d32-deeb-40c1-b49e-aea466a8019b","local_time":"20210224122012","is_ascension_mode":true,"campfire_choices":[{"data":"hermit:ShadowCloak","floor":6.0,"key":"SMITH"},{"floor":8.0,"key":"RECALL"},{"data":"hermit:Combo","floor":10.0,"key":"SMITH"},{"data":"hermit:Combo","floor":24,"key":"SMITH"},{"floor":29,"key":"REST"},{"floor":32,"key":"DIG"}],"circlet_count":0,"master_deck":["hermit:Strike_Hermit","hermit:Strike_Hermit","hermit:Strike_Hermit","hermit:Strike_Hermit","hermit:Defend_Hermit","hermit:Defend_Hermit","hermit:Defend_Hermit","hermit:Defend_Hermit","hermit:Snapshot+1","hermit:Covet","hermit:Spite+1","hermit:Combo+1","Regret","hermit:ShadowCloak+1","hermit:Malice","hermit:HighCaliber+1","hermit:TakeAim","Doubt","hermit:FinalCanter+1","hermit:Deadeye","hermit:Cheat+1","hermit:PistolWhip+1","hermit:Combo+1","hermit:Combo","hermit:CursedWeapon+1","hermit:DeadMansHand","hermit:RoundhouseKick","hermit:Vantage+1","hermit:PistolWhip"],"relics":["hermit:Momento","NeowsBlessing","Torii","Bag of Marbles","Replay:Rubber Ducky","reliquary:Buckler","reliquary:KinkedSpring","Guide Book","Juzu Bracelet","Replay:Bandana","Red Mask","reliquary:ExpiredCoupon"],"acts_visited":["Exordium","TheCity"],"potions_floor_usage":[16,25,28,30,33,33],"damage_taken":[{"damage":0.0,"enemies":"Jaw Worm","floor":1.0,"turns":1.0},{"damage":0.0,"enemies":"Lagavulin","floor":7.0,"turns":2.0},{"damage":0.0,"enemies":"Cultist","floor":11.0,"turns":1.0},{"damage":24,"enemies":"3 Sentries","floor":12,"turns":9},{"damage":0,"enemies":"Small Slimes","floor":13,"turns":1},{"damage":55,"enemies":"The Guardian","floor":16,"turns":11},{"damage":7,"enemies":"3 Byrds","floor":18,"turns":4},{"damage":21,"enemies":"2 Thieves","floor":19,"turns":3},{"damage":6,"enemies":"Snecko","floor":20,"turns":4},{"damage":16,"enemies":"Gremlin Leader","floor":23,"turns":5},{"damage":32,"enemies":"Shelled Parasite and Fungi","floor":25,"turns":5},{"damage":11,"enemies":"Replay:Snechameleon","floor":27,"turns":5},{"damage":10,"enemies":"Centurion and Healer","floor":28,"turns":3},{"damage":10,"enemies":"Masked Bandits","floor":30,"turns":3},{"damage":2,"enemies":"3 Cultists","floor":31,"turns":4},{"damage":33,"enemies":"Pondfish","floor":33,"turns":7}],"seed_played":"-7412074999573618956","potions_obtained":[{"floor":12,"key":"hermit:Tonic"},{"floor":13,"key":"Weak Potion"},{"floor":20,"key":"Regen Potion"},{"floor":23,"key":"AttackPotion"},{"floor":27,"key":"hermit:Tonic"},{"floor":28,"key":"Milkshake"},{"floor":31,"key":"Milkshake"}],"is_trial":false,"path_per_floor":["M","$","?","?","$","R","E","R","T","R","M","E","M","?","R_BF","B",null,"M","M","M","$","?","E","R","M","T","E","M","R","?","M","R_BF","B"],"character_chosen":"HERMIT","items_purchased":["hermit:Combo","hermit:ShadowCloak","hermit:Combo","Guide Book"],"campfire_rested":1,"item_purchase_floors":[2,5,21,21],"current_hp_per_floor":[75,75,75,75,75,75,75,75,75,75,75,51,51,69,69,14,75,68,47,41,41,75,59,59,39,39,28,18,40,30,28,28,0,0],"gold":430,"neow_bonus":"THREE_ENEMY_KILL","is_daily":false,"chose_seed":false,"campfire_upgraded":3,"win_rate":0.0,"timestamp":1614165612,"path_taken":["M","$","?","?","$","R","E","R","T","R","?","E","M","?","R_BF","BOSS","M","M","M","$","?","E","R","M","T","E","M","R","?","M","R_BF","BOSS"],"items_purchased_type":["Card","Card","Card","Relic"],"build_version":"2020-12-22","purchased_purges":0,"victory":false,"max_hp_per_floor":[75,75,75,75,75,75,75,75,75,75,75,75,75,75,75,75,75,75,75,75,75,75,75,75,75,75,75,75,75,75,75,75,75,75],"card_choices":[{"not_picked":["hermit:Dive","hermit:Headshot"],"picked":"hermit:Spite","floor":1.0},{"not_picked":["hermit:LowProfile","hermit:BodyArmor","hermit:TakeCover"],"picked":"SKIP","floor":7.0},{"not_picked":["hermit:BodyArmor","hermit:Dive"],"picked":"hermit:Malice","floor":11.0},{"not_picked":["hermit:Desperado","hermit:ItchyTrigger"],"picked":"hermit:HighCaliber","floor":12},{"not_picked":["hermit:Midnight","hermit:Enervate"],"picked":"hermit:TakeAim","floor":13},{"not_picked":["hermit:FatalDesire","hermit:HeroicBravado"],"picked":"hermit:FinalCanter","floor":16},{"not_picked":["hermit:ItchyTrigger+1","hermit:Ricochet"],"picked":"hermit:Deadeye","floor":18},{"not_picked":["hermit:HighCaliber","hermit:TrackingShot+1"],"picked":"hermit:Cheat+1","floor":19},{"not_picked":["hermit:ItchyTrigger+1","hermit:Vantage"],"picked":"hermit:PistolWhip+1","floor":20},{"not_picked":["hermit:SprayPray","hermit:CalledShot"],"picked":"hermit:CursedWeapon+1","floor":23},{"not_picked":["hermit:HighCaliber","hermit:Brawl"],"picked":"hermit:DeadMansHand","floor":25},{"not_picked":["hermit:Gestalt","hermit:Dive"],"picked":"hermit:RoundhouseKick","floor":27},{"not_picked":["hermit:Virtue","hermit:LowProfile"],"picked":"hermit:Vantage+1","floor":28},{"not_picked":["hermit:Vantage","hermit:Quickdraw"],"picked":"hermit:PistolWhip","floor":31}],"player_experience":291833,"relics_obtained":[{"floor":7.0,"key":"Bag of Marbles"},{"floor":9.0,"key":"Replay:Rubber Ducky"},{"floor":12,"key":"reliquary:Buckler"},{"floor":23,"key":"Juzu Bracelet"},{"floor":27,"key":"Replay:Bandana"},{"floor":30,"key":"Red Mask"},{"floor":32,"key":"reliquary:ExpiredCoupon"}],"event_choices":[{"damage_healed":0.0,"max_hp_gain":0.0,"max_hp_loss":0.0,"gold_gain":0.0,"event_name":"Big Fish","player_choice":"Box","floor":3.0,"gold_loss":0.0,"damage_taken":0.0,"relics_obtained":["Torii"],"cards_obtained":["Regret"]},{"damage_healed":0.0,"max_hp_gain":0.0,"max_hp_loss":0.0,"gold_gain":0.0,"event_name":"The Woman in Blue","player_choice":"Bought 0 Potions","floor":4.0,"gold_loss":0.0,"damage_taken":0.0},{"damage_healed":18,"gold_gain":0,"player_choice":"Healed","damage_taken":0,"max_hp_gain":0,"max_hp_loss":0,"event_name":"The Cleric","floor":14,"gold_loss":35},{"damage_healed":0,"gold_gain":175,"player_choice":"AGREE","damage_taken":0,"max_hp_gain":0,"max_hp_loss":0,"event_name":"Liars Game","floor":15,"gold_loss":0,"cards_obtained":["Doubt"]},{"damage_healed":34,"gold_gain":0,"player_choice":"Full Heal","damage_taken":0,"max_hp_gain":0,"max_hp_loss":0,"event_name":"Wheel of Change","floor":22,"gold_loss":0},{"damage_healed":0,"gold_gain":0,"player_choice":"Fought Bandits","damage_taken":0,"max_hp_gain":0,"max_hp_loss":0,"event_name":"Masked Bandits","floor":30,"gold_loss":0}],"is_beta":false,"boss_relics":[{"not_picked":["Cursed Key","Snecko Eye"],"picked":"reliquary:KinkedSpring"}],"items_purged_floors":[],"is_endless":false,"potions_floor_spawned":[12,13,20,23,27,28,31],"killed_by":"Pondfish","ascension_level":1}}