{"host":"njb27ds59h4j3ikk","time":1614200874,"event":{"mods":["BaseMod","Better Altar","Better Match","Better Note","Better Sensory Stone","Better Skull","Better Third Choice","BetterRewards","Downfall","Hermit","Hubris","Minty Spire (QoL Compilation)","Permanent Neow","Quarter Circle Forward PUNCH!","Quick Restart","Rare Cards Sparkle","Replay The Spire","Shop Mod","StSLib","Trackpad","Transform Curses"],"gold_per_floor":[113,127,127,127,127,154,154,182,255,288,350,382,382,396,396,500,500,510,727,754,754,781,809,836,870,896,914,914,933,959,422,422,519,519,538,538,538,189,189,222,40,50,76,76,76,101,101,119,119,119,119],"floor_reached":50,"language":"ENG","playtime":2561,"items_purged":[],"score":1118,"play_id":"2fdcd72f-3d21-47a3-a8c8-f6e44e51915c","local_time":"20210224160753","is_ascension_mode":true,"campfire_choices":[{"data":"hermit:Headshot","floor":7.0,"key":"SMITH"},{"data":"hermit:Maintenance","floor":13.0,"key":"SMITH"},{"data":"hermit:Scavenge","floor":13.0,"key":"SMITH"},{"floor":15.0,"key":"REST"},{"floor":28.0,"key":"REST"},{"floor":32.0,"key":"REST"},{"data":"ReplayTheSpireMod:Uncanny Aura","floor":45,"key":"SMITH"},{"floor":47,"key":"RECALL"},{"data":"hermit:Determination","floor":49,"key":"SMITH"}],"circlet_count":0,"master_deck":["hermit:Strike_Hermit","hermit:Strike_Hermit","hermit:Strike_Hermit","hermit:Strike_Hermit","hermit:Defend_Hermit","hermit:Defend_Hermit","hermit:Defend_Hermit","hermit:Defend_Hermit","hermit:Snapshot","hermit:Covet","Flash of Steel","hermit:DeadMansHand","hermit:WideOpen+1","hermit:Glare","hermit:Headshot+1","hermit:Scavenge+1","hermit:Maintenance+1","hermit:Grudge","hermit:Feint","hermit:RoundhouseKick","hermit:FatalDesire+1","hermit:NoHoldsBarred+1","hermit:CalledShot+1","hermit:Vantage","hermit:Horror+1","hermit:Coalescence","hermit:SprayPray","hermit:FromBeyond","hermit:ShadowCloak+1","hermit:PistolWhip+1","hermit:Horror+1","Replay:Sssssssssstrike","hermit:FromBeyond","hermit:DeadOrAlive","Spreading Infection","hermit:SprayPray+1","Writhe","hermit:Determination+1","hermit:LowProfile+1","ReplayTheSpireMod:Uncanny Aura+1","Survey Options","hermit:HighCaliber+1","hermit:ItchyTrigger+1","hermit:RoundhouseKick","hermit:Quickdraw+1","hermit:NoHoldsBarred+1"],"relics":["hermit:Momento","PreservedInsect","Incense Burner","ReplayTheSpireMod:CursedCoin","qcfpunch:Not_Strongest_Fighting_Style_Guidebook","hubris:GlazedTorus","Bag of Preparation","Happy Flower","betterThird:SlimedRelic","Regal Pillow","Potion Belt","Blue Doll","Astrolabe","Toy Ornithopter","qcfpunch:White_Boots","Nunchaku","Boot","ReplayTheSpireMod:TigerMarble","Replay:Ancient Bell","Pear","Replay:Kaleidoscope","Matryoshka","trackpad:Mousetrap","MerchantsRug","Bronze Scales","Lantern","qcfpunch:Broken_Tusk","Pen Nib","Bottled Flame","InkBottle"],"acts_visited":["Exordium","TheCity","TheBeyond"],"potions_floor_usage":[],"damage_taken":[{"damage":1.0,"enemies":"Cultist","floor":1.0,"turns":3.0},{"damage":2.0,"enemies":"Jaw Worm","floor":2.0,"turns":3.0},{"damage":0.0,"enemies":"Gremlin Nob","floor":6.0,"turns":2.0},{"damage":5.0,"enemies":"3 Sentries","floor":8.0,"turns":4.0},{"damage":16.0,"enemies":"Lagavulin","floor":10.0,"turns":3.0},{"damage":0.0,"enemies":"Gremlin Nob","floor":12.0,"turns":2.0},{"damage":0.0,"enemies":"Small Slimes","floor":14.0,"turns":1.0},{"damage":11.0,"enemies":"The Guardian","floor":16.0,"turns":8.0},{"damage":0.0,"enemies":"2 Thieves","floor":18.0,"turns":1.0},{"damage":0.0,"enemies":"Spheric Guardian","floor":20.0,"turns":4.0},{"damage":0.0,"enemies":"Slavers","floor":23.0,"turns":1.0},{"damage":17.0,"enemies":"Centurion and Healer","floor":24.0,"turns":4.0},{"damage":12.0,"enemies":"Book of Stabbing","floor":25.0,"turns":3.0},{"damage":23.0,"enemies":"Cultist and Chosen","floor":27.0,"turns":6.0},{"damage":18.0,"enemies":"3 Cultists","floor":29.0,"turns":4.0},{"damage":17.0,"enemies":"Snecko","floor":30.0,"turns":4.0},{"damage":15.0,"enemies":"Champ","floor":33.0,"turns":5.0},{"damage":1.0,"enemies":"Orb Walker","floor":35.0,"turns":3.0},{"damage":7.0,"enemies":"R_Hoarder","floor":40.0,"turns":5.0},{"damage":0,"enemies":"3 Shapes","floor":42,"turns":3},{"damage":0,"enemies":"Reptomancer","floor":46,"turns":3},{"damage":0,"enemies":"3 Darklings","floor":48,"turns":2},{"damage":80,"enemies":"Replay:Hell Engine","floor":50,"turns":7}],"seed_played":"-6865063623886024247","potions_obtained":[{"floor":2.0,"key":"Milkshake"},{"floor":8.0,"key":"Reflective Coating"},{"floor":11.0,"key":"DistilledChaos"},{"floor":11.0,"key":"GamblersBrew"},{"floor":11.0,"key":"hermit:Eclipse"},{"floor":16.0,"key":"SkillPotion"},{"floor":20.0,"key":"Explosive Potion"},{"floor":24.0,"key":"hermit:BlackBile"},{"floor":27.0,"key":"sneckomod:MuddlingPotion"},{"floor":29.0,"key":"Energy Potion"},{"floor":46,"key":"Explosive Potion"},{"floor":48,"key":"sneckomod:MuddlingPotion"}],"is_trial":false,"path_per_floor":["M","M","?","?","?","E","R","E","T","E","?","E","R","M","R","B",null,"M","?","M","?","T","E","M","E","T","M","R","M","M","$","R","B",null,"M","?","?","$","?","E","$","M","T","T","R","E","R","M","R","B"],"character_chosen":"HERMIT","items_purchased":["PreservedInsect","Flash of Steel","ReplayTheSpireMod:CursedCoin","qcfpunch:Not_Strongest_Fighting_Style_Guidebook","Bag of Preparation","Happy Flower","hermit:DeadMansHand","Boot","ReplayTheSpireMod:TigerMarble","Replay:Sssssssssstrike","DollysMirror","Matryoshka","hermit:Determination","hermit:LowProfile+1","MerchantsRug","Bronze Scales","hermit:ItchyTrigger+1"],"campfire_rested":3,"item_purchase_floors":[0,0,0,0,0,0,0,31,31,31,31,38,38,38,41,41,41],"current_hp_per_floor":[74,72,61,61,61,61,61,56,56,40,40,40,40,40,75,64,72,72,56,56,56,56,66,49,42,42,19,56,38,31,31,68,58,81,80,80,85,85,85,78,78,78,78,78,78,78,78,78,78,0,0],"gold":119,"neow_bonus":"","is_daily":false,"chose_seed":false,"campfire_upgraded":5,"win_rate":0.0,"timestamp":1614200873,"path_taken":["M","M","?","?","?","E","R","E","T","E","?","E","R","M","R","BOSS","M","?","M","?","?","E","M","E","T","M","R","M","M","$","R","BOSS","M","?","?","$","?","E","$","M","T","?","R","E","R","M","R","BOSS"],"items_purchased_type":["Relic","Card","Relic","Relic","Relic","Relic","Card","Relic","Relic","Card","Relic","Relic","Card","Card","Relic","Relic","Card"],"build_version":"2020-12-22","purchased_purges":0,"victory":false,"max_hp_per_floor":[75,75,75,75,75,75,75,75,75,75,75,75,75,75,75,75,75,75,75,75,75,75,75,75,75,75,75,75,75,75,75,75,75,85,85,85,85,85,85,85,85,85,85,85,85,85,85,85,85,85,85],"card_choices":[{"not_picked":["hermit:HoleUp","hermit:TrackingShot"],"picked":"hermit:WideOpen","floor":1.0},{"not_picked":["hermit:Shortfuse","hermit:HoleUp"],"picked":"hermit:Glare","floor":2.0},{"not_picked":["hermit:FatalDesire","hermit:WideOpen"],"picked":"hermit:Headshot","floor":6.0},{"not_picked":["hermit:HoleUp","hermit:Shortfuse"],"picked":"hermit:Scavenge","floor":8.0},{"not_picked":["hermit:Roulette","hermit:Malice"],"picked":"hermit:Maintenance","floor":10.0},{"not_picked":["hermit:CursedWeapon","hermit:HoleUp"],"picked":"hermit:Grudge","floor":11.0},{"not_picked":["hermit:Malice","hermit:TakeAim"],"picked":"hermit:Feint","floor":12.0},{"not_picked":["hermit:BodyArmor","hermit:LowProfile"],"picked":"hermit:Cheat","floor":14.0},{"not_picked":["hermit:Magnum","hermit:OverwhelmingPower"],"picked":"hermit:RoundhouseKick","floor":16.0},{"not_picked":["hermit:Scavenge","hermit:NoHoldsBarred+1"],"picked":"hermit:Vantage","floor":18.0},{"not_picked":["hermit:WideOpen","hermit:Manifest+1"],"picked":"hermit:Horror+1","floor":20.0},{"not_picked":["hermit:BlackWind","hermit:Quickdraw"],"picked":"hermit:Coalescence","floor":23.0},{"not_picked":["hermit:WideOpen","hermit:Quickdraw"],"picked":"hermit:SprayPray","floor":24.0},{"not_picked":["hermit:Deadeye","hermit:FullyLoaded"],"picked":"hermit:FromBeyond","floor":25.0},{"not_picked":["hermit:WideOpen","hermit:ItchyTrigger"],"picked":"hermit:ShadowCloak+1","floor":27.0},{"not_picked":["hermit:Manifest","hermit:SprayPray+1"],"picked":"hermit:PistolWhip+1","floor":29.0},{"not_picked":["hermit:TrackingShot","hermit:CalledShot"],"picked":"hermit:Horror+1","floor":30.0},{"not_picked":["hermit:Roughhouse","hermit:EternalForm"],"picked":"hermit:DeadOrAlive","floor":33.0},{"not_picked":["Amnesia","ReplayTheSpireMod:Doomed"],"picked":"Parasite","floor":34.0},{"not_picked":["Doubt","hubris:Compulsion"],"picked":"hubris:Sloth","floor":34.0},{"not_picked":["Writhe","Sickly"],"picked":"Spreading Infection","floor":34.0},{"not_picked":["hermit:LuckOfTheDraw","hermit:HoleUp"],"picked":"hermit:SprayPray+1","floor":35.0},{"not_picked":["Swift Strike","Survey Options"],"picked":"ReplayTheSpireMod:Uncanny Aura","floor":39.0},{"not_picked":["Secret Technique","Magnetism"],"picked":"Survey Options","floor":39.0},{"not_picked":["hermit:Headshot","hermit:Glare"],"picked":"hermit:HighCaliber+1","floor":40.0},{"not_picked":["hermit:FlashPowder","hermit:EyeOfTheStorm"],"picked":"hermit:RoundhouseKick","floor":42},{"not_picked":["hermit:CursedWeapon","hermit:FullyLoaded"],"picked":"hermit:Quickdraw+1","floor":46},{"not_picked":["hermit:Coalescence","hermit:Snipe"],"picked":"hermit:NoHoldsBarred+1","floor":48}],"player_experience":1397794,"relics_obtained":[{"floor":6.0,"key":"Regal Pillow"},{"floor":8.0,"key":"Potion Belt"},{"floor":10.0,"key":"Blue Doll"},{"floor":12.0,"key":"Replay:Arrowhead"},{"floor":22.0,"key":"Toy Ornithopter"},{"floor":23.0,"key":"hubris:TenFootPole"},{"floor":25.0,"key":"qcfpunch:White_Boots"},{"floor":26.0,"key":"Nunchaku"},{"floor":40.0,"key":"trackpad:Mousetrap"},{"floor":43,"key":"Lantern"},{"floor":43,"key":"qcfpunch:Broken_Tusk"},{"floor":44,"key":"Pen Nib"},{"floor":44,"key":"Bottled Flame"},{"floor":46,"key":"InkBottle"}],"event_choices":[{"damage_healed":0.0,"max_hp_gain":1.0,"max_hp_loss":0.0,"gold_gain":0.0,"event_name":"betterThird:BetterGoop","player_choice":"Slimed","floor":3.0,"gold_loss":0.0,"damage_taken":11.0},{"damage_healed":61.0,"max_hp_gain":0.0,"max_hp_loss":75.0,"gold_gain":0.0,"event_name":"betterThird:BetterShining","player_choice":"Leave","floor":5.0,"gold_loss":0.0,"damage_taken":0.0},{"damage_healed":0.0,"max_hp_gain":0.0,"max_hp_loss":0.0,"gold_gain":217.0,"event_name":"betterSkull:BetterSkull","player_choice":"GO GO ","floor":19.0,"gold_loss":0.0,"damage_taken":18.0,"cards_upgraded":[],"relics_obtained":[]},{"damage_healed":0.0,"max_hp_gain":0.0,"max_hp_loss":0.0,"gold_gain":0.0,"event_name":"The Woman in Blue","player_choice":"Bought 0 Potions","floor":21.0,"gold_loss":0.0,"damage_taken":0.0},{"damage_healed":0.0,"max_hp_gain":0.0,"max_hp_loss":0.0,"gold_gain":0.0,"event_name":"Tomb of Lord Red Mask","player_choice":"Ignored","floor":36.0,"gold_loss":0.0,"damage_taken":0.0},{"damage_healed":21.0,"max_hp_gain":0.0,"max_hp_loss":0.0,"gold_gain":0.0,"event_name":"Winding Halls","player_choice":"Writhe","floor":37.0,"gold_loss":0.0,"damage_taken":0.0,"cards_obtained":["Writhe"]},{"damage_healed":0.0,"max_hp_gain":0.0,"max_hp_loss":0.0,"gold_gain":3.0,"event_name":"betterStone:BetterStone","player_choice":"1","floor":39.0,"gold_loss":0.0,"damage_taken":0.0}],"is_beta":false,"boss_relics":[{"not_picked":["Replay:Drink Me","trackpad:Trackpad"],"picked":"Astrolabe"},{"not_picked":["hubris:BlackHole","Honey Jar"],"picked":"Replay:Ancient Bell"},{"not_picked":["Grinning Jar","Centennial Puzzle"],"picked":"Omamori"},{"not_picked":["hermit:Spyglass","Mirror"],"picked":"Pear"},{"not_picked":["champ:DuelingGlove","hubris:FunFungus"],"picked":"Replay:Kaleidoscope"}],"items_purged_floors":[],"is_endless":false,"potions_floor_spawned":[2,8,16,20,24,27,29,46,48],"killed_by":"Replay:Hell Engine","ascension_level":5}}