{"host":"yfdtuf6ojcxn06xg","time":1614140855,"event":{"mods":["2.2 Compatiblity","AchievementEnabler","BaseMod","Colored Map","Colored Powertips","Curses Come First","Hermit","JesterMod","Jorbs\u0027s Wanderer Trilogy","Minty Spire (QoL Compilation)","Quick Restart","Rare Cards Sparkle","Relic Stats","Replay The Spire","StSLib","The Cursed","The Disciple","The Hierophant","The Jungle","The Marked","The Necromancer","The Servant 0.9.4"],"gold_per_floor":[109,122,138,154,19,19,19],"floor_reached":6,"language":"ENG","playtime":263,"items_purged":["Strike_B"],"score":44,"play_id":"a8bcb6a3-87a5-4dab-a31c-797ba0850303","local_time":"20210223232735","is_ascension_mode":true,"campfire_choices":[],"circlet_count":0,"master_deck":["Strike_B","Strike_B","Defend_B","Defend_B","Defend_B","Defend_B","Zap","Dualcast","Sweeping Beam","Hologram","ReplaySolidLightProjector","Coolheaded","FIFO Queue+1"],"relics":["Cracked Core"],"acts_visited":["Exordium"],"potions_floor_usage":[3],"damage_taken":[{"damage":1,"enemies":"Cultist","floor":1,"turns":3},{"damage":12,"enemies":"2 Louse","floor":2,"turns":3},{"damage":0,"enemies":"Small Slimes","floor":3,"turns":4},{"damage":14,"enemies":"Blue Slaver","floor":4,"turns":4},{"damage":77,"enemies":"Gremlin Nob","floor":6,"turns":4}],"seed_played":"2932885362191865812","potions_obtained":[{"floor":2,"key":"SpeedPotion"},{"floor":3,"key":"FearPotion"}],"is_trial":false,"path_per_floor":["M","M","M","M","$","E"],"character_chosen":"DEFECT","items_purchased":["FIFO Queue+1"],"campfire_rested":0,"item_purchase_floors":[5],"current_hp_per_floor":[74,62,62,48,48,0,0],"gold":19,"neow_bonus":"RANDOM_EVENT","is_daily":false,"chose_seed":false,"campfire_upgraded":0,"win_rate":0.0,"timestamp":1614140855,"path_taken":["M","?","M","M","$","E"],"items_purchased_type":["Card"],"build_version":"2020-12-22","purchased_purges":1,"victory":false,"max_hp_per_floor":[75,75,75,75,75,75,75],"relic_stats":{"counters":[5,18],"obtain_stats":[{"Cracked Core":0},{"Cracked Core":0},{"Cracked Core":0}]},"card_choices":[{"not_picked":["Sunder","ReplaySort"],"picked":"Sweeping Beam","floor":1},{"not_picked":["Steam","Leap"],"picked":"Hologram","floor":2},{"not_picked":["Compile Driver","Steam Power"],"picked":"ReplaySolidLightProjector","floor":3},{"not_picked":["Sweeping Beam","Panic Button"],"picked":"Coolheaded","floor":4}],"player_experience":277896,"relics_obtained":[],"event_choices":[],"is_beta":false,"boss_relics":[],"items_purged_floors":[5],"is_endless":false,"potions_floor_spawned":[2,3],"killed_by":"Gremlin Nob","ascension_level":3}}