{"host":"w05x4i13f2m9joq1","time":1614207374,"event":{"mods":["100% Spire Juice","Act Like it!","BaseMod","Better Altar","Better Match","Better Note","Better Sensory Stone","Better Skull","Better Third Choice","BetterRewards","CapriCore","Colored Map","Colored Powertips","Defective Defect","Duelist Mod","Gensokyo","GifTheSpireLib","Googly Eyes","Infinite Spire","Ironclad Rager","Library of Ruina","Library of Ruina Extra","Lobotomy","LobotomyExtend","Marisa????????","Melee Mod","Minty Spire (QoL Compilation)","Morshu Shopkeeper - ENHANCED","MostiFishMod","Quick Restart","Rare Cards Sparkle","Reliquary","Replay The Spire","Ruina","Shop Mod","Spicy Shops","Spire Birthday Party","StSLib","The Animator","The IronCluck","Uncapped","everything is the same but u backflip on backflip","slay the spire mod where everything is the same but ironclad has a cowboy hat"],"gold_per_floor":[365,379,454,467,483,515,576,594,594,562,590,605,638,654,654,754,754,774,789,264,264,264,264,279,299,350,350,360,373,392,412,412,483,583,596,651,704,762,762,819,819,819,819,819,842,907,907,398,442,482,482,482,482],"floor_reached":54,"language":"ENG","playtime":1939,"items_purged":["Unlock1+1"],"score":1469,"play_id":"0ba3aea2-1696-49bc-a1f5-df656a14b1b2","local_time":"20210224175614","is_ascension_mode":false,"campfire_choices":[{"floor":15,"key":"REST"},{"data":"DegradedFairy","floor":32,"key":"SMITH"},{"data":"DegradedFairy","floor":41,"key":"SMITH"},{"data":"DegradedFairy","floor":44,"key":"SMITH"},{"data":"GrazeTheGrass","floor":51,"key":"SMITH"}],"circlet_count":0,"master_deck":["DegradedFairy","DegradedFairy","DegradedFairy","DegradedChain+1","DegradedChain+1","DegradedLock+1","DegradedPillar+1","DegradedPillar+1","DegradedShockwave+1","Faith+1","MostiFishMod:StoryBook+1","Multislash+1","RushDown+1","BackAttack+1","GrazeTheGrass+1"],"relics":["PageOfLibrarian","DaveBox","ExusiaiGun","SynthV:TestCard","LetterFromLob","Regal Pillow","infinitespire:Beetle Shell","Simple Rune","PageOfLittleHelper","PageOfOzma","xbg","PageOfWizard","InkBottle","Blue Doll","Replay:Wanted Poster","infinitespire:EvilPickle","Mark of the Bloom","infinitespire:EmpoweringShard","PreservedInsect","infinitespire:Magic Flask","DiscerningMonocle","Oddly Smooth Stone","Molten Egg 2"],"acts_visited":["Exordium","TheCity","TheBeyond"],"potions_floor_usage":[],"damage_taken":[{"damage":0,"enemies":"Jaw Worm","floor":1,"turns":1},{"damage":0,"enemies":"infinitespire:Voidling","floor":2,"turns":1},{"damage":0,"enemies":"2 Louse","floor":4,"turns":1},{"damage":0,"enemies":"Blue Slaver","floor":5,"turns":1},{"damage":0,"enemies":"Gremlin Nob","floor":6,"turns":1},{"damage":0,"enemies":"3 Sentries","floor":7,"turns":2},{"damage":0,"enemies":"Exordium Thugs","floor":8,"turns":1},{"damage":0,"enemies":"3 Sentries","floor":11,"turns":2},{"damage":0,"enemies":"2 Fungi Beasts","floor":12,"turns":1},{"damage":0,"enemies":"Replay:BlueRogue","floor":13,"turns":1},{"damage":0,"enemies":"3 Louse","floor":14,"turns":3},{"damage":0,"enemies":"Hexaghost","floor":16,"turns":1},{"damage":0,"enemies":"3 Byrds","floor":18,"turns":2},{"damage":0,"enemies":"Spheric Guardian","floor":19,"turns":1},{"damage":0,"enemies":"theDuelist:KaibaA2","floor":23,"turns":1},{"damage":0,"enemies":"Snecko","floor":24,"turns":1},{"damage":0,"enemies":"Centurion and Healer","floor":25,"turns":1},{"damage":0,"enemies":"Snake Plant","floor":28,"turns":1},{"damage":0,"enemies":"3 Cultists","floor":29,"turns":1},{"damage":0,"enemies":"Centurion and Healer","floor":30,"turns":1},{"damage":0,"enemies":"Snake Plant","floor":31,"turns":1},{"damage":0,"enemies":"Pondfish","floor":33,"turns":3},{"damage":8,"enemies":"3 Darklings","floor":35,"turns":1},{"damage":0,"enemies":"Orb Walker","floor":36,"turns":1},{"damage":0,"enemies":"Spire Growth","floor":37,"turns":1},{"damage":0,"enemies":"Jaw Worm Horde","floor":38,"turns":1},{"damage":0,"enemies":"Nightmare","floor":40,"turns":1},{"damage":0,"enemies":"Sphere and 2 Shapes","floor":46,"turns":1},{"damage":0,"enemies":"Spire Growth","floor":49,"turns":1},{"damage":0,"enemies":"Transient","floor":50,"turns":1},{"damage":0,"enemies":"Awakened One","floor":52,"turns":2},{"damage":0,"enemies":"Awakened One","floor":53,"turns":1}],"seed_played":"492666246034705618","potions_obtained":[{"floor":6,"key":"Weak Potion"},{"floor":7,"key":"Swift Potion"},{"floor":8,"key":"SkillPotion"},{"floor":29,"key":"BlessingOfTheForge"}],"is_trial":false,"path_per_floor":["M","M","?","M","M","E","?","M","T","?","E","M","E","M","R","B",null,"M","M","$","?","?","E","M","M","T","E","M","M","M","M","R","B",null,"M","M","M","M","?","NM","R","PTL","PTL","R","T","M","?","$","M","M","R","B",null,null],"character_chosen":"Librarian","items_purchased":["MostiFishMod:StoryBook","PageOfWizard","infinitespire:Magic Flask","DiscerningMonocle","Oddly Smooth Stone","Molten Egg 2"],"campfire_rested":1,"item_purchase_floors":[20,20,48,48,48,48],"current_hp_per_floor":[42,42,33,33,33,33,33,33,33,33,33,33,33,33,75,75,90,90,90,90,41,41,41,41,41,41,41,41,41,41,41,41,41,90,82,82,82,82,82,82,82,82,82,82,82,82,82,82,82,82,82,82,82],"gold":482,"neow_bonus":"TWO_FIFTY_GOLD","is_daily":false,"chose_seed":false,"campfire_upgraded":4,"win_rate":0.0,"timestamp":1614207374,"path_taken":["M","M","?","M","?","E","?","M","T","?","E","M","E","M","R","BOSS","M","M","$","?","?","E","M","M","T","E","M","M","M","M","R","BOSS","M","M","M","M","?","NM","R","PTL","PTL","R","T","M","?","$","M","M","R","BOSS"],"items_purchased_type":["Card","Relic","Relic","Relic","Relic","Relic"],"build_version":"2020-12-22","purchased_purges":1,"victory":true,"max_hp_per_floor":[90,90,90,90,90,90,90,90,90,90,90,90,90,90,90,90,90,90,90,90,90,90,90,90,90,90,90,90,90,90,90,90,90,90,90,90,90,90,90,90,90,90,90,90,90,90,90,90,90,90,90,90,90],"card_choices":[{"not_picked":["Observe","Leap_lor","HiddenBlade","WillOfThePrescript","SearingSword","PinpointShot","ViolentFlame","Thrust","FierceCharge"],"picked":"SKIP","floor":1},{"not_picked":["Outburst","HiddenBlade","GrazeTheGrass","EnergyCycle","SnakesPrey","ChopItOff","SharpSwipe","Tailoring","Duel_lor","SpearedSweep","Diversion"],"picked":"SKIP","floor":2},{"not_picked":["GuardingStance","Guardian_lor","StructuralAnalysis","UpbeatPerformance","BindingChains","SerpentSwordTechnique","FierceOnslaught","SummaryJudgment","SparkingSpear","Punishment","ButterflySlash"],"picked":"SKIP","floor":4},{"not_picked":["SunsetBlade","Leap_lor","InhaleSmoke","CoordinatedAssault","Execute_lor","RhinoRam","ClassAndRespect","Gamble","StructuralAnalysis","Pound","ChargeUp"],"picked":"SKIP","floor":5},{"not_picked":["DaringDecision","DesperateStruggle","BayonetCombat","RapidGashes","NightInTheBackstreets","Rewind","CoordinatedAssault","Juggling","FlowOfTheSword","GrazeTheGrass","Standoff"],"picked":"SKIP","floor":6},{"not_picked":["BoundaryOfDeath","GatherIntel","GrazeTheGrass","FleetFootsteps","QuickSuppression","EnergyShield","SerpentSwordTechnique","PinpointShot","Outburst","DesperateStruggle","GuidanceOfTheGears"],"picked":"SKIP","floor":8},{"not_picked":["BoundaryOfDeath","GatherIntel","GrazeTheGrass","FleetFootsteps","QuickSuppression","EnergyShield","SerpentSwordTechnique","PinpointShot","Outburst","DesperateStruggle","GuidanceOfTheGears"],"picked":"SKIP","floor":8},{"not_picked":["AssaultOrder","SpearedSweep","ElectricShock","QuickAttack","Castigation","Duel_lor","HiddenBlade","HandleRequest","DeepDrag","StrikeDown","WildCard"],"picked":"SKIP","floor":11},{"not_picked":["EnergyCycle","SunsetBlade","CutIn","Marionette","StrikeDown","BulkyImpact","Standoff","Multislash","HandleRequest","SturdyDefense","Parry"],"picked":"SKIP","floor":12},{"not_picked":["HardRehearsal","WillOfThePrescript","SerpentSwordTechnique","AGoldenOpportunity","Slice_lor","Cruelty","ScatteringSlash","StrikeDown","Faith","StayCalm","SavageMode"],"picked":"SKIP","floor":13},{"not_picked":["EnergyShield","SuppressingShot","Outburst","ShockRound","FierceCharge","Reload","AsThePrescriptOrders","DirtyBlow","UnavoidableGaze","AlloutWar"],"picked":"Faith","floor":14},{"not_picked":["SnakesPrey+1","AsThePrescriptOrders+1","SweepTheBackstreets+1","Faith+1","Pound+1","SkyClearingCut","Quickness","SpearedSweep+1","ConcentratedFire+1","GrazeTheGrass","MultiBlock+1"],"picked":"SKIP","floor":18},{"not_picked":["RatsGuideToSurvival","Brawl","GuardingStance+1","SinglePointStab+1","IdentifyWeakpoint","Wallop_lor","EnergyBeam","ICanCookAnything+1","CoordinatedAssault","MultiHit","ClassAndRespect"],"picked":"SKIP","floor":19},{"not_picked":["FleetEdge+1","Pound+1","CutIn","GreatSerpentsImpact","CrackOfDawn","WillOfThePrescript+1","AsThePrescriptOrders","EnergyStrike+1","CircusKnives+1","FlashingStrike","ChargeUp"],"picked":"SKIP","floor":23},{"not_picked":["DarkCloud","AsThePrescriptOrders","CoordinatedAssault","EndlessBattle","StructuralAnalysis","HeavyPeaks","StrikeDown","Guardian_lor","MindCrush","Brawl"],"picked":"Multislash","floor":24},{"not_picked":["IllEndYou","WillOfThePrescript","AGoldenOpportunity+1","Wallop_lor","IdentifyWeakpoint+1","EnergyStrike","Leap_lor","StrikeDown","QuickSuppression","Thrust","AutomatedMovement"],"picked":"SKIP","floor":25},{"not_picked":["Overcharge+1","SerpentSwordTechnique","BattleCommand","FieryWaltz","StrongStrike","SuppressingShot","BackAttack","CircusKnives","AsThePrescriptOrders","InhaleSmoke"],"picked":"RushDown","floor":28},{"not_picked":["Tttonst","CoordinatedAssault","BackAttack","Eliminate","GuardingStance+1","AsThePrescriptOrders","Diversion","GaleKick","Execute_lor","UncannyStrike","BiAn"],"picked":"SKIP","floor":29},{"not_picked":["MultiHit","GoinFirst","FierceCharge","Diversion","AsThePrescriptOrders","Faith","DirtyBlow","ShrineToMusic","Reload","Parry+1","FleetEdge"],"picked":"SKIP","floor":30},{"not_picked":["SuppressingShot+1","Quickness","BiAn","PreparedMind","SkitterAway","ClassAndRespect","SharpSwipe","SteelKnuckles","GrazeTheGrass","Reload","EnergyCycle"],"picked":"SKIP","floor":31},{"not_picked":["SmokingPipe","Preparation+1","EnergyStrike","Wallop_lor","HandlingWork+1","GuidanceOfTheGears","ViolentFlame","CoordinatedAssault+1","LawAndOrder","FierceCharge+1"],"picked":"BackAttack+1","floor":35},{"not_picked":["ExtractFuel+1","EnergyCycle","Reload+1","Slice_lor+1","ViolentFlame+1","HighKick+1","TrimTheIngredients","DesperateStruggle+1","InnerArdor","EnergyShield","SpearedSweep+1"],"picked":"SKIP","floor":36},{"not_picked":["SharpSwipe","EnergyCycle","WildCard","AGoldenOpportunity","SuppressingShot+1","Quickness","FieryDragonSlash","Diversion+1","StrikeDown+1","MindWhip+1"],"picked":"Unlock1+1","floor":37},{"not_picked":["DefenseOrder+1","RipSpace","HandleRequest+1","EnergyCycle+1","MultiHit","SweepTheBackstreets","Parry2+1","GuidanceOfTheGears+1","Leap_lor+1","EnergyShield","Standoff"],"picked":"SKIP","floor":38},{"not_picked":["Quickness","WrathOfTorment+1","HiddenBlade+1","MultiHit","MindWhip+1","FleetEdge+1","RagingStormLove","FierceCharge+1","AutomatedMovement+1","EnergyStrike+1","DarkCloud"],"picked":"SKIP","floor":40},{"not_picked":["Faith","StartinOutLightly","StructuralAnalysis","LoosenUp","Quickness+1","Cruelty","SpearedSweep+1","DarkCloud+1","GreatSerpentsImpact+1","SnakesPrey+1"],"picked":"GrazeTheGrass","floor":46},{"not_picked":["Reload+1","CoordinatedAssault+1","GrazeTheGrass+1","Multislash+1","Wallop_lor+1","TieShanKao+1","CombatPreparation","StructuralAnalysis","SturdyDefense+1","StartinOutLightly+1","DriedUp"],"picked":"SKIP","floor":49},{"not_picked":["Feast+1","CutIn+1","BayonetCombat+1","SharpenedBlade","DefenseOrder+1","BiAn","DesperateStruggle+1","HiddenBlade+1","InhaleSmoke+1","MirageStorm+1","SerpentSwordTechnique"],"picked":"SKIP","floor":50}],"player_experience":220995,"relics_obtained":[{"floor":1,"key":"SynthV:TestCard"},{"floor":1,"key":"LetterFromLob"},{"floor":6,"key":"Regal Pillow"},{"floor":7,"key":"infinitespire:Beetle Shell"},{"floor":9,"key":"Simple Rune"},{"floor":11,"key":"PageOfLittleHelper"},{"floor":13,"key":"PageOfOzma"},{"floor":23,"key":"InkBottle"},{"floor":26,"key":"Blue Doll"},{"floor":40,"key":"infinitespire:EmpoweringShard"},{"floor":45,"key":"PreservedInsect"}],"event_choices":[{"damage_healed":0,"gold_gain":75,"player_choice":"Touch","damage_taken":9,"max_hp_gain":0,"max_hp_loss":0,"event_name":"FaceTrader","floor":3,"gold_loss":0},{"damage_healed":0,"gold_gain":30,"player_choice":"Searched \u00272\u0027 times","damage_taken":0,"max_hp_gain":0,"max_hp_loss":0,"event_name":"Dead Adventurer","floor":7,"gold_loss":0},{"damage_healed":0,"gold_gain":0,"player_choice":"Left","damage_taken":0,"max_hp_gain":0,"max_hp_loss":0,"event_name":"betterThird:BetterGoop","floor":10,"gold_loss":32},{"damage_healed":0,"gold_gain":0,"player_choice":"UP UP UP ","damage_taken":55,"relics_obtained":[],"max_hp_gain":0,"max_hp_loss":0,"event_name":"betterSkull:BetterSkull","floor":21,"gold_loss":0,"cards_upgraded":["DegradedPillar","DegradedFairy","Faith"]},{"cards_removed":["Faith"],"damage_healed":0,"gold_gain":0,"player_choice":"Give","damage_taken":0,"max_hp_gain":0,"max_hp_loss":0,"event_name":"betterNote:BetterNote","floor":22,"gold_loss":0,"cards_obtained":["None"]},{"damage_healed":0,"gold_gain":0,"player_choice":"Upgrade","damage_taken":0,"relics_obtained":["Mark of the Bloom"],"max_hp_gain":0,"max_hp_loss":0,"event_name":"MindBloom","floor":39,"gold_loss":0,"cards_upgraded":["DegradedFairy","DegradedFairy","DegradedFairy","DegradedChain","DegradedChain","DegradedLock","DegradedPillar","DegradedShockwave","MostiFishMod:StoryBook","Multislash","RushDown"]},{"damage_healed":0,"gold_gain":0,"player_choice":"Ignored","damage_taken":0,"max_hp_gain":0,"max_hp_loss":0,"event_name":"Tomb of Lord Red Mask","floor":47,"gold_loss":0}],"is_beta":false,"boss_relics":[{"not_picked":["Sozu","Tiny House"],"picked":"xbg"},{"not_picked":["reliquary:Craggleroot","Replay:Drink Me"],"picked":"Replay:Wanted Poster"}],"items_purged_floors":[48],"is_endless":false,"potions_floor_spawned":[6,7,8,12,13,16,18,25,29,31,38,46,49],"ascension_level":0}}