{"host":"Luke","time":1614200227,"event":{"mods":["BaseMod","Downfall","Hermit","Minty Spire (QoL Compilation)","StSLib","The Exalted"],"gold_per_floor":[99,119,119,104,104,104,152,63,98,111,111,11,28,13,27,27,27,27],"floor_reached":16,"language":"ENG","playtime":893,"items_purged":[],"score":98,"play_id":"2a483216-51c4-49b2-b362-d806b5b3eae6","local_time":"20210224205707","is_ascension_mode":false,"campfire_choices":[{"data":"1","floor":1,"key":"LIFT"},{"data":"2","floor":6,"key":"LIFT"},{"floor":12,"key":"REST"}],"circlet_count":0,"master_deck":["Slimebound:Strike_Slimebound","Slimebound:Strike_Slimebound","Slimebound:Strike_Slimebound","Slimebound:Tackle+1","Slimebound:Defend_Slimebound","Slimebound:Defend_Slimebound","Slimebound:Defend_Slimebound","Slimebound:Defend_Slimebound","Slimebound:Split","Slimebound:CorrosiveSpit","Slimebound:HauntingLick","Slimebound:GrowthPunch+1","Slimebound:LevelUp","Slimebound:Equalize","Slimebound:ServeAndProtect","Slimebound:FlameTackle","Slimebound:ForwardTackle","Slimebound:HauntingLick"],"relics":["Slimebound:AbsorbEndCombat","Girya","Whetstone","Singing Bowl","downfall:HeartBlessingGreen"],"acts_visited":["Exordium"],"potions_floor_usage":[10,14,16],"damage_taken":[{"damage":10,"enemies":"Jaw Worm","floor":2,"turns":5},{"damage":3,"enemies":"downfall:FleeingMerchant","floor":4,"turns":4},{"damage":13,"enemies":"downfall:FleeingMerchant","floor":8,"turns":4},{"damage":34,"enemies":"Gremlin Nob","floor":9,"turns":4},{"damage":0,"enemies":"Small Slimes","floor":10,"turns":1},{"damage":0,"enemies":"Cultist","floor":11,"turns":1},{"damage":1,"enemies":"Blue Slaver","floor":13,"turns":3},{"damage":20,"enemies":"downfall:FleeingMerchant","floor":14,"turns":4},{"damage":19,"enemies":"Lots of Slimes","floor":15,"turns":3},{"damage":53,"enemies":"DF_ARCHETYPE_STREAMLINE","floor":16,"turns":7}],"seed_played":"646455533731111820","potions_obtained":[{"floor":9,"key":"LiquidMemories"},{"floor":10,"key":"sneckomod:MuddlingPotion"},{"floor":15,"key":"EssenceOfSteel"}],"is_trial":false,"path_per_floor":["R","M","?","$","?","R","T","$","E","M","M","R","M","$","M","B"],"character_chosen":"SLIMEBOUND","items_purchased":["Slimebound:Equalize"],"campfire_rested":1,"item_purchase_floors":[8],"current_hp_per_floor":[65,56,56,57,57,57,57,50,30,32,34,54,63,51,34,0,0,0],"gold":27,"neow_bonus":"ONE_RARE_RELIC","is_daily":false,"chose_seed":false,"campfire_upgraded":0,"win_rate":0.0,"timestamp":1614200227,"path_taken":["R","M","?","$","?","R","T","$","E","M","M","R","M","?","M","BOSS"],"items_purchased_type":["Card"],"build_version":"2020-12-18","purchased_purges":0,"victory":false,"max_hp_per_floor":[65,65,65,65,65,65,65,65,67,67,69,69,69,69,69,69,69,69],"card_choices":[{"not_picked":["Slimebound:Dissolve","Slimebound:SplitAcid"],"picked":"Slimebound:HauntingLick","floor":2},{"not_picked":["Slimebound:FinishingTackle","Slimebound:SlimeSlap"],"picked":"Slimebound:GrowthPunch","floor":4},{"not_picked":["Slimebound:Repurpose","Slimebound:FinishingTackle"],"picked":"Slimebound:LevelUp","floor":8},{"not_picked":["Slimebound:Prepare","Slimebound:SplitLeeching","Slimebound:TongueLash"],"picked":"Singing Bowl","floor":9},{"not_picked":["Slimebound:LeechEnergy","Slimebound:ComboTackle"],"picked":"Slimebound:ServeAndProtect","floor":10},{"not_picked":["Slimebound:LeechingTouch","Slimebound:FinishingTackle","Slimebound:SplitAcid"],"picked":"Singing Bowl","floor":11},{"not_picked":["Slimebound:GoopSpray","Slimebound:LivingWall"],"picked":"Slimebound:FlameTackle","floor":13},{"not_picked":["Slimebound:Replication","Slimebound:PressTheAttack"],"picked":"Slimebound:ForwardTackle","floor":14},{"not_picked":["Slimebound:ComboTackle","Slimebound:Gluttony"],"picked":"Slimebound:HauntingLick","floor":15}],"player_experience":775106,"relics_obtained":[{"floor":7,"key":"Whetstone"},{"floor":9,"key":"Singing Bowl"}],"event_choices":[{"cards_removed":["downfall:Malfunctioning"],"damage_healed":0,"gold_gain":0,"player_choice":"Card Removal","damage_taken":0,"max_hp_gain":0,"max_hp_loss":0,"event_name":"The Cleric","floor":5,"gold_loss":0}],"is_beta":true,"boss_relics":[],"items_purged_floors":[],"is_endless":false,"potions_floor_spawned":[9,10,15],"killed_by":"DF_ARCHETYPE_STREAMLINE","ascension_level":0}}