{"host":"2se5dq1do2gp0x9k","time":1614150621,"event":{"mods":["AchievementEnabler","BaseMod","Block Reminder","Colored Map","Colored Powertips","Minty Spire (QoL Compilation)","Relic Stats","StSLib","SuperFastMode"],"gold_per_floor":[113,113,113,124,138,138,164,234,234,234,66,86,1,14,14,88,88,105,54,71,14,27,27,60,122,158,170,170],"floor_reached":27,"language":"ENG","playtime":922,"items_purged":[],"score":450,"play_id":"ab8b3a6d-6c31-4b56-b995-27ebcbca6ce2","local_time":"20210223231021","is_ascension_mode":true,"campfire_choices":[{"data":"Worship","floor":6.0,"key":"SMITH"},{"floor":10.0,"key":"REST"},{"floor":15.0,"key":"REST"},{"floor":23,"key":"REST"}],"circlet_count":0,"master_deck":["AscendersBane","Strike_P","Strike_P","Strike_P","Defend_P","Defend_P+1","Defend_P","Defend_P","Eruption","Vigilance","Trip+1","Pray","Establishment","FlurryOfBlows","Worship+1","CutThroughFate","Prostrate","SandsOfTime","DeusExMachina","Prostrate","CutThroughFate","CutThroughFate","Prostrate","CrushJoints+1"],"relics":["PureWater","War Paint","Mercury Hourglass","Pear","ClockworkSouvenir","Fusion Hammer","MawBank","Pen Nib"],"acts_visited":["Exordium","TheCity"],"potions_floor_usage":[24,27],"damage_taken":[{"damage":7.0,"enemies":"2 Louse","floor":1.0,"turns":4.0},{"damage":7.0,"enemies":"Jaw Worm","floor":4.0,"turns":5.0},{"damage":4.0,"enemies":"Cultist","floor":5.0,"turns":5.0},{"damage":40.0,"enemies":"Lagavulin","floor":7.0,"turns":10.0},{"damage":17.0,"enemies":"Exordium Thugs","floor":12.0,"turns":3.0},{"damage":4.0,"enemies":"Red Slaver","floor":14.0,"turns":3.0},{"damage":23.0,"enemies":"The Guardian","floor":16.0,"turns":7.0},{"damage":4,"enemies":"Spheric Guardian","floor":18,"turns":4},{"damage":31,"enemies":"2 Thieves","floor":20,"turns":4},{"damage":0,"enemies":"Cultist and Chosen","floor":22,"turns":3},{"damage":15,"enemies":"Book of Stabbing","floor":24,"turns":3},{"damage":39,"enemies":"Slavers","floor":27,"turns":2}],"seed_played":"1431109422080268901","potions_obtained":[{"floor":4.0,"key":"AttackPotion"},{"floor":7.0,"key":"PowerPotion"},{"floor":16.0,"key":"EssenceOfSteel"},{"floor":24,"key":"Energy Potion"}],"is_trial":false,"path_per_floor":["M","?","?","M","M","R","E","T","T","R","$","M","$","M","R","B",null,"M","$","M","$","M","R","E","?","T","E"],"character_chosen":"WATCHER","items_purchased":["ClockworkSouvenir","SandsOfTime","Prostrate","CutThroughFate"],"campfire_rested":3,"item_purchase_floors":[11,13,19,21],"current_hp_per_floor":[54,54,54,47,43,43,3,3,13,36,36,19,19,15,38,15,62,58,58,27,27,27,50,35,35,35,0,0],"gold":170,"neow_bonus":"RANDOM_COLORLESS","is_daily":false,"chose_seed":false,"campfire_upgraded":1,"win_rate":0.0,"timestamp":1614150621,"path_taken":["M","?","?","M","?","R","E","?","T","R","$","M","$","M","R","BOSS","M","$","M","$","M","R","E","?","T","E"],"items_purchased_type":["Relic","Card","Card","Card"],"build_version":"2020-12-22","purchased_purges":0,"victory":false,"max_hp_per_floor":[68,68,68,68,68,68,68,68,78,78,78,78,78,78,78,78,78,78,78,78,78,78,78,78,78,78,78,78],"relic_stats":{"counters":[12,53],"Pen Nib":[0],"War Paint":["Trip","Defend_P"],"MawBank":36,"obtain_stats":[{"Pear":9,"Fusion Hammer":17,"Pen Nib":26,"PureWater":0,"War Paint":7,"MawBank":24,"Mercury Hourglass":8,"ClockworkSouvenir":11},{"Pear":4,"Fusion Hammer":7,"Pen Nib":11,"PureWater":0,"War Paint":4,"MawBank":11,"Mercury Hourglass":4,"ClockworkSouvenir":4},{"Pear":24,"Fusion Hammer":37,"Pen Nib":51,"PureWater":0,"War Paint":24,"MawBank":51,"Mercury Hourglass":24,"ClockworkSouvenir":24}],"Mercury Hourglass":[102]},"card_choices":[{"not_picked":["Deep Breath","Madness"],"picked":"Trip","floor":0.0},{"not_picked":["Indignation","Perseverance"],"picked":"Pray","floor":1.0},{"not_picked":["Study","Weave"],"picked":"FlurryOfBlows","floor":4.0},{"not_picked":["Protect","FlyingSleeves"],"picked":"Worship","floor":5.0},{"not_picked":["ThirdEye","Consecrate"],"picked":"CutThroughFate","floor":7.0},{"not_picked":["Evaluate","Wireheading"],"picked":"Prostrate","floor":12.0},{"not_picked":["WreathOfFlame","PathToVictory","FlurryOfBlows"],"picked":"SKIP","floor":14.0},{"not_picked":["SpiritShield","Judgement"],"picked":"DeusExMachina","floor":16.0},{"not_picked":["Indignation","ThirdEye","PathToVictory"],"picked":"SKIP","floor":18},{"not_picked":["Prostrate+1","FlyingSleeves"],"picked":"CutThroughFate","floor":20},{"not_picked":["Establishment","FlurryOfBlows"],"picked":"Prostrate","floor":22},{"not_picked":["PathToVictory","ClearTheMind"],"picked":"CrushJoints+1","floor":24}],"player_experience":4138294,"relics_obtained":[{"floor":7.0,"key":"War Paint"},{"floor":8.0,"key":"Mercury Hourglass"},{"floor":9.0,"key":"Pear"},{"floor":24,"key":"MawBank"},{"floor":26,"key":"Pen Nib"}],"event_choices":[{"damage_healed":0.0,"max_hp_gain":0.0,"max_hp_loss":0.0,"gold_gain":0.0,"cards_transformed":["Strike_P"],"event_name":"Living Wall","player_choice":"Change","floor":2.0,"gold_loss":0.0,"damage_taken":0.0,"cards_obtained":["Establishment"]},{"damage_healed":0.0,"max_hp_gain":0.0,"max_hp_loss":0.0,"gold_gain":0.0,"event_name":"Liars Game","player_choice":"Ignored","floor":3.0,"gold_loss":0.0,"damage_taken":0.0},{"damage_healed":0,"gold_gain":100,"player_choice":"Bet on Murderer","damage_taken":0,"max_hp_gain":0,"max_hp_loss":0,"event_name":"The Joust","floor":25,"gold_loss":50}],"is_beta":false,"boss_relics":[{"not_picked":["Runic Dome","Busted Crown"],"picked":"Fusion Hammer"}],"items_purged_floors":[],"is_endless":false,"potions_floor_spawned":[4,7,16,20,24],"killed_by":"Slavers","ascension_level":19}}