{"host":"kn32u0f2pym5bozc","time":1614131407,"event":{"mods":["BaseMod","Bestiary","Better Third Choice","Minty Spire (QoL Compilation)","Permanent Neow","Relic Stats","StSLib","The Animator"],"gold_per_floor":[112,61,77,77,77,102,124,157,157,157,157,157,175,190,190,305,305,321,338,263,263,281,281,306,306,306,306,317,317,343,360,360,464,464,482,507,13,26,46,46,79,90,115,147,147,97,111,40,40,40,40],"floor_reached":50,"language":"ENG","playtime":2769,"items_purged":["animator:Strike"],"score":826,"play_id":"d4d5ec97-c55f-417b-9b13-4e9863eb227c","local_time":"20210223205007","is_ascension_mode":true,"campfire_choices":[{"data":"animator:CrowleyEusford","floor":10.0,"key":"SMITH"},{"floor":12.0,"key":"REST"},{"data":"animator:KrulTepes","floor":15.0,"key":"SMITH"},{"floor":23.0,"key":"REST"},{"data":"animator:Emonzaemon","floor":25.0,"key":"SMITH"},{"data":"animator:Sebas","floor":27.0,"key":"SMITH"},{"data":"animator:Mikaela","floor":29.0,"key":"SMITH"},{"floor":32.0,"key":"REST"},{"floor":40.0,"key":"REST"},{"floor":49.0,"key":"REST"}],"circlet_count":0,"master_deck":["AscendersBane","animator:Strike_HitsugiNoChaika","animator:Defend_HitsugiNoChaika","animator:Strike","animator:Strike","animator:Defend","animator:Defend","animator:Defend","animator:AcuraAkari+1","animator:Gillette","animator:Benimaru+1","animator:CrowleyEusford+1","animator:Sebas+1","animator:Viivi","animator:YaoHaDucy","animator:LizardPriest","animator:KrulTepes+1","animator:Shiro+1","animator:AcuraTooru+1","animator:YaoHaDucy","animator:Mikaela+1","animator:Emonzaemon+1","animator:Lancer","animator:Witch+1","animator:Shinoa+1","animator:ItamiYouji","animator:ChaikaBohdan","animator:Archer+1","animator:Archer+1","animator:Guy+1","animator:Archer+1","animator:AcuraAkari+1","animator:Lancer+1","animator:TukaLunaMarceau+1","animator:Mitsuba+1","animator:WinryRockbell+1"],"relics":["animator:LivingPicture","animator:TheMissingPiece","animator:PurgingStone","Strawberry","Sundial","Red Skull","Frozen Egg 2","Blood Vial","Mark of Pain","animator:OldCoffin","Blood Vial","Toxic Egg 2","Busted Crown","Blood Vial","DollysMirror","Gremlin Horn","Anchor","Nunchaku"],"acts_visited":["Exordium","TheCity","TheBeyond"],"potions_floor_usage":[50,50],"damage_taken":[{"damage":7.0,"enemies":"Small Slimes","floor":1.0,"turns":3.0},{"damage":0.0,"enemies":"2 Louse","floor":3.0,"turns":2.0},{"damage":29.0,"enemies":"Gremlin Nob","floor":6.0,"turns":4.0},{"damage":0.0,"enemies":"Jaw Worm","floor":7.0,"turns":2.0},{"damage":12.0,"enemies":"Lagavulin","floor":8.0,"turns":5.0},{"damage":2.0,"enemies":"Large Slime","floor":13.0,"turns":3.0},{"damage":5.0,"enemies":"Gremlin Gang","floor":14.0,"turns":3.0},{"damage":20.0,"enemies":"The Guardian","floor":16.0,"turns":8.0},{"damage":12.0,"enemies":"Shell Parasite","floor":18.0,"turns":5.0},{"damage":2.0,"enemies":"3 Byrds","floor":19.0,"turns":4.0},{"damage":21.0,"enemies":"Shelled Parasite and Fungi","floor":22.0,"turns":4.0},{"damage":23.0,"enemies":"Centurion and Healer","floor":24.0,"turns":7.0},{"damage":0.0,"enemies":"3 Cultists","floor":28.0,"turns":4.0},{"damage":24.0,"enemies":"Slavers","floor":30.0,"turns":3.0},{"damage":3.0,"enemies":"Cultist and Chosen","floor":31.0,"turns":3.0},{"damage":3.0,"enemies":"Champ","floor":33.0,"turns":7.0},{"damage":22.0,"enemies":"3 Shapes","floor":35.0,"turns":5.0},{"damage":0.0,"enemies":"Orb Walker","floor":36.0,"turns":3.0},{"damage":33.0,"enemies":"Sphere and 2 Shapes","floor":38.0,"turns":4.0},{"damage":8.0,"enemies":"3 Darklings","floor":39.0,"turns":4.0},{"damage":15.0,"enemies":"Reptomancer","floor":41.0,"turns":4.0},{"damage":5.0,"enemies":"Transient","floor":42.0,"turns":5.0},{"damage":28.0,"enemies":"Nemesis","floor":44.0,"turns":5.0},{"damage":0.0,"enemies":"Sphere and 2 Shapes","floor":47.0,"turns":3.0},{"damage":59,"enemies":"Donu and Deca","floor":50,"turns":5}],"seed_played":"-4165857605117352194","potions_obtained":[{"floor":1.0,"key":"Explosive Potion"},{"floor":6.0,"key":"animator:FalseLifePotion"},{"floor":7.0,"key":"ColorlessPotion"},{"floor":16.0,"key":"Explosive Potion"},{"floor":22.0,"key":"BlessingOfTheForge"},{"floor":28.0,"key":"EssenceOfSteel"},{"floor":30.0,"key":"LiquidBronze"},{"floor":31.0,"key":"DuplicationPotion"},{"floor":36.0,"key":"animator:FalseLifePotion"},{"floor":38.0,"key":"Explosive Potion"},{"floor":42.0,"key":"SkillPotion"}],"is_trial":false,"path_per_floor":["M","$","M","?","?","E","M","E","T","R","?","R","M","M","R","B",null,"M","M","?","?","M","R","M","R","T","R","M","R","E","M","R","B",null,"M","M","$","M","M","R","E","M","T","E","?","$","M","$","R","B"],"character_chosen":"THE_ANIMATOR","items_purchased":["animator:Benimaru","animator:Archer+1","Blood Vial","DollysMirror","animator:Guy+1","animator:TukaLunaMarceau+1","animator:WinryRockbell+1"],"campfire_rested":5,"item_purchase_floors":[2,37,37,37,37,46,48],"current_hp_per_floor":[52,52,52,56,56,27,27,15,15,15,15,36,34,29,29,9,57,48,48,48,48,29,51,30,30,30,30,32,32,10,11,33,34,64,46,50,50,23,21,43,34,35,35,13,13,13,19,19,41,0,0],"gold":40,"neow_bonus":"UPGRADE_CARD","is_daily":false,"chose_seed":false,"campfire_upgraded":5,"win_rate":0.0,"timestamp":1614131407,"path_taken":["M","$","M","?","?","E","M","E","T","R","?","R","M","M","R","BOSS","M","M","?","?","M","R","M","R","T","R","M","R","E","M","R","BOSS","M","?","?","M","M","R","E","M","T","E","?","$","M","$","R","BOSS"],"items_purchased_type":["Card","Card","Relic","Relic","Card","Card","Card"],"build_version":"2020-12-22","purchased_purges":1,"victory":false,"max_hp_per_floor":[66,66,66,73,73,73,73,73,73,73,73,73,73,73,73,73,73,74,74,74,74,74,74,74,74,74,74,74,74,74,74,74,74,74,74,74,74,74,74,74,74,74,74,74,74,74,74,74,74,74,74],"relic_stats":{"Blood Vial":70,"Nunchaku":[2],"Busted Crown":42,"Gremlin Horn":[2,2],"counters":[25,105],"Sundial":[8],"obtain_stats":[{"Gremlin Horn":41,"animator:TheMissingPiece":0,"Frozen Egg 2":9,"Blood Vial":16,"Anchor":43,"Nunchaku":44,"Busted Crown":34,"animator:PurgingStone":0,"Sundial":6,"DollysMirror":37,"Strawberry":4,"animator:LivingPicture":0,"Mark of Pain":17,"Toxic Egg 2":30,"Red Skull":8,"animator:OldCoffin":26},{"Gremlin Horn":21,"animator:TheMissingPiece":0,"Frozen Egg 2":5,"Blood Vial":8,"Anchor":22,"Nunchaku":23,"Busted Crown":16,"animator:PurgingStone":0,"Sundial":3,"DollysMirror":18,"Strawberry":2,"animator:LivingPicture":0,"Mark of Pain":8,"Toxic Egg 2":14,"Red Skull":5,"animator:OldCoffin":12},{"Gremlin Horn":87,"animator:TheMissingPiece":0,"Frozen Egg 2":16,"Blood Vial":30,"Anchor":92,"Nunchaku":97,"Busted Crown":67,"animator:PurgingStone":0,"Sundial":9,"DollysMirror":75,"Strawberry":5,"animator:LivingPicture":0,"Mark of Pain":30,"Toxic Egg 2":57,"Red Skull":16,"animator:OldCoffin":50}]},"card_choices":[{"not_picked":["animator:Melzalgald","animator:Chung"],"picked":"animator:SakuraMatou","floor":1.0},{"not_picked":["animator:RoyMustang","animator:Emonzaemon"],"picked":"animator:CrowleyEusford","floor":3.0},{"not_picked":["animator:SwordMaiden","animator:Alexander"],"picked":"animator:Sebas","floor":6.0},{"not_picked":["animator:Guy","animator:Gillette"],"picked":"animator:Viivi","floor":7.0},{"not_picked":["animator:Envy","animator:ZankiKiguchi"],"picked":"animator:YaoHaDucy","floor":8.0},{"not_picked":["animator:Gillette","animator:YaoHaDucy"],"picked":"animator:LizardPriest","floor":13.0},{"not_picked":["animator:Geryuganshoop","animator:Darkness+1"],"picked":"animator:KrulTepes","floor":14.0},{"not_picked":["animator:Eve+1","animator:Albedo"],"picked":"animator:Shiro+1","floor":16.0},{"not_picked":["animator:Layla","animator:Gillette"],"picked":"animator:AcuraTooru","floor":18.0},{"not_picked":["animator:DolaStephanie","animator:Geryuganshoop"],"picked":"animator:YaoHaDucy","floor":19.0},{"not_picked":["animator:Shion","animator:UneriGinkaku"],"picked":"animator:Mikaela","floor":22.0},{"not_picked":["animator:Tet","animator:CowGirl"],"picked":"animator:Emonzaemon","floor":24.0},{"not_picked":["animator:ShinjiMatou","animator:Alexander"],"picked":"animator:Lancer","floor":28.0},{"not_picked":["animator:Guy+1","animator:Cocytus"],"picked":"animator:Witch+1","floor":30.0},{"not_picked":["animator:Melzalgald","animator:YaoHaDucy"],"picked":"animator:Shinoa+1","floor":31.0},{"not_picked":["animator:Boros+1","animator:Gilgamesh"],"picked":"animator:ItamiYouji","floor":33.0},{"not_picked":["animator:Entoma"],"picked":"SKIP","floor":35.0},{"not_picked":[],"picked":"animator:ChaikaBohdan","floor":36.0},{"not_picked":[],"picked":"animator:Archer+1","floor":38.0},{"not_picked":["animator:Jibril"],"picked":"SKIP","floor":39.0},{"not_picked":["animator:Father+1"],"picked":"SKIP","floor":41.0},{"not_picked":[],"picked":"animator:AcuraAkari+1","floor":42.0},{"not_picked":[],"picked":"animator:Lancer+1","floor":44.0},{"not_picked":[],"picked":"animator:Mitsuba+1","floor":47.0}],"player_experience":955139,"relics_obtained":[{"floor":6.0,"key":"Sundial"},{"floor":8.0,"key":"Red Skull"},{"floor":9.0,"key":"Frozen Egg 2"},{"floor":16.0,"key":"Blood Vial"},{"floor":26.0,"key":"animator:OldCoffin"},{"floor":30.0,"key":"Blood Vial"},{"floor":30.0,"key":"Toxic Egg 2"},{"floor":41.0,"key":"Gremlin Horn"},{"floor":43.0,"key":"Anchor"},{"floor":44.0,"key":"Nunchaku"}],"event_choices":[{"damage_healed":0.0,"max_hp_gain":0.0,"max_hp_loss":0.0,"gold_gain":0.0,"event_name":"betterThird:BetterScrap","player_choice":"Relic ","floor":4.0,"gold_loss":0.0,"damage_taken":3.0,"cards_obtained":["All For One"]},{"damage_healed":0.0,"max_hp_gain":0.0,"max_hp_loss":0.0,"gold_gain":0.0,"event_name":"Living Wall","player_choice":"Grow","floor":5.0,"gold_loss":0.0,"damage_taken":0.0,"cards_upgraded":["animator:Benimaru"]},{"cards_removed":["animator:SakuraMatou"],"damage_healed":0.0,"max_hp_gain":0.0,"max_hp_loss":0.0,"gold_gain":0.0,"event_name":"Beggar","player_choice":"Gave Gold","floor":20.0,"gold_loss":75.0,"damage_taken":0.0},{"damage_healed":0.0,"max_hp_gain":0.0,"max_hp_loss":0.0,"gold_gain":0.0,"event_name":"Accursed Blacksmith","player_choice":"Forge","floor":21.0,"gold_loss":0.0,"damage_taken":0.0,"cards_upgraded":["animator:AcuraTooru"]},{"damage_healed":0.0,"max_hp_gain":0.0,"max_hp_loss":0.0,"gold_gain":0.0,"event_name":"SensoryStone","player_choice":"Memory 1","floor":45.0,"gold_loss":0.0,"damage_taken":0.0}],"is_beta":false,"boss_relics":[{"not_picked":["Pandora\u0027s Box","Black Star"],"picked":"Mark of Pain"},{"not_picked":["SlaversCollar","animator:CrumblingOrb"],"picked":"Busted Crown"}],"items_purged_floors":[37],"is_endless":false,"potions_floor_spawned":[1,6,7,16,22,28,30,31,36,38,42],"killed_by":"Donu and Deca","ascension_level":10}}