{"host":"eydwxg59205c3vtl","time":1614147510,"event":{"mods":["2.2 Compatiblity","BaseMod","Colored Map","Colored Powertips","Hubris","Minty Spire (QoL Compilation)","StSLib","The Jungle","The Necromancer"],"gold_per_floor":[119,135,145,145,295,327,76,76,76],"floor_reached":8,"language":"ENG","playtime":204,"items_purged":["Doubt"],"score":109,"play_id":"d8088506-5ea7-485b-8c5d-99a79e4980d8","local_time":"20210224011830","is_ascension_mode":true,"campfire_choices":[],"circlet_count":0,"master_deck":["AscendersBane","Strike_W","Strike_W","Strike_W","Strike_W","Defend_W","Defend_W","Defend_W","Defend_W","Negative_Energy_Arrows","Bone_Wall","Blood_Curse","Necrotic_Claws","Slay_Living","Shade_Step"],"relics":["Vampire_Amulet","hubris:GlazedTorus","hubris:Towel","Matryoshka"],"acts_visited":["Exordium"],"potions_floor_usage":[6],"damage_taken":[{"damage":1,"enemies":"Cultist","floor":1,"turns":4},{"damage":4,"enemies":"Small Slimes","floor":2,"turns":4},{"damage":3,"enemies":"Jaw Worm","floor":3,"turns":3},{"damage":27,"enemies":"3 Sentries","floor":6,"turns":7},{"damage":29,"enemies":"Gremlin Nob","floor":8,"turns":3}],"seed_played":"3110647021866502788","potions_obtained":[{"floor":2,"key":"Strength Potion"},{"floor":3,"key":"AttackPotion"}],"is_trial":false,"path_per_floor":["M","M","M","?","?","E","$","E"],"character_chosen":"NECROMANCER","items_purchased":["Slay_Living","Shade_Step"],"campfire_rested":0,"item_purchase_floors":[7,7],"current_hp_per_floor":[47,47,46,46,46,25,25,0,0],"gold":76,"neow_bonus":"ONE_RARE_RELIC","is_daily":false,"chose_seed":false,"campfire_upgraded":0,"win_rate":0.0,"timestamp":1614147510,"path_taken":["M","?","M","?","?","E","$","E"],"items_purchased_type":["Card","Card"],"build_version":"2020-12-22","purchased_purges":1,"victory":false,"max_hp_per_floor":[71,71,71,71,71,71,71,71,71],"card_choices":[{"not_picked":["Bone_Shift","Chill_Blood"],"picked":"Blood_Curse","floor":1},{"not_picked":["Death_March_Dance","Chill_Blood"],"picked":"Necrotic_Claws","floor":2},{"not_picked":["Bone_Spikes","Shade_Step","Detonate_Bones"],"picked":"SKIP","floor":3},{"not_picked":["Detonate_Bones","Deaths_Shadow","Flesh_Made_Foul"],"picked":"SKIP","floor":6}],"player_experience":637233,"relics_obtained":[{"floor":6,"key":"Matryoshka"}],"event_choices":[{"damage_healed":0,"gold_gain":150,"player_choice":"AGREE","damage_taken":0,"max_hp_gain":0,"max_hp_loss":0,"event_name":"Liars Game","floor":5,"gold_loss":0,"cards_obtained":["Doubt"]}],"is_beta":false,"boss_relics":[],"items_purged_floors":[7],"is_endless":false,"potions_floor_spawned":[2,3],"killed_by":"Gremlin Nob","ascension_level":19}}