{"host":"g11d3x3m0pyxfasu","time":1614177544,"event":{"mods":["BaseMod","Block Reminder","Hubris","Infinite Spire","Minty Spire (QoL Compilation)","Quick Restart","Reliquary","Replay The Spire","StSLib","SuperFastMode"],"gold_per_floor":[113,113,130,147,147,147,176,195,195,195,195,208,383,412,422,422,422,422,422],"floor_reached":18,"language":"ENG","playtime":619,"items_purged":[],"score":122,"play_id":"cf822580-5f3f-4a75-ae47-0dca493f3c9d","local_time":"20210224153904","is_ascension_mode":false,"campfire_choices":[{"data":"Reaper","floor":6,"key":"SMITH"},{"floor":17,"key":"REST"}],"circlet_count":0,"master_deck":["Strike_R","Strike_R","Strike_R","Strike_R","Strike_R","Defend_R","Defend_R","Defend_R","Defend_R","Bash","infinitespire:Gouge+1","Shrug It Off","Reaper+1","Shrug It Off","Doubt","Dropkick","Self Repair+1"],"relics":["NeowsBlessing","hubris:MedicalManual","infinitespire:Magic Flask","Unceasing Top","Iron Core"],"acts_visited":["Exordium"],"potions_floor_usage":[],"damage_taken":[{"damage":11,"enemies":"Jaw Worm","floor":1,"turns":2},{"damage":0,"enemies":"Small Slimes","floor":3,"turns":1},{"damage":0,"enemies":"2 Louse","floor":4,"turns":1},{"damage":24,"enemies":"Lagavulin","floor":7,"turns":7},{"damage":6,"enemies":"Large Slime","floor":8,"turns":5},{"damage":10,"enemies":"Exordium Wildlife","floor":12,"turns":4},{"damage":34,"enemies":"Gremlin Nob","floor":14,"turns":6},{"damage":10,"enemies":"Looter","floor":15,"turns":2},{"damage":61,"enemies":"Fading Forest","floor":18,"turns":8}],"seed_played":"-2576593824750315268","potions_obtained":[{"floor":3,"key":"Venom Potion"},{"floor":4,"key":"Milkshake"},{"floor":12,"key":"Dexterity Potion"}],"is_trial":false,"path_per_floor":["M","?","M","M","?","R","E","M","T","PTL","PTL","M","?","E","M","?","R","B"],"character_chosen":"IRONCLAD","items_purchased":[],"campfire_rested":1,"item_purchase_floors":[],"current_hp_per_floor":[75,54,60,66,66,66,48,48,48,48,48,44,44,21,17,17,41,0,0],"gold":422,"neow_bonus":"THREE_ENEMY_KILL","is_daily":false,"chose_seed":false,"campfire_upgraded":1,"win_rate":0.0,"timestamp":1614177544,"path_taken":["M","?","M","M","?","R","E","M","T","PTL","PTL","?","?","E","M","?","R","BOSS"],"items_purchased_type":[],"build_version":"2020-12-22","purchased_purges":0,"victory":false,"max_hp_per_floor":[80,80,80,80,80,80,80,80,80,80,80,80,80,80,80,80,80,80,80],"card_choices":[{"not_picked":["Sword Boomerang","Blood for Blood","Clothesline"],"picked":"SKIP","floor":1},{"not_picked":["infinitespire:DeathsTouch","infinitespire:TheBestDefense"],"picked":"infinitespire:Gouge","floor":2},{"not_picked":["Headbutt","hubris:ReadiedAction"],"picked":"Shrug It Off","floor":3},{"not_picked":["Run Through","Armaments"],"picked":"Reaper","floor":4},{"not_picked":["Replay:Undeath\u0027s Touch","Armaments","Body Slam"],"picked":"SKIP","floor":7},{"not_picked":["True Grit","Replay:Undeath\u0027s Touch","Thunderclap"],"picked":"SKIP","floor":8},{"not_picked":["ReplayTheSpireMod:Strike From Hell","Replay:Undeath\u0027s Touch"],"picked":"Shrug It Off","floor":12},{"not_picked":["Replay:Undeath\u0027s Touch","Sever Soul"],"picked":"Dropkick","floor":14},{"not_picked":["Entrench","Rupture","Abandon"],"picked":"SKIP","floor":15}],"player_experience":0,"relics_obtained":[{"floor":7,"key":"hubris:MedicalManual"},{"floor":9,"key":"infinitespire:Magic Flask"},{"floor":14,"key":"Unceasing Top"}],"event_choices":[{"damage_healed":0,"gold_gain":0,"player_choice":"Grow","damage_taken":0,"max_hp_gain":0,"max_hp_loss":0,"event_name":"Living Wall","floor":5,"gold_loss":0,"cards_upgraded":["infinitespire:Gouge"]},{"damage_healed":0,"gold_gain":175,"player_choice":"AGREE","damage_taken":0,"max_hp_gain":0,"max_hp_loss":0,"event_name":"Liars Game","floor":13,"gold_loss":0,"cards_obtained":["Doubt"]}],"is_beta":false,"boss_relics":[],"items_purged_floors":[],"is_endless":false,"potions_floor_spawned":[3,4,12,14],"killed_by":"Fading Forest","ascension_level":0}}