{"host":"dhv3u8yhd2rnugsp","time":1614207201,"event":{"mods":["100% Spire Juice","BaseMod","Block Reminder","Colored Map","Googly Eyes","Highlight Path","Minty Spire (QoL Compilation)","Permanent Neow","Quick Restart","Random Character Button","StSLib"],"gold_per_floor":[117,133,151,64,64,64,98,98,98,98,119,119,158,31,31,126,126,150,170,170,186,230,230,230,230,253,253,253],"floor_reached":27,"language":"ENG","playtime":1145,"items_purged":["Injury"],"score":488,"play_id":"d1631514-519f-40f7-95d3-f7154fd1515a","local_time":"20210224165321","is_ascension_mode":true,"campfire_choices":[{"data":"Accuracy","floor":6,"key":"SMITH"},{"floor":10,"key":"REST"},{"data":"Cloak And Dagger","floor":15,"key":"SMITH"},{"floor":23,"key":"REST"},{"data":"Infinite Blades","floor":25,"key":"SMITH"}],"circlet_count":0,"master_deck":["AscendersBane","Strike_G","Strike_G","Strike_G","Strike_G","Strike_G","Defend_G","Defend_G","Defend_G","Defend_G","Defend_G","Survivor","Neutralize","Glass Knife","Dagger Spray","Infinite Blades+1","Endless Agony","Accuracy+1","Calculated Gamble","Accuracy","Cloak And Dagger+1","Leg Sweep","RitualDagger+1","PiercingWail","Neutralize+1"],"relics":["Ring of the Snake","Golden Idol","HornCleat","Dead Branch","Molten Egg 2","Kunai","Philosopher\u0027s Stone","Red Mask","Regal Pillow"],"acts_visited":["Exordium","TheCity"],"potions_floor_usage":[7,16,18,19,21],"damage_taken":[{"damage":1,"enemies":"Small Slimes","floor":1,"turns":5},{"damage":0,"enemies":"2 Louse","floor":2,"turns":2},{"damage":7,"enemies":"Jaw Worm","floor":3,"turns":3},{"damage":26,"enemies":"Gremlin Nob","floor":7,"turns":4},{"damage":8,"enemies":"3 Louse","floor":11,"turns":3},{"damage":0,"enemies":"Lagavulin","floor":13,"turns":7},{"damage":17,"enemies":"The Guardian","floor":16,"turns":10},{"damage":1,"enemies":"3 Byrds","floor":18,"turns":3},{"damage":0,"enemies":"Chosen","floor":19,"turns":3},{"damage":17,"enemies":"Snake Plant","floor":21,"turns":6},{"damage":8,"enemies":"Masked Bandits","floor":22,"turns":3},{"damage":46,"enemies":"Slavers","floor":27,"turns":3}],"seed_played":"3853178551480820013","potions_obtained":[{"floor":3,"key":"Swift Potion"},{"floor":11,"key":"EssenceOfSteel"},{"floor":16,"key":"Block Potion"},{"floor":18,"key":"Fire Potion"},{"floor":19,"key":"Weak Potion"}],"is_trial":false,"path_per_floor":["M","M","M","$","?","R","E","?","T","R","M","?","E","$","R","B",null,"M","M","?","M","?","R","?","R","T","E"],"character_chosen":"THE_SILENT","items_purchased":["Accuracy","Cloak And Dagger"],"campfire_rested":2,"item_purchase_floors":[4,14],"current_hp_per_floor":[58,58,51,51,51,51,25,20,20,38,30,35,35,35,35,18,53,52,52,46,29,21,40,40,40,40,0,0],"gold":253,"neow_bonus":"THREE_RARE_CARDS","is_daily":false,"chose_seed":false,"campfire_upgraded":3,"win_rate":0.0,"timestamp":1614207201,"path_taken":["M","M","M","$","?","R","E","?","T","R","M","?","E","$","R","BOSS","M","M","?","M","?","R","?","R","T","E"],"items_purchased_type":["Card","Card"],"build_version":"2020-12-22","purchased_purges":1,"victory":false,"max_hp_per_floor":[66,66,66,66,60,60,60,60,60,60,60,65,65,65,65,65,65,65,65,65,65,65,65,65,65,65,65,65],"card_choices":[{"not_picked":["Bullet Time","Malaise"],"picked":"Glass Knife","floor":0},{"not_picked":["Dodge and Roll","Backstab"],"picked":"Dagger Spray","floor":1},{"not_picked":["Bouncing Flask","Flechettes"],"picked":"Infinite Blades","floor":2},{"not_picked":["Dagger Spray","Backflip"],"picked":"Endless Agony","floor":3},{"not_picked":["Reflex","Masterful Stab"],"picked":"Calculated Gamble","floor":7},{"not_picked":["Deadly Poison","Reflex","Setup"],"picked":"SKIP","floor":11},{"not_picked":["Phantasmal Killer","Reflex"],"picked":"Accuracy","floor":13},{"not_picked":["Prepared","Expertise+1"],"picked":"Leg Sweep","floor":18},{"not_picked":["Prepared","Masterful Stab+1","Heel Hook+1"],"picked":"SKIP","floor":19},{"not_picked":["Crippling Poison","Flying Knee+1"],"picked":"PiercingWail","floor":21}],"player_experience":1688465,"relics_obtained":[{"floor":7,"key":"HornCleat"},{"floor":9,"key":"Molten Egg 2"},{"floor":13,"key":"Kunai"},{"floor":22,"key":"Red Mask"},{"floor":26,"key":"Regal Pillow"}],"event_choices":[{"damage_healed":0,"gold_gain":0,"player_choice":"Lose Max HP","damage_taken":0,"relics_obtained":["Golden Idol"],"max_hp_gain":0,"max_hp_loss":6,"event_name":"Golden Idol","floor":5,"gold_loss":0},{"damage_healed":0,"gold_gain":0,"player_choice":"Success","damage_taken":5,"relics_obtained":["Dead Branch"],"max_hp_gain":0,"max_hp_loss":0,"event_name":"Scrap Ooze","floor":8,"gold_loss":0},{"damage_healed":0,"gold_gain":0,"player_choice":"Donut","damage_taken":0,"max_hp_gain":5,"max_hp_loss":0,"event_name":"Big Fish","floor":12,"gold_loss":0},{"damage_healed":0,"gold_gain":0,"player_choice":"Joined the Cult","damage_taken":6,"max_hp_gain":0,"max_hp_loss":0,"event_name":"Nest","floor":20,"gold_loss":0,"cards_obtained":["RitualDagger"]},{"damage_healed":0,"gold_gain":0,"player_choice":"Fought Bandits","damage_taken":0,"max_hp_gain":0,"max_hp_loss":0,"event_name":"Masked Bandits","floor":22,"gold_loss":0},{"damage_healed":0,"gold_gain":0,"player_choice":"1 cards matched","damage_taken":0,"max_hp_gain":0,"max_hp_loss":0,"event_name":"Match and Keep!","floor":24,"gold_loss":0,"cards_obtained":["Neutralize"]}],"is_beta":false,"boss_relics":[{"not_picked":["Ring of the Serpent","Tiny House"],"picked":"Philosopher\u0027s Stone"}],"items_purged_floors":[14],"is_endless":false,"potions_floor_spawned":[3,11,16,18,19],"killed_by":"Slavers","ascension_level":20}}