{"host":"kybn6ox37urbij4t","time":1614172599,"event":{"mods":["Aspiration","BaseMod","Better Third Choice","Dota2Spire","Downfall","Hermit","Minty Spire (QoL Compilation)","Reliquary","Replay The Spire","StSLib","The Blue Laboratory","TheWitcher"],"gold_per_floor":[109,124,124,124,124,159,169,194,274,274,308,328,339,364,364,466,466,484,497,111,124,144,169,169,84,163,196,211,231,256,275,275,379,379,397,432,451,451,468,497,508,534,534,568,410,421,433,49,49,49],"floor_reached":51,"language":"ENG","playtime":2837,"items_purged":["Strike_R","Battle Trance"],"score":990,"play_id":"bfd827bc-5daa-4c6f-84e6-66499720c56b","local_time":"20210224141639","is_ascension_mode":true,"campfire_choices":[{"data":"Demon Form","floor":15.0,"key":"SMITH"},{"data":"Heavy Blade","floor":24,"key":"SMITH"},{"data":"Replay:Undeath\u0027s Touch","floor":32,"key":"SMITH"},{"data":"Replay:Many Hands","floor":49,"key":"SMITH"}],"circlet_count":0,"master_deck":["Strike_R","Strike_R","Strike_R","Defend_R","Defend_R","Bash","Intimidate","Twin Strike","Armaments+1","Replay:Undeath\u0027s Touch","Uppercut","Demon Form+1","Fire Breathing","Heavy Blade+1","Cleave","Disarm","Feel No Pain","Thunderclap","Replay:Undeath\u0027s Touch+1","Clash","Offering","Body Slam+1","Pommel Strike","Body Slam+1","Replay:Many Hands+1","Clash+1","ReplayTheSpireMod:Muscle Training","Anger","Berserk+1","Bloodletting+1","Rage+1","Rage+1","Anger+1","ReplayTheSpireMod:Muscle Training+1"],"relics":["Burning Blood","NeowsBlessing","aspiration:BabyByrd","Dota2Spire:MaskOfMadness","Pet Ghost","Red Skull","reliquary:PartyBalloon","reliquary:Vitrine","Omamori","Odd Mushroom","Dota2Spire:Bloodstone","reliquary:BrokenClock","Boot","Bird Faced Urn","reliquary:Vitrine","Unceasing Top","Vajra","Dota2Spire:RefresherOrb","Dota2Spire:AssaultCuirass","Golden Egg","Replay:Mystery Machine","reliquary:PurpleTingedLeaf","Champion Belt","Turnip"],"acts_visited":["Exordium","TheCity","TheBeyond"],"potions_floor_usage":[27,29,50],"damage_taken":[{"damage":0.0,"enemies":"2 Louse","floor":1.0,"turns":1.0},{"damage":0.0,"enemies":"Jaw Worm","floor":2.0,"turns":1.0},{"damage":0.0,"enemies":"Lagavulin","floor":6.0,"turns":1.0},{"damage":6.0,"enemies":"Cultist","floor":7.0,"turns":4.0},{"damage":42.0,"enemies":"3 Sentries","floor":8.0,"turns":10.0},{"damage":9.0,"enemies":"Replay:BlueRogue","floor":11.0,"turns":6.0},{"damage":6.0,"enemies":"2 Fungi Beasts","floor":12.0,"turns":4.0},{"damage":5.0,"enemies":"Blue Slaver","floor":13.0,"turns":3.0},{"damage":16.0,"enemies":"The Mushroom Lair","floor":14.0,"turns":4.0},{"damage":0.0,"enemies":"Slime Boss","floor":16.0,"turns":6.0},{"damage":43.0,"enemies":"2 Thieves","floor":18.0,"turns":4.0},{"damage":0.0,"enemies":"Spheric Guardian","floor":19.0,"turns":3.0},{"damage":11.0,"enemies":"3 Cultists","floor":21.0,"turns":4.0},{"damage":14,"enemies":"Centurion and Healer","floor":22,"turns":5},{"damage":2,"enemies":"Gremlin Leader","floor":23,"turns":5},{"damage":9,"enemies":"Replay:Snechameleon","floor":27,"turns":5},{"damage":5,"enemies":"Snecko","floor":28,"turns":3},{"damage":8,"enemies":"Sentry and Sphere","floor":29,"turns":3},{"damage":18,"enemies":"Slavers","floor":30,"turns":3},{"damage":10,"enemies":"Snake Plant","floor":31,"turns":3},{"damage":24,"enemies":"Champ","floor":33,"turns":5},{"damage":0,"enemies":"Orb Walker","floor":35,"turns":2},{"damage":9,"enemies":"3 Darklings","floor":37,"turns":3},{"damage":24,"enemies":"Writhing Mass","floor":39,"turns":3},{"damage":31,"enemies":"Reptomancer","floor":40,"turns":3},{"damage":6,"enemies":"Spire Growth","floor":41,"turns":2},{"damage":2,"enemies":"Giant Head","floor":42,"turns":5},{"damage":53,"enemies":"Nemesis","floor":44,"turns":3},{"damage":0,"enemies":"Maw","floor":46,"turns":4},{"damage":0,"enemies":"3 Darklings","floor":47,"turns":2},{"damage":32,"enemies":"Replay:Hell Engine","floor":50,"turns":4}],"seed_played":"-9023404029506440753","potions_obtained":[{"floor":6.0,"key":"Dexterity Potion"},{"floor":8.0,"key":"blueLaboratory:PhilterOfMotion"},{"floor":12.0,"key":"blueLaboratory:LimitlessPotion"},{"floor":27,"key":"Dota2Spire:Clarity"},{"floor":28,"key":"AttackPotion"},{"floor":29,"key":"blueLaboratory:SavagePotion"},{"floor":44,"key":"Flashbang"},{"floor":47,"key":"Elixir"}],"is_trial":false,"path_per_floor":["M","M","?","?","T","E","M","E","T","?","E","M","M","?","R","B",null,"M","M","$","M","M","E","R","?","T","E","M","M","E","M","R","B",null,"M","?","M","?","M","E","M","E","T","E","$","M","M","$","R","B",null],"character_chosen":"IRONCLAD","items_purchased":["reliquary:BrokenClock","Disarm","Feel No Pain","Thunderclap","Rage","Anger","ReplayTheSpireMod:Muscle Training","Turnip"],"campfire_rested":0,"item_purchase_floors":[20,20,20,20,45,48,48,48],"current_hp_per_floor":[78,80,80,77,77,80,80,47,47,47,44,44,45,35,35,41,70,33,39,39,34,38,42,42,42,42,45,68,70,62,64,64,52,73,80,48,49,49,46,27,53,80,80,33,33,70,78,78,78,59],"gold":49,"neow_bonus":"THREE_ENEMY_KILL","is_daily":false,"chose_seed":false,"campfire_upgraded":4,"win_rate":0.0,"timestamp":1614172599,"path_taken":["M","M","?","?","?","E","M","E","T","?","E","M","?","?","R","BOSS","M","M","$","M","M","E","R","?","T","E","M","M","E","M","R","BOSS","M","?","M","?","?","E","M","E","T","E","?","M","M","$","R","BOSS"],"items_purchased_type":["Relic","Card","Card","Card","Card","Card","Card","Relic"],"build_version":"2020-12-22","purchased_purges":2,"victory":true,"max_hp_per_floor":[80,80,80,80,80,80,80,80,80,80,80,80,80,80,80,80,80,80,80,80,80,80,80,80,80,80,80,80,80,80,80,80,80,80,80,80,80,80,80,80,80,80,80,80,80,80,80,80,80,80],"card_choices":[{"not_picked":["Warcry","Entrench"],"picked":"Intimidate","floor":1.0},{"not_picked":["Massacre","Seeing Red"],"picked":"Twin Strike","floor":2.0},{"not_picked":["Flex","Carnage"],"picked":"Armaments","floor":6.0},{"not_picked":["Wild Strike","Armaments"],"picked":"Replay:Undeath\u0027s Touch","floor":7.0},{"not_picked":["Clothesline","Seeing Red"],"picked":"Uppercut","floor":8.0},{"not_picked":["Cleave","Rage"],"picked":"Demon Form","floor":11.0},{"not_picked":["Clothesline","Rampage"],"picked":"Fire Breathing","floor":12.0},{"not_picked":["Clothesline","Whirlwind","ReplayTheSpireMod:Strike From Hell"],"picked":"SKIP","floor":13.0},{"not_picked":["Body Slam","Twin Strike"],"picked":"Battle Trance","floor":14.0},{"not_picked":["Perfected Strike+1","Flex"],"picked":"Heavy Blade","floor":18.0},{"not_picked":["Twin Strike","Searing Blow"],"picked":"Cleave","floor":19.0},{"not_picked":["Battle Trance","Thunderclap","Perfected Strike"],"picked":"SKIP","floor":21.0},{"not_picked":["Anger","Sword Boomerang"],"picked":"Replay:Undeath\u0027s Touch","floor":22},{"not_picked":["Spot Weakness","Warcry"],"picked":"Clash","floor":23},{"not_picked":["Run Through+1","Rage"],"picked":"Offering","floor":27},{"not_picked":["Flex","Evolve+1"],"picked":"Body Slam+1","floor":28},{"not_picked":["Metallicize","Twin Strike"],"picked":"Pommel Strike","floor":29},{"not_picked":["Second Wind","Bludgeon","Pommel Strike"],"picked":"SKIP","floor":30},{"not_picked":["Thunderclap","Shrug It Off"],"picked":"Body Slam+1","floor":31},{"not_picked":["Impervious","Reaper"],"picked":"Replay:Many Hands","floor":33},{"not_picked":["Run Through","ReplayTheSpireMod:Limb From Limb"],"picked":"Clash+1","floor":35},{"not_picked":["Feel No Pain+1","Twin Strike"],"picked":"ReplayTheSpireMod:Muscle Training","floor":37},{"not_picked":["Disarm+1","Burning Pact","Armaments+1"],"picked":"SKIP","floor":39},{"not_picked":["Rampage+1","Twin Strike+1"],"picked":"Anger","floor":40},{"not_picked":["Defy Death","Bloodletting+1"],"picked":"Berserk","floor":41},{"not_picked":["Battle Trance+1","Twin Strike+1","Warcry+1"],"picked":"SKIP","floor":42},{"not_picked":["Blood for Blood","Heavy Blade"],"picked":"Bloodletting+1","floor":44},{"not_picked":["Carnage+1","Burning Pact","Fire Breathing"],"picked":"SKIP","floor":46},{"not_picked":["Flame Barrier","Heavy Blade+1","Dual Wield+1"],"picked":"SKIP","floor":47}],"player_experience":428786,"relics_obtained":[{"floor":5.0,"key":"Pet Ghost"},{"floor":6.0,"key":"Red Skull"},{"floor":8.0,"key":"reliquary:PartyBalloon"},{"floor":9.0,"key":"reliquary:Vitrine"},{"floor":11.0,"key":"Omamori"},{"floor":14.0,"key":"Odd Mushroom"},{"floor":23,"key":"Boot"},{"floor":26,"key":"reliquary:SculptingSteel"},{"floor":27,"key":"Unceasing Top"},{"floor":30,"key":"Vajra"},{"floor":36,"key":"Dota2Spire:AssaultCuirass"},{"floor":40,"key":"Golden Egg"},{"floor":42,"key":"Replay:Mystery Machine"},{"floor":43,"key":"reliquary:PurpleTingedLeaf"},{"floor":44,"key":"Champion Belt"}],"event_choices":[{"damage_healed":0.0,"max_hp_gain":0.0,"max_hp_loss":0.0,"gold_gain":0.0,"event_name":"betterThird:BetterScrap","player_choice":"Relic ","floor":4.0,"gold_loss":0.0,"damage_taken":3.0,"cards_obtained":["ReplayTheSpireMod:Tripwire"]},{"damage_healed":0.0,"max_hp_gain":0.0,"max_hp_loss":0.0,"gold_gain":0.0,"event_name":"Upgrade Shrine","player_choice":"Upgraded","floor":10.0,"gold_loss":0.0,"damage_taken":0.0,"cards_upgraded":["Armaments"]},{"damage_healed":0.0,"max_hp_gain":0.0,"max_hp_loss":0.0,"gold_gain":0.0,"event_name":"Mushrooms","player_choice":"Fought Mushrooms","floor":14.0,"gold_loss":0.0,"damage_taken":0.0},{"damage_healed":0,"gold_gain":0,"player_choice":"Obtained Relic","damage_taken":0,"relics_obtained":["Bird Faced Urn"],"max_hp_gain":0,"max_hp_loss":0,"event_name":"Addict","floor":25,"gold_loss":85},{"cards_removed":["Defend_R"],"damage_healed":0,"gold_gain":0,"player_choice":"Purged","damage_taken":0,"max_hp_gain":0,"max_hp_loss":0,"event_name":"Purifier","floor":38,"gold_loss":0}],"is_beta":false,"boss_relics":[{"not_picked":["reliquary:RedCape","aspiration:WatcherSkillbook"],"picked":"Dota2Spire:Bloodstone"},{"not_picked":["Coffee Dripper","aspiration:DefectSkillbook"],"picked":"Dota2Spire:RefresherOrb"}],"items_purged_floors":[20,45],"is_endless":false,"potions_floor_spawned":[6,8,12,14,21,27,28,29,37,41,44,46,47],"ascension_level":7}}