{"host":"5bsc0nab6whpyrbj","time":1614197958,"event":{"mods":["AchievementEnabler","BaseMod","Colored Map","Dark Map","Highlight Path","Minty Spire (QoL Compilation)"],"gold_per_floor":[117,130,197,197,212,224,224,224,224,224,224,124,144,168,168,298,298,316,105,105,126,126,126],"floor_reached":22,"language":"ENG","playtime":504,"items_purged":[],"score":176,"play_id":"e3ce7a1b-54bc-4a96-8649-7f0c01ffceec","local_time":"20210224151918","is_ascension_mode":false,"campfire_choices":[{"floor":7.0,"key":"REST"},{"floor":11.0,"key":"REST"},{"floor":15.0,"key":"REST"}],"circlet_count":0,"master_deck":["Strike_B","Strike_B","Strike_B","Strike_B","Defend_B","Defend_B+1","Defend_B","Defend_B","Zap","Dualcast","Go for the Eyes","Streamline+1","Streamline","Sweeping Beam","Parasite","Go for the Eyes","Steam","All For One","Scrape","Panache","Scrape"],"relics":["NeowsBlessing","Golden Idol","Happy Flower","Darkstone Periapt","SlaversCollar","Nloth\u0027s Gift"],"acts_visited":["Exordium","TheCity"],"potions_floor_usage":[],"damage_taken":[{"damage":0.0,"enemies":"Small Slimes","floor":1.0,"turns":1.0},{"damage":0.0,"enemies":"Jaw Worm","floor":2.0,"turns":1.0},{"damage":0.0,"enemies":"2 Louse","floor":5.0,"turns":1.0},{"damage":24.0,"enemies":"Large Slime","floor":6.0,"turns":5.0},{"damage":21.0,"enemies":"Gremlin Gang","floor":13.0,"turns":3.0},{"damage":0.0,"enemies":"Exordium Wildlife","floor":14.0,"turns":2.0},{"damage":59.0,"enemies":"Hexaghost","floor":16.0,"turns":10.0},{"damage":21.0,"enemies":"Spheric Guardian","floor":18.0,"turns":4.0},{"damage":33,"enemies":"3 Byrds","floor":21,"turns":6},{"damage":21,"enemies":"Snake Plant","floor":22,"turns":1}],"seed_played":"1143412312053547621","potions_obtained":[{"floor":6.0,"key":"Fire Potion"},{"floor":13.0,"key":"CultistPotion"},{"floor":16.0,"key":"Strength Potion"},{"floor":18.0,"key":"FocusPotion"}],"is_trial":false,"path_per_floor":["M","M","?","?","M","M","R","?","T","?","R","?","M","M","R","B",null,"M","$","?","M","M"],"character_chosen":"DEFECT","items_purchased":["Panache","Scrape"],"campfire_rested":3,"item_purchase_floors":[19,19],"current_hp_per_floor":[75,75,75,60,60,36,58,40,40,58,75,75,54,54,75,16,75,54,54,54,21,0,0],"gold":126,"neow_bonus":"THREE_ENEMY_KILL","is_daily":false,"chose_seed":false,"campfire_upgraded":0,"win_rate":0.0,"timestamp":1614197958,"path_taken":["M","M","?","?","M","M","R","?","T","?","R","?","M","?","R","BOSS","M","$","?","M","M"],"items_purchased_type":["Card","Card"],"build_version":"2020-12-22","purchased_purges":0,"victory":false,"max_hp_per_floor":[75,75,75,75,75,75,75,75,75,75,75,75,75,75,75,75,75,75,75,75,75,75,75],"card_choices":[{"not_picked":["Coolheaded","Turbo"],"picked":"Go for the Eyes","floor":1.0},{"not_picked":["Storm","Steam"],"picked":"Streamline","floor":2.0},{"not_picked":["Leap","Storm"],"picked":"Streamline","floor":5.0},{"not_picked":["Undo","Blizzard"],"picked":"Sweeping Beam","floor":6.0},{"not_picked":["Electrodynamics","Consume"],"picked":"Go for the Eyes","floor":13.0},{"not_picked":["White Noise","Defragment"],"picked":"Steam","floor":14.0},{"not_picked":["Thunder Strike","Echo Form"],"picked":"All For One","floor":16.0},{"not_picked":["Barrage","BootSequence"],"picked":"Scrape","floor":18.0},{"not_picked":["Redo","Barrage","Reinforced Body"],"picked":"SKIP","floor":21}],"player_experience":118816,"relics_obtained":[{"floor":9.0,"key":"Happy Flower"}],"event_choices":[{"damage_healed":0.0,"max_hp_gain":0.0,"max_hp_loss":0.0,"gold_gain":67.0,"event_name":"Golden Wing","player_choice":"Gained Gold","floor":3.0,"gold_loss":0.0,"damage_taken":0.0},{"damage_healed":0.0,"max_hp_gain":0.0,"max_hp_loss":0.0,"gold_gain":0.0,"event_name":"Shining Light","player_choice":"Entered Light","floor":4.0,"gold_loss":0.0,"damage_taken":15.0,"cards_upgraded":["Defend_B","Streamline"]},{"damage_healed":0.0,"max_hp_gain":0.0,"max_hp_loss":0.0,"gold_gain":0.0,"event_name":"Golden Idol","player_choice":"Take Damage","floor":8.0,"gold_loss":0.0,"damage_taken":18.0,"relics_obtained":["Golden Idol"]},{"damage_healed":18.0,"max_hp_gain":0.0,"max_hp_loss":0.0,"gold_gain":0.0,"event_name":"Mushrooms","player_choice":"Healed and dodged fight","floor":10.0,"gold_loss":0.0,"damage_taken":0.0,"cards_obtained":["Parasite"]},{"damage_healed":0.0,"max_hp_gain":0.0,"max_hp_loss":0.0,"gold_gain":0.0,"event_name":"WeMeetAgain","player_choice":"Paid Gold","floor":12.0,"gold_loss":100.0,"damage_taken":0.0,"relics_obtained":["Darkstone Periapt"]},{"damage_healed":0,"gold_gain":0,"player_choice":"Traded Relic","damage_taken":0,"relics_obtained":["Nloth\u0027s Gift"],"max_hp_gain":0,"max_hp_loss":0,"event_name":"N\u0027loth","floor":20,"relics_lost":["Cracked Core"],"gold_loss":0}],"is_beta":false,"boss_relics":[{"not_picked":["Ectoplasm","Runic Pyramid"],"picked":"SlaversCollar"}],"items_purged_floors":[],"is_endless":false,"potions_floor_spawned":[6,13,16,18],"killed_by":"Snake Plant","ascension_level":0}}