{"host":"dwyzfvnzfcqffr30","time":1614165536,"event":{"mods":["2.2 Compatiblity","Act Like it!","Aspiration","BaseMod","Beaked The Cultist","Better Altar","Better Match","Better Note","Better Sensory Stone","Better Skull","Better Third Choice","Clockwork Mod","Colored Map","Colored Powertips","Conspire","Downfall","Elementarium","GifTheSpireLib","Halation","Hermit","Hubris","Infinite Spire","Ironclad Rager","Jedi Mod","Menagerie","Mimic Mod","Minty Spire (QoL Compilation)","Permanent Neow","Random Character Button","Relic Filter Mod","Reliquary","Replay The Spire","Shapeshifter Mod","Spicy Shops","Spikes Relics","StSLib","Stuff the Spire","The Construct","The Disciple","The Druid","The Marked","TheFirefly","Trackpad","Wandering Minibosses"],"gold_per_floor":[121,146,174,204,230,275,275,275,337,60,60,60,96,96,130,64,64,141,141,160,188,56,56,74,112,112,149,149,149,177,177,224,224,224,314,314,346,378,378,413,288,288,423,423,504,641,702,872,89,89,89,89,89,89,9,110,110],"floor_reached":58,"language":"ENG","playtime":7260,"items_purged":["theDruid:Defend_O+1"],"score":2877,"play_id":"3fd15f7d-d527-4d1c-8d44-ea8581d55719","local_time":"20210224031856","is_ascension_mode":true,"campfire_choices":[{"floor":12,"key":"RECALL"},{"data":"theDruid:Fortitude+1","floor":17,"key":"SMITH"},{"data":"Prostrate+1","floor":26,"key":"SMITH"},{"data":"Prostrate+2","floor":29,"key":"SMITH"},{"data":"theDruid:Fortitude+2","floor":31,"key":"SMITH"},{"floor":34,"key":"REST"},{"data":"theDruid:BristlingDefense+1","floor":42,"key":"SMITH"},{"data":"theDruid:BristlingDefense+2","floor":51,"key":"SMITH"},{"data":"theDruid:BristlingDefense+3","floor":54,"key":"SMITH"}],"circlet_count":0,"master_deck":["AscendersBane","Venomology+1","theDruid:Strike_O+1","theDruid:Strike_O+1","theDruid:Strike_O+1","theDruid:Defend_O+1","theDruid:Defend_O+1","theDruid:BriarArmor+1","theDruid:WildSlash+1","Apotheosis+1","MasterReality+1","theDruid:BristlingBulwark+1","theDruid:Forage+1","theDruid:Resupply+1","theDruid:PrimalStrength+1","theDruid:SerratedFlesh+1","theDruid:Fortitude+3","theDruid:NaturalAgility+1","theDruid:Swipe+1","theDruid:BristlingDefense+4","Prostrate+3","hubris:EnhanceAbility+1","theDruid:Mutilate+1","theDruid:FaerieFire+1","Jack Of All Trades+1"],"relics":["theDruid:CrownOfTheWilds","Frozen Egg 2","Toxic Egg 2","Molten Egg 2","Quantum Egg","SacredBark","conspire:InfiniteJournal","infinitespire:EvilPickle","halation:Prosthetics","hubris:TinFlute","Bottled Tornado","Bird Faced Urn","jedi:shrinkray","BargainBundle","Medical Kit","halation:SwordOfLegend","Happy Flower","sneckomod:SneckoTalon","White Beast Statue","Darkstone Periapt","Bag of Marbles","aspiration:StickyExplosives_weak","trackpad:SneckoScepter","Replay:Baseball","Elementarium:ElementariumTrophy","Replay:Grab Bag","Philosopher\u0027s Stone","bronze:MakeshiftBattery","reliquary:ThirdArm","StuffTheSpire:TintedRock","hubris:CuriousFeather","ShockBauble","StuffTheSpire:PointBlank","reliquary:IridiumChain","trackpad:IceCube","hubris:EmptyBottle","BlackRope","LugNut","reliquary:WeakTea"],"acts_visited":["Exordium","Elementarium:Elementarium","TheBeyond","TheEnding"],"potions_floor_usage":[2,3,4,6,9,9,13,15,15,20,21,24,25,25,27,27,30,32,35,35,35,37,38,40,43,48,52,52,52,52,57,57,57,57,57],"damage_taken":[{"damage":0,"enemies":"Cultist","floor":1,"turns":3},{"damage":0,"enemies":"Jaw Worm","floor":2,"turns":1},{"damage":0,"enemies":"Small Slimes","floor":3,"turns":2},{"damage":5,"enemies":"Red Slaver","floor":4,"turns":3},{"damage":0,"enemies":"Blue Slaver","floor":5,"turns":3},{"damage":7,"enemies":"3 Sentries","floor":6,"turns":4},{"damage":6,"enemies":"Gremlin Nob","floor":9,"turns":4},{"damage":5,"enemies":"Gremlin Nob","floor":13,"turns":3},{"damage":6,"enemies":"3 Sentries","floor":15,"turns":6},{"damage":0,"enemies":"Fading Forest","floor":18,"turns":11},{"damage":6,"enemies":"Elementarium:2_ELEMENTALS","floor":20,"turns":4},{"damage":0,"enemies":"Elementarium:VoidCorruption","floor":21,"turns":3},{"damage":0,"enemies":"Elementarium:STONE_GOLEMS","floor":24,"turns":5},{"damage":0,"enemies":"Elementarium:FIRE_NOBILITY","floor":25,"turns":6},{"damage":3,"enemies":"Elementarium:WarGolem","floor":27,"turns":5},{"damage":0,"enemies":"Elementarium:RubyGolem","floor":30,"turns":4},{"damage":0,"enemies":"Elementarium:FIRE_NOBILITY","floor":32,"turns":5},{"damage":0,"enemies":"Elementarium:GoldenDragon","floor":35,"turns":6},{"damage":26,"enemies":"3 Darklings","floor":37,"turns":4},{"damage":0,"enemies":"3 Shapes","floor":38,"turns":5},{"damage":0,"enemies":"Sphere and 2 Shapes","floor":40,"turns":6},{"damage":6,"enemies":"Nemesis","floor":43,"turns":5},{"damage":0,"enemies":"Giant Head","floor":46,"turns":4},{"damage":0,"enemies":"Sphere and 2 Shapes","floor":47,"turns":3},{"damage":0,"enemies":"Reptomancer","floor":48,"turns":3},{"damage":4,"enemies":"Time Eater","floor":52,"turns":6},{"damage":26,"enemies":"Shield and Spear","floor":56,"turns":5},{"damage":0,"enemies":"The Heart","floor":57,"turns":5}],"seed_played":"-3358112341091114411","potions_obtained":[{"floor":2,"key":"Toxic Potion"},{"floor":3,"key":"Fire Potion"},{"floor":20,"key":"champ:CounterPotion"},{"floor":25,"key":"SkillPotion"},{"floor":27,"key":"Strength Potion"},{"floor":35,"key":"Fire Potion"},{"floor":37,"key":"Flashbang"}],"is_trial":false,"path_per_floor":["M","M","M","M","M","E","PTL","PTL","?","$","T","R","E","?","E","$","R","B",null,"M","M","$","?","M","E","R","E","T","R","M","R","E","?","R","B",null,"M","M","AVR","MIM","?","R","E","?","T","E","M","E","$","?","R","B",null,"R","$","E","B",null],"character_chosen":"DRUID","items_purchased":["BargainBundle","Medical Kit","SteroidPotion","theDruid:NaturalAgility+1","White Beast Statue","hubris:EmptyBottle","BlackRope","LugNut","EssenceOfSteel"],"campfire_rested":1,"item_purchase_floors":[10,10,10,16,22,49,49,49,55],"current_hp_per_floor":[67,67,67,62,67,65,65,65,61,61,61,61,62,65,62,62,65,67,67,67,67,67,67,67,67,67,67,67,67,67,67,67,47,67,67,67,52,67,67,67,67,67,67,67,67,67,67,67,67,67,67,65,67,67,67,63,67],"gold":110,"neow_bonus":"REMOVE_TWO","is_daily":false,"chose_seed":false,"campfire_upgraded":7,"win_rate":0.0,"timestamp":1614165536,"path_taken":["M","M","M","M","M","E","PTL","PTL","?","$","T","R","E","?","E","$","R","BOSS","M","M","$","?","M","E","R","E","T","R","M","R","E","?","R","BOSS","M","M","AVR","?","?","R","E","?","T","E","?","E","$","?","R","BOSS","R","$","E","BOSS"],"items_purchased_type":["Relic","Relic","Potion","Card","Relic","Relic","Relic","Relic","Potion"],"build_version":"2020-12-22","purchased_purges":1,"victory":true,"max_hp_per_floor":[67,67,67,67,67,67,67,67,67,67,67,67,67,67,67,67,67,67,67,67,67,67,67,67,67,67,67,67,67,67,67,67,67,67,67,67,67,67,67,67,67,67,67,67,67,67,67,67,67,67,67,67,67,67,67,67,67],"card_choices":[{"not_picked":["theDruid:Starfall+1","theDruid:BlessedStrike+1"],"picked":"theDruid:BristlingBulwark+1","floor":1},{"not_picked":["theDruid:BrambleLash+1","theDruid:Guidance+1"],"picked":"theDruid:Forage+1","floor":2},{"not_picked":["theDruid:Mutilate+1","theDruid:BristlingBulwark+1","theDruid:Pathfinder+1"],"picked":"SKIP","floor":3},{"not_picked":["theDruid:ForestsSoul+1","theDruid:Adaptation+1"],"picked":"theDruid:Resupply+1","floor":4},{"not_picked":["theDruid:Forage+1","theDruid:FuriousSlash+1"],"picked":"theDruid:PrimalStrength+1","floor":5},{"not_picked":["theDruid:ForestGuard+1","theDruid:FelineGrace+1","theDruid:ThornStrike+1"],"picked":"SKIP","floor":6},{"not_picked":["theDruid:Adaptation+1","theDruid:Gore+1"],"picked":"theDruid:SerratedFlesh+1","floor":13},{"not_picked":["theDruid:Guidance+1","theDruid:Gore+1"],"picked":"theDruid:Fortitude+1","floor":15},{"not_picked":["theDruid:Recoil+1","theDruid:Slingshot+1"],"picked":"theDruid:Swipe+1","floor":20},{"not_picked":["theDruid:Untamed+1","theDruid:PlagueClaw+1"],"picked":"theDruid:BristlingDefense+1","floor":21},{"not_picked":["champ:PreciseThrust+1","Bloodletting+1"],"picked":"Prostrate+1","floor":23},{"not_picked":["Transmutation+1","jedi:RedIncense+1"],"picked":"hubris:EnhanceAbility+1","floor":23},{"not_picked":["theDruid:Swipe+1","theDruid:Stampede+1","theDruid:Resupply+1"],"picked":"SKIP","floor":24},{"not_picked":["theDruid:FelineGrace+1","theDruid:Eclipse+1","theDruid:FeralPlants+1"],"picked":"SKIP","floor":25},{"not_picked":["theDruid:PrimalStrength+1","theDruid:BristlingDefense+1","theDruid:ThickHide+1"],"picked":"SKIP","floor":27},{"not_picked":["theDruid:BrambleLash+1","theDruid:Slingshot+1","theDruid:PrimalStrength+1"],"picked":"SKIP","floor":30},{"not_picked":["theDruid:Scavenge+1","theDruid:PlagueClaw+1","theDruid:IronClaw+1"],"picked":"SKIP","floor":32},{"not_picked":["theDruid:IronbarkArmor+1","theDruid:Earthquake+1"],"picked":"theDruid:Mutilate+1","floor":35},{"not_picked":["theDruid:Resupply+1","theDruid:ThornStrike+1"],"picked":"theDruid:FaerieFire+1","floor":37},{"not_picked":["theDruid:NaturalAgility+1","theDruid:Gore+1","theDruid:BagofTricks+1"],"picked":"SKIP","floor":38},{"not_picked":["Dark Shackles+1","Replay:BasicMightCard+1"],"picked":"Jack Of All Trades+1","floor":41},{"not_picked":["theDruid:BrambleLash+1","theDruid:WildArmor+1","theDruid:Guidance+1"],"picked":"SKIP","floor":43},{"not_picked":["theDruid:TwilightsCall+1","theDruid:Adaptation+1","theDruid:FeralPlants+1"],"picked":"SKIP","floor":46},{"not_picked":["theDruid:Swipe+1","theDruid:ThornStrike+1","theDruid:RockSlide+1"],"picked":"SKIP","floor":47},{"not_picked":["theDruid:RockSlide+1","theDruid:TearOpen+1","theDruid:ExposingSlash+1"],"picked":"SKIP","floor":48},{"not_picked":["theDruid:FaerieFire+1","theDruid:Mutilate+1","theDruid:ApexPredator+1"],"picked":"SKIP","floor":56}],"player_experience":3545796,"relics_obtained":[{"floor":6,"key":"Bird Faced Urn"},{"floor":9,"key":"jedi:shrinkray"},{"floor":13,"key":"halation:SwordOfLegend"},{"floor":15,"key":"Happy Flower"},{"floor":25,"key":"Darkstone Periapt"},{"floor":27,"key":"Bag of Marbles"},{"floor":28,"key":"aspiration:StickyExplosives_weak"},{"floor":32,"key":"trackpad:SneckoScepter"},{"floor":40,"key":"hubris:CuriousFeather"},{"floor":43,"key":"ShockBauble"},{"floor":45,"key":"StuffTheSpire:PointBlank"},{"floor":46,"key":"reliquary:IridiumChain"},{"floor":48,"key":"trackpad:IceCube"},{"floor":56,"key":"reliquary:WeakTea"}],"event_choices":[{"damage_healed":0,"gold_gain":0,"player_choice":"Simplicity","damage_taken":0,"max_hp_gain":0,"max_hp_loss":0,"event_name":"betterThird:BetterWriting","floor":0,"gold_loss":0},{"damage_healed":0,"gold_gain":0,"player_choice":"Searched \u00271\u0027 times","damage_taken":0,"max_hp_gain":0,"max_hp_loss":0,"event_name":"Dead Adventurer","floor":9,"gold_loss":0},{"damage_healed":0,"gold_gain":0,"player_choice":"Machinery","damage_taken":0,"max_hp_gain":0,"max_hp_loss":0,"event_name":"Elementarium:IncubationChamber","floor":23,"gold_loss":0},{"damage_healed":0,"gold_gain":0,"player_choice":"2","damage_taken":0,"max_hp_gain":0,"max_hp_loss":0,"event_name":"betterMatch:BetterMatch","floor":41,"gold_loss":0,"cards_obtained":["betterMatch:ColorlessUncommonCard","betterMatch:UncommonCard"]}],"is_beta":false,"boss_relics":[{"not_picked":["SacredBark","aspiration:RunicSpoon"],"picked":"sneckomod:SneckoTalon"},{"not_picked":["Snecko Eye","Abe\u0027s Treasure"],"picked":"Replay:Grab Bag"},{"not_picked":["Velvet Choker","trackpad:Coffee"],"picked":"Philosopher\u0027s Stone"},{"not_picked":["Fusion Hammer","reliquary:Craggleroot"],"picked":"bronze:MakeshiftBattery"},{"not_picked":["hubris:ScarierMask","halation:Yufonium"],"picked":"reliquary:ThirdArm"}],"items_purged_floors":[10],"is_endless":false,"potions_floor_spawned":[2,3,6,9,18,20,21,24,25,27,30,32,35,37,38,40,43,46,47,48,56],"ascension_level":18}}