{"host":"z8n47vy4vaymw9pl","time":1614173290,"event":{"mods":["2.2 Compatiblity","Act Like it!","Always Whale","BaseMod","Better Altar","Better Match","Better Note","Better Sensory Stone","Better Skull","Better Third Choice","Colored Map","Colored Powertips","Defuse TimeMaze Blight","Downfall","Energized Spire","Hubris","Lobotomy","LobotomyExtend","Minty Spire (QoL Compilation)","Reliquary","Replay The Spire","Robot Space Explorer","Shapeshifter Mod","Spire Arcade","StSLib","The Blue Laboratory","The Construct","TheSurvivalist","Unceasing Turn Reminder","Wandering Minibosses"],"gold_per_floor":[112,56,56,73,2,33,111,111,111,111,129,129,146,179,179,179,179],"floor_reached":16,"language":"ENG","playtime":787,"items_purged":[],"score":110,"play_id":"7fa3b3bc-f5c1-4fc6-ba51-d1935e8580e3","local_time":"20210224052810","is_ascension_mode":false,"campfire_choices":[{"data":"StSShapeShifter:FruitBasket","floor":10,"key":"SMITH"},{"data":"StSShapeShifter:SkullBash","floor":15,"key":"SMITH"}],"circlet_count":0,"master_deck":["StSShapeShifter:ShapeShifter_Strike","StSShapeShifter:ShapeShifter_Strike","StSShapeShifter:ShapeShifter_Strike","StSShapeShifter:ShapeShifter_Strike","StSShapeShifter:ShapeShifter_Defend","StSShapeShifter:ShapeShifter_Defend","StSShapeShifter:ShapeShifter_Defend","StSShapeShifter:ShapeShifter_Defend","StSShapeShifter:ShapeShifter_Defend","StSShapeShifter:Tortoise_Form+1","StSShapeShifter:Lynx_Form+1","StSShapeShifter:AdaptiveStrikes","StSShapeShifter:EmbraceTheCycle+1","StSShapeShifter:FruitBasket+1","StSShapeShifter:Efflorescence","StSShapeShifter:BladeOfGrass","StSShapeShifter:SkullBash+1","StSShapeShifter:HummingbirdForm","StSShapeShifter:PoisonIvy"],"relics":["StSShapeShifter:AnimalHeart","StSShapeShifter:TheShapeShiftersMagnolia","Centennial Puzzle","LetterFromLob","StSShapeShifter:BeastkeepersGift","GremlinMask","StSShapeShifter:FrogOfVitality","Pocketwatch","reliquary:Aerogel"],"acts_visited":["Exordium"],"potions_floor_usage":[6,6,16,16],"damage_taken":[{"damage":1,"enemies":"2 Louse","floor":1,"turns":2},{"damage":1,"enemies":"Cultist","floor":4,"turns":3},{"damage":24,"enemies":"Lagavulin","floor":6,"turns":5},{"damage":19,"enemies":"Small Slimes","floor":7,"turns":6},{"damage":6,"enemies":"Red Slaver","floor":11,"turns":3},{"damage":0,"enemies":"Lots of Slimes","floor":13,"turns":2},{"damage":20,"enemies":"3 Sentries","floor":14,"turns":7},{"damage":0,"enemies":"Slime Boss","floor":16,"turns":3}],"seed_played":"-9035348109145546943","potions_obtained":[{"floor":4,"key":"hexamod:SoulburnPotion"},{"floor":11,"key":"hexamod:SoulburnPotion"},{"floor":13,"key":"bronze:BurnAndBuffPotion"}],"is_trial":false,"path_per_floor":["M","$","?","M","$","E","M","M","T","R","M","?","M","E","R","B"],"character_chosen":"SHAPESHIFTER","items_purchased":["StSShapeShifter:BeastkeepersGift","blueLaboratory:FruitPunch","StSShapeShifter:EmbraceTheCycle+1","StSShapeShifter:FruitBasket"],"campfire_rested":0,"item_purchase_floors":[2,2,2,5],"current_hp_per_floor":[77,77,77,76,76,54,38,38,38,38,32,32,32,14,14,16,16],"gold":179,"neow_bonus":"RANDOM_COMMON_RELIC","is_daily":false,"chose_seed":false,"campfire_upgraded":2,"win_rate":0.0,"timestamp":1614173290,"path_taken":["M","$","?","M","?","E","M","?","T","R","M","?","M","E","R","BOSS"],"items_purchased_type":["Relic","Potion","Card","Card"],"build_version":"2020-12-22","purchased_purges":0,"victory":false,"max_hp_per_floor":[78,78,78,78,78,80,81,81,81,81,81,81,81,83,83,83,83],"card_choices":[{"not_picked":["StSShapeShifter:BurstingSpore","StSShapeShifter:SquirrelForm"],"picked":"StSShapeShifter:AdaptiveStrikes","floor":1},{"not_picked":["StSShapeShifter:ForestFire","StSShapeShifter:Rest","StSShapeShifter:Flourish"],"picked":"SKIP","floor":4},{"not_picked":["StSShapeShifter:BarkSkin","StSShapeShifter:MultiSpiritedStrike"],"picked":"StSShapeShifter:Efflorescence","floor":6},{"not_picked":["StSShapeShifter:OakBlade","StSShapeShifter:RockSlide","StSShapeShifter:SquirrelForm"],"picked":"SKIP","floor":7},{"not_picked":["StSShapeShifter:FlowerShield","StSShapeShifter:MonkeyForm"],"picked":"StSShapeShifter:BladeOfGrass","floor":11},{"not_picked":["StSShapeShifter:PantherForm","StSShapeShifter:MultiSpiritedStrike"],"picked":"StSShapeShifter:HummingbirdForm","floor":13},{"not_picked":["StSShapeShifter:BurstingSpore","StSShapeShifter:BladeOfGrass"],"picked":"StSShapeShifter:PoisonIvy","floor":14}],"player_experience":707819,"relics_obtained":[{"floor":1,"key":"LetterFromLob"},{"floor":6,"key":"StSShapeShifter:FrogOfVitality"},{"floor":9,"key":"Pocketwatch"},{"floor":14,"key":"reliquary:Aerogel"}],"event_choices":[{"damage_healed":0,"gold_gain":0,"player_choice":"Trade","damage_taken":0,"relics_obtained":["GremlinMask"],"max_hp_gain":0,"max_hp_loss":0,"event_name":"FaceTrader","floor":3,"gold_loss":0},{"damage_healed":0,"gold_gain":0,"cards_transformed":["StSShapeShifter:ShapeShifter_Strike"],"player_choice":"Transformed","damage_taken":0,"max_hp_gain":0,"max_hp_loss":0,"event_name":"Transmorgrifier","floor":12,"gold_loss":0,"cards_obtained":["StSShapeShifter:SkullBash"]}],"is_beta":false,"boss_relics":[],"items_purged_floors":[],"is_endless":false,"potions_floor_spawned":[4,11,13],"killed_by":"Slime Boss","ascension_level":0}}