{"host":"3po7ngt2j61s4rmj","time":1614143801,"event":{"mods":["BaseMod","Hermit","Minty Spire (QoL Compilation)","Relic Stats","Shade Mod","StSLib","The Cursed","The Jungle"],"gold_per_floor":[117,117,131,154,169,169,213,227,227,33,78,78,113,148,148,242,242,261,261,261],"floor_reached":19,"language":"ENG","playtime":1261,"items_purged":[],"score":357,"play_id":"25d5ce9a-36b7-4d8c-96b7-40ee7d53f3ae","local_time":"20210223221641","is_ascension_mode":true,"campfire_choices":[{"data":"Shade:Bonestorm","floor":6.0,"key":"SMITH"},{"data":"Shade:LichForm","floor":12.0,"key":"SMITH"},{"data":"Shade:FreshBones","floor":15.0,"key":"SMITH"}],"circlet_count":0,"master_deck":["AscendersBane","Shade:Strike_Shade","Shade:Defend_Shade","Shade:Defend_Shade","Shade:Defend_Shade","Shade:Defend_Shade","Shade:AnimateDead","Shade:CarefulCut","Shade:ClawBack","Injury","Shade:PressTheAttack","Shade:PoundOfFlesh","Shade:Bonestorm+1","Shade:LichForm+1","Shade:Frenzy","Shade:FreshBones+1","Shade:Excise","Shade:LastGasp","Shade:Asphyxiate+1","Shade:DangerousRitual+1","Shade:MadHubris+1","Shade:CallOfTheGrave+1"],"relics":["Shade:YorickSkull","Orichalcum","Golden Idol","Question Card","PreservedInsect","Toolbox","Happy Flower","Odd Mushroom","Astrolabe"],"acts_visited":["Exordium","theJungle:Jungle"],"potions_floor_usage":[18,19],"damage_taken":[{"damage":0.0,"enemies":"Cultist","floor":1.0,"turns":3.0},{"damage":0.0,"enemies":"Small Slimes","floor":3.0,"turns":3.0},{"damage":2.0,"enemies":"Jaw Worm","floor":4.0,"turns":3.0},{"damage":0.0,"enemies":"Gremlin Gang","floor":5.0,"turns":5.0},{"damage":12.0,"enemies":"Lagavulin","floor":7.0,"turns":6.0},{"damage":0.0,"enemies":"Exordium Wildlife","floor":8.0,"turns":3.0},{"damage":0.0,"enemies":"Blue Slaver","floor":11.0,"turns":5.0},{"damage":0.0,"enemies":"Gremlin Nob","floor":13.0,"turns":3.0},{"damage":10.0,"enemies":"The Mushroom Lair","floor":14.0,"turns":3.0},{"damage":7,"enemies":"The Guardian","floor":16,"turns":7},{"damage":42,"enemies":"theJungle:5_Spyders","floor":18,"turns":6},{"damage":13,"enemies":"theJungle:GiantWrat","floor":19,"turns":3}],"seed_played":"5687118364245543519","potions_obtained":[{"floor":4.0,"key":"Swift Potion"},{"floor":7.0,"key":"Weak Potion"},{"floor":8.0,"key":"BlessingOfTheForge"},{"floor":11.0,"key":"BlessingOfTheForge"},{"floor":16,"key":"Fruit Juice"}],"is_trial":false,"path_per_floor":["M","?","M","M","M","R","E","M","T","$","M","R","E","?","R","B",null,"M","M"],"character_chosen":"SHADE","items_purchased":["Toolbox","Shade:Frenzy"],"campfire_rested":0,"item_purchase_floors":[10,10],"current_hp_per_floor":[50,50,50,48,48,48,36,36,36,36,36,36,36,26,26,19,46,9,0,0],"gold":261,"neow_bonus":"RANDOM_COMMON_RELIC","is_daily":false,"chose_seed":false,"campfire_upgraded":3,"win_rate":0.0,"timestamp":1614143801,"path_taken":["M","?","M","M","M","R","E","M","T","$","M","R","E","?","R","BOSS","M","M"],"items_purchased_type":["Relic","Card"],"build_version":"2020-12-22","purchased_purges":0,"victory":false,"max_hp_per_floor":[55,55,55,55,55,55,55,55,55,55,55,55,55,55,55,55,55,60,60,60],"relic_stats":{"Happy Flower":[6],"counters":[12,50],"Golden Idol":65,"Astrolabe":["Shade:Asphyxiate","Shade:DangerousRitual","Shade:MadHubris"],"PreservedInsect":23,"Orichalcum":[204],"Question Card":6,"obtain_stats":[{"Happy Flower":13,"Shade:YorickSkull":0,"Golden Idol":2,"Astrolabe":17,"Toolbox":10,"PreservedInsect":9,"Orichalcum":0,"Odd Mushroom":14,"Question Card":7},{"Happy Flower":8,"Shade:YorickSkull":0,"Golden Idol":1,"Astrolabe":10,"Toolbox":6,"PreservedInsect":6,"Orichalcum":0,"Odd Mushroom":9,"Question Card":5},{"Happy Flower":31,"Shade:YorickSkull":0,"Golden Idol":3,"Astrolabe":41,"Toolbox":23,"PreservedInsect":23,"Orichalcum":0,"Odd Mushroom":34,"Question Card":20}]},"card_choices":[{"not_picked":["Shade:GraveStillness","Shade:CommandSoldier"],"picked":"Shade:ClawBack","floor":1.0},{"not_picked":["Shade:Awaken","Shade:WallOfFlesh"],"picked":"Shade:PressTheAttack","floor":3.0},{"not_picked":["Shade:DangerousRitual","Shade:GreyBargain"],"picked":"Shade:PoundOfFlesh","floor":4.0},{"not_picked":["Shade:BoneShards","Shade:Premonition"],"picked":"Shade:Bonestorm","floor":5.0},{"not_picked":["Shade:Trample","Shade:Awaken","Shade:SkeletonHug"],"picked":"SKIP","floor":7.0},{"not_picked":["Shade:FuneraryArmor","Shade:ExtraLimbs","Shade:GraveStillness"],"picked":"Shade:LichForm","floor":8.0},{"not_picked":["Shade:GreyBargain","Shade:ScuttlingHand","Shade:Patience"],"picked":"Shade:FreshBones","floor":11.0},{"not_picked":["Shade:SoulToxin","Shade:MadHubris","Shade:CoffinDance","Shade:OpenGraves"],"picked":"SKIP","floor":13.0},{"not_picked":["Shade:FleshToFlesh","Shade:CallOfTheGrave","Shade:CoffinDance"],"picked":"Shade:Excise","floor":14.0},{"not_picked":["Shade:SelfBurial","Shade:SoulPierce","Shade:DarkOfNight"],"picked":"Shade:LastGasp","floor":16},{"not_picked":["Shade:Carnophage","Shade:CommandSoldier","Shade:FingerOfDeath"],"picked":"Shade:CallOfTheGrave+1","floor":18}],"player_experience":1281128,"relics_obtained":[{"floor":7.0,"key":"Question Card"},{"floor":9.0,"key":"PreservedInsect"},{"floor":13.0,"key":"Happy Flower"},{"floor":14.0,"key":"Odd Mushroom"}],"event_choices":[{"damage_healed":0.0,"max_hp_gain":0.0,"max_hp_loss":0.0,"gold_gain":0.0,"event_name":"Golden Idol","player_choice":"Take Wound","floor":2.0,"gold_loss":0.0,"damage_taken":0.0,"relics_obtained":["Golden Idol"],"cards_obtained":["Injury"]},{"damage_healed":0.0,"max_hp_gain":0.0,"max_hp_loss":0.0,"gold_gain":0.0,"event_name":"Mushrooms","player_choice":"Fought Mushrooms","floor":14.0,"gold_loss":0.0,"damage_taken":0.0}],"is_beta":false,"boss_relics":[{"not_picked":["Snecko Eye","Pandora\u0027s Box"],"picked":"Astrolabe"}],"items_purged_floors":[],"is_endless":false,"potions_floor_spawned":[4,7,8,11,16],"killed_by":"theJungle:GiantWrat","ascension_level":15}}