{"host":"gfybn4j1d26rvz5e","time":1614140055,"event":{"mods":["BaseMod","Better Altar","Better Match","Better Note","Better Sensory Stone","Better Skull","Better Third Choice","BetterRewards","Highlight Path","Minty Spire (QoL Compilation)","Random Character Button","Relic Stats","StSLib"],"gold_per_floor":[117,117,53,72,93,111,111,35,59,59,82,82,105,141,141,269,269,290,290,342,356,356,356,367,382,406,426,426,98,98,123,123,224,224,235,172,189,204,204,233,251,0,81,81,107,117,117,136,136,136],"floor_reached":51,"language":"ENG","playtime":2036,"items_purged":["Injury","Strike_R","Strike_R"],"score":1468,"play_id":"08f46fbc-86ef-4437-8df8-acf24ccd414e","local_time":"20210223221415","is_ascension_mode":true,"campfire_choices":[{"data":"Berserk","floor":7.0,"key":"SMITH"},{"data":"Bash","floor":10.0,"key":"SMITH"},{"data":"Pummel","floor":12.0,"key":"SMITH"},{"data":"Immolate","floor":15.0,"key":"SMITH"},{"data":"Anger","floor":23.0,"key":"SMITH"},{"data":"Demon Form","floor":28.0,"key":"SMITH"},{"data":"Master of Strategy","floor":30.0,"key":"SMITH"},{"data":"Sword Boomerang","floor":32.0,"key":"SMITH"},{"floor":44,"key":"REST"},{"floor":47,"key":"REST"},{"floor":49,"key":"REST"}],"circlet_count":0,"master_deck":["AscendersBane","Strike_R","Strike_R","Defend_R","Defend_R","Defend_R","Defend_R","Bash+1","Berserk+1","Pummel+1","Shrug It Off+1","Anger+1","Immolate+1","Demon Form+1","Thunderclap+1","Spot Weakness+1","Headbutt+1","Sword Boomerang+1","Master of Strategy+1","Reaper","Sword Boomerang+1","Flex+1","Headbutt+1","Heavy Blade+1","Battle Trance+1"],"relics":["Burning Blood","Membership Card","Lizard Tail","Singing Bowl","Nloth\u0027s Gift","Bloody Idol","Vajra","Red Skull","Dream Catcher","SlaversCollar","MealTicket","Anchor","CaptainsWheel","Toy Ornithopter","Sozu","Question Card","Red Mask","Pantograph","Omamori"],"acts_visited":["Exordium","TheCity","TheBeyond"],"potions_floor_usage":[],"damage_taken":[{"damage":11.0,"enemies":"2 Louse","floor":1.0,"turns":3.0},{"damage":9.0,"enemies":"Jaw Worm","floor":4.0,"turns":4.0},{"damage":12.0,"enemies":"Small Slimes","floor":5.0,"turns":4.0},{"damage":19.0,"enemies":"Red Slaver","floor":6.0,"turns":5.0},{"damage":7.0,"enemies":"2 Fungi Beasts","floor":11.0,"turns":2.0},{"damage":8.0,"enemies":"Blue Slaver","floor":13.0,"turns":3.0},{"damage":15.0,"enemies":"Lagavulin","floor":14.0,"turns":5.0},{"damage":0.0,"enemies":"Slime Boss","floor":16.0,"turns":6.0},{"damage":19.0,"enemies":"3 Byrds","floor":18.0,"turns":5.0},{"damage":20.0,"enemies":"Chosen","floor":21.0,"turns":5.0},{"damage":24.0,"enemies":"Snake Plant","floor":24.0,"turns":3.0},{"damage":23.0,"enemies":"Centurion and Healer","floor":25.0,"turns":2.0},{"damage":7.0,"enemies":"3 Cultists","floor":27.0,"turns":3.0},{"damage":29.0,"enemies":"Slavers","floor":31.0,"turns":4.0},{"damage":45.0,"enemies":"Champ","floor":33.0,"turns":6.0},{"damage":4.0,"enemies":"Orb Walker","floor":35.0,"turns":3.0},{"damage":21.0,"enemies":"3 Darklings","floor":37.0,"turns":2.0},{"damage":17.0,"enemies":"4 Shapes","floor":38.0,"turns":4.0},{"damage":40,"enemies":"Nemesis","floor":40,"turns":5},{"damage":43,"enemies":"Transient","floor":41,"turns":5},{"damage":49,"enemies":"Sphere and 2 Shapes","floor":46,"turns":4},{"damage":16,"enemies":"Maw","floor":48,"turns":6},{"damage":102,"enemies":"Donu and Deca","floor":50,"turns":6}],"seed_played":"3654221596483959131","potions_obtained":[{"floor":1.0,"key":"LiquidMemories"},{"floor":4.0,"key":"Explosive Potion"},{"floor":11.0,"key":"AttackPotion"},{"floor":14.0,"key":"ElixirPotion"},{"floor":18.0,"key":"PowerPotion"}],"is_trial":false,"path_per_floor":["M","?","$","M","M","M","R","$","T","R","M","R","M","E","R","B",null,"M","?","T","M","?","R","M","M","T","M","R","$","R","E","R","B",null,"M","$","M","M","?","E","M","?","T","R","T","M","R","M","R","B",null],"character_chosen":"IRONCLAD","items_purchased":["Membership Card","Singing Bowl","Shrug It Off","Vajra","Sword Boomerang","CaptainsWheel","Master of Strategy"],"campfire_rested":3,"item_purchase_floors":[0,0,3,8,29,29,29],"current_hp_per_floor":[61,61,61,58,54,43,43,43,43,43,44,44,42,35,35,41,74,61,60,65,56,56,56,43,33,38,44,44,59,59,43,43,14,72,91,91,83,89,89,66,34,34,39,69,74,48,77,72,101,35],"gold":136,"neow_bonus":"","is_daily":false,"chose_seed":false,"campfire_upgraded":8,"win_rate":0.0,"timestamp":1614140055,"path_taken":["M","?","$","M","M","M","R","$","T","R","M","R","M","E","R","BOSS","M","?","?","M","?","R","M","?","T","M","R","$","R","E","R","BOSS","M","$","M","M","?","E","M","?","T","R","?","M","R","M","R","BOSS"],"items_purchased_type":["Relic","Relic","Card","Relic","Card","Relic","Card"],"build_version":"2020-12-22","purchased_purges":3,"victory":true,"max_hp_per_floor":[77,77,77,77,79,81,81,81,81,81,83,83,83,85,85,85,85,85,85,85,85,85,85,85,87,87,89,89,89,89,91,91,91,91,91,91,93,93,93,95,95,95,95,97,97,99,99,99,101,101],"relic_stats":{"Singing Bowl":32,"counters":[41,165],"Question Card":6,"Burning Blood":198,"Sozu":7,"Lizard Tail":0,"Dream Catcher":8,"Bloody Idol":84,"Pantograph":0,"MealTicket":15,"Nloth\u0027s Gift":3,"obtain_stats":[{"Mark of the Bloom":38,"Calipers":23,"Singing Bowl":0,"Vajra":8,"Whetstone":21,"Burning Blood":0,"Sozu":17,"Centennial Puzzle":9,"Dream Catcher":31,"Lizard Tail":0,"Pantograph":43,"MealTicket":20,"Red Mask":42,"Toxic Egg 2":26,"InkBottle":10,"Red Skull":43,"Lee\u0027s Waffle":47,"Golden Idol":2,"Omamori":45,"War Paint":40,"MawBank":8,"Question Card":40,"Akabeko":25,"SlaversCollar":34,"Anchor":26,"CaptainsWheel":29,"Bird Faced Urn":29,"Bloody Idol":19,"Molten Egg 2":11,"Nloth\u0027s Gift":0,"Membership Card":0,"Toy Ornithopter":31},{"Mark of the Bloom":15,"Calipers":9,"Singing Bowl":18,"Vajra":22,"Whetstone":8,"Burning Blood":0,"Sozu":7,"Centennial Puzzle":4,"Dream Catcher":12,"Lizard Tail":18,"Pantograph":38,"MealTicket":27,"Red Mask":38,"Toxic Egg 2":10,"InkBottle":5,"Red Skull":16,"Lee\u0027s Waffle":17,"Golden Idol":19,"Omamori":38,"War Paint":16,"MawBank":4,"Question Card":37,"Akabeko":10,"SlaversCollar":13,"Anchor":30,"CaptainsWheel":31,"Bird Faced Urn":11,"Bloody Idol":27,"Molten Egg 2":6,"Nloth\u0027s Gift":18,"Membership Card":18,"Toy Ornithopter":32},{"Mark of the Bloom":55,"Calipers":36,"Singing Bowl":70,"Vajra":86,"Whetstone":31,"Burning Blood":0,"Sozu":27,"Centennial Puzzle":11,"Dream Catcher":44,"Lizard Tail":70,"Pantograph":149,"MealTicket":107,"Red Mask":149,"Toxic Egg 2":38,"InkBottle":16,"Red Skull":58,"Lee\u0027s Waffle":62,"Golden Idol":73,"Omamori":149,"War Paint":58,"MawBank":11,"Question Card":144,"Akabeko":38,"SlaversCollar":49,"Anchor":117,"CaptainsWheel":120,"Bird Faced Urn":42,"Bloody Idol":107,"Molten Egg 2":21,"Nloth\u0027s Gift":70,"Membership Card":70,"Toy Ornithopter":124}],"Toy Ornithopter":5},"card_choices":[{"not_picked":["Dropkick","Entrench","Iron Wave"],"picked":"Singing Bowl","floor":1.0},{"not_picked":["Body Slam","Shockwave"],"picked":"Anger","floor":4.0},{"not_picked":["Anger","Flex","Armaments"],"picked":"Singing Bowl","floor":5.0},{"not_picked":["Clash","Thunderclap","Power Through"],"picked":"Singing Bowl","floor":6.0},{"not_picked":["Heavy Blade","Power Through","Reckless Charge"],"picked":"Singing Bowl","floor":11.0},{"not_picked":["True Grit","Warcry"],"picked":"Immolate","floor":13.0},{"not_picked":["Carnage","Sentinel","Combust"],"picked":"Singing Bowl","floor":14.0},{"not_picked":["Reaper","Barricade"],"picked":"Demon Form","floor":16.0},{"not_picked":["Rampage","Havoc"],"picked":"Thunderclap+1","floor":18.0},{"not_picked":["Body Slam","Ghostly Armor"],"picked":"Spot Weakness+1","floor":21.0},{"not_picked":["Blood for Blood+1","Evolve+1"],"picked":"Headbutt+1","floor":24.0},{"not_picked":["Anger","Dropkick","Second Wind"],"picked":"Singing Bowl","floor":25.0},{"not_picked":["Flex","Armaments","Anger"],"picked":"Singing Bowl","floor":27.0},{"not_picked":["Immolate","Cleave","Entrench"],"picked":"Singing Bowl","floor":31.0},{"not_picked":["Fiend Fire","Corruption"],"picked":"Reaper","floor":33.0},{"not_picked":["Havoc+1","Bloodletting+1"],"picked":"Sword Boomerang+1","floor":35.0},{"not_picked":["Shockwave","Sword Boomerang+1","Flex+1"],"picked":"Singing Bowl","floor":37.0},{"not_picked":["Battle Trance","Clash+1"],"picked":"Flex+1","floor":38.0},{"not_picked":["Infernal Blade","Body Slam+1","Rage"],"picked":"Singing Bowl","floor":40},{"not_picked":["Impervious","Body Slam+1","Dark Embrace+1"],"picked":"Headbutt+1","floor":41},{"not_picked":["Armaments+1","Perfected Strike+1","Thunderclap","Wild Strike"],"picked":"Singing Bowl","floor":44},{"not_picked":["Twin Strike","Entrench+1","Clothesline+1","Wild Strike"],"picked":"Singing Bowl","floor":46},{"not_picked":["Bludgeon","Perfected Strike","Flex+1"],"picked":"Heavy Blade+1","floor":47},{"not_picked":["Carnage","Sentinel+1","Fiend Fire"],"picked":"Battle Trance+1","floor":48},{"not_picked":["True Grit","Dark Embrace+1","Second Wind+1","Heavy Blade+1"],"picked":"Singing Bowl","floor":49}],"player_experience":680729,"relics_obtained":[{"floor":9.0,"key":"Red Skull"},{"floor":14.0,"key":"Dream Catcher"},{"floor":20.0,"key":"MealTicket"},{"floor":26.0,"key":"Anchor"},{"floor":31.0,"key":"Toy Ornithopter"},{"floor":40,"key":"Question Card"},{"floor":43,"key":"Pantograph"},{"floor":45,"key":"Omamori"}],"event_choices":[{"damage_healed":0.0,"max_hp_gain":0.0,"max_hp_loss":0.0,"gold_gain":0.0,"event_name":"Golden Idol","player_choice":"Take Wound","floor":2.0,"gold_loss":0.0,"damage_taken":0.0,"relics_obtained":["Golden Idol"],"cards_obtained":["Injury"]},{"damage_healed":0.0,"max_hp_gain":61.0,"max_hp_loss":60.0,"gold_gain":0.0,"event_name":"betterAltar:BetterAltar","player_choice":" GoldIdol ","floor":19.0,"potions_obtained":[],"relics_lost":["Golden Idol"],"gold_loss":0.0,"damage_taken":1.0,"relics_obtained":["Bloody Idol"]},{"damage_healed":0.0,"max_hp_gain":0.0,"max_hp_loss":0.0,"gold_gain":0.0,"event_name":"Upgrade Shrine","player_choice":"Upgraded","floor":22.0,"gold_loss":0.0,"damage_taken":0.0,"cards_upgraded":["Shrug It Off"]},{"cards_removed":["Strike_R"],"damage_healed":0.0,"max_hp_gain":0.0,"max_hp_loss":0.0,"gold_gain":0.0,"event_name":"Falling","player_choice":"Removed Attack","floor":39.0,"gold_loss":0.0,"damage_taken":0.0},{"damage_healed":0,"gold_gain":0,"player_choice":"Paid","damage_taken":0,"relics_obtained":["Red Mask"],"max_hp_gain":0,"max_hp_loss":0,"event_name":"Tomb of Lord Red Mask","floor":42,"gold_loss":251}],"is_beta":false,"boss_relics":[{"not_picked":["Runic Pyramid","Black Star"],"picked":"SlaversCollar"},{"not_picked":["Cursed Key","Fusion Hammer"],"picked":"Sozu"}],"items_purged_floors":[3,29,36],"is_endless":false,"potions_floor_spawned":[1,4,11,13,14,18,27,31,35,38,46],"ascension_level":11}}