{"host":"q0zivyteofxuwz3g","time":1614143135,"event":{"mods":["AchievementEnabler","BaseMod","BetterRewards","Minty Spire (QoL Compilation)","Relic Filter","StSLib"],"gold_per_floor":[114,129,129,129,146,146,174,174,174,174,214,289,304,345,345,473,473,486,500,523,523,539,539,579,579,579,614,225,150,6,45,45,169,169,193,256,275,300,325,365,389,389,389,425,441,484,484,517,517,517,517,517,367,406,406],"floor_reached":56,"language":"ENG","playtime":8648,"items_purged":[],"score":1811,"play_id":"6de6e1f0-8ae5-4b2d-a25c-6688bd85ea11","local_time":"20210224020535","is_ascension_mode":true,"campfire_choices":[{"floor":10.0,"key":"REST"},{"floor":15.0,"key":"REST"},{"floor":23.0,"key":"RECALL"},{"floor":25.0,"key":"REST"},{"data":"1","floor":32.0,"key":"LIFT"},{"data":"2","floor":47,"key":"LIFT"},{"floor":49,"key":"REST"},{"data":"3","floor":52,"key":"LIFT"}],"circlet_count":0,"master_deck":["Strike_G","Strike_G","Strike_G","Strike_G+1","Strike_G","Defend_G","Defend_G","Defend_G+1","Defend_G+1","Defend_G","Survivor","Neutralize","Apotheosis+1","Slice","Slice","Deflect","Prepared","Crippling Poison","Terror+1","Dagger Throw","Doppelganger","CurseOfTheBell","Underhanded Strike","Deadly Poison","Outmaneuver+1","Apotheosis+1","Prepared","Blade Dance","Endless Agony","Infinite Blades","Deflect","Adrenaline","Backstab","Reflex+1","Backflip+1","Cloak And Dagger+1","Infinite Blades","Bouncing Flask","Distraction+1","Underhanded Strike+1","Infinite Blades","Flechettes+1","Calculated Gamble+1","Dagger Throw","Slice","Envenom","Deflect","Prepared","Accuracy"],"relics":["Ring of the Snake","Bottled Flame","Golden Idol","Paper Crane","Pear","Ginger","Calling Bell","War Paint","Ninja Scroll","Thread and Needle","Dead Branch","Ornamental Fan","Art of War","Girya","PreservedInsect","Mango","HoveringKite","Turnip","Boot","Membership Card","Vajra","Torii","Snake Skull","Orrery","The Specimen"],"acts_visited":["TheEnding"],"potions_floor_usage":[46,50,50,54],"damage_taken":[{"damage":0.0,"enemies":"Small Slimes","floor":1.0,"turns":5.0},{"damage":3.0,"enemies":"2 Louse","floor":2.0,"turns":4.0},{"damage":0.0,"enemies":"Jaw Worm","floor":5.0,"turns":3.0},{"damage":22.0,"enemies":"Gremlin Nob","floor":7.0,"turns":5.0},{"damage":3.0,"enemies":"3 Sentries","floor":11.0,"turns":9.0},{"damage":0.0,"enemies":"2 Fungi Beasts","floor":13.0,"turns":2.0},{"damage":23.0,"enemies":"Gremlin Nob","floor":14.0,"turns":5.0},{"damage":28.0,"enemies":"Hexaghost","floor":16.0,"turns":10.0},{"damage":13.0,"enemies":"Spheric Guardian","floor":18.0,"turns":6.0},{"damage":0.0,"enemies":"2 Thieves","floor":19.0,"turns":3.0},{"damage":24.0,"enemies":"Centurion and Healer","floor":20.0,"turns":6.0},{"damage":0.0,"enemies":"Snake Plant","floor":22.0,"turns":4.0},{"damage":12.0,"enemies":"Book of Stabbing","floor":24.0,"turns":6.0},{"damage":15.0,"enemies":"Slavers","floor":27.0,"turns":6.0},{"damage":0.0,"enemies":"Book of Stabbing","floor":31.0,"turns":4.0},{"damage":5.0,"enemies":"Champ","floor":33.0,"turns":7.0},{"damage":16.0,"enemies":"3 Shapes","floor":35.0,"turns":3.0},{"damage":12.0,"enemies":"Mind Bloom Boss Battle","floor":36.0,"turns":4.0},{"damage":0.0,"enemies":"3 Darklings","floor":37.0,"turns":4.0},{"damage":0.0,"enemies":"Spire Growth","floor":38.0,"turns":4.0},{"damage":0.0,"enemies":"Maw","floor":39.0,"turns":4.0},{"damage":0.0,"enemies":"Nemesis","floor":40.0,"turns":3.0},{"damage":0,"enemies":"Transient","floor":41,"turns":5},{"damage":1,"enemies":"Giant Head","floor":44,"turns":4},{"damage":4,"enemies":"4 Shapes","floor":45,"turns":4},{"damage":18,"enemies":"Reptomancer","floor":46,"turns":4},{"damage":0,"enemies":"Giant Head","floor":48,"turns":2},{"damage":30,"enemies":"Time Eater","floor":50,"turns":5},{"damage":10,"enemies":"Shield and Spear","floor":54,"turns":5},{"damage":70,"enemies":"The Heart","floor":55,"turns":7}],"seed_played":"3315711324031023246","potions_obtained":[{"floor":2.0,"key":"Ancient Potion"},{"floor":7.0,"key":"BlessingOfTheForge"},{"floor":14.0,"key":"DistilledChaos"},{"floor":19.0,"key":"Swift Potion"},{"floor":20.0,"key":"Weak Potion"},{"floor":46,"key":"EssenceOfSteel"}],"is_trial":false,"path_per_floor":["M","M","?","?","M","?","E","?","T","R","E","?","M","E","R","B",null,"M","M","M","?","M","R","E","R","T","E","$","?","$","E","R","B",null,"M","?","M","M","M","E","M","?","T","E","M","E","R","E","R","B",null,"R","$","E","B",null],"character_chosen":"THE_SILENT","items_purchased":["Apotheosis","Girya","Infinite Blades","PreservedInsect","Snake Skull","Orrery"],"campfire_rested":4,"item_purchase_floors":[0,28,28,30,53,53],"current_hp_per_floor":[70,67,67,53,53,53,31,31,31,52,59,48,48,25,49,21,80,67,67,43,43,43,43,31,55,55,40,40,40,40,54,54,49,94,78,66,66,66,66,66,66,66,66,65,61,43,43,43,71,41,94,94,94,84,14],"gold":406,"neow_bonus":"","is_daily":false,"chose_seed":false,"campfire_upgraded":0,"win_rate":0.0,"timestamp":1614143135,"path_taken":["M","M","?","?","M","?","E","?","T","R","E","?","M","E","R","BOSS","M","M","M","?","?","R","E","R","T","E","$","?","?","E","R","BOSS","M","?","M","M","M","E","M","?","T","E","M","E","R","E","R","BOSS","R","$","E","BOSS"],"items_purchased_type":["Card","Relic","Card","Relic","Relic","Relic"],"build_version":"2020-12-22","purchased_purges":0,"victory":true,"max_hp_per_floor":[70,70,70,70,70,70,70,70,70,70,80,80,80,80,80,80,80,80,80,80,80,80,80,80,80,80,80,80,80,80,94,94,94,94,94,94,94,94,94,94,94,94,94,94,94,94,94,94,94,94,94,94,94,94,94],"card_choices":[{"not_picked":["Quick Slash","Outmaneuver"],"picked":"Slice","floor":1.0},{"not_picked":["Distraction","Bane"],"picked":"Slice","floor":2.0},{"not_picked":["Sucker Punch","Dodge and Roll"],"picked":"Deflect","floor":5.0},{"not_picked":["Deflect","Endless Agony"],"picked":"Prepared","floor":7.0},{"not_picked":["Flechettes","Heel Hook"],"picked":"Crippling Poison","floor":11.0},{"not_picked":["Well Laid Plans","Distraction"],"picked":"Terror","floor":13.0},{"not_picked":["Blur","Bullet Time"],"picked":"Dagger Throw","floor":14.0},{"not_picked":["Malaise","Die Die Die"],"picked":"Doppelganger","floor":16.0},{"not_picked":["Setup","PiercingWail+1"],"picked":"Underhanded Strike","floor":18.0},{"not_picked":["A Thousand Cuts","Deflect"],"picked":"Deadly Poison","floor":19.0},{"not_picked":["Backflip+1","Acrobatics"],"picked":"Outmaneuver+1","floor":20.0},{"not_picked":["Acrobatics+1","PiercingWail"],"picked":"Prepared","floor":22.0},{"not_picked":["Heel Hook","Unload"],"picked":"Blade Dance","floor":24.0},{"not_picked":["Heel Hook","Bullet Time"],"picked":"Endless Agony","floor":27.0},{"not_picked":["Dodge and Roll","Outmaneuver"],"picked":"Deflect","floor":31.0},{"not_picked":["Envenom","Glass Knife"],"picked":"Adrenaline","floor":33.0},{"not_picked":["Slice+1","Reflex"],"picked":"Backstab","floor":35.0},{"not_picked":["Sucker Punch","Setup"],"picked":"Reflex+1","floor":36.0},{"not_picked":["Outmaneuver","Choke"],"picked":"Backflip+1","floor":37.0},{"not_picked":["Flechettes","Leg Sweep+1"],"picked":"Cloak And Dagger+1","floor":38.0},{"not_picked":["Dodge and Roll","Leg Sweep+1"],"picked":"Infinite Blades","floor":39.0},{"not_picked":["Dash","Flying Knee+1"],"picked":"Bouncing Flask","floor":40.0},{"not_picked":["Dodge and Roll+1","Flying Knee"],"picked":"Distraction+1","floor":41},{"not_picked":["Footwork","Slice"],"picked":"Underhanded Strike+1","floor":44},{"not_picked":["Flechettes+1","Poisoned Stab"],"picked":"Infinite Blades","floor":45},{"not_picked":["Deadly Poison","Acrobatics"],"picked":"Flechettes+1","floor":46},{"not_picked":["Sucker Punch+1","Dodge and Roll+1"],"picked":"Calculated Gamble+1","floor":48},{"not_picked":["Quick Slash+1","Unload"],"picked":"Dagger Throw","floor":53},{"not_picked":["Eviscerate","Envenom"],"picked":"Slice","floor":53},{"not_picked":["Sucker Punch","Dash"],"picked":"Envenom","floor":53},{"not_picked":["Dodge and Roll","Backflip"],"picked":"Deflect","floor":53},{"not_picked":["Predator","After Image"],"picked":"Prepared","floor":53},{"not_picked":["Poisoned Stab","Deflect"],"picked":"Accuracy","floor":54}],"player_experience":190804,"relics_obtained":[{"floor":7.0,"key":"Bottled Flame"},{"floor":9.0,"key":"Paper Crane"},{"floor":11.0,"key":"Pear"},{"floor":14.0,"key":"Ginger"},{"floor":17.0,"key":"War Paint"},{"floor":17.0,"key":"Ninja Scroll"},{"floor":17.0,"key":"Thread and Needle"},{"floor":24.0,"key":"Dead Branch"},{"floor":26.0,"key":"Ornamental Fan"},{"floor":27.0,"key":"Art of War"},{"floor":31.0,"key":"Mango"},{"floor":36.0,"key":"Turnip"},{"floor":40.0,"key":"Boot"},{"floor":44,"key":"Membership Card"},{"floor":46,"key":"Vajra"},{"floor":48,"key":"Torii"},{"floor":54,"key":"The Specimen"}],"event_choices":[{"damage_healed":0.0,"max_hp_gain":0.0,"max_hp_loss":0.0,"gold_gain":0.0,"event_name":"The Cleric","player_choice":"Leave","floor":3.0,"gold_loss":0.0,"damage_taken":0.0},{"damage_healed":0.0,"max_hp_gain":0.0,"max_hp_loss":0.0,"gold_gain":0.0,"event_name":"Shining Light","player_choice":"Entered Light","floor":4.0,"gold_loss":0.0,"damage_taken":14.0,"cards_upgraded":["Strike_G","Defend_G"]},{"damage_healed":0.0,"max_hp_gain":0.0,"max_hp_loss":0.0,"gold_gain":0.0,"event_name":"Living Wall","player_choice":"Grow","floor":6.0,"gold_loss":0.0,"damage_taken":0.0,"cards_upgraded":["Apotheosis"]},{"damage_healed":0.0,"max_hp_gain":0.0,"max_hp_loss":0.0,"gold_gain":0.0,"event_name":"Golden Idol","player_choice":"Take Wound","floor":8.0,"gold_loss":0.0,"damage_taken":0.0,"relics_obtained":["Golden Idol"],"cards_obtained":["Injury"]},{"damage_healed":0.0,"max_hp_gain":0.0,"max_hp_loss":0.0,"gold_gain":75.0,"event_name":"World of Goop","player_choice":"Gather Gold","floor":12.0,"gold_loss":0.0,"damage_taken":11.0},{"damage_healed":0.0,"max_hp_gain":0.0,"max_hp_loss":0.0,"gold_gain":0.0,"event_name":"Duplicator","player_choice":"Copied","floor":21.0,"gold_loss":0.0,"damage_taken":0.0,"cards_obtained":["Apotheosis"]},{"cards_removed":["Injury"],"damage_healed":0.0,"max_hp_gain":0.0,"max_hp_loss":0.0,"gold_gain":0.0,"event_name":"Beggar","player_choice":"Gave Gold","floor":29.0,"gold_loss":75.0,"damage_taken":0.0},{"damage_healed":0.0,"max_hp_gain":0.0,"max_hp_loss":0.0,"gold_gain":0.0,"event_name":"MindBloom","player_choice":"Fight","floor":36.0,"gold_loss":0.0,"damage_taken":0.0},{"damage_healed":0,"gold_gain":0,"player_choice":"Ignored","damage_taken":0,"max_hp_gain":0,"max_hp_loss":0,"event_name":"Transmorgrifier","floor":42,"gold_loss":0}],"is_beta":false,"boss_relics":[{"not_picked":["Tiny House","Ectoplasm"],"picked":"Calling Bell"},{"not_picked":["Philosopher\u0027s Stone","Astrolabe"],"picked":"HoveringKite"}],"items_purged_floors":[],"is_endless":false,"potions_floor_spawned":[2,7,14,19,20,33,36,37,38,41,46],"ascension_level":1}}