{"host":"zxd2l8an9de7z7b9","time":1614163656,"event":{"mods":["100% Spire Juice","2.2 Compatiblity","AchievementEnabler","BaseMod","CapriCore","Colored Map","Colored Powertips","Marisa£¨Ùöéë¡¡Øª×âÞÞ£©","Minty Spire (QoL Compilation)","Rare Cards Sparkle","StSLib","SuperFastMode","Td1madao Mod","everything is the same but u backflip on backflip"],"gold_per_floor":[117,117,4,4,22,33,47,105,105,105,115,131,143,143,143,143,143],"floor_reached":16,"language":"KOR","playtime":466,"items_purged":["Strike_P"],"score":94,"play_id":"4d030fba-e4a6-4e6f-b929-1151507c63b6","local_time":"20210224194736","is_ascension_mode":false,"campfire_choices":[{"floor":10,"key":"REST"},{"floor":15,"key":"REST"}],"circlet_count":0,"master_deck":["Strike_P","Strike_P","Defend_P","Defend_P","Defend_P","Defend_P","Eruption","Vigilance","Ragnarok+1","CrushJoints","Adaptation","FearNoEvil","WreathOfFlame","FlurryOfBlows"],"relics":["PureWater","Shuriken","Prayer Wheel"],"acts_visited":["Exordium"],"potions_floor_usage":[16],"damage_taken":[{"damage":0,"enemies":"2 Louse","floor":1,"turns":4},{"damage":1,"enemies":"Cultist","floor":5,"turns":3},{"damage":1,"enemies":"Jaw Worm","floor":6,"turns":3},{"damage":9,"enemies":"Looter","floor":7,"turns":4},{"damage":33,"enemies":"3 Sentries","floor":8,"turns":10},{"damage":25,"enemies":"Exordium Thugs","floor":11,"turns":3},{"damage":4,"enemies":"Blue Slaver","floor":12,"turns":3},{"damage":5,"enemies":"3 Louse","floor":13,"turns":2},{"damage":23,"enemies":"Hexaghost","floor":16,"turns":6}],"seed_played":"5471843339285424403","potions_obtained":[{"floor":5,"key":"SpeedPotion"},{"floor":7,"key":"Ancient Potion"},{"floor":8,"key":"PowerPotion"}],"is_trial":false,"path_per_floor":["M","?","$","?","M","M","M","?","T","R","M","M","M","?","R","B"],"character_chosen":"WATCHER","items_purchased":["Adaptation"],"campfire_rested":2,"item_purchase_floors":[3],"current_hp_per_floor":[51,56,56,56,55,54,45,12,12,35,10,6,1,1,24,1,1],"gold":143,"neow_bonus":"THREE_RARE_CARDS","is_daily":false,"chose_seed":false,"campfire_upgraded":0,"win_rate":0.0,"timestamp":1614163656,"path_taken":["M","?","$","?","?","M","M","?","T","R","M","M","M","?","R","BOSS"],"items_purchased_type":["Card"],"build_version":"2020-12-22","purchased_purges":1,"victory":false,"max_hp_per_floor":[72,77,77,77,77,77,77,77,77,77,77,77,77,77,77,77,77],"card_choices":[{"not_picked":["Scrawl","Alpha"],"picked":"Ragnarok","floor":0},{"not_picked":["BowlingBash","FlyingSleeves"],"picked":"CrushJoints","floor":1},{"not_picked":["Nirvana","Sanctity"],"picked":"FearNoEvil","floor":5},{"not_picked":["EmptyFist","CrushJoints"],"picked":"WreathOfFlame","floor":6},{"not_picked":["CrushJoints","SashWhip"],"picked":"FlurryOfBlows","floor":7},{"not_picked":["Evaluate","EmptyFist","WheelKick"],"picked":"SKIP","floor":11},{"not_picked":["PathToVictory","Conclude","Collect"],"picked":"SKIP","floor":11},{"not_picked":["Halt","CrushJoints","Pray"],"picked":"SKIP","floor":12},{"not_picked":["Indignation","EmptyFist","Halt"],"picked":"SKIP","floor":12},{"not_picked":["EmptyBody","Evaluate","Meditate"],"picked":"SKIP","floor":13},{"not_picked":["BowlingBash","Meditate","CrushJoints"],"picked":"SKIP","floor":13}],"player_experience":468426,"relics_obtained":[{"floor":8,"key":"Shuriken"},{"floor":9,"key":"Prayer Wheel"}],"event_choices":[{"damage_healed":0,"gold_gain":0,"player_choice":"Donut","damage_taken":0,"max_hp_gain":5,"max_hp_loss":0,"event_name":"Big Fish","floor":2,"gold_loss":0},{"cards_removed":["Strike_P"],"damage_healed":0,"gold_gain":0,"player_choice":"Purged","damage_taken":0,"max_hp_gain":0,"max_hp_loss":0,"event_name":"Purifier","floor":4,"gold_loss":0},{"damage_healed":0,"gold_gain":0,"player_choice":"Searched \u00271\u0027 times","damage_taken":0,"max_hp_gain":0,"max_hp_loss":0,"event_name":"Dead Adventurer","floor":8,"gold_loss":0},{"damage_healed":0,"gold_gain":0,"player_choice":"Forge","damage_taken":0,"max_hp_gain":0,"max_hp_loss":0,"event_name":"Accursed Blacksmith","floor":14,"gold_loss":0,"cards_upgraded":["Ragnarok"]}],"is_beta":false,"boss_relics":[],"items_purged_floors":[3],"is_endless":false,"potions_floor_spawned":[5,7,8],"killed_by":"Hexaghost","ascension_level":0}}