{"host":"i0avyit1s6jb1siw","time":1614153476,"event":{"mods":["BaseMod","DeckTracker","Dota2Spire","Minty Spire (QoL Compilation)","Quick Restart","StSLib","SuperFastMode"],"gold_per_floor":[109,129,129,44,44,44,63,89,135,188,188,203,234,254,254,254,328,328,341,341,355,375,389,424,424,453,453,478,478,115,115,134,134,205,205,217,242,296,296,39,73,73,127,152,152,172,189,64,81,116,116,116,116,116,116,116,143,143],"floor_reached":59,"language":"ENG","playtime":2386,"items_purged":["Strike_G","Strike_G","Strike_G"],"score":3036,"play_id":"2809aa47-1642-46f1-9156-0484e5507246","local_time":"20210224085756","is_ascension_mode":true,"campfire_choices":[{"data":"Blade Dance","floor":6.0,"key":"SMITH"},{"data":"Choke","floor":11.0,"key":"SMITH"},{"data":"Neutralize","floor":16.0,"key":"SMITH"},{"floor":25,"key":"REST"},{"floor":29,"key":"REST"},{"data":"Well Laid Plans","floor":31,"key":"SMITH"},{"data":"Accuracy","floor":33,"key":"SMITH"},{"floor":42,"key":"RECALL"},{"data":"After Image","floor":51,"key":"SMITH"},{"data":"Blade Dance","floor":55,"key":"SMITH"}],"circlet_count":0,"master_deck":["AscendersBane","Strike_G","Defend_G","Defend_G","Defend_G","Defend_G","Defend_G","Survivor","Neutralize+1","Blade Dance+1","Choke+1","Accuracy","Dagger Spray","Infinite Blades","Predator","Leg Sweep","After Image+1","Leg Sweep","Cloak And Dagger","Crippling Poison","Accuracy+1","Acrobatics+1","Well Laid Plans+1","PiercingWail","Adrenaline+1","Finesse","Malaise","Blade Dance+1","Escape Plan+1","Backflip","Backflip","PiercingWail+1","Acrobatics+1","Cloak And Dagger"],"relics":["Ring of the Snake","PreservedInsect","Vajra","Centennial Puzzle","Dota2Spire:BladeMail","Dota2Spire:AghanimScepter","Philosopher\u0027s Stone","Mummified Hand","Tiny Chest","Sundial","Regal Pillow","Orrery","Dota2Spire:RefresherOrb","CaptainsWheel","Ginger","ClockworkSouvenir","War Paint","StrikeDummy","Eternal Feather","Letter Opener","Pen Nib"],"acts_visited":["Exordium","TheCity","TheBeyond","TheEnding"],"potions_floor_usage":[21,37,58],"damage_taken":[{"damage":3.0,"enemies":"Cultist","floor":1.0,"turns":5.0},{"damage":1.0,"enemies":"2 Louse","floor":2.0,"turns":4.0},{"damage":2.0,"enemies":"Jaw Worm","floor":7.0,"turns":4.0},{"damage":17.0,"enemies":"Lagavulin","floor":8.0,"turns":5.0},{"damage":18.0,"enemies":"Exordium Thugs","floor":12.0,"turns":3.0},{"damage":2.0,"enemies":"3 Sentries","floor":13.0,"turns":3.0},{"damage":5.0,"enemies":"Large Slime","floor":14.0,"turns":3.0},{"damage":12.0,"enemies":"The Guardian","floor":17.0,"turns":10.0},{"damage":0.0,"enemies":"Chosen","floor":19.0,"turns":3.0},{"damage":9,"enemies":"Spheric Guardian","floor":21,"turns":4},{"damage":20,"enemies":"Chosen and Byrds","floor":22,"turns":4},{"damage":9,"enemies":"Snecko","floor":23,"turns":4},{"damage":10,"enemies":"Book of Stabbing","floor":24,"turns":5},{"damage":12,"enemies":"Slavers","floor":26,"turns":3},{"damage":0,"enemies":"Gremlin Leader","floor":28,"turns":5},{"damage":4,"enemies":"Centurion and Healer","floor":32,"turns":5},{"damage":11,"enemies":"Collector","floor":34,"turns":7},{"damage":0,"enemies":"3 Shapes","floor":36,"turns":6},{"damage":0,"enemies":"Mind Bloom Boss Battle","floor":37,"turns":4},{"damage":8,"enemies":"2 Orb Walkers","floor":38,"turns":4},{"damage":0,"enemies":"Giant Head","floor":41,"turns":5},{"damage":4,"enemies":"Reptomancer","floor":44,"turns":5},{"damage":3,"enemies":"3 Darklings","floor":46,"turns":3},{"damage":0,"enemies":"Transient","floor":47,"turns":6},{"damage":2,"enemies":"Maw","floor":49,"turns":5},{"damage":0,"enemies":"Nemesis","floor":50,"turns":3},{"damage":7,"enemies":"Donu and Deca","floor":52,"turns":8},{"damage":30,"enemies":"Awakened One","floor":53,"turns":12},{"damage":0,"enemies":"Shield and Spear","floor":57,"turns":5},{"damage":64,"enemies":"The Heart","floor":58,"turns":9}],"seed_played":"-1887000811942371184","potions_obtained":[{"floor":1.0,"key":"GamblersBrew"},{"floor":7.0,"key":"DistilledChaos"},{"floor":13.0,"key":"AttackPotion"},{"floor":21,"key":"AttackPotion"},{"floor":34,"key":"Fruit Juice"},{"floor":37,"key":"DuplicationPotion"},{"floor":44,"key":"LiquidMemories"}],"is_trial":false,"path_per_floor":["M","M","?","$","?","R","M","E","T","T","R","M","E","M","?","R","B",null,"M","?","M","M","M","E","R","E","T","E","R","$","R","M","R","B",null,"M","?","?","?","$","E","R","T","E","T","M","M","$","M","E","R","B","B",null,"R","$","E","B",null],"character_chosen":"THE_SILENT","items_purchased":["Accuracy","Well Laid Plans","Orrery","Finesse","ClockworkSouvenir"],"campfire_rested":2,"item_purchase_floors":[4,30,30,30,40],"current_hp_per_floor":[56,55,60,60,60,60,58,41,41,41,41,23,21,16,16,16,4,54,54,54,45,25,16,6,27,15,15,15,51,51,51,47,47,36,62,62,67,59,59,59,59,59,59,55,55,52,52,52,50,50,68,61,31,65,76,76,76,12],"gold":143,"neow_bonus":"RANDOM_COMMON_RELIC","is_daily":false,"chose_seed":false,"campfire_upgraded":7,"win_rate":0.0,"timestamp":1614153476,"path_taken":["M","?","?","$","?","R","?","E","T","T","R","M","E","M","?","R","BOSS","M","?","?","M","M","E","R","E","T","E","R","$","R","M","R","BOSS","M","?","?","?","$","E","R","?","E","T","M","M","$","M","E","R","BOSS","BOSS","R","$","E","BOSS"],"items_purchased_type":["Card","Card","Relic","Card","Relic"],"build_version":"2020-12-22","purchased_purges":3,"victory":true,"max_hp_per_floor":[66,66,71,71,71,71,71,71,71,71,71,71,71,71,71,71,71,71,71,71,71,71,71,71,71,71,71,71,71,71,71,71,71,71,71,71,76,76,76,76,76,76,76,76,76,76,76,76,76,76,76,76,76,76,76,76,76,76],"card_choices":[{"not_picked":["Underhanded Strike","Flying Knee"],"picked":"Blade Dance","floor":1.0},{"not_picked":["PiercingWail","Wraith Form v2"],"picked":"Choke","floor":2.0},{"not_picked":["Outmaneuver","Backflip"],"picked":"Dagger Spray","floor":7.0},{"not_picked":["Backflip","Setup"],"picked":"Infinite Blades","floor":8.0},{"not_picked":["Reflex","Flying Knee","Catalyst"],"picked":"SKIP","floor":12.0},{"not_picked":["Flying Knee","Outmaneuver"],"picked":"Predator","floor":13.0},{"not_picked":["Slice","Deadly Poison"],"picked":"Leg Sweep","floor":14.0},{"not_picked":["Die Die Die","A Thousand Cuts"],"picked":"After Image","floor":17.0},{"not_picked":["Bane","Dagger Spray"],"picked":"Leg Sweep","floor":19.0},{"not_picked":["Poisoned Stab","Flying Knee"],"picked":"Cloak And Dagger","floor":21},{"not_picked":["Riddle With Holes","Outmaneuver","A Thousand Cuts"],"picked":"SKIP","floor":22},{"not_picked":["Underhanded Strike","Acrobatics"],"picked":"Crippling Poison","floor":23},{"not_picked":["Quick Slash+1","Reflex","Sucker Punch"],"picked":"SKIP","floor":24},{"not_picked":["Sucker Punch","Tactician"],"picked":"Accuracy","floor":26},{"not_picked":["Night Terror","Sucker Punch"],"picked":"Acrobatics","floor":28},{"not_picked":["Bouncing Flask","Dodge and Roll"],"picked":"PiercingWail","floor":30},{"not_picked":["Skewer+1","Deadly Poison"],"picked":"Adrenaline","floor":30},{"not_picked":["Dagger Throw","Catalyst","Sucker Punch"],"picked":"SKIP","floor":32},{"not_picked":["Die Die Die","Envenom"],"picked":"Malaise","floor":34},{"not_picked":["Sucker Punch","Quick Slash","Calculated Gamble"],"picked":"SKIP","floor":36},{"not_picked":["Burst","Poisoned Stab"],"picked":"Blade Dance","floor":37},{"not_picked":["Leg Sweep","Distraction"],"picked":"Escape Plan+1","floor":38},{"not_picked":["Catalyst","Tactician"],"picked":"Backflip","floor":41},{"not_picked":["Prepared","Slice"],"picked":"PiercingWail+1","floor":44},{"not_picked":["All Out Attack","Outmaneuver+1"],"picked":"Acrobatics+1","floor":46},{"not_picked":["Underhanded Strike+1","All Out Attack","Tactician"],"picked":"SKIP","floor":47},{"not_picked":["Bane","Setup"],"picked":"Cloak And Dagger","floor":49},{"not_picked":["Predator","Concentrate","Prepared"],"picked":"SKIP","floor":50},{"not_picked":["Finisher","Bane+1","Deflect"],"picked":"SKIP","floor":57}],"player_experience":2492282,"relics_obtained":[{"floor":8.0,"key":"Vajra"},{"floor":9.0,"key":"Centennial Puzzle"},{"floor":10.0,"key":"Dota2Spire:BladeMail"},{"floor":13.0,"key":"Dota2Spire:AghanimScepter"},{"floor":24,"key":"Mummified Hand"},{"floor":26,"key":"Tiny Chest"},{"floor":27,"key":"Sundial"},{"floor":28,"key":"Regal Pillow"},{"floor":37,"key":"CaptainsWheel"},{"floor":38,"key":"Ginger"},{"floor":41,"key":"War Paint"},{"floor":44,"key":"StrikeDummy"},{"floor":45,"key":"Eternal Feather"},{"floor":50,"key":"Letter Opener"},{"floor":57,"key":"Pen Nib"}],"event_choices":[{"damage_healed":0.0,"max_hp_gain":5.0,"max_hp_loss":0.0,"gold_gain":0.0,"event_name":"Big Fish","player_choice":"Donut","floor":3.0,"gold_loss":0.0,"damage_taken":0.0},{"cards_removed":["Strike_G"],"damage_healed":0.0,"max_hp_gain":0.0,"max_hp_loss":0.0,"gold_gain":0.0,"event_name":"Bonfire Elementals","player_choice":"Offered Basic","floor":5.0,"gold_loss":0.0,"damage_taken":0.0},{"damage_healed":0.0,"max_hp_gain":0.0,"max_hp_loss":0.0,"gold_gain":0.0,"event_name":"Scrap Ooze","player_choice":"Fled","floor":15.0,"gold_loss":0.0,"damage_taken":0.0},{"damage_healed":0,"gold_gain":0,"player_choice":"0 cards matched","damage_taken":0,"max_hp_gain":0,"max_hp_loss":0,"event_name":"Match and Keep!","floor":20,"gold_loss":0,"cards_obtained":[]},{"damage_healed":0,"gold_gain":0,"player_choice":"Fight","damage_taken":0,"max_hp_gain":0,"max_hp_loss":0,"event_name":"MindBloom","floor":37,"gold_loss":0},{"damage_healed":0,"gold_gain":0,"player_choice":"Fight","damage_taken":0,"max_hp_gain":0,"max_hp_loss":0,"event_name":"Mysterious Sphere","floor":38,"gold_loss":0},{"damage_healed":0,"gold_gain":0,"player_choice":"1 cards matched","damage_taken":0,"max_hp_gain":0,"max_hp_loss":0,"event_name":"Match and Keep!","floor":39,"gold_loss":0,"cards_obtained":["Backflip"]}],"is_beta":false,"boss_relics":[{"not_picked":["Ring of the Serpent","Tiny House"],"picked":"Philosopher\u0027s Stone"},{"not_picked":["SlaversCollar","Busted Crown"],"picked":"Dota2Spire:RefresherOrb"}],"items_purged_floors":[30,40,48],"is_endless":false,"potions_floor_spawned":[1,7,13,21,23,26,34,37,44,49,50],"ascension_level":20}}