{"host":"9l1knhxfturzliqa","time":1614164453,"event":{"mods":["AchievementEnabler","BaseMod","Colored Map","Colored Powertips","DeckTracker","Highlight Path","Keyboard Shortcuts","Minty Spire (QoL Compilation)","Random Character Button"],"gold_per_floor":[118,130,130,145,163,190,210,210,234,234,253,270,288,288,288,362,362,372,42,42,55,73,73,73,86,86,103,114,114,128,147,147,223,223,234,247,257,276,290,290,320,320,320,181,192,192,208,224,224,224,224,224,28,57,57,57],"floor_reached":55,"language":"KOR","playtime":5885,"items_purged":["Clumsy","Strike_B","Strike_B"],"score":1160,"play_id":"b2c232c5-21d4-4cd6-b756-3ddedb3fda25","local_time":"20210224200053","is_ascension_mode":true,"campfire_choices":[{"data":"Sunder","floor":8.0,"key":"SMITH"},{"data":"Creative AI","floor":10.0,"key":"SMITH"},{"floor":15.0,"key":"REST"},{"data":"Buffer","floor":23.0,"key":"SMITH"},{"floor":29.0,"key":"REST"},{"data":"Storm","floor":32.0,"key":"SMITH"},{"floor":40.0,"key":"REST"},{"floor":42.0,"key":"RECALL"},{"data":"Defragment","floor":49,"key":"SMITH"},{"data":"Reboot","floor":52,"key":"SMITH"}],"circlet_count":0,"master_deck":["AscendersBane","Strike_B","Strike_B","Defend_B","Defend_B","Defend_B","Zap","Dualcast","Creative AI+1","Aggregate","Sunder+1","Conserve Battery","Stack+1","Force Field","Turbo","Chill","Ball Lightning","Buffer+1","Consume","Storm+1","Coolheaded+1","Hologram+1","Self Repair","Reboot+1","Go for the Eyes+1","Glacier","Defragment+1","Undo"],"relics":["Cracked Core","Omamori","Bag of Marbles","Oddly Smooth Stone","Pen Nib","Snecko Eye","War Paint","Eternal Feather","Bottled Tornado","SlaversCollar","Emotion Chip","Toy Ornithopter"],"acts_visited":["Exordium","TheCity","TheBeyond","TheEnding"],"potions_floor_usage":[55,55],"damage_taken":[{"damage":0.0,"enemies":"2 Louse","floor":1.0,"turns":2.0},{"damage":1.0,"enemies":"Cultist","floor":2.0,"turns":3.0},{"damage":5.0,"enemies":"Small Slimes","floor":4.0,"turns":3.0},{"damage":9.0,"enemies":"Blue Slaver","floor":5.0,"turns":4.0},{"damage":11.0,"enemies":"3 Sentries","floor":6.0,"turns":5.0},{"damage":0.0,"enemies":"2 Fungi Beasts","floor":7.0,"turns":3.0},{"damage":6.0,"enemies":"Exordium Thugs","floor":11.0,"turns":4.0},{"damage":20.0,"enemies":"Lots of Slimes","floor":12.0,"turns":4.0},{"damage":7.0,"enemies":"Blue Slaver","floor":13.0,"turns":4.0},{"damage":16.0,"enemies":"Hexaghost","floor":16.0,"turns":9.0},{"damage":16.0,"enemies":"2 Thieves","floor":18.0,"turns":4.0},{"damage":6.0,"enemies":"Chosen","floor":21.0,"turns":4.0},{"damage":7.0,"enemies":"3 Cultists","floor":22.0,"turns":5.0},{"damage":22.0,"enemies":"Snake Plant","floor":25.0,"turns":5.0},{"damage":0.0,"enemies":"Chosen and Byrds","floor":27.0,"turns":6.0},{"damage":4.0,"enemies":"Centurion and Healer","floor":28.0,"turns":12.0},{"damage":0.0,"enemies":"3 Cultists","floor":30.0,"turns":3.0},{"damage":0.0,"enemies":"Snake Plant","floor":31.0,"turns":3.0},{"damage":9.0,"enemies":"Collector","floor":33.0,"turns":10.0},{"damage":9.0,"enemies":"3 Shapes","floor":35.0,"turns":5.0},{"damage":14.0,"enemies":"3 Darklings","floor":36.0,"turns":6.0},{"damage":0.0,"enemies":"Jaw Worm Horde","floor":37.0,"turns":3.0},{"damage":18.0,"enemies":"Maw","floor":38.0,"turns":8.0},{"damage":29.0,"enemies":"4 Shapes","floor":39.0,"turns":5.0},{"damage":22.0,"enemies":"Giant Head","floor":41.0,"turns":9.0},{"damage":0.0,"enemies":"Jaw Worm Horde","floor":45.0,"turns":3.0},{"damage":1.0,"enemies":"Spire Growth","floor":47.0,"turns":5.0},{"damage":18,"enemies":"3 Darklings","floor":48,"turns":5},{"damage":19,"enemies":"Donu and Deca","floor":50,"turns":9},{"damage":39,"enemies":"Shield and Spear","floor":54,"turns":7},{"damage":55,"enemies":"The Heart","floor":55,"turns":8}],"seed_played":"3665074991719097386","potions_obtained":[{"floor":1.0,"key":"SteroidPotion"},{"floor":5.0,"key":"Explosive Potion"},{"floor":7.0,"key":"DistilledChaos"},{"floor":13.0,"key":"AttackPotion"},{"floor":21.0,"key":"Explosive Potion"},{"floor":22.0,"key":"Energy Potion"},{"floor":28.0,"key":"Explosive Potion"},{"floor":30.0,"key":"LiquidMemories"},{"floor":35.0,"key":"EntropicBrew"},{"floor":39.0,"key":"GamblersBrew"},{"floor":47.0,"key":"Weak Potion"},{"floor":48,"key":"Strength Potion"},{"floor":54,"key":"Ancient Potion"}],"is_trial":false,"path_per_floor":["M","M","?","M","M","E","M","R","T","R","M","M","M","?","R","B",null,"M","$","?","M","M","R","?","M","T","M","M","R","M","M","R","B",null,"M","M","M","M","M","R","E","R","T","$","M","?","M","M","R","B",null,"R","$","E","B"],"character_chosen":"DEFECT","items_purchased":["War Paint","Fruit Juice","Glacier","Undo"],"campfire_rested":3,"item_purchase_floors":[19,19,44,53],"current_hp_per_floor":[64,63,63,58,49,38,38,38,38,38,32,12,5,5,26,10,56,40,45,45,39,32,32,32,10,10,10,6,43,43,43,58,56,71,62,55,62,51,29,66,58,73,73,73,73,73,76,58,73,61,72,76,76,44,0,0],"gold":57,"neow_bonus":"THREE_RARE_CARDS","is_daily":false,"chose_seed":false,"campfire_upgraded":6,"win_rate":0.0,"timestamp":1614164453,"path_taken":["M","M","?","M","?","E","M","R","T","R","M","M","M","?","R","BOSS","M","$","?","M","M","R","?","M","T","M","?","R","M","M","R","BOSS","M","M","M","M","M","R","E","R","T","?","M","?","M","M","R","BOSS","R","$","E","BOSS"],"items_purchased_type":["Relic","Potion","Card","Card"],"build_version":"2020-12-22","purchased_purges":3,"victory":false,"max_hp_per_floor":[71,71,71,71,71,71,71,71,71,71,71,71,71,71,71,71,71,71,76,76,76,76,76,76,76,76,76,76,76,76,76,76,76,76,76,76,76,76,76,76,76,76,76,76,76,76,76,76,76,76,76,76,76,76,76,76],"card_choices":[{"not_picked":["Meteor Strike","Rainbow"],"picked":"Creative AI","floor":0.0},{"not_picked":["Chaos","Ball Lightning"],"picked":"Aggregate","floor":1.0},{"not_picked":["Rebound","Coolheaded"],"picked":"Sunder","floor":2.0},{"not_picked":["Gash","Hologram"],"picked":"Conserve Battery","floor":4.0},{"not_picked":["Fission","Capacitor"],"picked":"Stack","floor":5.0},{"not_picked":["Glacier","Redo"],"picked":"Force Field","floor":6.0},{"not_picked":["Steam","Barrage"],"picked":"Turbo","floor":7.0},{"not_picked":["Rip and Tear","Scrape","Redo"],"picked":"SKIP","floor":11.0},{"not_picked":["Gash","Streamline"],"picked":"Chill","floor":12.0},{"not_picked":["Coolheaded","Capacitor"],"picked":"Ball Lightning","floor":13.0},{"not_picked":["Hyperbeam","Multi-Cast"],"picked":"Buffer","floor":16.0},{"not_picked":["Coolheaded","Sweeping Beam","Chill"],"picked":"SKIP","floor":18.0},{"not_picked":["Sunder","Streamline"],"picked":"Consume","floor":21.0},{"not_picked":["Cold Snap","Aggregate"],"picked":"Storm","floor":22.0},{"not_picked":["Steam","Darkness","Static Discharge+1"],"picked":"SKIP","floor":25.0},{"not_picked":["Steam Power+1","Sweeping Beam"],"picked":"Coolheaded+1","floor":27.0},{"not_picked":["Leap","Cold Snap"],"picked":"Hologram+1","floor":28.0},{"not_picked":["Steam Power+1","Turbo","Blizzard"],"picked":"SKIP","floor":30.0},{"not_picked":["Capacitor","Skim"],"picked":"Self Repair","floor":31.0},{"not_picked":["Creative AI","Rainbow"],"picked":"Reboot","floor":33.0},{"not_picked":["Lockon","Rebound"],"picked":"Go for the Eyes+1","floor":35.0},{"not_picked":["Rip and Tear+1","Go for the Eyes","Scrape"],"picked":"SKIP","floor":36.0},{"not_picked":["Conserve Battery","Beam Cell","Ball Lightning+1"],"picked":"SKIP","floor":37.0},{"not_picked":["Recycle","Rebound","Fission"],"picked":"SKIP","floor":38.0},{"not_picked":["Rip and Tear","Loop","Turbo"],"picked":"SKIP","floor":39.0},{"not_picked":["Reinforced Body","Coolheaded","Undo"],"picked":"SKIP","floor":41.0},{"not_picked":["Leap+1","Beam Cell"],"picked":"Defragment","floor":45.0},{"not_picked":["Cold Snap","Chill+1","Steam Power"],"picked":"SKIP","floor":47.0},{"not_picked":["Reinforced Body","Turbo","Conserve Battery"],"picked":"SKIP","floor":48},{"not_picked":["Turbo","Hologram","Cold Snap"],"picked":"SKIP","floor":54}],"player_experience":727904,"relics_obtained":[{"floor":6.0,"key":"Bag of Marbles"},{"floor":9.0,"key":"Oddly Smooth Stone"},{"floor":26.0,"key":"Bottled Tornado"},{"floor":41.0,"key":"Emotion Chip"},{"floor":54,"key":"Toy Ornithopter"}],"event_choices":[{"damage_healed":0.0,"max_hp_gain":0.0,"max_hp_loss":0.0,"gold_gain":0.0,"event_name":"WeMeetAgain","player_choice":"Gave Potion","floor":3.0,"gold_loss":0.0,"damage_taken":0.0,"relics_obtained":["Omamori"]},{"damage_healed":0.0,"max_hp_gain":0.0,"max_hp_loss":0.0,"gold_gain":0.0,"event_name":"Dead Adventurer","player_choice":"Searched \u00271\u0027 times","floor":14.0,"gold_loss":0.0,"damage_taken":0.0,"relics_obtained":["Pen Nib"]},{"damage_healed":0.0,"max_hp_gain":0.0,"max_hp_loss":0.0,"gold_gain":0.0,"event_name":"Vampires","player_choice":"Ignored","floor":20.0,"gold_loss":0.0,"damage_taken":0.0},{"damage_healed":0.0,"max_hp_gain":0.0,"max_hp_loss":0.0,"gold_gain":0.0,"event_name":"Addict","player_choice":"Stole Relic","floor":24.0,"gold_loss":0.0,"damage_taken":0.0,"relics_obtained":["Eternal Feather"],"cards_obtained":["Shame"]},{"cards_removed":["Defend_B"],"damage_healed":0.0,"max_hp_gain":0.0,"max_hp_loss":0.0,"gold_gain":0.0,"event_name":"Falling","player_choice":"Removed Skill","floor":46.0,"gold_loss":0.0,"damage_taken":0.0}],"is_beta":false,"boss_relics":[{"not_picked":["Coffee Dripper","Velvet Choker"],"picked":"Snecko Eye"},{"not_picked":["Runic Pyramid","Tiny House"],"picked":"SlaversCollar"}],"items_purged_floors":[19,44,53],"is_endless":false,"potions_floor_spawned":[1,5,7,13,21,22,28,30,35,39,47,48,54],"killed_by":"The Heart","ascension_level":15}}