{"host":"iodx9wtiy6cq33np","time":1614163448,"event":{"mods":["2.2 Compatiblity","Act Like it!","BaseMod","Colored Map","DeckTracker","Hermit","Keyboard Shortcuts","Minty Spire (QoL Compilation)","Permanent Neow","Quick Restart","Rare Cards Sparkle","StSLib","SuperFastMode"],"gold_per_floor":[113,113,288,304,304,304,328,328,328,362,387,411,411,68,68,188,188,213,88,113,149,149,183,183,218,244,244,51,64,64,82,82,213,213,233,254,267,73,23,66,66,87,112,131,166,179,179,179,179,179,179,179,31,70,70],"floor_reached":56,"language":"KOR","playtime":2755,"items_purged":["Pain","hermit:Strike_Hermit","hermit:Defend_Hermit","hermit:Strike_Hermit","hermit:Defend_Hermit"],"score":1270,"play_id":"88b01b69-c95e-4054-a63a-3d6b215348c1","local_time":"20210224194408","is_ascension_mode":false,"campfire_choices":[{"data":"hermit:Headshot","floor":6.0,"key":"SMITH"},{"data":"hermit:EyeOfTheStorm","floor":13.0,"key":"SMITH"},{"data":"hermit:LoneWolf","floor":15,"key":"SMITH"},{"floor":24,"key":"REST"},{"floor":27,"key":"RECALL"},{"data":"hermit:Snapshot","floor":32,"key":"SMITH"},{"data":"hermit:Adapt","floor":41,"key":"SMITH"},{"data":"hermit:Roughhouse","floor":47,"key":"SMITH"},{"data":"hermit:LuckOfTheDraw","floor":49,"key":"SMITH"},{"data":"hermit:GhostlyPresence","floor":52,"key":"SMITH"}],"circlet_count":0,"master_deck":["hermit:Defend_Hermit","hermit:Snapshot+1","hermit:Covet","hermit:Headshot+1","hermit:GhostlyPresence+1","hermit:LoneWolf+1","hermit:EyeOfTheStorm+1","hermit:Gambit","hermit:PistolWhip+1","hermit:PistolWhip+1","hermit:RoundhouseKick+1","hermit:LuckOfTheDraw+1","hermit:EyeOfTheStorm+1","hermit:LuckOfTheDraw+1","hermit:EyeOfTheStorm+1","hermit:Gestalt+1","hermit:Snipe+1","hermit:Roughhouse+1","hermit:Quickdraw+1","hermit:Roughhouse"],"relics":["hermit:Momento","Smiling Mask","Golden Idol","WarpedTongs","Eternal Feather","Boot","ClockworkSouvenir","Orichalcum","Astrolabe","Red Mask","Dream Catcher","InkBottle","Bronze Scales","DollysMirror","Ancient Tea Set","Sozu","Toy Ornithopter","PreservedInsect","Toxic Egg 2","Mummified Hand"],"acts_visited":["Exordium","TheCity","TheBeyond","TheEnding"],"potions_floor_usage":[21,33,55,55],"damage_taken":[{"damage":7.0,"enemies":"Small Slimes","floor":1.0,"turns":4.0},{"damage":0.0,"enemies":"2 Louse","floor":4.0,"turns":2.0},{"damage":1.0,"enemies":"Jaw Worm","floor":7.0,"turns":3.0},{"damage":7.0,"enemies":"Lagavulin","floor":10.0,"turns":6.0},{"damage":0.0,"enemies":"Exordium Wildlife","floor":11.0,"turns":3.0},{"damage":4.0,"enemies":"Blue Slaver","floor":12.0,"turns":2.0},{"damage":28,"enemies":"The Guardian","floor":16,"turns":11},{"damage":28,"enemies":"2 Thieves","floor":18,"turns":4},{"damage":0,"enemies":"Spheric Guardian","floor":20,"turns":2},{"damage":3,"enemies":"Masked Bandits","floor":21,"turns":4},{"damage":17,"enemies":"Slavers","floor":23,"turns":5},{"damage":12,"enemies":"Book of Stabbing","floor":25,"turns":3},{"damage":0,"enemies":"Snecko","floor":29,"turns":3},{"damage":1,"enemies":"3 Cultists","floor":31,"turns":3},{"damage":14,"enemies":"Champ","floor":33,"turns":5},{"damage":0,"enemies":"Orb Walker","floor":35,"turns":2},{"damage":0,"enemies":"3 Darklings","floor":36,"turns":4},{"damage":3,"enemies":"4 Shapes","floor":37,"turns":2},{"damage":12,"enemies":"Reptomancer","floor":40,"turns":4},{"damage":6,"enemies":"Spire Growth","floor":42,"turns":2},{"damage":0,"enemies":"Sphere and 2 Shapes","floor":44,"turns":2},{"damage":0,"enemies":"Nemesis","floor":45,"turns":1},{"damage":0,"enemies":"Maw","floor":46,"turns":4},{"damage":18,"enemies":"Time Eater","floor":50,"turns":9},{"damage":5,"enemies":"Shield and Spear","floor":54,"turns":4},{"damage":56,"enemies":"The Heart","floor":55,"turns":7}],"seed_played":"-475552307009570195","potions_obtained":[{"floor":7.0,"key":"SkillPotion"},{"floor":11.0,"key":"Dexterity Potion"},{"floor":16,"key":"GamblersBrew"},{"floor":25,"key":"Weak Potion"},{"floor":33,"key":"Strength Potion"}],"is_trial":false,"path_per_floor":["M","?","?","M","?","R","M","?","T","E","M","M","R","$","R","B",null,"M","$","M","?","T","E","R","E","T","R","$","M","?","M","R","B",null,"M","M","M","$","$","E","R","M","T","M","E","M","R","?","R","B",null,"R","$","E","B",null],"character_chosen":"HERMIT","items_purchased":["ClockworkSouvenir","Orichalcum","hermit:LuckOfTheDraw","DollysMirror","hermit:Adapt","hermit:Roughhouse"],"campfire_rested":1,"item_purchase_floors":[14,14,19,28,38,53],"current_hp_per_floor":[68,50,50,50,43,43,42,42,42,35,35,31,40,40,46,18,75,47,47,47,44,44,27,58,46,46,55,55,55,55,54,63,49,75,75,75,72,72,72,60,69,63,63,63,63,63,75,75,75,57,75,75,75,70,24],"gold":70,"neow_bonus":"RANDOM_COMMON_RELIC","is_daily":false,"chose_seed":false,"campfire_upgraded":8,"win_rate":0.0,"timestamp":1614163448,"path_taken":["M","?","?","?","?","R","M","?","T","E","?","M","R","$","R","BOSS","M","$","M","?","?","E","R","E","T","R","$","M","?","M","R","BOSS","M","?","M","?","$","E","R","M","T","M","E","M","R","?","R","BOSS","R","$","E","BOSS"],"items_purchased_type":["Relic","Relic","Card","Relic","Card","Card"],"build_version":"2020-12-22","purchased_purges":5,"victory":true,"max_hp_per_floor":[75,75,75,75,75,75,75,75,75,75,75,75,75,75,75,75,75,75,75,75,75,75,75,75,75,75,75,75,75,75,75,75,75,75,75,75,75,75,75,75,75,75,75,75,75,75,75,75,75,75,75,75,75,75,75],"card_choices":[{"not_picked":["hermit:TrackingShot","hermit:Vantage"],"picked":"hermit:Headshot","floor":1.0},{"not_picked":["hermit:Roulette","hermit:Vantage"],"picked":"hermit:GhostlyPresence","floor":4.0},{"not_picked":["hermit:Midnight","hermit:Shortfuse"],"picked":"hermit:LoneWolf","floor":7.0},{"not_picked":["hermit:Headshot","hermit:HoleUp","hermit:Horror"],"picked":"SKIP","floor":10.0},{"not_picked":["hermit:HighCaliber","hermit:EternalForm"],"picked":"hermit:EyeOfTheStorm","floor":11.0},{"not_picked":["hermit:Vantage","hermit:ShadowCloak","hermit:HighCaliber"],"picked":"SKIP","floor":12.0},{"not_picked":["hermit:Purgatory","hermit:BlackWind"],"picked":"hermit:Gambit","floor":16},{"not_picked":["hermit:Ricochet","hermit:Cheat","hermit:Quickdraw"],"picked":"SKIP","floor":18},{"not_picked":["hermit:TakeAim+1","hermit:DeadMansHand","hermit:Maintenance"],"picked":"SKIP","floor":20},{"not_picked":["hermit:HoleUp+1","hermit:Vantage"],"picked":"hermit:EyeOfTheStorm+1","floor":21},{"not_picked":["hermit:Roulette","hermit:Virtue","hermit:HighNoon"],"picked":"SKIP","floor":23},{"not_picked":["hermit:Vantage","hermit:SprayPray"],"picked":"hermit:LuckOfTheDraw+1","floor":24},{"not_picked":["hermit:Desperado+1","hermit:TakeCover+1","hermit:BodyArmor+1"],"picked":"SKIP","floor":25},{"not_picked":["hermit:LowProfile","hermit:Quickdraw+1","hermit:BigShot+1"],"picked":"SKIP","floor":29},{"not_picked":["hermit:Roulette","hermit:Horror+1","hermit:Malice"],"picked":"SKIP","floor":31},{"not_picked":["hermit:Shortfuse","hermit:CalledShot"],"picked":"hermit:Gestalt+1","floor":35},{"not_picked":["hermit:SprayPray+1","hermit:Ricochet+1","hermit:Vantage"],"picked":"SKIP","floor":36},{"not_picked":["hermit:Roulette","hermit:Snipe+1","hermit:TrackingShot"],"picked":"SKIP","floor":37},{"not_picked":["hermit:Roulette","hermit:TrackingShot"],"picked":"hermit:Snipe+1","floor":37},{"not_picked":["hermit:ItchyTrigger+1","hermit:Showdown+1","hermit:Desperado+1"],"picked":"SKIP","floor":40},{"not_picked":["hermit:CursedWeapon","hermit:Shortfuse","hermit:FullyLoaded+1"],"picked":"SKIP","floor":42},{"not_picked":["hermit:GoldenBullet+1","hermit:Headshot+1","hermit:LoneWolf+1"],"picked":"SKIP","floor":44},{"not_picked":["hermit:LowProfile+1","hermit:PistolWhip"],"picked":"hermit:Roughhouse","floor":45},{"not_picked":["hermit:Maintenance+1","hermit:Shortfuse+1"],"picked":"hermit:Quickdraw+1","floor":46},{"not_picked":["hermit:ShadowCloak","hermit:TrackingShot","hermit:Desperado+1"],"picked":"SKIP","floor":54}],"player_experience":921397,"relics_obtained":[{"floor":9.0,"key":"Eternal Feather"},{"floor":10.0,"key":"Boot"},{"floor":21,"key":"Red Mask"},{"floor":23,"key":"Dream Catcher"},{"floor":25,"key":"InkBottle"},{"floor":26,"key":"Bronze Scales"},{"floor":40,"key":"Toy Ornithopter"},{"floor":43,"key":"PreservedInsect"},{"floor":45,"key":"Toxic Egg 2"},{"floor":54,"key":"Mummified Hand"}],"event_choices":[{"damage_healed":0.0,"max_hp_gain":0.0,"max_hp_loss":0.0,"gold_gain":0.0,"event_name":"Golden Idol","player_choice":"Take Damage","floor":2.0,"gold_loss":0.0,"damage_taken":18.0,"relics_obtained":["Golden Idol"]},{"damage_healed":0.0,"max_hp_gain":0.0,"max_hp_loss":0.0,"gold_gain":175.0,"event_name":"Liars Game","player_choice":"AGREE","floor":3.0,"gold_loss":0.0,"damage_taken":0.0,"cards_obtained":["Doubt"]},{"cards_removed":["Doubt"],"damage_healed":0.0,"max_hp_gain":0.0,"max_hp_loss":0.0,"gold_gain":0.0,"event_name":"Golden Wing","player_choice":"Card Removal","floor":5.0,"gold_loss":0.0,"damage_taken":7.0},{"damage_healed":0.0,"max_hp_gain":0.0,"max_hp_loss":0.0,"gold_gain":0.0,"event_name":"Accursed Blacksmith","player_choice":"Rummage","floor":8.0,"gold_loss":0.0,"damage_taken":0.0,"relics_obtained":["WarpedTongs"],"cards_obtained":["Pain"]},{"damage_healed":0,"gold_gain":0,"player_choice":"Fought Bandits","damage_taken":0,"max_hp_gain":0,"max_hp_loss":0,"event_name":"Masked Bandits","floor":21,"gold_loss":0},{"damage_healed":0,"gold_gain":0,"player_choice":"Gave Potion","damage_taken":0,"relics_obtained":["Ancient Tea Set"],"max_hp_gain":0,"max_hp_loss":0,"event_name":"WeMeetAgain","floor":30,"gold_loss":0},{"cards_removed":["hermit:Adapt"],"damage_healed":0,"gold_gain":0,"player_choice":"Removed Power","damage_taken":0,"max_hp_gain":0,"max_hp_loss":0,"event_name":"Falling","floor":48,"gold_loss":0}],"is_beta":false,"boss_relics":[{"not_picked":["hermit:DentedPlate","Philosopher\u0027s Stone"],"picked":"Astrolabe"},{"not_picked":["Calling Bell","SlaversCollar"],"picked":"Sozu"}],"items_purged_floors":[14,19,28,38,39],"is_endless":false,"potions_floor_spawned":[7,11,16,25,29,33,40,44,45,46],"ascension_level":0}}