{"host":"lgow17wc5wawziz1","time":1614177664,"event":{"mods":["AchievementEnabler","Act Like it!","Aspiration","BaseMod","Better Third Choice","Colored Map","Friendly Minions","Gensokyo","Hubris","Kiyohime£¨?ýï£©","Minty Spire (QoL Compilation)","MostiFishMod","Permanent Neow","Quick Restart","Replay The Spire","StSLib","SuperFastMode","¡¼?Úª?ø«¡½REMEMod"],"gold_per_floor":[109,109,39,50,50,82,82,95,150,150,150],"floor_reached":10,"language":"KOR","playtime":418,"items_purged":[],"score":102,"play_id":"b6c5f7d9-2775-4af9-b5d9-414596ea518f","local_time":"20210224234104","is_ascension_mode":true,"campfire_choices":[{"data":"ReplayTheSpireMod:Fabricate Wheel","floor":7,"key":"SMITH"}],"circlet_count":0,"master_deck":["AscendersBane","Strike_B+1","Strike_B","Strike_B+1","Strike_B","Defend_B","Defend_B","Defend_B","Defend_B","Zap","Dualcast","ReplayTheSpireMod:Fabricate Wheel","hubris:SpecializedCircuitry","REME_DataAnalysis","Streamline","Meteor Strike","Fission","Go for the Eyes"],"relics":["Cracked Core","REME_ComplimentaryCards","DaveBox","DaCapo","SynthV:TestCard","hubris:Towel","Akabeko","Prayer Wheel","aspiration:HiddenCompartment"],"acts_visited":["Gensokyo:Gensokyo"],"potions_floor_usage":[6],"damage_taken":[{"damage":9.0,"enemies":"Gensokyo:Gryphon","floor":1.0,"turns":4.0},{"damage":2.0,"enemies":"Gensokyo:Python","floor":4.0,"turns":3.0},{"damage":12,"enemies":"Gensokyo:Mamizou","floor":6,"turns":11},{"damage":12,"enemies":"Gensokyo:3_Fairies","floor":8,"turns":5},{"damage":26,"enemies":"Gensokyo:Cirno","floor":10,"turns":7}],"seed_played":"-6040117365777004964","potions_obtained":[{"floor":1.0,"key":"Reflective Coating"}],"is_trial":false,"path_per_floor":["M","?","?","M","?","E","R","M","T","E"],"character_chosen":"DEFECT","items_purchased":[],"campfire_rested":0,"item_purchase_floors":[],"current_hp_per_floor":[59,59,59,57,65,53,53,41,41,15,15],"gold":150,"neow_bonus":"ONE_RANDOM_RARE_CARD","is_daily":false,"chose_seed":false,"campfire_upgraded":1,"win_rate":0.0,"timestamp":1614177664,"path_taken":["M","?","?","M","?","E","R","M","T","E"],"items_purchased_type":[],"build_version":"2020-12-22","purchased_purges":0,"victory":false,"max_hp_per_floor":[75,75,75,75,75,75,75,75,75,75,75],"card_choices":[{"not_picked":["Redo","Heatsinks"],"picked":"REME_DataAnalysis","floor":1.0},{"not_picked":["Leap","Ball Lightning","Conserve Battery","REME_Compress"],"picked":"ReplayTheSpireMod:Fabricate Wheel","floor":4.0},{"not_picked":["Compile Driver","Beam Cell","Coolheaded","Sweeping Beam"],"picked":"Streamline","floor":6},{"not_picked":["Conserve Battery","Cold Snap","REME_Compress","Go for the Eyes"],"picked":"Fission","floor":8},{"not_picked":["Doom and Gloom","Leap","FIFO Queue","hubris:Ukulele"],"picked":"Go for the Eyes","floor":8}],"player_experience":366977,"relics_obtained":[{"floor":1.0,"key":"SynthV:TestCard"},{"floor":6,"key":"Akabeko"},{"floor":9,"key":"aspiration:HiddenCompartment"}],"event_choices":[],"is_beta":false,"boss_relics":[],"items_purged_floors":[],"is_endless":false,"potions_floor_spawned":[1],"killed_by":"Gensokyo:Cirno","ascension_level":13}}