{"host":"glqsg3p5q4u9u1ra","time":1614163990,"event":{"mods":["Act Like it!","Arknights","BaseMod","Better Third Choice","BetterRewards","Colored Map","Downfall","Friendly Minions","Gensokyo","GifTheSpireLib","Hallownest","Highlight Path","Infinite Spire","Mimic Mod","Minty Spire (QoL Compilation)","Pale of the Ancients","Reliquary","Replay The Spire","Ruina","Spicy Shops","Spire Birthday Party","StSLib","The Blue Laboratory","The Bug Knight","The Exalted","The Servant 0.9.4","Wandering Minibosses"],"gold_per_floor":[69,114,114,134,168,68,91,126,145,45,65,188,220,42,57,160,160,160,172,200,200,200],"floor_reached":21,"language":"ENG","playtime":959,"items_purged":["Bromod:Strike_Bro"],"score":240,"play_id":"fc6fc4c0-0b37-408b-b317-21b5e84f43a3","local_time":"20210224025310","is_ascension_mode":true,"campfire_choices":[{"floor":6,"key":"RECALL"},{"data":"Bromod:QuickThinking","floor":10,"key":"SMITH"},{"data":"Bromod:Strike_Bro","floor":18,"key":"PURGE"}],"circlet_count":0,"master_deck":["Bromod:Strike_Bro","Bromod:Defend_Bro","Bromod:Defend_Bro","Bromod:Defend_Bro","Bromod:Defend_Bro+1","Bromod:SlashDash","Bromod:SlashDash","Bromod:SlashDash+1","expansioncontent:QuickStudy+1","Bromod:SteelFiber","Bromod:Stormbringer","Bromod:Vitality","Bromod:ConditionOverload","Bromod:NoReturn","Bromod:QuickThinking+1","Bromod:HeatedCharge","Bromod:Rejuvenation","Bromod:SteelFiber","Bromod:NorthWind","Bromod:Stormbringer","expansioncontent:AwakenDeath","Bromod:NorthWind","Bromod:FashionFrame","Bromod:NorthWind","Bromod:SteelFiber"],"relics":["Bromod:Ordis","Bromod:AscarisDevice","Regal Pillow","OrangePellets","Guardian:PocketSentry","War Paint","downfall:HeartBlessingBlue","MealTicket","Oddly Smooth Stone","downfall:HeartBlessingRed","InkBottle","Ring of Chaos","Replay:Kaleidoscope"],"acts_visited":["Exordium","Gensokyo:Gensokyo"],"potions_floor_usage":[0,2,2,2,8,9,12,19],"damage_taken":[{"damage":0,"enemies":"Gensokyo:3_Fairies","floor":2,"turns":4},{"damage":2,"enemies":"Gensokyo:Gryphon","floor":4,"turns":4},{"damage":0,"enemies":"Gensokyo:2_Kodama","floor":5,"turns":4},{"damage":6,"enemies":"Gensokyo:Aya","floor":8,"turns":3},{"damage":10,"enemies":"Gensokyo:2_Kodama","floor":9,"turns":5},{"damage":0,"enemies":"Gensokyo:Kitsune","floor":11,"turns":3},{"damage":0,"enemies":"Gensokyo:CorruptedTreant","floor":12,"turns":7},{"damage":31,"enemies":"Gensokyo:Cirno","floor":13,"turns":7},{"damage":5,"enemies":"downfall:FleeingMerchant","floor":14,"turns":4},{"damage":4,"enemies":"Gensokyo:LivingMonolith","floor":15,"turns":6},{"damage":12,"enemies":"WA_ARCHETYPE_RETAIN","floor":16,"turns":18},{"damage":13,"enemies":"ruina:2_Scarecrows","floor":19,"turns":8}],"seed_played":"-999960519592364824","potions_obtained":[{"floor":2,"key":"SteroidPotion"},{"floor":8,"key":"blueLaboratory:ArtificerPotion"},{"floor":9,"key":"blueLaboratory:PolymorphPotion"},{"floor":15,"key":"Fire Potion"}],"is_trial":false,"path_per_floor":["R_BF","M","?","M","MIM","R","T","E","M","R","M","M","E","$","M","B",null,"R_BF","M","?","?"],"character_chosen":"THE_EXALTED","items_purchased":["Regal Pillow","OrangePellets","Guardian:PocketSentry","expansioncontent:QuickStudy","War Paint","EntropicBrew","Bromod:Stormbringer","expansioncontent:AwakenDeath"],"campfire_rested":0,"item_purchase_floors":[0,0,0,0,0,0,14,14],"current_hp_per_floor":[75,75,75,73,73,83,83,77,67,67,67,67,36,46,42,30,71,71,58,24,0,0],"gold":200,"neow_bonus":"","is_daily":false,"chose_seed":false,"campfire_upgraded":1,"win_rate":0.0,"timestamp":1614163990,"path_taken":["R_BF","M","?","M","?","R","T","E","M","R","M","M","E","$","M","BOSS","R_BF","M","?","?"],"items_purchased_type":["Relic","Relic","Relic","Card","Relic","Potion","Card","Card"],"build_version":"2020-12-22","purchased_purges":1,"victory":false,"max_hp_per_floor":[75,75,75,75,75,85,85,85,85,85,85,85,85,85,85,85,85,85,85,85,85,85],"card_choices":[{"not_picked":["Bromod:Stormbringer","Bromod:QuickDraw"],"picked":"Bromod:SteelFiber","floor":2},{"not_picked":["Bromod:Serration","Bromod:BodyCount"],"picked":"Bromod:Stormbringer","floor":3},{"not_picked":["Bromod:Provoked","Bromod:SpeedTrigger"],"picked":"Bromod:Vitality","floor":3},{"not_picked":["Bromod:BloodRush","Bromod:PointBlank"],"picked":"Bromod:ConditionOverload","floor":4},{"not_picked":["Bromod:Redirection","Bromod:PointStrike"],"picked":"Bromod:NoReturn","floor":5},{"not_picked":["Bromod:FastHands","Bromod:SlipMagazine"],"picked":"Bromod:QuickThinking","floor":8},{"not_picked":["Bromod:OrganShatter","Bromod:ArchwingLauncher"],"picked":"Bromod:HeatedCharge","floor":9},{"not_picked":["Bromod:Fury","Bromod:ArchwingLauncher"],"picked":"Bromod:Rejuvenation","floor":11},{"not_picked":["Bromod:TacticalPump","Bromod:FinishingTouch","Bromod:SlashDash"],"picked":"SKIP","floor":12},{"not_picked":["Bromod:PressurePoint","Bromod:Berserker"],"picked":"Bromod:SteelFiber","floor":13},{"not_picked":["Bromod:NoReturn","Bromod:BulletJump"],"picked":"Bromod:NorthWind","floor":14},{"not_picked":["Bromod:QuickDraw","Bromod:SteelFiber"],"picked":"Bromod:NorthWind","floor":15},{"not_picked":["Bromod:ToxicBarrage","Bromod:CollisionForce"],"picked":"Bromod:FashionFrame","floor":16},{"not_picked":["Bromod:SlipMagazine+1","Bromod:BulletJump"],"picked":"Bromod:NorthWind","floor":19},{"not_picked":["Bromod:SlashDash","Bromod:KillingBlow"],"picked":"Bromod:SteelFiber","floor":20}],"player_experience":1177552,"relics_obtained":[{"floor":7,"key":"MealTicket"},{"floor":8,"key":"Oddly Smooth Stone"},{"floor":13,"key":"InkBottle"},{"floor":20,"key":"Replay:Kaleidoscope"}],"event_choices":[],"is_beta":false,"boss_relics":[{"not_picked":["Tiny House","Abe\u0027s Treasure"],"picked":"Ring of Chaos"}],"items_purged_floors":[0],"is_endless":false,"potions_floor_spawned":[2,8,9,15],"ascension_level":6}}