{"host":"iodn1af76021fjto","time":1614150947,"event":{"mods":["AchievementEnabler","BaseMod","BetterRewards","Colored Map","Downfall","Hermit","Infinite Spire","Jorbs\u0027s Wanderer Trilogy","Minty Spire (QoL Compilation)","Quick Restart","StSLib","SuperFastMode","The Cursed","The Hierophant","The Jungle","The Runesmith","The Servant 0.9.4"],"gold_per_floor":[117,137,29,0,0,27,27,61,61,61,61,89,89,101,101,196,196,216,116,132,143,143,176,176,194,194,221,241,241,255,289,289,289,289],"floor_reached":33,"language":"ENG","playtime":1435,"items_purged":["Strike_G","Strike_G"],"score":443,"play_id":"89da01f3-4a11-4ed8-ae81-d6b5057b6dd9","local_time":"20210224021547","is_ascension_mode":true,"campfire_choices":[{"data":"Phantasmal Killer","floor":7,"key":"SMITH"},{"data":"Well Laid Plans","floor":11,"key":"SMITH"},{"data":"Flechettes","floor":15,"key":"SMITH"},{"data":"Burst","floor":24,"key":"SMITH"},{"data":"Terror","floor":29,"key":"SMITH"},{"data":"Finisher","floor":32,"key":"SMITH"}],"circlet_count":0,"master_deck":["Strike_G","Strike_G","Strike_G","Defend_G","Defend_G","Defend_G","Defend_G","Defend_G","Survivor","Neutralize","Phantasmal Killer+1","Cloak And Dagger","Dagger Spray","Well Laid Plans+1","CurseOfTheBell","CurseOfTheBell","Cloak And Dagger","PiercingWail","Flechettes+1","Burst+1","Outmaneuver","Sucker Punch","infinitespire:Starlight","Terror+1","Outmaneuver+1","Backstab","Accuracy+1","Finisher+1"],"relics":["Ring of the Snake","downfall:ExtraCursedBell","Pen Nib","Gremlin Horn","StoneCalendar","infinitespire:Joker Card","Vajra","Runesmith:Nanobots","Meat on the Bone","WristBlade","Frozen Egg 2","Pear","White Beast Statue","Akabeko"],"acts_visited":["Exordium","TheCity"],"potions_floor_usage":[27,27,31,33,33,33],"damage_taken":[{"damage":0,"enemies":"Small Slimes","floor":1,"turns":3},{"damage":2,"enemies":"2 Louse","floor":2,"turns":2},{"damage":15,"enemies":"Lagavulin","floor":6,"turns":8},{"damage":11,"enemies":"3 Sentries","floor":8,"turns":7},{"damage":1,"enemies":"Lagavulin","floor":12,"turns":7},{"damage":0,"enemies":"Cultist","floor":14,"turns":1},{"damage":7,"enemies":"The Guardian","floor":16,"turns":10},{"damage":0,"enemies":"3 Byrds","floor":18,"turns":3},{"damage":2,"enemies":"Shell Parasite","floor":20,"turns":4},{"damage":0,"enemies":"Sentry and Sphere","floor":21,"turns":3},{"damage":49,"enemies":"Gremlin Leader","floor":23,"turns":6},{"damage":6,"enemies":"Centurion and Healer","floor":25,"turns":7},{"damage":25,"enemies":"Book of Stabbing","floor":27,"turns":6},{"damage":32,"enemies":"Shelled Parasite and Fungi","floor":28,"turns":6},{"damage":0,"enemies":"Sentry and Sphere","floor":30,"turns":3},{"damage":0,"enemies":"Slavers","floor":31,"turns":2},{"damage":62,"enemies":"Champ","floor":33,"turns":7}],"seed_played":"-124700012407581909","potions_obtained":[{"floor":6,"key":"Strength Potion"},{"floor":16,"key":"PowerPotion"},{"floor":21,"key":"ColorlessPotion"},{"floor":25,"key":"Weak Potion"},{"floor":27,"key":"SteroidPotion"},{"floor":28,"key":"Dexterity Potion"},{"floor":30,"key":"Weak Potion"},{"floor":31,"key":"CultistPotion"}],"is_trial":false,"path_per_floor":["M","M","$","?","?","E","R","E","T","?","R","E","?","M","R","B",null,"M","$","M","M","?","E","R","M","T","E","M","R","M","E","R","B"],"character_chosen":"THE_SILENT","items_purchased":["Well Laid Plans"],"campfire_rested":0,"item_purchase_floors":[3],"current_hp_per_floor":[49,47,47,47,47,32,32,21,21,21,21,20,25,37,37,42,75,75,75,73,73,55,18,18,44,54,49,39,39,51,51,51,0,0],"gold":289,"neow_bonus":"THREE_RARE_CARDS","is_daily":false,"chose_seed":false,"campfire_upgraded":6,"win_rate":0.0,"timestamp":1614150947,"path_taken":["M","M","$","?","?","E","R","E","T","?","R","E","?","M","R","BOSS","M","$","M","M","?","E","R","M","T","E","M","R","M","E","R","BOSS"],"items_purchased_type":["Card"],"build_version":"2020-12-22","purchased_purges":2,"victory":false,"max_hp_per_floor":[70,70,70,70,70,70,70,70,70,70,70,70,75,75,75,75,75,75,75,75,75,75,75,75,75,85,85,85,85,85,85,85,85,85],"card_choices":[{"not_picked":["Envenom","Storm of Steel"],"picked":"Phantasmal Killer","floor":0},{"not_picked":["Outmaneuver","Dagger Spray"],"picked":"Cloak And Dagger","floor":1},{"not_picked":["Slice","Eviscerate"],"picked":"Dagger Spray","floor":2},{"not_picked":["Setup","Dodge and Roll"],"picked":"Cloak And Dagger","floor":6},{"not_picked":["Bullet Time","Dagger Throw"],"picked":"PiercingWail","floor":8},{"not_picked":["Bane","Cloak And Dagger","Calculated Gamble"],"picked":"SKIP","floor":12},{"not_picked":["Deadly Poison","Dash"],"picked":"Flechettes","floor":14},{"not_picked":["Night Terror","Bullet Time"],"picked":"Burst","floor":16},{"not_picked":["Catalyst+1","Bane"],"picked":"Outmaneuver","floor":18},{"not_picked":["Skewer","Poisoned Stab"],"picked":"Sucker Punch","floor":20},{"not_picked":["Caltrops+1","Deadly Poison","Sucker Punch+1"],"picked":"SKIP","floor":21},{"not_picked":["infinitespire:Punishment","infinitespire:NeuralNetwork"],"picked":"infinitespire:Starlight","floor":22},{"not_picked":["Sucker Punch+1","Underhanded Strike"],"picked":"Terror","floor":23},{"not_picked":["Sucker Punch","Dodge and Roll"],"picked":"Outmaneuver+1","floor":25},{"not_picked":["Slice","Backflip"],"picked":"Backstab","floor":27},{"not_picked":["Envenom+1","Dash"],"picked":"Accuracy+1","floor":28},{"not_picked":["Acrobatics","Quick Slash"],"picked":"Finisher","floor":30},{"not_picked":["Distraction","Setup","Deflect"],"picked":"SKIP","floor":31}],"player_experience":291043,"relics_obtained":[{"floor":5,"key":"Pen Nib"},{"floor":5,"key":"Gremlin Horn"},{"floor":5,"key":"StoneCalendar"},{"floor":6,"key":"infinitespire:Joker Card"},{"floor":8,"key":"Vajra"},{"floor":9,"key":"Runesmith:Nanobots"},{"floor":12,"key":"Meat on the Bone"},{"floor":23,"key":"Frozen Egg 2"},{"floor":26,"key":"Pear"},{"floor":27,"key":"White Beast Statue"},{"floor":31,"key":"Akabeko"}],"event_choices":[{"damage_healed":0,"gold_gain":0,"player_choice":"Left Gold","damage_taken":0,"max_hp_gain":0,"max_hp_loss":0,"event_name":"World of Goop","floor":4,"gold_loss":29},{"damage_healed":0,"gold_gain":0,"player_choice":"Ignored","damage_taken":0,"max_hp_gain":0,"max_hp_loss":0,"event_name":"Shining Light","floor":10,"gold_loss":0},{"damage_healed":0,"gold_gain":0,"player_choice":"Donut","damage_taken":0,"max_hp_gain":5,"max_hp_loss":0,"event_name":"Big Fish","floor":13,"gold_loss":0}],"is_beta":false,"boss_relics":[{"not_picked":["Sozu","Ectoplasm"],"picked":"WristBlade"}],"items_purged_floors":[3,19],"is_endless":false,"potions_floor_spawned":[6,16,21,25,27,28,30,31],"killed_by":"Champ","ascension_level":4}}