{"host":"ufhw4cf0hh51lveu","time":1614145817,"event":{"mods":["BaseMod","DeckTracker","Lobotomy","Minty Spire (QoL Compilation)","SuperFastMode"],"gold_per_floor":[111,125,142,154,154,154,164,164,164,180,191,10,22,41,41,142,142,156,174,189,200,200,200,214,63,63,63,63,63,63,63],"floor_reached":30,"language":"KOR","playtime":1242,"items_purged":["Strike_R"],"score":228,"play_id":"9404106c-1f06-4c81-8585-e1dba7554499","local_time":"20210224145017","is_ascension_mode":false,"campfire_choices":[{"data":"Entrench","floor":6.0,"key":"SMITH"},{"data":"Hemokinesis","floor":8.0,"key":"SMITH"},{"data":"Body Slam","floor":15,"key":"SMITH"},{"data":"Double Tap","floor":23,"key":"SMITH"},{"data":"Intimidate","floor":27,"key":"SMITH"},{"data":"Seeing Red","floor":29,"key":"SMITH"}],"circlet_count":0,"master_deck":["Strike_R+1","Strike_R","Defend_R","Defend_R","Defend_R","Defend_R","Bash","ShyLook","Shrug It Off","Double Tap+1","UniverseFragment","Entrench+1","MeatLantern","Sword Boomerang","Hemokinesis+1","OldLady","Body Slam+1","Wellcheers","Heavy Blade","Cleave+1","Intimidate+1","Second Wind","Impervious","Armaments+1","Shrug It Off","Seeing Red+1","Feel No Pain"],"relics":["Burning Blood","CogitoBucket","Prayer Wheel","Oddly Smooth Stone","Mark of Pain","BackwardClock","Whetstone"],"acts_visited":["Exordium","TheCity"],"potions_floor_usage":[10,16,21,24,30],"damage_taken":[{"damage":6.0,"enemies":"Jaw Worm","floor":1.0,"turns":5.0},{"damage":2.0,"enemies":"Small Slimes","floor":2.0,"turns":3.0},{"damage":6.0,"enemies":"Cultist","floor":3.0,"turns":4.0},{"damage":5.0,"enemies":"Large Slime","floor":4.0,"turns":9.0},{"damage":3.0,"enemies":"Lots of Slimes","floor":7.0,"turns":2.0},{"damage":6,"enemies":"2 Fungi Beasts","floor":10,"turns":5},{"damage":9,"enemies":"Blue Slaver","floor":11,"turns":3},{"damage":2,"enemies":"Large Slime","floor":13,"turns":4},{"damage":2,"enemies":"2 Fungi Beasts","floor":14,"turns":2},{"damage":76,"enemies":"Hexaghost","floor":16,"turns":13},{"damage":7,"enemies":"Shell Parasite","floor":18,"turns":10},{"damage":9,"enemies":"Chosen","floor":19,"turns":3},{"damage":4,"enemies":"Shelled Parasite and Fungi","floor":20,"turns":7},{"damage":7,"enemies":"Cultist and Chosen","floor":21,"turns":8},{"damage":0,"enemies":"Centurion and Healer","floor":24,"turns":8},{"damage":96,"enemies":"3 Cultists","floor":30,"turns":5}],"seed_played":"5421831148332748156","potions_obtained":[{"floor":3.0,"key":"Explosive Potion"},{"floor":4.0,"key":"Swift Potion"},{"floor":7.0,"key":"Dexterity Potion"},{"floor":10,"key":"Energy Potion"},{"floor":20,"key":"SkillPotion"},{"floor":21,"key":"LiquidMemories"},{"floor":24,"key":"BlessingOfTheForge"}],"is_trial":false,"path_per_floor":["M","M","M","M","?","R","M","R","T","M","M","$","M","M","R","B",null,"M","M","M","M","?","R","M","$","T","R","?","R","M"],"character_chosen":"IRONCLAD","items_purchased":["Oddly Smooth Stone","Cleave","Feel No Pain"],"campfire_rested":0,"item_purchase_floors":[12,12,25],"current_hp_per_floor":[80,80,80,80,73,73,76,76,76,76,73,73,77,80,80,13,80,80,77,80,79,79,79,80,80,80,80,80,80,0,0],"gold":63,"neow_bonus":"","is_daily":false,"chose_seed":false,"campfire_upgraded":6,"win_rate":0.0,"timestamp":1614145817,"path_taken":["M","M","M","M","?","R","M","R","T","M","M","$","M","?","R","BOSS","M","?","M","M","?","R","M","$","T","R","?","R","M"],"items_purchased_type":["Relic","Card","Card"],"build_version":"2020-12-22","purchased_purges":1,"victory":false,"max_hp_per_floor":[80,80,80,80,80,80,80,80,80,80,80,80,80,80,80,80,80,80,80,80,80,80,80,80,80,80,80,80,80,80,80],"card_choices":[{"not_picked":["MHz","BeautyBeast"],"picked":"ShyLook","floor":1.0},{"not_picked":["Cleave","Dark Embrace"],"picked":"Shrug It Off","floor":1.0},{"not_picked":["Armaments","Clash"],"picked":"Double Tap","floor":2.0},{"not_picked":["VoidDream","Bloodbath"],"picked":"UniverseFragment","floor":3.0},{"not_picked":["Shockwave","Whirlwind"],"picked":"Entrench","floor":3.0},{"not_picked":["CherryBlossoms","CrumblingArmor"],"picked":"MeatLantern","floor":4.0},{"not_picked":["Iron Wave","Berserk"],"picked":"Sword Boomerang","floor":4.0},{"not_picked":["Variant","LittlePrince","SpiderBud"],"picked":"Singing Bowl","floor":7.0},{"not_picked":["Flex","Metallicize"],"picked":"Hemokinesis","floor":7.0},{"not_picked":["LittleHelper","Wellcheers"],"picked":"OldLady","floor":10},{"not_picked":["Blood for Blood","Headbutt"],"picked":"Body Slam","floor":10},{"not_picked":["Perfected Strike","Fiend Fire","Clash"],"picked":"SKIP","floor":10},{"not_picked":["WallGazer","BigBadWolf"],"picked":"Wellcheers","floor":11},{"not_picked":["Iron Wave","Warcry"],"picked":"Heavy Blade","floor":11},{"not_picked":["Heavy Blade","Havoc","Exhume"],"picked":"SKIP","floor":11},{"not_picked":["BeautyBeast","Woodsman","VoidDream"],"picked":"Singing Bowl","floor":13},{"not_picked":["Perfected Strike","Hemokinesis"],"picked":"Intimidate","floor":13},{"not_picked":["Havoc","Armaments","Heavy Blade"],"picked":"SKIP","floor":13},{"not_picked":["CrumblingArmor","MHz","LittleHelper"],"picked":"Singing Bowl","floor":14},{"not_picked":["Feel No Pain","Reaper"],"picked":"Second Wind","floor":14},{"not_picked":["Warcry","Perfected Strike","Clash"],"picked":"SKIP","floor":14},{"not_picked":["Scorched","HeroicMonk","MHz"],"picked":"Singing Bowl","floor":16},{"not_picked":["Immolate","Demon Form"],"picked":"Impervious","floor":16},{"not_picked":["Pommel Strike","Clothesline","Berserk"],"picked":"SKIP","floor":18},{"not_picked":["Burning Pact","True Grit","Headbutt"],"picked":"SKIP","floor":18},{"not_picked":["BigBird","NakedNest","WallGazer"],"picked":"Singing Bowl","floor":19},{"not_picked":["Pommel Strike+1","Anger"],"picked":"Armaments+1","floor":19},{"not_picked":["Clothesline","Twin Strike"],"picked":"Shrug It Off","floor":19},{"not_picked":["PunishingBird","FairyFestival","HeroicMonk"],"picked":"Singing Bowl","floor":20},{"not_picked":["Shrug It Off","Cleave+1","Clash"],"picked":"SKIP","floor":20},{"not_picked":["Twin Strike","Berserk","True Grit+1"],"picked":"SKIP","floor":20},{"not_picked":["NothingThere","SingingMachine","Murderer"],"picked":"Singing Bowl","floor":21},{"not_picked":["Twin Strike","Wild Strike","Cleave"],"picked":"SKIP","floor":21},{"not_picked":["Cleave","Heavy Blade","Sword Boomerang"],"picked":"SKIP","floor":21},{"not_picked":["WallGazer","GreedKing","MHz"],"picked":"Singing Bowl","floor":24},{"not_picked":["Dark Embrace","Seeing Red","Searing Blow"],"picked":"SKIP","floor":24},{"not_picked":["Seeing Red","Clothesline","Combust"],"picked":"SKIP","floor":24}],"player_experience":74384,"relics_obtained":[{"floor":9.0,"key":"Prayer Wheel"},{"floor":26,"key":"Whetstone"}],"event_choices":[{"cards_removed":["Strike_R"],"damage_healed":0.0,"max_hp_gain":0.0,"max_hp_loss":0.0,"gold_gain":0.0,"event_name":"Golden Wing","player_choice":"Card Removal","floor":5.0,"gold_loss":0.0,"damage_taken":7.0},{"damage_healed":0,"gold_gain":0,"player_choice":"Read","damage_taken":0,"max_hp_gain":0,"max_hp_loss":0,"event_name":"The Library","floor":22,"gold_loss":0,"cards_obtained":["Seeing Red"]},{"cards_removed":["Strike_R"],"damage_healed":0,"gold_gain":0,"player_choice":"Elegance","damage_taken":0,"max_hp_gain":0,"max_hp_loss":0,"event_name":"Back to Basics","floor":28,"gold_loss":0}],"is_beta":false,"boss_relics":[{"not_picked":["Runic Cube","Coffee Dripper"],"picked":"Mark of Pain"}],"items_purged_floors":[25],"is_endless":false,"potions_floor_spawned":[3,4,7,10,20,21,24],"killed_by":"3 Cultists","ascension_level":0}}