{"host":"w05x4i13f2m9joq1","time":1614204957,"event":{"mods":["100% Spire Juice","Act Like it!","BaseMod","Better Altar","Better Match","Better Note","Better Sensory Stone","Better Skull","Better Third Choice","BetterRewards","CapriCore","Colored Map","Colored Powertips","Defective Defect","Duelist Mod","Gensokyo","GifTheSpireLib","Googly Eyes","Infinite Spire","Ironclad Rager","Library of Ruina","Library of Ruina Extra","Lobotomy","LobotomyExtend","Marisa????????","Melee Mod","Minty Spire (QoL Compilation)","Morshu Shopkeeper - ENHANCED","MostiFishMod","Quick Restart","Rare Cards Sparkle","Reliquary","Replay The Spire","Ruina","Shop Mod","Spicy Shops","Spire Birthday Party","StSLib","The Animator","The IronCluck","Uncapped","everything is the same but u backflip on backflip","slay the spire mod where everything is the same but ironclad has a cowboy hat"],"gold_per_floor":[114,128,139,102,112,112,131,164,164,199,210,221,253,270,270,368,368,368,379,48,48,62,96,108,138,162,162,162,179,195,225,225,326,326,342,360,360,377,377,377],"floor_reached":39,"language":"ENG","playtime":2244,"items_purged":["Regret"],"score":667,"play_id":"afc6c4e1-5f1e-4134-9e75-0af289e9a1a2","local_time":"20210224171557","is_ascension_mode":false,"campfire_choices":[{"floor":6.0,"key":"REST"},{"data":"Unlock1","floor":15.0,"key":"SMITH"},{"data":"PreemptiveStrike","floor":28.0,"key":"SMITH"},{"data":"TrashDisposal","floor":32.0,"key":"SMITH"}],"circlet_count":0,"master_deck":["Dodge+1","LightDefense+1","LightAttack","LightAttack","LightDefense+1","LightDefense+1","LightDefense","ChargeAndCover","FocusedStrikes","HighKick","TendonChords","GreatSerpentsImpact","Quickness+1","Unlock1+1","SilentMist+1","QuickAttack","PreemptiveStrike","DesperateStruggle","SearingSword","EnergyCycle","Suppress+1","QuickAttack","TendonChords","BattleCommand","QuickSuppression+1","SnakeSlit","GreatSerpentsImpact","PreemptiveStrike+1","QuickSuppression+1","DesperateStruggle","TrashDisposal+1","UnforgettableMelody","QuickSuppression+1","AGoldenOpportunity","GreatSerpentsImpact+1"],"relics":["PageOfLibrarian","DaveBox","GreenFoldingFan","SynthV:TestCard","LetterFromLob","reliquary:Sod","Mummified Hand","Thread and Needle","Bottled Flame","BloodWine","Strange Spoon","Guide Book","War Paint","PageOfBloodbath","Simple Rune","Busted Crown","Anchor","infinitespire:Eraser","Sozu"],"acts_visited":["Exordium","TheCity","TheBeyond"],"potions_floor_usage":[],"damage_taken":[{"damage":4.0,"enemies":"Cultist","floor":1.0,"turns":2.0},{"damage":4.0,"enemies":"2 Louse","floor":2.0,"turns":2.0},{"damage":6.0,"enemies":"Jaw Worm","floor":3.0,"turns":3.0},{"damage":30.0,"enemies":"Exordium Thugs","floor":5.0,"turns":4.0},{"damage":11.0,"enemies":"Red Slaver","floor":7.0,"turns":2.0},{"damage":19.0,"enemies":"Replay:BlueRogue","floor":8.0,"turns":5.0},{"damage":12.0,"enemies":"Gremlin Nob","floor":10.0,"turns":3.0},{"damage":7.0,"enemies":"Gremlin Gang","floor":11.0,"turns":2.0},{"damage":8.0,"enemies":"Exordium Wildlife","floor":12.0,"turns":3.0},{"damage":11.0,"enemies":"Replay:BlueRogue","floor":13.0,"turns":3.0},{"damage":4.0,"enemies":"Large Slime","floor":14.0,"turns":2.0},{"damage":30.0,"enemies":"The Guardian","floor":16.0,"turns":5.0},{"damage":6.0,"enemies":"Spheric Guardian","floor":19.0,"turns":2.0},{"damage":4.0,"enemies":"Shell Parasite","floor":22.0,"turns":2.0},{"damage":8.0,"enemies":"Book of Stabbing","floor":23.0,"turns":3.0},{"damage":8.0,"enemies":"Centurion and Healer","floor":24.0,"turns":3.0},{"damage":4.0,"enemies":"theDuelist:KaibaA2","floor":25.0,"turns":2.0},{"damage":6.0,"enemies":"Snake Plant","floor":29.0,"turns":3.0},{"damage":4.0,"enemies":"Cultist and Chosen","floor":30.0,"turns":2.0},{"damage":16.0,"enemies":"Nightmare","floor":31.0,"turns":2.0},{"damage":38.0,"enemies":"RedHoodMercenary","floor":33.0,"turns":4.0},{"damage":39.0,"enemies":"3 Shapes","floor":35.0,"turns":3.0},{"damage":4.0,"enemies":"Orb Walker","floor":36.0,"turns":1.0},{"damage":11.0,"enemies":"Maw","floor":38.0,"turns":4.0},{"damage":0,"enemies":"Sphere and 2 Shapes","floor":39,"turns":1}],"seed_played":"2534333290775473363","potions_obtained":[{"floor":3.0,"key":"AttackPotion"},{"floor":5.0,"key":"PowerPotion"},{"floor":7.0,"key":"Swift Potion"},{"floor":25.0,"key":"Death Potion"},{"floor":33.0,"key":"Adrenaline Potion"}],"is_trial":false,"path_per_floor":["M","M","M","$","M","R","M","E","T","E","M","M","E","M","R","B",null,"M","M","$","?","M","E","M","E","T","AVR","R","M","M","NM","R","B",null,"M","M","?","M","M"],"character_chosen":"Librarian","items_purchased":["Quickness+1","Strange Spoon","TendonChords","Guide Book","BattleCommand"],"campfire_rested":1,"item_purchase_floors":[4,20,20,20,20],"current_hp_per_floor":[66,72,71,71,56,86,74,68,68,69,67,67,71,69,69,55,101,101,101,101,101,101,101,101,101,101,101,101,101,101,95,95,76,101,83,89,89,90,90,90],"gold":377,"neow_bonus":"TEN_PERCENT_HP_BONUS","is_daily":false,"chose_seed":false,"campfire_upgraded":3,"win_rate":0.0,"timestamp":1614204957,"path_taken":["M","M","M","$","?","R","M","E","T","E","M","M","E","M","R","BOSS","M","M","$","?","M","E","M","E","T","AVR","R","M","M","NM","R","BOSS","M","M","?","M","M"],"items_purchased_type":["Card","Relic","Card","Relic","Card"],"build_version":"2020-12-22","purchased_purges":1,"victory":false,"max_hp_per_floor":[74,83,71,71,101,101,74,74,74,83,67,73,73,69,101,101,101,101,101,101,101,101,101,101,101,101,101,101,101,101,101,101,101,101,101,101,101,90,90,90],"card_choices":[{"not_picked":["SharpSwipe","Diversion","FleetFootsteps","Marionette","DesperateStruggle","BackAttack","WillBeTasty","FrontalAssault"],"picked":"HighKick","floor":1.0},{"not_picked":["FlowOfTheSword","SerpentSwordTechnique","FierceCharge","PinpointShot","ToOvercomeCrisis","EnergyConversion","RipSpace","Unlock1","MindWhip","Wallop_lor"],"picked":"TendonChords","floor":2.0},{"not_picked":["SerpentSwordTechnique","EnergyStrike","Parry2","NightInTheBackstreets","DefenseOrder","PinpointShot","Laceration","ICanCookAnything","Leap_lor","HandleRequest"],"picked":"GreatSerpentsImpact","floor":3.0},{"not_picked":["FieryWaltz","BiAn","DefenseOrder","IngredientHunt","StrongStrike","VioletBlade","ToWhereThePrescriptPoints","ShrineToMusic","ConcentratedFire","SearingSword"],"picked":"Unlock1","floor":5.0},{"not_picked":["Bvapour","Faith","MultiBlock","ForTheFamily","DefenseOrder","FlamingDragonFist","Wallop_lor","FleetFootsteps","MindWhip","SuppressingShot"],"picked":"SilentMist","floor":7.0},{"not_picked":["HighSpeedStabbing","SummaryJudgment","EnergyConversion","DimensionalRift","IdentifyWeakpoint","EnergyShield","Parry2","FleshFillet","StructuralAnalysis","Multislash"],"picked":"QuickAttack","floor":8.0},{"not_picked":["GuidanceOfTheGears","YoureTooSlow","FlamingDragonFist","WillBeTasty","Parry","HighKick","CutIn","FrontalAssault","Brawl","DefenseOrder"],"picked":"PreemptiveStrike","floor":10.0},{"not_picked":["BiAn","FieryDragonSlash","Faith","GuardingStance","Retaliate","Unlock1","UnavoidableGaze","SkyClearingCut","Mutilate","YouOnlyLiveOnce"],"picked":"DesperateStruggle","floor":11.0},{"not_picked":["GuidanceOfTheGears","HandleRequest","StructuralAnalysis","SinglePointStab","ElectricShock","FaintMemories","Brawl","NightInTheBackstreets","Riposte","BoundaryOfDeath"],"picked":"SearingSword","floor":12.0},{"not_picked":["Leap_lor","Ripple","DefenseOrder","SunsetBlade","HandleRequest","Brawl","SharpSwipe","WillOfThePrescript","FlyingSword","EnergyShield","Eject"],"picked":"SKIP","floor":13.0},{"not_picked":["MultiHit","Standoff","ShrineToMusic","Outburst","ChiWen","QuickSuppression","CumulusWall","HighKick","FierceCharge","EndlessBattle"],"picked":"EnergyCycle","floor":14.0},{"not_picked":["FleshFillet","Deflect_lor","GoinFirst","GroundSmash"],"picked":"Suppress","floor":16.0},{"not_picked":["Crush","StructuralAnalysis","ShockRound+1","Pound","MultiBlock","BurningFlash","Deflect_lor","Concentration","FierceCharge+1","CircusKnives"],"picked":"QuickAttack","floor":19.0},{"not_picked":["HandlingWork","WillBeTasty","KeepItFresh","Leap_lor","GatherIntel+1","Parry2","BladeWhirl","BiAn+1","BlowItUp","MultiHit"],"picked":"QuickSuppression+1","floor":22.0},{"not_picked":["Fence","Suppress","EnergyShield","ToWhereThePrescriptPoints","SteelKnuckles+1","QuickSuppression","YoureTooSlow","Standoff+1","ForcefulGesture","FieryDragonSlash"],"picked":"SnakeSlit","floor":23.0},{"not_picked":["HandlingWork","CircusKnives","PinpointShot","ConcentratedFire","Diversion","MultiBlock","YoureAHindrance+1","ForcefulGesture","RagingStormLove","FleetEdge"],"picked":"GreatSerpentsImpact","floor":24.0},{"not_picked":["Suppress","HighKick","FierceOnslaught","Collision","Thrust+1","Gigigig","FierceCharge+1","SuppressingShot","WillOfThePrescript","CumulusWall"],"picked":"PreemptiveStrike","floor":25.0},{"not_picked":["Cruelty","Wallop_lor","Crush","GuidanceOfTheGears","Leap_lor","Collision+1","Rewind+1","AsThePrescriptOrders+1"],"picked":"QuickSuppression+1","floor":29.0},{"not_picked":["WillProduceFineSilk","DarkCloud","FieryDragonSlash","Rewind+1","FervidEmotions+1","ShockingBlow","DriedUp","YourShield+1"],"picked":"DesperateStruggle","floor":30.0},{"not_picked":["Laceration","Creak","Reload","Outburst","RushDown","SummaryJudgment","FlashingStrike","TasteMyFlamingBat"],"picked":"TrashDisposal","floor":31.0},{"not_picked":["Observe","FlamingDragonFist"],"picked":"UnforgettableMelody","floor":33.0},{"not_picked":["EndlessBattle","SuppressingShot+1","AutonomousRush","HiddenBlade","ButterflySlash+1","Multislash","Leap_lor+1","Parry2"],"picked":"QuickSuppression+1","floor":35.0},{"not_picked":["Wallop_lor","Faith","Parry","Diversion+1","SpearedSweep","TieShanKao","BindingArms+1","GuidanceOfTheGears"],"picked":"AGoldenOpportunity","floor":36.0},{"not_picked":["Tttonst","QuickSuppression+1","EnergyConversion","Tailoring+1","HiddenBlade","SteelKnuckles+1","MindWhip+1","GreatSerpentsImpact+1","Fence+1"],"picked":"SKIP","floor":38.0},{"not_picked":["Tttonst","QuickSuppression+1","EnergyConversion","Tailoring+1","HiddenBlade","SteelKnuckles+1","MindWhip+1","Fence+1"],"picked":"GreatSerpentsImpact+1","floor":38.0}],"player_experience":218751,"relics_obtained":[{"floor":1.0,"key":"SynthV:TestCard"},{"floor":1.0,"key":"LetterFromLob"},{"floor":8.0,"key":"reliquary:Sod"},{"floor":9.0,"key":"Mummified Hand"},{"floor":10.0,"key":"Thread and Needle"},{"floor":13.0,"key":"Bottled Flame"},{"floor":23.0,"key":"War Paint"},{"floor":25.0,"key":"PageOfBloodbath"},{"floor":26.0,"key":"Simple Rune"},{"floor":31.0,"key":"infinitespire:Eraser"}],"event_choices":[{"damage_healed":0.0,"max_hp_gain":0.0,"max_hp_loss":0.0,"gold_gain":0.0,"event_name":"N\u0027loth","player_choice":"Ignored","floor":21.0,"gold_loss":0.0,"damage_taken":0.0},{"cards_removed":["LightAttack"],"damage_healed":0.0,"max_hp_gain":0.0,"max_hp_loss":0.0,"gold_gain":0.0,"event_name":"Purifier","player_choice":"Purged","floor":37.0,"gold_loss":0.0,"damage_taken":0.0}],"is_beta":false,"boss_relics":[{"not_picked":["MoonlightInvasionPlan","Honey Jar"],"picked":"BloodWine"},{"not_picked":["Painkiller Herb","Replay:Grab Bag"],"picked":"Sozu"}],"items_purged_floors":[20],"is_endless":true,"potions_floor_spawned":[3,5,7,11,14,22,24,25,30,33,36],"killed_by":"Sphere and 2 Shapes","ascension_level":0}}