{"host":"s8caws4n06h39s1x","time":1614190418,"event":{"mods":["BaseMod","Colored Powertips","Highlight Path","Minty Spire (QoL Compilation)","Quick Restart"],"gold_per_floor":[114,74,174,189,189,219,234,264,339,339,364,379,409,424,424,524,524,539,539,574,574,46,76,76,91,91,52,87,87,117,132,132,232,232,267,267,297,312,327,357,407,442,517,552,602,644,686,713,725,737],"floor_reached":51,"language":"ENG","playtime":3362,"items_purged":[],"score":957,"play_id":"b74147fb-6545-4dde-b35e-9ed6f96dc02d","local_time":"20210224191338","daily_mods":["Heirloom","Colorless Cards","DeadlyEvents"],"is_ascension_mode":false,"campfire_choices":[{"floor":10,"key":"REST"},{"floor":15,"key":"REST"},{"floor":24,"key":"REST"},{"floor":29,"key":"REST"},{"floor":32,"key":"REST"},{"data":"Anger","floor":49,"key":"SMITH"}],"circlet_count":0,"master_deck":["Defend_R","Defend_R","Defend_R","Defend_R","Bash","Cleave","Dark Embrace","Inflame+1","Anger+1","Heavy Blade","Demon Form","Spot Weakness+1","Seeing Red","Cleave","HandOfGreed","Heavy Blade","Bite","Bite","Bite+1","Bite+1","Bite","Ghostly Armor","Flex+1","Ghostly Armor","Flex","True Grit+1","Corruption","Anger+1","Bandage Up+1","Ghostly Armor+1","Sword Boomerang+1","Seeing Red","Power Through+1","Juggernaut+1"],"relics":["Burning Blood","Magic Flower","Gremlin Horn","Sundial","Bottled Flame","Centennial Puzzle","Toy Ornithopter","Black Star","Lee\u0027s Waffle","Oddly Smooth Stone","Bag of Marbles","Ice Cream","Whetstone","Red Skull","Mummified Hand","Tiny Chest","Coffee Dripper","Potion Belt","Blue Candle","Gambling Chip","Frozen Egg 2","Singing Bowl","Happy Flower","Bottled Lightning","MawBank","Strawberry","War Paint","Boot","Darkstone Periapt","Unceasing Top"],"acts_visited":["Exordium","TheCity","TheBeyond"],"potions_floor_usage":[16,16,16,28,50,50,50,50,50],"damage_taken":[{"damage":1,"enemies":"Cultist","floor":1,"turns":4},{"damage":8,"enemies":"Jaw Worm","floor":4,"turns":3},{"damage":44,"enemies":"Lagavulin","floor":6,"turns":6},{"damage":1,"enemies":"2 Louse","floor":7,"turns":2},{"damage":27,"enemies":"Gremlin Nob","floor":8,"turns":4},{"damage":14,"enemies":"Blue Slaver","floor":12,"turns":3},{"damage":31,"enemies":"Lagavulin","floor":13,"turns":5},{"damage":4,"enemies":"3 Louse","floor":14,"turns":2},{"damage":62,"enemies":"The Guardian","floor":16,"turns":9},{"damage":24,"enemies":"Spheric Guardian","floor":18,"turns":5},{"damage":31,"enemies":"2 Thieves","floor":20,"turns":4},{"damage":52,"enemies":"Book of Stabbing","floor":23,"turns":5},{"damage":15,"enemies":"Snecko","floor":25,"turns":4},{"damage":28,"enemies":"Centurion and Healer","floor":28,"turns":4},{"damage":51,"enemies":"Slavers","floor":30,"turns":5},{"damage":9,"enemies":"Snake Plant","floor":31,"turns":4},{"damage":68,"enemies":"Automaton","floor":33,"turns":8},{"damage":6,"enemies":"3 Shapes","floor":35,"turns":1},{"damage":40,"enemies":"Giant Head","floor":37,"turns":7},{"damage":10,"enemies":"3 Darklings","floor":38,"turns":3},{"damage":12,"enemies":"Maw","floor":39,"turns":6},{"damage":3,"enemies":"Reptomancer","floor":40,"turns":3},{"damage":13,"enemies":"Jaw Worm Horde","floor":42,"turns":4},{"damage":13,"enemies":"4 Shapes","floor":44,"turns":4},{"damage":39,"enemies":"Giant Head","floor":45,"turns":7},{"damage":7,"enemies":"Reptomancer","floor":46,"turns":4},{"damage":45,"enemies":"Giant Head","floor":47,"turns":7},{"damage":25,"enemies":"Spire Growth","floor":48,"turns":4},{"damage":42,"enemies":"Time Eater","floor":50,"turns":3}],"seed_played":"1986488565424594500","potions_obtained":[{"floor":7,"key":"BloodPotion"},{"floor":8,"key":"Block Potion"},{"floor":13,"key":"EssenceOfSteel"},{"floor":16,"key":"DistilledChaos"},{"floor":25,"key":"AttackPotion"},{"floor":28,"key":"Strength Potion"},{"floor":30,"key":"SneckoOil"},{"floor":38,"key":"SpeedPotion"},{"floor":39,"key":"Ancient Potion"},{"floor":45,"key":"Ancient Potion"}],"is_trial":false,"path_per_floor":["M","$","?","M","?","E","M","E","T","R","T","M","E","M","R","B",null,"M","?","M","?","$","E","R","M","T","$","M","R","E","M","R","B",null,"M","?","E","M","M","E","T","M","T","M","E","E","E","M","R","B",null],"character_chosen":"IRONCLAD","items_purchased":["Dark Embrace","Lee\u0027s Waffle","Oddly Smooth Stone","Bag of Marbles","Ghostly Armor","Ghostly Armor"],"campfire_rested":5,"item_purchase_floors":[2,22,22,22,22,27],"current_hp_per_floor":[80,80,80,80,80,45,53,35,35,59,59,54,32,37,61,56,80,65,65,43,43,63,32,50,49,49,49,51,63,32,38,56,31,63,63,63,57,63,63,63,63,65,65,65,53,74,52,49,49,61],"gold":749,"neow_bonus":"","is_daily":true,"chose_seed":false,"campfire_upgraded":1,"win_rate":0.0,"timestamp":1614190418,"path_taken":["M","?","?","?","?","E","?","?","T","R","?","M","E","M","R","BOSS","M","?","M","?","?","E","R","M","T","$","M","R","E","M","R","BOSS","M","?","?","?","M","E","?","M","T","M","?","E","?","M","R","BOSS"],"items_purchased_type":["Card","Relic","Relic","Relic","Card","Card"],"build_version":"2020-12-22","purchased_purges":0,"victory":true,"max_hp_per_floor":[80,80,80,80,80,80,80,80,80,80,80,80,80,80,80,80,80,80,80,80,56,63,63,63,63,63,63,63,63,63,63,63,63,63,63,63,63,63,63,63,63,65,65,65,74,74,76,78,78,78],"card_choices":[{"not_picked":["Flex","Body Slam"],"picked":"Cleave","floor":1},{"not_picked":["Second Wind","Flash of Steel"],"picked":"Inflame","floor":4},{"not_picked":["Warcry","Flex"],"picked":"Anger","floor":6},{"not_picked":["Cleave","Dark Embrace"],"picked":"Heavy Blade","floor":7},{"not_picked":["Forethought","Feel No Pain"],"picked":"Demon Form","floor":8},{"not_picked":["Thunderclap","Pommel Strike"],"picked":"Spot Weakness","floor":12},{"not_picked":["Havoc","Shrug It Off"],"picked":"Seeing Red","floor":13},{"not_picked":["Madness","Clothesline"],"picked":"Cleave","floor":14},{"not_picked":["Master of Strategy","Double Tap"],"picked":"HandOfGreed","floor":16},{"not_picked":["Pommel Strike","Warcry+1","Feel No Pain"],"picked":"SKIP","floor":18},{"not_picked":["Evolve","Iron Wave"],"picked":"Heavy Blade","floor":20},{"not_picked":["Entrench","Searing Blow","Pommel Strike"],"picked":"SKIP","floor":23},{"not_picked":["Pommel Strike","Cleave"],"picked":"Flex","floor":25},{"not_picked":["Blood for Blood","Discovery"],"picked":"Flex","floor":28},{"not_picked":["Perfected Strike","Disarm+1"],"picked":"True Grit+1","floor":30},{"not_picked":["Pommel Strike","The Bomb","Cleave"],"picked":"SKIP","floor":31},{"not_picked":["Brutality","Transmutation"],"picked":"Corruption","floor":33},{"not_picked":["Wild Strike+1","True Grit+1"],"picked":"Anger+1","floor":35},{"not_picked":["Pommel Strike","Perfected Strike"],"picked":"Bandage Up+1","floor":37},{"not_picked":["Pommel Strike+1","Mind Blast"],"picked":"Ghostly Armor+1","floor":38},{"not_picked":["Clash+1","Headbutt"],"picked":"Sword Boomerang+1","floor":39},{"not_picked":["Cleave","Havoc"],"picked":"Seeing Red","floor":40},{"not_picked":["Wild Strike+1","Headbutt","Havoc"],"picked":"Singing Bowl","floor":42},{"not_picked":["Pummel","True Grit"],"picked":"Power Through+1","floor":44},{"not_picked":["Panacea+1","Thunderclap+1","Armaments"],"picked":"Singing Bowl","floor":45},{"not_picked":["Intimidate","Mind Blast"],"picked":"Juggernaut+1","floor":46},{"not_picked":["Thunderclap","Dark Shackles","Pommel Strike+1"],"picked":"Singing Bowl","floor":47},{"not_picked":["Iron Wave","Body Slam","Clothesline"],"picked":"Singing Bowl","floor":48}],"player_experience":509503,"relics_obtained":[{"floor":6,"key":"Gremlin Horn"},{"floor":8,"key":"Sundial"},{"floor":9,"key":"Bottled Flame"},{"floor":11,"key":"Centennial Puzzle"},{"floor":13,"key":"Toy Ornithopter"},{"floor":23,"key":"Ice Cream"},{"floor":23,"key":"Whetstone"},{"floor":26,"key":"Red Skull"},{"floor":30,"key":"Mummified Hand"},{"floor":30,"key":"Tiny Chest"},{"floor":37,"key":"Blue Candle"},{"floor":37,"key":"Gambling Chip"},{"floor":40,"key":"Frozen Egg 2"},{"floor":40,"key":"Singing Bowl"},{"floor":41,"key":"Happy Flower"},{"floor":43,"key":"Bottled Lightning"},{"floor":45,"key":"MawBank"},{"floor":45,"key":"Strawberry"},{"floor":46,"key":"War Paint"},{"floor":46,"key":"Boot"},{"floor":47,"key":"Darkstone Periapt"},{"floor":47,"key":"Unceasing Top"}],"event_choices":[{"damage_healed":0,"gold_gain":100,"player_choice":"Pray","damage_taken":0,"max_hp_gain":0,"max_hp_loss":0,"event_name":"Golden Shrine","floor":3,"gold_loss":0},{"damage_healed":0,"gold_gain":0,"player_choice":"Grow","damage_taken":0,"max_hp_gain":0,"max_hp_loss":0,"event_name":"Living Wall","floor":5,"gold_loss":0,"cards_upgraded":["Inflame"]},{"damage_healed":0,"gold_gain":0,"player_choice":"Ignored","damage_taken":0,"max_hp_gain":0,"max_hp_loss":0,"event_name":"Beggar","floor":19,"gold_loss":0},{"damage_healed":0,"gold_gain":0,"player_choice":"Became a vampire","damage_taken":0,"max_hp_gain":0,"max_hp_loss":24,"event_name":"Vampires","floor":21,"gold_loss":0,"cards_obtained":["Bite","Bite","Bite","Bite","Bite"]},{"damage_healed":0,"gold_gain":0,"player_choice":"Gave Potion","damage_taken":0,"relics_obtained":["Potion Belt"],"max_hp_gain":0,"max_hp_loss":0,"event_name":"WeMeetAgain","floor":36,"gold_loss":0}],"is_beta":false,"boss_relics":[{"not_picked":["SlaversCollar","Tiny House"],"picked":"Black Star"},{"not_picked":["Runic Pyramid","Runic Cube"],"picked":"Coffee Dripper"}],"items_purged_floors":[],"is_endless":false,"potions_floor_spawned":[7,8,13,16,25,28,30,35,38,39,45],"ascension_level":0}}