{"host":"bikm2o78umlg9iwk","time":1614163471,"event":{"mods":["AchievementEnabler","BaseMod","Colored Map","Colored Powertips","Googly Eyes","Highlight Path","Minty Spire (QoL Compilation)","Quick Restart","StSLib"],"gold_per_floor":[111,111,127,142,153,184,184,201,201,57,57,89,137,137,137,210,210,223,233,233,233,233],"floor_reached":21,"language":"ENG","playtime":1318,"items_purged":["Strike_G"],"score":378,"play_id":"52a085ef-6c7f-4380-bd48-b767b0145338","local_time":"20210224114431","is_ascension_mode":true,"campfire_choices":[{"data":"Neutralize","floor":7.0,"key":"SMITH"},{"floor":11.0,"key":"REST"},{"data":"Dagger Spray","floor":15.0,"key":"SMITH"}],"circlet_count":0,"master_deck":["AscendersBane","Strike_G","Defend_G","Defend_G","Defend_G","Defend_G","Defend_G","Survivor","Neutralize+1","Quick Slash+1","Adrenaline","Leg Sweep","Well Laid Plans","Dagger Spray+1","PiercingWail","Deadly Poison","Dagger Throw","Bullet Time","Backflip+1","Sucker Punch+1","Choke"],"relics":["Ring of the Snake","Singing Bowl","The Courier","Shuriken","Lantern","Empty Cage"],"acts_visited":["Exordium","TheCity"],"potions_floor_usage":[19],"damage_taken":[{"damage":1.0,"enemies":"Small Slimes","floor":1.0,"turns":6.0},{"damage":1.0,"enemies":"Cultist","floor":3.0,"turns":3.0},{"damage":7.0,"enemies":"Jaw Worm","floor":4.0,"turns":4.0},{"damage":0.0,"enemies":"Looter","floor":5.0,"turns":4.0},{"damage":31.0,"enemies":"Gremlin Nob","floor":6.0,"turns":4.0},{"damage":3.0,"enemies":"3 Louse","floor":8.0,"turns":3.0},{"damage":14.0,"enemies":"3 Sentries","floor":12.0,"turns":10.0},{"damage":17.0,"enemies":"Slime Boss","floor":16.0,"turns":11.0},{"damage":13,"enemies":"Spheric Guardian","floor":18,"turns":7},{"damage":9,"enemies":"Chosen","floor":19,"turns":7},{"damage":41,"enemies":"Masked Bandits","floor":21,"turns":3}],"seed_played":"3568880783106626293","potions_obtained":[{"floor":5.0,"key":"AttackPotion"},{"floor":6.0,"key":"EntropicBrew"}],"is_trial":false,"path_per_floor":["M","?","M","M","M","E","R","M","T","$","R","E","T","?","R","B",null,"M","M","?","?"],"character_chosen":"THE_SILENT","items_purchased":["PiercingWail","Deadly Poison"],"campfire_rested":1,"item_purchase_floors":[10,10],"current_hp_per_floor":[64,64,63,56,56,27,27,24,24,24,46,34,34,34,34,17,61,48,39,39,0,0],"gold":233,"neow_bonus":"TEN_PERCENT_HP_BONUS","is_daily":false,"chose_seed":false,"campfire_upgraded":2,"win_rate":0.0,"timestamp":1614163471,"path_taken":["M","?","M","M","M","E","R","?","T","$","R","E","?","?","R","BOSS","M","M","?","?"],"items_purchased_type":["Card","Card"],"build_version":"2020-12-22","purchased_purges":1,"victory":false,"max_hp_per_floor":[72,72,72,72,72,74,74,74,74,74,74,76,76,76,76,76,76,76,76,76,76,76],"card_choices":[{"not_picked":["Dodge and Roll","Footwork"],"picked":"Quick Slash","floor":1.0},{"not_picked":["Acrobatics","Blade Dance"],"picked":"Adrenaline","floor":3.0},{"not_picked":["Cloak And Dagger","Deflect"],"picked":"Leg Sweep","floor":4.0},{"not_picked":["Dagger Spray","Prepared"],"picked":"Well Laid Plans","floor":5.0},{"not_picked":["Bane","Envenom","Blade Dance"],"picked":"Singing Bowl","floor":6.0},{"not_picked":["Footwork","Quick Slash"],"picked":"Dagger Spray","floor":8.0},{"not_picked":["Acrobatics","Slice","Dodge and Roll"],"picked":"Singing Bowl","floor":12.0},{"not_picked":["Grand Finale","Phantasmal Killer"],"picked":"Bullet Time","floor":16.0},{"not_picked":["Cloak And Dagger","Heel Hook"],"picked":"Backflip+1","floor":18},{"not_picked":["PiercingWail","Concentrate"],"picked":"Sucker Punch+1","floor":19}],"player_experience":1669624,"relics_obtained":[{"floor":6.0,"key":"Singing Bowl"},{"floor":9.0,"key":"The Courier"},{"floor":12.0,"key":"Shuriken"},{"floor":13.0,"key":"Lantern"}],"event_choices":[{"damage_healed":0.0,"max_hp_gain":0.0,"max_hp_loss":0.0,"gold_gain":0.0,"event_name":"Upgrade Shrine","player_choice":"Upgraded","floor":2.0,"gold_loss":0.0,"damage_taken":0.0,"cards_upgraded":["Quick Slash"]},{"damage_healed":0.0,"max_hp_gain":0.0,"max_hp_loss":0.0,"gold_gain":0.0,"cards_transformed":["Strike_G"],"event_name":"Living Wall","player_choice":"Change","floor":14.0,"gold_loss":0.0,"damage_taken":0.0,"cards_obtained":["Dagger Throw"]},{"damage_healed":0,"gold_gain":0,"player_choice":"Read","damage_taken":0,"max_hp_gain":0,"max_hp_loss":0,"event_name":"The Library","floor":20,"gold_loss":0,"cards_obtained":["Choke"]},{"damage_healed":0,"gold_gain":0,"player_choice":"Fought Bandits","damage_taken":0,"max_hp_gain":0,"max_hp_loss":0,"event_name":"Masked Bandits","floor":21,"gold_loss":0}],"is_beta":false,"boss_relics":[{"not_picked":["Velvet Choker","Black Star"],"picked":"Empty Cage"}],"items_purged_floors":[10],"is_endless":false,"potions_floor_spawned":[5,6],"killed_by":"Masked Bandits","ascension_level":20}}