{"host":"by8i6f8xc0ywpsd5","time":1614175901,"event":{"mods":["BaseMod","Colored Map","Minty Spire (QoL Compilation)","Relic Stats"],"gold_per_floor":[114,131,181,17,17,17,33,33,33],"floor_reached":8,"language":"ENG","playtime":372,"items_purged":[],"score":92,"play_id":"dd9b4d74-edbe-4efa-808c-2be6bd433a9c","local_time":"20210224161141","is_ascension_mode":true,"campfire_choices":[{"data":"Fiend Fire","floor":6,"key":"SMITH"}],"circlet_count":0,"master_deck":["AscendersBane","Strike_R","Strike_R","Strike_R","Strike_R","Strike_R","Defend_R","Defend_R","Defend_R","Defend_R","Bash","Sword Boomerang","Clothesline","Iron Wave","Fiend Fire+1"],"relics":["Burning Blood","MealTicket"],"acts_visited":["Exordium"],"potions_floor_usage":[],"damage_taken":[{"damage":3,"enemies":"Small Slimes","floor":1,"turns":4},{"damage":12,"enemies":"Cultist","floor":2,"turns":4},{"damage":3,"enemies":"2 Louse","floor":7,"turns":4},{"damage":72,"enemies":"Lagavulin","floor":8,"turns":10}],"seed_played":"7609337586121584748","potions_obtained":[{"floor":7,"key":"Energy Potion"}],"is_trial":false,"path_per_floor":["M","M","?","$","?","R","M","E"],"character_chosen":"IRONCLAD","items_purchased":["Fiend Fire","Combust"],"campfire_rested":0,"item_purchase_floors":[4,4],"current_hp_per_floor":[71,65,65,65,65,65,68,0,0],"gold":33,"neow_bonus":"THREE_CARDS","is_daily":false,"chose_seed":false,"campfire_upgraded":1,"win_rate":0.0,"timestamp":1614175901,"path_taken":["M","M","?","?","?","R","?","E"],"items_purchased_type":["Card","Card"],"build_version":"2020-12-22","purchased_purges":0,"victory":false,"max_hp_per_floor":[75,75,75,75,75,75,75,75,75],"relic_stats":{"counters":[4,22],"MealTicket":0,"obtain_stats":[{"MealTicket":5,"Burning Blood":0},{"MealTicket":2,"Burning Blood":0},{"MealTicket":8,"Burning Blood":0}],"Burning Blood":18},"card_choices":[{"not_picked":["Wild Strike","True Grit"],"picked":"Sword Boomerang","floor":0},{"not_picked":["Perfected Strike","Shrug It Off"],"picked":"Clothesline","floor":1},{"not_picked":["True Grit","Shockwave"],"picked":"Iron Wave","floor":2},{"not_picked":["Perfected Strike","Infernal Blade","Second Wind"],"picked":"SKIP","floor":7}],"player_experience":1784452,"relics_obtained":[],"event_choices":[{"damage_healed":0,"gold_gain":50,"player_choice":"Pray","damage_taken":0,"max_hp_gain":0,"max_hp_loss":0,"event_name":"Golden Shrine","floor":3,"gold_loss":0},{"cards_removed":["Combust"],"damage_healed":0,"gold_gain":0,"player_choice":"Gave Card","damage_taken":0,"relics_obtained":["MealTicket"],"max_hp_gain":0,"max_hp_loss":0,"event_name":"WeMeetAgain","floor":5,"gold_loss":0}],"is_beta":false,"boss_relics":[],"items_purged_floors":[],"is_endless":false,"potions_floor_spawned":[7],"killed_by":"Lagavulin","ascension_level":20}}