{"host":"iv934i4dusq1uqxh","time":1614171970,"event":{"mods":["Act Like it!","BaseMod","Downfall","Minty Spire (QoL Compilation)","Quick Restart","StSLib"],"gold_per_floor":[99,118,218,237,257,257,257,257,268,341,341,357,382,393,407,504,504,504,504,521,538,29,29,29,29,41,74,92,107,107,125,139,236,236,236,247,118,131,31,44,92,103,119,119,137,137,151,171,184,184,184,184],"floor_reached":50,"language":"ZHS","playtime":9274,"items_purged":["bronze:Strike","bronze:Defend"],"score":526,"play_id":"d816a654-8515-4604-9aa3-4048b4916e2b","local_time":"20210224210610","is_ascension_mode":false,"campfire_choices":[{"data":"bronze:Replicate","floor":1.0,"key":"SMITH"},{"data":"bronze:Frontload","floor":8.0,"key":"SMITH"},{"data":"bronze:Iterate","floor":11.0,"key":"SMITH"},{"data":"bronze:SpaghettiCode","floor":18.0,"key":"SMITH"},{"data":"expansioncontent:QuickStudy","floor":23.0,"key":"SMITH"},{"data":"Slimebound:CheckThePlaybook","floor":30.0,"key":"SMITH"},{"data":"bronze:Assembly","floor":35.0,"key":"SMITH"},{"floor":44.0,"key":"REST"}],"circlet_count":0,"master_deck":["bronze:Strike","bronze:Strike","bronze:Strike","bronze:Defend","bronze:Defend","bronze:Defend","bronze:Replicate+1","bronze:Goto","bronze:Frontload+1","bronze:Boost+1","bronze:Iterate+1","bronze:ChildClass","bronze:OilSpill","bronze:FineTuning","bronze:SpaghettiCode+1","CurseOfTheBell","Slimebound:CheckThePlaybook+1","bronze:ClassDefault+1","bronze:Optimize","bronze:Optimize","expansioncontent:QuickStudy+1","expansioncontent:LastStand","bronze:DelayedSlice+1","bronze:Boost","bronze:Overload","bronze:FollowUp","bronze:Turbo+1","bronze:BronzeOrb","bronze:Assembly+1","bronze:CutThrough","bronze:Fortify+1","bronze:BitShift","Parasite","bronze:Frontload+1"],"relics":["bronze:BronzeCore","bronze:CableSpool","Bottled Flame","FossilizedHelix","Calling Bell","PreservedInsect","Eternal Feather","Gambling Chip","Medical Kit","Bronze Scales","Blue Candle","CaptainsWheel","bronze:MakeshiftBattery","ClockworkSouvenir","Shovel","Bag of Marbles"],"acts_visited":["Exordium","TheCity","TheBeyond"],"potions_floor_usage":[50,50,50],"damage_taken":[{"damage":7.0,"enemies":"Small Slimes","floor":2.0,"turns":3.0},{"damage":0.0,"enemies":"Jaw Worm","floor":4.0,"turns":4.0},{"damage":1.0,"enemies":"2 Louse","floor":5.0,"turns":3.0},{"damage":1.0,"enemies":"Large Slime","floor":9.0,"turns":6.0},{"damage":0.0,"enemies":"2 Fungi Beasts","floor":12.0,"turns":4.0},{"damage":21.0,"enemies":"Gremlin Nob","floor":13.0,"turns":4.0},{"damage":3.0,"enemies":"Lots of Slimes","floor":14.0,"turns":4.0},{"damage":0.0,"enemies":"Exordium Thugs","floor":15.0,"turns":3.0},{"damage":13.0,"enemies":"WA_ARCHETYPE_RETAIN","floor":16.0,"turns":5.0},{"damage":7.0,"enemies":"3 Byrds","floor":20.0,"turns":4.0},{"damage":8.0,"enemies":"Chosen","floor":21.0,"turns":5.0},{"damage":0.0,"enemies":"downfall:FleeingMerchant","floor":22.0,"turns":4.0},{"damage":24.0,"enemies":"Snecko","floor":26.0,"turns":4.0},{"damage":0.0,"enemies":"Book of Stabbing","floor":27.0,"turns":2.0},{"damage":0.0,"enemies":"Shelled Parasite and Fungi","floor":28.0,"turns":3.0},{"damage":0.0,"enemies":"Centurion and Healer","floor":29.0,"turns":3.0},{"damage":0.0,"enemies":"Snecko","floor":31.0,"turns":3.0},{"damage":0.0,"enemies":"Snake Plant","floor":32.0,"turns":3.0},{"damage":56.0,"enemies":"SI_MIRROR_ARCHETYPE","floor":33.0,"turns":9.0},{"damage":33.0,"enemies":"3 Shapes","floor":36.0,"turns":2.0},{"damage":0.0,"enemies":"downfall:FleeingMerchant","floor":37.0,"turns":3.0},{"damage":0.0,"enemies":"Orb Walker","floor":38.0,"turns":3.0},{"damage":31.0,"enemies":"Sphere and 2 Shapes","floor":40.0,"turns":4.0},{"damage":0.0,"enemies":"Spire Growth","floor":42.0,"turns":5.0},{"damage":4.0,"enemies":"Writhing Mass","floor":43.0,"turns":8.0},{"damage":1.0,"enemies":"4 Shapes","floor":45.0,"turns":4.0},{"damage":0.0,"enemies":"Spire Growth","floor":47.0,"turns":5.0},{"damage":0.0,"enemies":"Jaw Worm Horde","floor":48.0,"turns":4.0},{"damage":0.0,"enemies":"3 Darklings","floor":49.0,"turns":3.0},{"damage":47,"enemies":"IC_BLOCK_ARCHETYPE","floor":50,"turns":8}],"seed_played":"-2372735055989792719","potions_obtained":[{"floor":12.0,"key":"bronze:BuildAFunctionPotion"},{"floor":13.0,"key":"Dexterity Potion"},{"floor":14.0,"key":"Regen Potion"},{"floor":20.0,"key":"FearPotion"},{"floor":27.0,"key":"EntropicBrew"},{"floor":29.0,"key":"Fire Potion"},{"floor":33.0,"key":"Fire Potion"},{"floor":36.0,"key":"Fire Potion"},{"floor":40.0,"key":"Fire Potion"},{"floor":43.0,"key":"PowerPotion"},{"floor":47.0,"key":"AttackPotion"}],"is_trial":false,"path_per_floor":["R","M","?","M","M","?","T","R","M","T","R","M","E","M","M","B",null,"R","?","M","M","$","R","T","?","M","E","M","M","R","M","M","B",null,"R","M","$","M","$","M","T","M","M","R","M","?","M","M","M","B"],"character_chosen":"THE_AUTOMATON","items_purchased":["Medical Kit","expansioncontent:QuickStudy","expansioncontent:LastStand","ClockworkSouvenir","Shovel"],"campfire_rested":1,"item_purchase_floors":[22,22,22,37,37],"current_hp_per_floor":[77,70,70,70,69,69,69,69,68,68,68,68,47,44,44,31,77,77,70,63,55,55,67,67,62,47,47,47,47,62,62,62,6,70,70,37,37,37,37,6,6,6,2,41,40,40,40,40,40,0,0,0],"gold":184,"neow_bonus":"TEN_PERCENT_HP_BONUS","is_daily":false,"chose_seed":false,"campfire_upgraded":7,"win_rate":0.0,"timestamp":1614171970,"path_taken":["R","M","?","M","M","?","T","R","M","?","R","M","E","M","M","BOSS","R","?","M","M","$","R","T","?","M","E","M","M","R","M","M","BOSS","R","M","$","M","$","M","T","M","M","R","M","?","M","M","M","BOSS"],"items_purchased_type":["Relic","Card","Card","Relic","Relic"],"build_version":"2020-12-22","purchased_purges":2,"victory":false,"max_hp_per_floor":[77,77,77,77,77,77,77,77,77,77,77,77,77,77,77,77,77,77,70,70,70,70,70,70,70,70,70,70,70,70,70,70,70,70,70,70,70,70,70,70,70,70,70,70,70,70,70,70,70,70,70,70],"card_choices":[{"not_picked":["bronze:CutThrough","bronze:Branch"],"picked":"bronze:Frontload","floor":2.0},{"not_picked":["bronze:WildBeam","bronze:DelayedGuard"],"picked":"bronze:Boost","floor":4.0},{"not_picked":["bronze:CloningBeam","bronze:BuggyMess","bronze:Invalidate"],"picked":"SKIP","floor":5.0},{"not_picked":["bronze:Return","bronze:WhirlingStrike"],"picked":"bronze:Iterate","floor":9.0},{"not_picked":["bronze:Turbo","bronze:CutThrough"],"picked":"bronze:ChildClass","floor":12.0},{"not_picked":["bronze:CutThrough","bronze:ItsAFeature"],"picked":"bronze:CloningBeam","floor":13.0},{"not_picked":["bronze:Invalidate","bronze:DelayedGuard"],"picked":"bronze:OilSpill","floor":14.0},{"not_picked":["bronze:Overload","bronze:Deprecate"],"picked":"bronze:FineTuning","floor":15.0},{"not_picked":["bronze:Break","bronze:HyperBeam"],"picked":"bronze:SpaghettiCode","floor":16.0},{"not_picked":["bronze:DarkDash","bronze:Flail+1"],"picked":"bronze:ClassDefault+1","floor":20.0},{"not_picked":["bronze:OilSpill","bronze:CutThrough+1"],"picked":"bronze:Optimize","floor":21.0},{"not_picked":["bronze:ItsAFeature+1","bronze:DarkDash"],"picked":"bronze:Optimize","floor":22.0},{"not_picked":["bronze:Deprecate","bronze:Invalidate+1"],"picked":"bronze:DelayedSlice+1","floor":26.0},{"not_picked":["bronze:Branch","bronze:Turbo"],"picked":"bronze:Boost","floor":27.0},{"not_picked":["bronze:Turbo","bronze:OilSpill"],"picked":"bronze:Overload","floor":28.0},{"not_picked":["bronze:Fortify","bronze:Break"],"picked":"bronze:FollowUp","floor":29.0},{"not_picked":["bronze:Safeguard","bronze:Overheat+1"],"picked":"bronze:Turbo+1","floor":31.0},{"not_picked":["bronze:Branch","bronze:Iterate"],"picked":"bronze:BronzeOrb","floor":32.0},{"not_picked":["bronze:ShipIt","bronze:Mutator"],"picked":"bronze:Assembly","floor":33.0},{"not_picked":["bronze:ChosenStrike+1","bronze:DelayedGuard+1"],"picked":"bronze:CutThrough","floor":36.0},{"not_picked":["bronze:NullPointer+1","bronze:ChildClass+1"],"picked":"bronze:Fortify+1","floor":37.0},{"not_picked":["bronze:Overheat+1","bronze:FollowUp+1","bronze:DelayedSlice+1"],"picked":"SKIP","floor":38.0},{"not_picked":["bronze:Overheat","bronze:DarkDash"],"picked":"bronze:BitShift","floor":40.0},{"not_picked":["bronze:WildBeam","bronze:Repulsor","bronze:DelayedGuard"],"picked":"SKIP","floor":42.0},{"not_picked":["bronze:DelayedGuard","bronze:BronzeOrb+1","bronze:Fortify+1"],"picked":"SKIP","floor":43.0},{"not_picked":["bronze:BronzeArmor+1","bronze:BugBarrage+1"],"picked":"bronze:Frontload+1","floor":45.0},{"not_picked":["bronze:Backtrace+1","bronze:WildBeam","bronze:MaxOutput+1"],"picked":"SKIP","floor":47.0},{"not_picked":["bronze:BugBarrage","bronze:CloningBeam","bronze:Allocate"],"picked":"SKIP","floor":48.0},{"not_picked":["bronze:Frontload+1","bronze:CloningBeam+1","bronze:Shield"],"picked":"SKIP","floor":49.0}],"player_experience":816476,"relics_obtained":[{"floor":7.0,"key":"bronze:CableSpool"},{"floor":10.0,"key":"Bottled Flame"},{"floor":13.0,"key":"FossilizedHelix"},{"floor":17.0,"key":"PreservedInsect"},{"floor":17.0,"key":"Eternal Feather"},{"floor":17.0,"key":"Gambling Chip"},{"floor":24.0,"key":"Bronze Scales"},{"floor":27.0,"key":"CaptainsWheel"},{"floor":41.0,"key":"Bag of Marbles"}],"event_choices":[{"damage_healed":0.0,"max_hp_gain":0.0,"max_hp_loss":0.0,"gold_gain":0.0,"event_name":"Living Wall","player_choice":"Grow","floor":6.0,"gold_loss":0.0,"damage_taken":0.0,"cards_upgraded":["bronze:Boost"]},{"cards_removed":["bronze:CloningBeam"],"damage_healed":0.0,"max_hp_gain":0.0,"max_hp_loss":0.0,"gold_gain":0.0,"event_name":"Falling","player_choice":"Removed Attack","floor":46.0,"gold_loss":0.0,"damage_taken":0.0}],"is_beta":false,"boss_relics":[{"not_picked":["Fusion Hammer","bronze:PlatinumCore"],"picked":"Calling Bell"},{"not_picked":["Sozu","Runic Pyramid"],"picked":"bronze:MakeshiftBattery"}],"items_purged_floors":[22,39],"is_endless":false,"potions_floor_spawned":[12,13,14,16,20,27,29,33,36,40,43,47,48],"killed_by":"IC_BLOCK_ARCHETYPE","ascension_level":0}}