{"host":"qxeepl7ydvsgmfdb","time":1614170818,"event":{"mods":["AchievementEnabler","BaseMod","Colored Powertips","Minty Spire (QoL Compilation)","Quick Restart","slay the spire mod where everything is the same but ironclad has a cowboy hat"],"gold_per_floor":[118,78,93,12,31,59,59,87,87,87,115,115,45,89,89,218,218,207,220,220,241,280,280,301,80,103,103,142,157,282,282,282,405,405,424,70,86,107,132,132,165,190,190,190,190,205,220,254,254,254,254],"floor_reached":50,"language":"ENG","playtime":2085,"items_purged":[],"score":838,"play_id":"20a7e7be-d2fb-4663-8727-109212bf892d","local_time":"20210224074658","is_ascension_mode":true,"campfire_choices":[{"data":"Zap","floor":7.0,"key":"SMITH"},{"floor":10.0,"key":"REST"},{"floor":15.0,"key":"REST"},{"floor":23.0,"key":"REST"},{"floor":27.0,"key":"REST"},{"data":"Injury","floor":32.0,"key":"PURGE"},{"floor":40.0,"key":"REST"},{"floor":44.0,"key":"REST"},{"floor":49,"key":"REST"}],"circlet_count":0,"master_deck":["Strike_B","Strike_B","Strike_B","Strike_B","Defend_B","Defend_B","Defend_B","Defend_B+1","Zap+1","Dualcast","Ball Lightning","Sweeping Beam","Darkness+1","Cold Snap","Capacitor","Electrodynamics","Coolheaded","Defragment+1","Rainbow+1","Doom and Gloom","White Noise+1","Redo+1","Redo+1","Cold Snap+1","Darkness+1","Chill","Cold Snap","Chaos+1"],"relics":["Cracked Core","NeowsBlessing","Thread and Needle","StoneCalendar","Peace Pipe","Frozen Egg 2","Golden Idol","Emotion Chip","Nuclear Battery","Nilry\u0027s Codex","Red Mask","Pen Nib","Toy Ornithopter","Pear","TungstenRod","Cables","Letter Opener","PreservedInsect","Toxic Egg 2","War Paint"],"acts_visited":["Exordium","TheCity","TheBeyond"],"potions_floor_usage":[46,47],"damage_taken":[{"damage":0.0,"enemies":"Small Slimes","floor":1.0,"turns":1.0},{"damage":0.0,"enemies":"Cultist","floor":3.0,"turns":1.0},{"damage":0.0,"enemies":"Jaw Worm","floor":5.0,"turns":1.0},{"damage":15.0,"enemies":"Gremlin Nob","floor":6.0,"turns":4.0},{"damage":16.0,"enemies":"3 Sentries","floor":8.0,"turns":4.0},{"damage":14.0,"enemies":"Lagavulin","floor":11.0,"turns":4.0},{"damage":16.0,"enemies":"3 Sentries","floor":14.0,"turns":4.0},{"damage":0.0,"enemies":"Slime Boss","floor":16.0,"turns":6.0},{"damage":18.0,"enemies":"2 Thieves","floor":18.0,"turns":4.0},{"damage":12.0,"enemies":"Spheric Guardian","floor":19.0,"turns":4.0},{"damage":0.0,"enemies":"3 Cultists","floor":21.0,"turns":2.0},{"damage":0.0,"enemies":"Masked Bandits","floor":22.0,"turns":2.0},{"damage":28.0,"enemies":"Snake Plant","floor":24.0,"turns":3.0},{"damage":0.0,"enemies":"Gremlin Leader","floor":28.0,"turns":5.0},{"damage":0.0,"enemies":"Centurion and Healer","floor":29.0,"turns":3.0},{"damage":5.0,"enemies":"Colosseum Slavers","floor":30.0,"turns":3.0},{"damage":17.0,"enemies":"Colosseum Nobs","floor":30.0,"turns":4.0},{"damage":24.0,"enemies":"Automaton","floor":33.0,"turns":7.0},{"damage":10.0,"enemies":"3 Shapes","floor":35.0,"turns":3.0},{"damage":0.0,"enemies":"3 Darklings","floor":37.0,"turns":2.0},{"damage":27.0,"enemies":"Jaw Worm Horde","floor":38.0,"turns":4.0},{"damage":23.0,"enemies":"Spire Growth","floor":39.0,"turns":4.0},{"damage":28.0,"enemies":"Nemesis","floor":41.0,"turns":5.0},{"damage":6.0,"enemies":"Sphere and 2 Shapes","floor":42.0,"turns":3.0},{"damage":12,"enemies":"Transient","floor":46,"turns":5},{"damage":3,"enemies":"4 Shapes","floor":47,"turns":3},{"damage":26,"enemies":"Giant Head","floor":48,"turns":7},{"damage":47,"enemies":"Awakened One","floor":50,"turns":6}],"seed_played":"-650523354049846588","potions_obtained":[{"floor":2.0,"key":"SteroidPotion"},{"floor":2.0,"key":"Ancient Potion"},{"floor":2.0,"key":"Block Potion"},{"floor":6.0,"key":"Fire Potion"},{"floor":8.0,"key":"EssenceOfDarkness"},{"floor":14.0,"key":"Energy Potion"},{"floor":21.0,"key":"Fire Potion"},{"floor":28.0,"key":"Weak Potion"},{"floor":30.0,"key":"DistilledChaos"},{"floor":38.0,"key":"Strength Potion"},{"floor":41.0,"key":"EssenceOfSteel"}],"is_trial":false,"path_per_floor":["M","?","M","$","M","E","R","E","T","R","E","?","$","E","R","B",null,"M","M","?","M","?","R","M","$","T","R","E","M","?","?","R","B",null,"M","$","M","M","M","R","E","M","T","R","?","M","M","E","R","B"],"character_chosen":"DEFECT","items_purchased":["Darkness","Defragment+1","Pen Nib","Regen Potion","Letter Opener","Fruit Juice"],"campfire_rested":7,"item_purchase_floors":[4,13,25,25,36,36],"current_hp_per_floor":[75,75,75,75,75,60,60,44,44,66,52,52,52,36,58,58,71,53,41,25,25,25,47,19,19,19,41,70,70,58,58,58,44,75,65,75,75,48,25,52,24,18,18,45,45,38,40,14,41,0,0],"gold":254,"neow_bonus":"THREE_ENEMY_KILL","is_daily":false,"chose_seed":false,"campfire_upgraded":1,"win_rate":0.0,"timestamp":1614170818,"path_taken":["M","?","?","$","M","E","R","E","T","R","E","?","$","E","R","BOSS","M","M","?","M","?","R","M","$","T","R","E","M","?","?","R","BOSS","M","$","M","M","M","R","E","M","T","R","?","?","?","E","R","BOSS"],"items_purchased_type":["Card","Card","Relic","Potion","Relic","Potion"],"build_version":"2020-12-22","purchased_purges":0,"victory":false,"max_hp_per_floor":[75,75,75,75,75,75,75,75,75,75,75,75,75,75,75,75,75,75,75,75,75,75,75,75,75,75,75,85,85,85,85,85,85,85,85,90,90,90,90,90,90,90,90,90,90,90,90,90,90,90,90],"card_choices":[{"not_picked":["Conserve Battery","Coolheaded"],"picked":"Ball Lightning","floor":1.0},{"not_picked":["Gash","Steam"],"picked":"Sweeping Beam","floor":3.0},{"not_picked":["Sweeping Beam","Hologram"],"picked":"Cold Snap","floor":5.0},{"not_picked":["Stack","Doom and Gloom"],"picked":"Capacitor","floor":6.0},{"not_picked":["Stack","Rebound"],"picked":"Electrodynamics","floor":8.0},{"not_picked":["Streamline","Sweeping Beam"],"picked":"Coolheaded","floor":11.0},{"not_picked":["Stack","Streamline","Conserve Battery"],"picked":"SKIP","floor":14.0},{"not_picked":["Seek","Hyperbeam"],"picked":"Rainbow","floor":16.0},{"not_picked":["Conserve Battery","Self Repair+1","Turbo+1"],"picked":"SKIP","floor":18.0},{"not_picked":["Hologram","Leap+1"],"picked":"Doom and Gloom","floor":19.0},{"not_picked":["Cold Snap+1","Chill"],"picked":"White Noise+1","floor":21.0},{"not_picked":["Coolheaded","BootSequence"],"picked":"Redo+1","floor":22.0},{"not_picked":["Go for the Eyes","Steam","Compile Driver"],"picked":"SKIP","floor":24.0},{"not_picked":["Scrape","Redo","Core Surge"],"picked":"SKIP","floor":28.0},{"not_picked":["Compile Driver","Melter"],"picked":"Redo+1","floor":29.0},{"not_picked":["Go for the Eyes+1","Redo"],"picked":"Cold Snap+1","floor":30.0},{"not_picked":["Reprogram+1","Compile Driver"],"picked":"Darkness+1","floor":35.0},{"not_picked":["White Noise","Hello World+1","Skim+1"],"picked":"SKIP","floor":37.0},{"not_picked":["Gash","Steam","Hello World+1"],"picked":"SKIP","floor":38.0},{"not_picked":["Coolheaded+1","Tempest","Sweeping Beam+1"],"picked":"SKIP","floor":39.0},{"not_picked":["Conserve Battery","Reinforced Body","Hyperbeam"],"picked":"SKIP","floor":41.0},{"not_picked":["Recycle","Conserve Battery"],"picked":"Chill","floor":42.0},{"not_picked":["Recycle+1","Fusion+1"],"picked":"Chaos+1","floor":46},{"not_picked":["Recycle+1","Lockon+1","Coolheaded+1"],"picked":"SKIP","floor":47},{"not_picked":["Force Field+1","Cold Snap+1","Chill+1"],"picked":"SKIP","floor":48}],"player_experience":208752,"relics_obtained":[{"floor":6.0,"key":"Thread and Needle"},{"floor":8.0,"key":"StoneCalendar"},{"floor":9.0,"key":"Peace Pipe"},{"floor":11.0,"key":"Frozen Egg 2"},{"floor":14.0,"key":"Emotion Chip"},{"floor":20.0,"key":"Nilry\u0027s Codex"},{"floor":22.0,"key":"Red Mask"},{"floor":26.0,"key":"Toy Ornithopter"},{"floor":28.0,"key":"Pear"},{"floor":30.0,"key":"TungstenRod"},{"floor":30.0,"key":"Cables"},{"floor":41.0,"key":"PreservedInsect"},{"floor":43.0,"key":"Toxic Egg 2"},{"floor":48,"key":"War Paint"}],"event_choices":[{"damage_healed":0.0,"max_hp_gain":0.0,"max_hp_loss":0.0,"gold_gain":0.0,"event_name":"The Woman in Blue","player_choice":"Bought 3 Potions","floor":2.0,"gold_loss":0.0,"damage_taken":0.0},{"damage_healed":0.0,"max_hp_gain":0.0,"max_hp_loss":0.0,"gold_gain":0.0,"event_name":"Golden Idol","player_choice":"Take Wound","floor":12.0,"gold_loss":0.0,"damage_taken":0.0,"relics_obtained":["Golden Idol"],"cards_obtained":["Injury"]},{"damage_healed":0.0,"max_hp_gain":0.0,"max_hp_loss":0.0,"gold_gain":0.0,"event_name":"Cursed Tome","player_choice":"Obtained Book","floor":20.0,"gold_loss":0.0,"damage_taken":16.0},{"damage_healed":0.0,"max_hp_gain":0.0,"max_hp_loss":0.0,"gold_gain":0.0,"event_name":"Masked Bandits","player_choice":"Fought Bandits","floor":22.0,"gold_loss":0.0,"damage_taken":0.0},{"damage_healed":0.0,"max_hp_gain":0.0,"max_hp_loss":0.0,"gold_gain":0.0,"event_name":"Colosseum","player_choice":"Fight","floor":30.0,"gold_loss":0.0,"damage_taken":0.0},{"damage_healed":0.0,"max_hp_gain":0.0,"max_hp_loss":0.0,"gold_gain":0.0,"event_name":"Colosseum","player_choice":"Fought Nobs","floor":30.0,"gold_loss":0.0,"damage_taken":0.0},{"damage_healed":0.0,"max_hp_gain":0.0,"max_hp_loss":0.0,"gold_gain":0.0,"event_name":"Upgrade Shrine","player_choice":"Upgraded","floor":31.0,"gold_loss":0.0,"damage_taken":0.0,"cards_upgraded":["Rainbow"]},{"damage_healed":0.0,"max_hp_gain":0.0,"max_hp_loss":0.0,"gold_gain":0.0,"event_name":"Match and Keep!","player_choice":"1 cards matched","floor":45.0,"gold_loss":0.0,"damage_taken":0.0,"cards_obtained":["Cold Snap"]}],"is_beta":false,"boss_relics":[{"not_picked":["Busted Crown","Astrolabe"],"picked":"Nuclear Battery"},{"not_picked":["Coffee Dripper","Sozu","Pandora\u0027s Box"]}],"items_purged_floors":[],"is_endless":false,"potions_floor_spawned":[6,8,14,21,28,29,30,30,38,41],"killed_by":"Awakened One","ascension_level":5}}