{"host":"yzy3lyltrgq1sam1","time":1614167245,"event":{"mods":["Act Like it!","BaseMod","CapriCore","Downfall","Gensokyo","Koishi","Marisa£®ÏF”Í°°ƒß¿Ì…≥£©","Minty Spire (QoL Compilation)","Quick Restart","Reimu£®≤©¿ˆ¡È√Œ£©","Reliquary","Remilia£®¿Ÿ√◊¿Ú—«£©","StSLib","The Administrix","The Alterego","The Gatherer","WarShipGirlsR/’ΩΩ¢…Ÿ≈ÆR mod","Youmu£®ªÍ∆«—˝√Œ£©","°æ“≈ŒÔø®≈∆°øREMEMod"],"gold_per_floor":[119,44,44,44,59,112,145,182,205,253,284,33,33,85,85,204,204,235,80,94,131,131,180,180,225,225,225,277,79,166,184,184,320,320,350,31,31,61,77,129,129,129,179,197,228,239,239,30,30,30],"floor_reached":51,"language":"ZHS","playtime":5825,"items_purged":["Defend_RM","Defend_RM","Doubt"],"score":1397,"play_id":"eb4a8694-bd86-4350-83ea-44ebe4735aee","local_time":"20210224194725","is_ascension_mode":true,"campfire_choices":[{"data":"UnstableMagic","floor":13.0,"key":"SMITH"},{"data":"RedMoon","floor":15.0,"key":"SMITH"},{"floor":24.0,"key":"REST"},{"data":"DemonKingCradle","floor":27.0,"key":"SMITH"},{"floor":32.0,"key":"REST"},{"data":"BloodRain","floor":41.0,"key":"SMITH"},{"floor":49,"key":"REST"}],"circlet_count":0,"master_deck":["AscendersBane","Strike_RM+1","Strike_RM+1","Strike_RM+1","Defend_RM+1","RedMoon+1","ScarletShoot+1","FavorOfDestiny","Defend_RM","EndlessAdversity+1","UnstableMagic+1","FitfulNightmare","DemonKingCradle+1","DiffusionOfMisfortune+1","RedRainbow+1","AfternoonTea","Stigmanizer+1","ScarletImprint+1","REME_Flogging","MillenniumVampire+1","DiffusionOfMisfortune+1","BloodRain+1","UnstableMagic+1","ScarletCoffin","UnstableMagic+1","REME_PuzzleBox"],"relics":["ScarletHat","REME_ComplimentaryCards","NeowsBlessing","Whetstone","Ancient Tea Set","reliquary:ExpiredCoupon","reliquary:Stiletto","reliquary:IridiumChain","Empty Cage","Medical Kit","Whetstone","Ice Cream","reliquary:PorcupineQuills","Prayer Wheel","REME_HourglassOfDeath","Happy Flower","reliquary:Spinner","Cursed Key","Membership Card","REME_PuzzleBoxRelic","reliquary:BoilingFlask","Omamori","Oddly Smooth Stone","TentaclePot:ReiMu","Strawberry"],"acts_visited":["Exordium","TheCity","TheBeyond"],"potions_floor_usage":[50,50],"damage_taken":[{"damage":0.0,"enemies":"Small Slimes","floor":1.0,"turns":8.0},{"damage":0.0,"enemies":"Cultist","floor":5.0,"turns":5.0},{"damage":0.0,"enemies":"3 Sentries","floor":6.0,"turns":5.0},{"damage":0.0,"enemies":"Jaw Worm","floor":7.0,"turns":5.0},{"damage":2.0,"enemies":"Exordium Wildlife","floor":8.0,"turns":7.0},{"damage":31.0,"enemies":"Lagavulin","floor":10.0,"turns":9.0},{"damage":1.0,"enemies":"Red Slaver","floor":11.0,"turns":4.0},{"damage":11.0,"enemies":"Gremlin Nob","floor":14.0,"turns":3.0},{"damage":15.0,"enemies":"Slime Boss","floor":16.0,"turns":11.0},{"damage":9.0,"enemies":"Shell Parasite","floor":18.0,"turns":6.0},{"damage":13.0,"enemies":"Chosen","floor":20.0,"turns":6.0},{"damage":14.0,"enemies":"Centurion and Healer","floor":21.0,"turns":4.0},{"damage":42.0,"enemies":"Gremlin Leader","floor":23.0,"turns":9.0},{"damage":29.0,"enemies":"Slavers","floor":25.0,"turns":8.0},{"damage":9.0,"enemies":"Book of Stabbing","floor":28.0,"turns":3.0},{"damage":0.0,"enemies":"Gremlin Leader","floor":30.0,"turns":8.0},{"damage":0.0,"enemies":"Chosen and Byrds","floor":31.0,"turns":4.0},{"damage":57.0,"enemies":"Automaton","floor":33.0,"turns":8.0},{"damage":21.0,"enemies":"3 Shapes","floor":35.0,"turns":7.0},{"damage":9.0,"enemies":"3 Darklings","floor":38.0,"turns":3.0},{"damage":0.0,"enemies":"Sphere and 2 Shapes","floor":39.0,"turns":3.0},{"damage":4.0,"enemies":"Giant Head","floor":40.0,"turns":6.0},{"damage":7,"enemies":"Maw","floor":44,"turns":6},{"damage":12,"enemies":"Reptomancer","floor":45,"turns":5},{"damage":0,"enemies":"Transient","floor":46,"turns":5},{"damage":0,"enemies":"Time Eater","floor":50,"turns":8}],"seed_played":"6045265839630072202","potions_obtained":[{"floor":1.0,"key":"SkillPotion"},{"floor":7.0,"key":"Swift Potion"},{"floor":11.0,"key":"Fire Potion"},{"floor":18.0,"key":"PowerPotion"},{"floor":23.0,"key":"Regen Potion"},{"floor":30.0,"key":"CultistPotion"},{"floor":33.0,"key":"Dexterity Potion"},{"floor":35.0,"key":"EntropicBrew"},{"floor":38.0,"key":"PowerPotion"}],"is_trial":false,"path_per_floor":["M","$","?","?","M","E","M","M","T","E","M","$","R","E","R","B",null,"M","$","M","M","T","E","R","E","T","R","E","$","E","M","R","B",null,"M","$","?","M","M","E","R","T","T","M","E","M","?","$","R","B",null],"character_chosen":"REMILIA","items_purchased":["reliquary:Stiletto","Medical Kit","FavorOfDestiny","Happy Flower","Membership Card","REME_PuzzleBoxRelic","REME_Flogging","TentaclePot:ReiMu","Strawberry"],"campfire_rested":3,"item_purchase_floors":[12,19,29,29,36,36,36,48,48],"current_hp_per_floor":[72,72,57,57,57,59,59,57,57,33,32,32,32,22,22,18,61,58,58,51,40,40,5,27,17,17,17,12,12,12,18,40,9,59,46,46,46,38,38,48,48,48,48,49,49,58,48,55,79,82],"gold":30,"neow_bonus":"THREE_ENEMY_KILL","is_daily":false,"chose_seed":false,"campfire_upgraded":4,"win_rate":0.0,"timestamp":1614167245,"path_taken":["M","$","?","?","M","E","M","M","T","E","?","$","R","E","R","BOSS","M","?","M","M","?","E","R","E","T","R","E","$","E","M","R","BOSS","M","$","?","M","M","E","R","?","T","?","E","M","?","$","R","BOSS"],"items_purchased_type":["Relic","Relic","Card","Relic","Relic","Relic","Card","Relic","Relic"],"build_version":"2020-12-22","purchased_purges":3,"victory":true,"max_hp_per_floor":[75,75,75,75,75,75,75,75,75,75,75,75,75,75,75,75,75,75,75,75,75,75,75,75,75,75,75,75,75,75,75,75,75,75,75,75,75,75,75,75,75,75,75,75,75,75,75,82,82,82],"card_choices":[{"not_picked":["StarOfDavid","BlasphemousPunishment"],"picked":"FavorOfDestiny","floor":1.0},{"not_picked":["ScarletDevil","ChainGang"],"picked":"EndlessAdversity","floor":5.0},{"not_picked":["RedRainbow","VampireFantasy","ScarletImprint"],"picked":"SKIP","floor":6.0},{"not_picked":["RedRainbow","VampireFantasy","ScarletImprint"],"picked":"SKIP","floor":6.0},{"not_picked":["MastersStateliness","VampireKiss","ReincarnationDial"],"picked":"SKIP","floor":7.0},{"not_picked":["BlasphemousPunishment","BombardNight","CharismaGuard"],"picked":"SKIP","floor":8.0},{"not_picked":["BlasphemousPunishment","EquivalentExchange","MiserableFate"],"picked":"SKIP","floor":10.0},{"not_picked":["LeisurelyOfLord","BlasphemousPunishment"],"picked":"UnstableMagic","floor":11.0},{"not_picked":["ForbiddenFruit","BlasphemousPunishment"],"picked":"FitfulNightmare","floor":14.0},{"not_picked":["BloodySeventeenLaser","HellCatastrophe"],"picked":"DemonKingCradle","floor":16.0},{"not_picked":["UnderTheZenith","ScarletDream"],"picked":"DiffusionOfMisfortune+1","floor":18.0},{"not_picked":["Ultimatum","StarOfDavid+1"],"picked":"RedRainbow+1","floor":20.0},{"not_picked":["BadLadyScramble","ScarletDevil"],"picked":"AfternoonTea","floor":21.0},{"not_picked":["BloodySeventeenLaser","MillenniumVampire+1"],"picked":"Stigmanizer+1","floor":23.0},{"not_picked":["EmergencyRegeneration+1","RedRainbow"],"picked":"ScarletImprint+1","floor":25.0},{"not_picked":["MastersStateliness","StarOfDavid+1","AfternoonTea"],"picked":"SKIP","floor":28.0},{"not_picked":["BombardNight","EndlessAdversity+1","BadLadyScramble"],"picked":"SKIP","floor":30.0},{"not_picked":["BombardNight","DiffusionOfMisfortune","BloodHunter"],"picked":"SKIP","floor":31.0},{"not_picked":["AfternoonTea","MastersStateliness+1","ScarletImprint"],"picked":"SKIP","floor":31.0},{"not_picked":["NightDance+1","CharismaGuard","EternalNight+1"],"picked":"SKIP","floor":35.0},{"not_picked":["CharismaGuard","BombardNight+1","VampireKiss+1"],"picked":"SKIP","floor":35.0},{"not_picked":["BloodHunter","RedRainbow+1"],"picked":"MillenniumVampire+1","floor":38.0},{"not_picked":["StarOfDavid+1","ForbiddenFruit","MastersStateliness"],"picked":"SKIP","floor":38.0},{"not_picked":["ScarletGensokyo+1","BloodyTrap"],"picked":"DiffusionOfMisfortune+1","floor":39.0},{"not_picked":["EndlessAdversity","RedRainbow+1","BlasphemousPunishment"],"picked":"SKIP","floor":39.0},{"not_picked":["NightDance","ReincarnationDial+1"],"picked":"BloodRain","floor":40.0},{"not_picked":["BlasphemousPunishment+1","StarOfDavid"],"picked":"UnstableMagic+1","floor":44},{"not_picked":["Septette+1","EndlessAdversity+1","NightDance"],"picked":"SKIP","floor":44},{"not_picked":["DiffusionOfMisfortune","RedNightlessCastle"],"picked":"ScarletCoffin","floor":45},{"not_picked":["ScarletDevilSign","NightDance+1"],"picked":"UnstableMagic+1","floor":46},{"not_picked":["ScarletImprint","StarOfDavid","ReincarnationDial"],"picked":"SKIP","floor":46},{"not_picked":["Flash of Steel","Metamorphosis"],"picked":"REME_PuzzleBox","floor":47}],"player_experience":925641,"relics_obtained":[{"floor":6.0,"key":"Whetstone"},{"floor":9.0,"key":"Ancient Tea Set"},{"floor":10.0,"key":"reliquary:ExpiredCoupon"},{"floor":14.0,"key":"reliquary:IridiumChain"},{"floor":22.0,"key":"reliquary:SculptingSteel"},{"floor":23.0,"key":"reliquary:FerryPass"},{"floor":25.0,"key":"Ice Cream"},{"floor":25.0,"key":"reliquary:PorcupineQuills"},{"floor":26.0,"key":"Prayer Wheel"},{"floor":28.0,"key":"REME_HourglassOfDeath"},{"floor":30.0,"key":"reliquary:Spinner"},{"floor":40.0,"key":"reliquary:BoilingFlask"},{"floor":43,"key":"Omamori"},{"floor":45,"key":"Oddly Smooth Stone"}],"event_choices":[{"damage_healed":0.0,"max_hp_gain":0.0,"max_hp_loss":0.0,"gold_gain":0.0,"event_name":"Shining Light","player_choice":"Entered Light","floor":3.0,"gold_loss":0.0,"damage_taken":15.0,"cards_upgraded":["Strike_RM","Defend_RM"]},{"cards_removed":["FavorOfDestiny"],"damage_healed":0.0,"max_hp_gain":0.0,"max_hp_loss":0.0,"gold_gain":0.0,"event_name":"Falling","player_choice":"Removed Skill","floor":37.0,"gold_loss":0.0,"damage_taken":0.0},{"damage_healed":0,"gold_gain":0,"player_choice":"Memory 3","damage_taken":10,"max_hp_gain":0,"max_hp_loss":0,"event_name":"SensoryStone","floor":47,"gold_loss":0}],"is_beta":false,"boss_relics":[{"not_picked":["Ectoplasm","bronze:MakeshiftBattery"],"picked":"Empty Cage"},{"not_picked":["Runic Pyramid","Pandora\u0027s Box"],"picked":"Cursed Key"}],"items_purged_floors":[2,12,48],"is_endless":false,"potions_floor_spawned":[1,7,8,11,18,23,30,33,35,38,45],"ascension_level":11}}