{"host":"vhu12qr9yy4p5pn7","time":1614172723,"event":{"mods":["BaseMod","Challenge The Spire","Downfall","Minty Spire (QoL Compilation)","Permanent Neow","Quick Restart","Spicy Shops","StSLib","óô»ðÖ¸ÄÏ"],"gold_per_floor":[2697,1692,1719,1746,1773,1773,1140,469,498,533,567,579,138,150,188,231,272,309],"floor_reached":19,"language":"ZHS","playtime":5485,"items_purged":["Strike_B","Strike_B","Strike_B","Defend_B","Strike_B"],"score":395,"play_id":"dcd9b5f0-3e65-4686-b81f-4d3300864505","local_time":"20210224211843","daily_mods":["challengethespire:Bronze Difficulty","challengethespire:Elite Rush","Uncertain Future"],"is_ascension_mode":false,"campfire_choices":[{"data":"Heatsinks","floor":14,"key":"SMITH"}],"circlet_count":0,"master_deck":["Strike_B+1","Defend_B","Defend_B","Defend_B","Zap+1","Dualcast","Capacitor","Good Instincts","Loop","Streamline+1","Heatsinks","Defragment","Heatsinks+1","Defragment","Purity","Conserve Battery","Double Energy","Strike_B","Multi-Cast","Heatsinks","Go for the Eyes","Creative AI","Gash+1"],"relics":["Cracked Core","Black Star","Sling","PreservedInsect","Chemical X","Toolbox","HornCleat","Blood Vial","Peace Pipe","hexamod:Sixitude","Blue Candle","hexamod:BolsterEngine","Potion Belt","ClockworkSouvenir","Guardian:BottledAnomaly","champ:DeflectingBracers","Centennial Puzzle","Du-Vu Doll","Art of War","StrikeDummy","Bag of Marbles","bronze:MakeshiftBattery","Medical Kit","Omamori","Membership Card","Whetstone","champ:Barbells","Bag of Preparation","Gambling Chip","Lee\u0027s Waffle","Akabeko","hexamod:CandleOfCauterizing","CaptainsWheel","TungstenRod","Cables","MawBank","Inserter","DollysMirror","Gremlin Horn","Guardian:PocketSentry","FossilizedHelix","Molten Egg 2","Anchor","Sundial","Oddly Smooth Stone","Turnip","Letter Opener"],"acts_visited":["Exordium"],"potions_floor_usage":[1,1],"damage_taken":[{"damage":0,"enemies":"Gremlin Nob","floor":3,"turns":3},{"damage":4,"enemies":"3 Sentries","floor":4,"turns":4},{"damage":0,"enemies":"Lagavulin","floor":5,"turns":3},{"damage":4,"enemies":"Slavers","floor":9,"turns":4},{"damage":0,"enemies":"Book of Stabbing","floor":10,"turns":2},{"damage":9,"enemies":"Gremlin Leader","floor":11,"turns":3},{"damage":0,"enemies":"Nemesis","floor":15,"turns":4},{"damage":8,"enemies":"Giant Head","floor":16,"turns":5},{"damage":0,"enemies":"Reptomancer","floor":17,"turns":2},{"damage":12,"enemies":"Shield and Spear","floor":18,"turns":3}],"seed_played":"7537748439228943702","potions_obtained":[{"floor":3,"key":"BlessingOfTheForge"},{"floor":10,"key":"Swift Potion"}],"is_trial":true,"path_per_floor":["$","R","E","E","E","T","R","$","E","E","E","T","R","R","E","E","E","E",null],"character_chosen":"DEFECT","items_purchased":["Chemical X","Toolbox","Fruit Juice","HornCleat","Blood Vial","FairyPotion","Slimebound:ThreeZeroPotion","Strength Potion","Peace Pipe","hexamod:Sixitude","Capacitor","Good Instincts","Blue Candle","Loop","Streamline","hexamod:BolsterEngine","Potion Belt","ClockworkSouvenir","GamblersBrew","Guardian:BottledAnomaly","Medical Kit","Omamori","Membership Card","Heatsinks","Whetstone","champ:Barbells","Bag of Preparation","Gambling Chip","Lee\u0027s Waffle","Defragment","Purity","Conserve Battery","Multi-Cast","DollysMirror","Gremlin Horn"],"campfire_rested":0,"item_purchase_floors":[1,1,1,1,1,1,1,1,1,1,1,1,2,2,2,2,2,2,2,2,7,7,7,7,8,8,8,8,8,8,8,8,13,13,13],"current_hp_per_floor":[85,85,85,81,83,83,83,92,88,90,83,83,83,83,85,79,81,71],"gold":321,"neow_bonus":"","is_daily":false,"chose_seed":false,"campfire_upgraded":1,"win_rate":0.0,"timestamp":1614172723,"path_taken":["$","R","E","E","E","T","R","$","E","E","E","T","R","R","E","E","E","E"],"items_purchased_type":["Relic","Relic","Potion","Relic","Relic","Potion","Potion","Potion","Relic","Relic","Card","Card","Relic","Card","Card","Relic","Relic","Relic","Potion","Relic","Relic","Relic","Relic","Card","Relic","Relic","Relic","Relic","Relic","Card","Card","Card","Card","Relic","Relic"],"build_version":"2020-11-29","purchased_purges":5,"victory":true,"max_hp_per_floor":[85,85,85,85,85,85,85,92,92,92,92,92,92,92,92,92,92,92],"card_choices":[],"player_experience":46262,"relics_obtained":[{"floor":3,"key":"champ:DeflectingBracers"},{"floor":3,"key":"Centennial Puzzle"},{"floor":4,"key":"Du-Vu Doll"},{"floor":4,"key":"Art of War"},{"floor":5,"key":"StrikeDummy"},{"floor":5,"key":"Bag of Marbles"},{"floor":9,"key":"Akabeko"},{"floor":9,"key":"hexamod:CandleOfCauterizing"},{"floor":10,"key":"CaptainsWheel"},{"floor":10,"key":"TungstenRod"},{"floor":11,"key":"Cables"},{"floor":11,"key":"MawBank"},{"floor":15,"key":"Guardian:PocketSentry"},{"floor":15,"key":"FossilizedHelix"},{"floor":16,"key":"Molten Egg 2"},{"floor":16,"key":"Anchor"},{"floor":17,"key":"Sundial"},{"floor":17,"key":"Oddly Smooth Stone"},{"floor":18,"key":"Turnip"},{"floor":18,"key":"Letter Opener"}],"event_choices":[],"is_beta":false,"boss_relics":[{"not_picked":["Empty Cage","FrozenCore"],"picked":"bronze:MakeshiftBattery"},{"not_picked":["Pandora\u0027s Box","sneckomod:SneckoTalon"],"picked":"Inserter"}],"items_purged_floors":[1,2,7,8,13],"is_endless":false,"potions_floor_spawned":[3,10,11,15,17],"ascension_level":0}}