{"host":"13o02hya6v6rzuva","time":1614166968,"event":{"mods":["BaseMod","Minty Spire (QoL Compilation)","Relic Stats"],"gold_per_floor":[109,109,109,109,124,124,147,183,230,230,269,283,296,315,315,439,439,408,432,432,451,451,451,451,451],"floor_reached":24,"language":"ENG","playtime":2317,"items_purged":[],"score":400,"play_id":"16150311-73b9-4a1f-adb1-7d4f40522d63","local_time":"20210224124248","is_ascension_mode":true,"campfire_choices":[{"data":"Deadly Poison","floor":6.0,"key":"SMITH"},{"floor":10.0,"key":"REST"},{"floor":15.0,"key":"REST"},{"floor":23.0,"key":"REST"}],"circlet_count":0,"master_deck":["AscendersBane","Strike_G","Strike_G","Strike_G","Strike_G","Strike_G","Defend_G","Defend_G","Defend_G","Defend_G","Defend_G","Survivor","Neutralize","Bouncing Flask+1","Deadly Poison+1","Deadly Poison","Catalyst+1","Dodge and Roll","Backflip","Poisoned Stab","Poisoned Stab","Wraith Form v2","CurseOfTheBell","Calculated Gamble+1","Deflect","Writhe","Leg Sweep"],"relics":["Ring of the Snake","Golden Idol","Oddly Smooth Stone","Sundial","Vajra","Bottled Lightning","Calling Bell","Strawberry","Letter Opener","Turnip","Akabeko"],"acts_visited":["Exordium","TheCity"],"potions_floor_usage":[],"damage_taken":[{"damage":2.0,"enemies":"Cultist","floor":1.0,"turns":5.0},{"damage":3.0,"enemies":"Jaw Worm","floor":5.0,"turns":2.0},{"damage":0.0,"enemies":"Small Slimes","floor":7.0,"turns":3.0},{"damage":33.0,"enemies":"3 Sentries","floor":8.0,"turns":12.0},{"damage":19.0,"enemies":"Lagavulin","floor":11.0,"turns":4.0},{"damage":8.0,"enemies":"Exordium Thugs","floor":12.0,"turns":4.0},{"damage":6.0,"enemies":"2 Fungi Beasts","floor":13.0,"turns":2.0},{"damage":0.0,"enemies":"3 Louse","floor":14.0,"turns":1.0},{"damage":0.0,"enemies":"The Guardian","floor":16.0,"turns":6.0},{"damage":25.0,"enemies":"2 Thieves","floor":18.0,"turns":5.0},{"damage":8.0,"enemies":"Chosen","floor":19.0,"turns":4.0},{"damage":18.0,"enemies":"Shelled Parasite and Fungi","floor":21.0,"turns":5.0},{"damage":58,"enemies":"3 Cultists","floor":24,"turns":7}],"seed_played":"123989194960556458","potions_obtained":[{"floor":1.0,"key":"Strength Potion"},{"floor":5.0,"key":"Explosive Potion"},{"floor":7.0,"key":"LiquidMemories"},{"floor":16.0,"key":"Swift Potion"}],"is_trial":false,"path_per_floor":["M","?","?","?","M","R","M","E","T","R","E","M","M","M","R","B",null,"M","M","?","M","?","R","M"],"character_chosen":"THE_SILENT","items_purchased":[],"campfire_rested":3,"item_purchase_floors":[],"current_hp_per_floor":[68,68,65,65,62,62,62,29,29,50,31,23,17,17,38,38,70,45,37,37,19,19,42,0,0],"gold":451,"neow_bonus":"TEN_PERCENT_HP_BONUS","is_daily":false,"chose_seed":false,"campfire_upgraded":1,"win_rate":0.0,"timestamp":1614166968,"path_taken":["M","?","?","?","?","R","M","E","T","R","E","M","M","M","R","BOSS","M","M","?","M","?","R","?"],"items_purchased_type":[],"build_version":"2020-12-22","purchased_purges":0,"victory":false,"max_hp_per_floor":[77,71,71,71,71,71,71,71,71,71,71,71,71,71,71,71,78,78,78,78,78,78,78,78,78],"relic_stats":{"counters":[13,60],"Golden Idol":70,"Sundial":[4],"Turnip":[2],"Letter Opener":[39],"obtain_stats":[{"Calling Bell":17,"Golden Idol":2,"Sundial":8,"Strawberry":17,"Oddly Smooth Stone":3,"Vajra":9,"Turnip":17,"Bottled Lightning":11,"Letter Opener":17,"Akabeko":20,"Ring of the Snake":0},{"Calling Bell":9,"Golden Idol":1,"Sundial":4,"Strawberry":9,"Oddly Smooth Stone":1,"Vajra":4,"Turnip":9,"Bottled Lightning":5,"Letter Opener":9,"Akabeko":11,"Ring of the Snake":0},{"Calling Bell":39,"Golden Idol":5,"Sundial":22,"Strawberry":39,"Oddly Smooth Stone":5,"Vajra":22,"Turnip":39,"Bottled Lightning":26,"Letter Opener":39,"Akabeko":48,"Ring of the Snake":0}],"Ring of the Snake":[26]},"card_choices":[{"not_picked":["Deadly Poison","Poisoned Stab"],"picked":"Bouncing Flask","floor":1.0},{"not_picked":["Dagger Throw","Endless Agony"],"picked":"Deadly Poison","floor":5.0},{"not_picked":["Dodge and Roll","Accuracy"],"picked":"Deadly Poison","floor":7.0},{"not_picked":["Terror","Burst"],"picked":"Catalyst","floor":8.0},{"not_picked":["Expertise","Accuracy"],"picked":"Dodge and Roll","floor":11.0},{"not_picked":["Acrobatics","Blade Dance"],"picked":"Backflip","floor":12.0},{"not_picked":["Eviscerate","Quick Slash"],"picked":"Poisoned Stab","floor":13.0},{"not_picked":["Sucker Punch","Slice"],"picked":"Poisoned Stab","floor":14.0},{"not_picked":["Storm of Steel","A Thousand Cuts"],"picked":"Wraith Form v2","floor":16.0},{"not_picked":["Dagger Spray","Caltrops"],"picked":"Calculated Gamble+1","floor":18.0},{"not_picked":["Eviscerate","Reflex"],"picked":"Deflect","floor":19.0},{"not_picked":["Expertise","Dagger Spray"],"picked":"Leg Sweep","floor":21.0}],"player_experience":1255636,"relics_obtained":[{"floor":8.0,"key":"Sundial"},{"floor":9.0,"key":"Vajra"},{"floor":11.0,"key":"Bottled Lightning"},{"floor":17.0,"key":"Strawberry"},{"floor":17.0,"key":"Letter Opener"},{"floor":17.0,"key":"Turnip"}],"event_choices":[{"damage_healed":0.0,"max_hp_gain":0.0,"max_hp_loss":6.0,"gold_gain":0.0,"event_name":"Golden Idol","player_choice":"Lose Max HP","floor":2.0,"gold_loss":0.0,"damage_taken":0.0,"relics_obtained":["Golden Idol"]},{"damage_healed":0.0,"max_hp_gain":0.0,"max_hp_loss":0.0,"gold_gain":0.0,"event_name":"Scrap Ooze","player_choice":"Success","floor":3.0,"gold_loss":0.0,"damage_taken":3.0,"relics_obtained":["Oddly Smooth Stone"]},{"damage_healed":0.0,"max_hp_gain":0.0,"max_hp_loss":0.0,"gold_gain":0.0,"event_name":"Accursed Blacksmith","player_choice":"Forge","floor":4.0,"gold_loss":0.0,"damage_taken":0.0,"cards_upgraded":["Bouncing Flask"]},{"damage_healed":0.0,"max_hp_gain":0.0,"max_hp_loss":0.0,"gold_gain":0.0,"event_name":"The Mausoleum","player_choice":"Opened","floor":20.0,"gold_loss":0.0,"damage_taken":0.0,"relics_obtained":["Akabeko"],"cards_obtained":["Writhe"]},{"damage_healed":0.0,"max_hp_gain":0.0,"max_hp_loss":0.0,"gold_gain":0.0,"event_name":"Upgrade Shrine","player_choice":"Upgraded","floor":22.0,"gold_loss":0.0,"damage_taken":0.0,"cards_upgraded":["Catalyst"]}],"is_beta":false,"boss_relics":[{"not_picked":["Runic Dome","Philosopher\u0027s Stone"],"picked":"Calling Bell"}],"items_purged_floors":[],"is_endless":false,"potions_floor_spawned":[1,5,7,16],"killed_by":"3 Cultists","ascension_level":11}}