{"host":"tnuwi4l1p9i8nc6x","time":1614204831,"event":{"mods":["Act Like it!","Aspiration","Astrologer","BaseMod","Beaked The Cultist","Better Third Choice","BetterRewards","Colored Map","Colored Powertips","Conspire","Defuse TimeMaze Blight","Downfall","Extra Virgin Snecko Oil","Friendly Minions","Hermit","Hubris","Infinite Spire","Jorbs\u0027s Wanderer Trilogy","Marisa????????","Minty Spire (QoL Compilation)","Permanent Neow","Rare Cards Sparkle","Remilia??????","Replay The Spire","Shop Mod","StSLib","The Bug Knight","The Construct","The Cursed","The Disciple","The Hierophant","The Jungle","The Marked","The Necromancer","The Poker Player","The Runesmith","The Senshi","The Servant 0.9.4","TheBandit"],"gold_per_floor":[118,293,221,221,221,221,254,254,254,274,274,304,304,324,324,324,324],"floor_reached":16,"language":"ENG","playtime":733,"items_purged":["Shame"],"score":106,"play_id":"cf73290a-360e-401f-83ea-b7f17bc7acf6","local_time":"20210224171351","is_ascension_mode":false,"campfire_choices":[{"data":"Acrobatics","floor":6,"key":"SMITH"},{"floor":8,"key":"REST"},{"floor":11,"key":"REST"}],"circlet_count":0,"master_deck":["Strike_G","Strike_G","Strike_G","Defend_G","Defend_G","Survivor","Neutralize","hubris:Wrath","Acrobatics+1","Doubt","Spreading Infection","Acrobatics","hubris:TrickCloak+1","Dodge and Roll","Acrobatics"],"relics":["PokerPlayerMod:DeckCase","Kintsugi","ChewingGum","ReplayTheSpireMod:CursedCoin","MerchantsRug","infinitespire:Cubic Diamond","PreservedInsect","Bag of Marbles","Replay:Bottled Steam","Replay:Rubber Ducky"],"acts_visited":["Exordium"],"potions_floor_usage":[7],"damage_taken":[{"damage":1,"enemies":"Small Slimes","floor":1,"turns":3},{"damage":45,"enemies":"HollowMod:MossKnight","floor":7,"turns":12},{"damage":0,"enemies":"Jaw Worm","floor":10,"turns":3},{"damage":46,"enemies":"Gremlin Nob","floor":12,"turns":5},{"damage":5,"enemies":"2 Louse","floor":14,"turns":2},{"damage":38,"enemies":"Hexaghost","floor":16,"turns":9}],"seed_played":"5748192835652020176","potions_obtained":[{"floor":1,"key":"Swift Potion"},{"floor":7,"key":"SmokeBomb"}],"is_trial":false,"path_per_floor":["M","?","$","?","T","R","E","R","T","M","R","E","?","M","R_BF","B"],"character_chosen":"THE_SILENT","items_purchased":["ReplayTheSpireMod:CursedCoin","MerchantsRug"],"campfire_rested":2,"item_purchase_floors":[3,3],"current_hp_per_floor":[69,69,69,69,69,69,24,45,45,45,66,20,43,38,38,0,0],"gold":324,"neow_bonus":"DOUBLE_BOSS_RELIC","is_daily":false,"chose_seed":false,"campfire_upgraded":1,"win_rate":0.0,"timestamp":1614204831,"path_taken":["M","?","$","?","?","R","E","R","T","M","R","E","?","M","R_BF","BOSS"],"items_purchased_type":["Relic","Relic"],"build_version":"2020-12-22","purchased_purges":1,"victory":false,"max_hp_per_floor":[70,70,70,70,70,70,70,70,70,70,70,70,70,70,70,70,70],"card_choices":[{"not_picked":["Endless Agony","Expertise"],"picked":"Acrobatics","floor":1},{"not_picked":["Underhanded Strike","Accuracy"],"picked":"Acrobatics","floor":7},{"not_picked":["Quick Slash","hubris:Sniper"],"picked":"hubris:TrickCloak","floor":10},{"not_picked":["Replay:Poison Smokescreen","Storm of Steel"],"picked":"Dodge and Roll","floor":12},{"not_picked":["Sucker Punch","Blur"],"picked":"Acrobatics","floor":14}],"player_experience":768995,"relics_obtained":[{"floor":5,"key":"PreservedInsect"},{"floor":7,"key":"Bag of Marbles"},{"floor":9,"key":"Replay:Bottled Steam"},{"floor":12,"key":"Replay:Rubber Ducky"}],"event_choices":[{"damage_healed":0,"gold_gain":175,"player_choice":"AGREE","damage_taken":118,"max_hp_gain":0,"max_hp_loss":0,"event_name":"betterThird:BetterSerpent","floor":2,"gold_loss":0},{"damage_healed":23,"gold_gain":0,"player_choice":"Banana","damage_taken":0,"max_hp_gain":0,"max_hp_loss":0,"event_name":"Big Fish","floor":13,"gold_loss":0}],"is_beta":false,"boss_relics":[],"items_purged_floors":[3],"is_endless":false,"potions_floor_spawned":[1,7],"killed_by":"Hexaghost","ascension_level":0}}