{"host":"rolltorest","time":1614138529,"event":{"mods":["BaseMod","Minty Spire (QoL Compilation)","Relic Stats","Slay the Relics Exporter","StSLib"],"gold_per_floor":[118,43,43,61,136,136,177,177,202,202,236,250,250,271,271,271,271],"floor_reached":16,"language":"ENG","playtime":264,"items_purged":["Strike_R"],"score":266,"play_id":"b7916ffd-2e9c-498d-adad-2d1d6c41be49","local_time":"20210223194849","is_ascension_mode":true,"campfire_choices":[{"data":"Clothesline","floor":6,"key":"SMITH"},{"data":"Disarm","floor":10,"key":"SMITH"},{"data":"Fiend Fire","floor":13,"key":"SMITH"},{"data":"Bash","floor":15,"key":"SMITH"}],"circlet_count":0,"master_deck":["AscendersBane","Strike_R","Strike_R","Strike_R","Strike_R","Defend_R","Defend_R","Defend_R","Defend_R","Bash+1","Disarm+1","Clothesline+1","Anger+1","Fiend Fire+1","Dropkick"],"relics":["Burning Blood","NeowsBlessing","Golden Idol","Bag of Marbles","Strawberry","Blood Vial"],"acts_visited":["Exordium"],"potions_floor_usage":[],"damage_taken":[{"damage":0,"enemies":"Cultist","floor":1,"turns":1},{"damage":0,"enemies":"Jaw Worm","floor":4,"turns":1},{"damage":0,"enemies":"Lagavulin","floor":7,"turns":1},{"damage":54,"enemies":"3 Sentries","floor":11,"turns":10},{"damage":0,"enemies":"Small Slimes","floor":12,"turns":2},{"damage":3,"enemies":"Blue Slaver","floor":14,"turns":3},{"damage":33,"enemies":"Slime Boss","floor":16,"turns":6}],"seed_played":"-2355094112244842280","potions_obtained":[{"floor":1,"key":"Strength Potion"},{"floor":11,"key":"Explosive Potion"}],"is_trial":false,"path_per_floor":["M","$","?","M","?","R","E","?","T","R","E","M","R","M","R","B"],"character_chosen":"IRONCLAD","items_purchased":[],"campfire_rested":0,"item_purchase_floors":[],"current_hp_per_floor":[74,74,68,68,57,57,63,63,70,70,22,30,30,35,35,4,4],"gold":271,"neow_bonus":"THREE_ENEMY_KILL","is_daily":false,"chose_seed":false,"campfire_upgraded":4,"win_rate":0.0,"timestamp":1614138529,"path_taken":["M","$","?","M","?","R","E","?","T","R","E","M","R","M","R","BOSS"],"items_purchased_type":[],"build_version":"2020-12-18","purchased_purges":1,"victory":false,"max_hp_per_floor":[75,75,68,68,68,68,68,68,75,75,75,75,75,75,75,75,75],"relic_stats":{"Blood Vial":6,"counters":[7,24],"Golden Idol":26,"obtain_stats":[{"Blood Vial":11,"NeowsBlessing":0,"Golden Idol":3,"Strawberry":9,"Bag of Marbles":7,"Burning Blood":0},{"Blood Vial":4,"NeowsBlessing":0,"Golden Idol":1,"Strawberry":3,"Bag of Marbles":3,"Burning Blood":0},{"Blood Vial":13,"NeowsBlessing":0,"Golden Idol":1,"Strawberry":3,"Bag of Marbles":3,"Burning Blood":0}],"Burning Blood":30},"card_choices":[{"not_picked":["Sword Boomerang","Heavy Blade"],"picked":"Disarm","floor":1},{"not_picked":["Wild Strike","Infernal Blade"],"picked":"Clothesline","floor":4},{"not_picked":["Heavy Blade","Iron Wave"],"picked":"Anger","floor":7},{"not_picked":["Spot Weakness","Pommel Strike"],"picked":"Fiend Fire","floor":11},{"not_picked":["Thunderclap","Body Slam","True Grit"],"picked":"SKIP","floor":12},{"not_picked":["Cleave","Thunderclap"],"picked":"Dropkick","floor":14}],"player_experience":2028819,"relics_obtained":[{"floor":7,"key":"Bag of Marbles"},{"floor":9,"key":"Strawberry"},{"floor":11,"key":"Blood Vial"}],"event_choices":[{"damage_healed":0,"gold_gain":0,"player_choice":"Lose Max HP","damage_taken":0,"relics_obtained":["Golden Idol"],"max_hp_gain":0,"max_hp_loss":7,"event_name":"Golden Idol","floor":3,"gold_loss":0},{"damage_healed":0,"gold_gain":75,"player_choice":"Gather Gold","damage_taken":11,"max_hp_gain":0,"max_hp_loss":0,"event_name":"World of Goop","floor":5,"gold_loss":0},{"damage_healed":0,"gold_gain":0,"player_choice":"Grow","damage_taken":0,"max_hp_gain":0,"max_hp_loss":0,"event_name":"Living Wall","floor":8,"gold_loss":0,"cards_upgraded":["Anger"]}],"is_beta":true,"boss_relics":[],"items_purged_floors":[2],"is_endless":false,"potions_floor_spawned":[1,11,14],"killed_by":"Slime Boss","ascension_level":20}}