{"host":"of8gj1gadsx6jhxl","time":1614169625,"event":{"mods":["BaseMod","Bestiary","Colored Map","Minty Spire (QoL Compilation)","Reliquary","Shop Mod","StSLib"],"gold_per_floor":[119,119,130,146,158,158,175,175,175,256,271,281,131,151,151,248,248,264,89,103,103,117,117,132,148,148,148,148,63,63,63],"floor_reached":30,"language":"ENG","playtime":2933,"items_purged":["Blizzard","Strike_B"],"score":287,"play_id":"6695b9a7-8a73-474a-9079-a3ed0873b916","local_time":"20210224072705","is_ascension_mode":true,"campfire_choices":[{"data":"Reinforced Body","floor":6,"key":"SMITH"},{"floor":15,"key":"REST"},{"data":"Darkness","floor":23,"key":"SMITH"}],"circlet_count":0,"master_deck":["Defend_B","Defend_B","Defend_B+1","Defend_B+1","Zap","Dualcast","Reinforced Body+1","Darkness+1","Stack","Hello World","BootSequence","Multi-Cast","Heatsinks","Self Repair","Rainbow","Force Field+1","Storm","Writhe","Defragment","Ghostly","Ghostly","Ghostly","Ghostly","Ghostly","Bite","Bite","Bite","Bite","Bite"],"relics":["Cracked Core","reliquary:JackalopeAntler","Sozu","reliquary:Stiletto","Darkstone Periapt","Eternal Feather"],"acts_visited":["Exordium","TheCity"],"potions_floor_usage":[16,16,18],"damage_taken":[{"damage":8,"enemies":"2 Louse","floor":1,"turns":2},{"damage":5,"enemies":"Small Slimes","floor":3,"turns":3},{"damage":6,"enemies":"Jaw Worm","floor":4,"turns":4},{"damage":3,"enemies":"Red Slaver","floor":5,"turns":4},{"damage":10,"enemies":"Looter","floor":7,"turns":3},{"damage":0,"enemies":"Large Slime","floor":11,"turns":7},{"damage":2,"enemies":"Blue Slaver","floor":12,"turns":4},{"damage":0,"enemies":"3 Louse","floor":14,"turns":5},{"damage":13,"enemies":"The Guardian","floor":16,"turns":13},{"damage":3,"enemies":"3 Byrds","floor":18,"turns":2},{"damage":10,"enemies":"Spheric Guardian","floor":20,"turns":8},{"damage":46,"enemies":"3 Cultists","floor":22,"turns":8},{"damage":31,"enemies":"Sentry and Sphere","floor":24,"turns":5},{"damage":12,"enemies":"Snake Plant","floor":25,"turns":4},{"damage":19,"enemies":"Shelled Parasite and Fungi","floor":30,"turns":4}],"seed_played":"5961586373080593506","potions_obtained":[{"floor":3,"key":"SkillPotion"},{"floor":5,"key":"LiquidBronze"},{"floor":7,"key":"Energy Potion"}],"is_trial":false,"path_per_floor":["M","?","M","M","M","R","M","?","T","T","M","M","$","M","R","B",null,"M","$","M","?","M","R","M","M","T","?","?","?","M"],"character_chosen":"DEFECT","items_purchased":["Heatsinks","Storm"],"campfire_rested":1,"item_purchase_floors":[13,19],"current_hp_per_floor":[74,74,69,63,60,60,50,34,34,34,34,32,32,32,56,50,82,79,79,76,76,37,37,13,8,8,8,8,8,0,0],"gold":63,"neow_bonus":"TEN_PERCENT_HP_BONUS","is_daily":false,"chose_seed":false,"campfire_upgraded":2,"win_rate":0.0,"timestamp":1614169625,"path_taken":["M","?","M","M","M","R","M","?","T","?","M","M","$","M","R","BOSS","M","$","M","?","M","R","M","M","T","?","?","?","M"],"items_purchased_type":["Card","Card"],"build_version":"2020-12-22","purchased_purges":2,"victory":false,"max_hp_per_floor":[82,82,82,82,82,82,82,82,82,82,82,82,82,82,82,82,82,82,82,82,82,82,82,82,82,82,41,28,28,28,28],"card_choices":[{"not_picked":["Steam","Beam Cell"],"picked":"Reinforced Body","floor":1},{"not_picked":["Sweeping Beam","Tempest"],"picked":"Darkness","floor":3},{"not_picked":["Sweeping Beam","Heatsinks"],"picked":"Stack","floor":4},{"not_picked":["Rebound","Turbo"],"picked":"Hello World","floor":5},{"not_picked":["Streamline","Tempest"],"picked":"BootSequence","floor":7},{"not_picked":["Beam Cell","Turbo","BootSequence"],"picked":"SKIP","floor":11},{"not_picked":["Ball Lightning","Darkness"],"picked":"Multi-Cast","floor":12},{"not_picked":["Cold Snap","Gash"],"picked":"Self Repair","floor":14},{"not_picked":["Fission","Machine Learning"],"picked":"Rainbow","floor":16},{"not_picked":["Rebound","Conserve Battery"],"picked":"Force Field+1","floor":18},{"not_picked":["Conserve Battery+1","Gash","Rip and Tear"],"picked":"SKIP","floor":20},{"not_picked":["BootSequence","Tempest","Chill+1"],"picked":"SKIP","floor":22},{"not_picked":["FTL","Force Field"],"picked":"Defragment","floor":24},{"not_picked":["Melter","Barrage+1","Stack"],"picked":"SKIP","floor":25}],"player_experience":135539,"relics_obtained":[{"floor":10,"key":"reliquary:JackalopeAntler"},{"floor":26,"key":"Darkstone Periapt"}],"event_choices":[{"damage_healed":0,"gold_gain":0,"cards_transformed":["Strike_B"],"player_choice":"Change","damage_taken":0,"max_hp_gain":0,"max_hp_loss":0,"event_name":"Living Wall","floor":2,"gold_loss":0,"cards_obtained":["Blizzard"]},{"damage_healed":0,"gold_gain":0,"player_choice":"Entered Light","damage_taken":16,"max_hp_gain":0,"max_hp_loss":0,"event_name":"Shining Light","floor":8,"gold_loss":0,"cards_upgraded":["Defend_B","Defend_B"]},{"damage_healed":0,"gold_gain":0,"player_choice":"Opened","damage_taken":0,"relics_obtained":["reliquary:Stiletto"],"max_hp_gain":0,"max_hp_loss":0,"event_name":"The Mausoleum","floor":21,"gold_loss":0,"cards_obtained":["Writhe"]},{"damage_healed":0,"gold_gain":0,"player_choice":"Became a Ghost","damage_taken":0,"max_hp_gain":0,"max_hp_loss":41,"event_name":"Ghosts","floor":27,"gold_loss":0,"cards_obtained":["Ghostly","Ghostly","Ghostly","Ghostly","Ghostly"]},{"damage_healed":0,"gold_gain":0,"player_choice":"Became a vampire","damage_taken":0,"max_hp_gain":0,"max_hp_loss":13,"event_name":"Vampires","floor":28,"gold_loss":0,"cards_obtained":["Bite","Bite","Bite","Bite","Bite"]},{"damage_healed":0,"gold_gain":0,"player_choice":"Obtained Relic","damage_taken":0,"relics_obtained":["Eternal Feather"],"max_hp_gain":0,"max_hp_loss":0,"event_name":"Addict","floor":29,"gold_loss":85}],"is_beta":false,"boss_relics":[{"not_picked":["Runic Dome","Tiny House"],"picked":"Sozu"}],"items_purged_floors":[13,19],"is_endless":false,"potions_floor_spawned":[3,5,7,12,20,25],"killed_by":"Shelled Parasite and Fungi","ascension_level":1}}