{"host":"p0hktren06injwdf","time":1614183392,"event":{"mods":["AchievementEnabler","BaseMod","Colored Map","DeckTracker","Minty Spire (QoL Compilation)","Permanent Neow","StSLib","SuperFastMode"],"gold_per_floor":[113,132,3,13,27,27,54,54,54,89,89,114,127,25,25,123,186,199,114,39,36,36,70,70,70,70,145,179,179,179],"floor_reached":29,"language":"KOR","playtime":591,"items_purged":["Strike_G"],"score":542,"play_id":"999a7a0d-b9fa-4f7e-afe5-8c43b3434f26","local_time":"20210225011632","is_ascension_mode":true,"campfire_choices":[{"floor":6,"key":"RECALL"},{"floor":15,"key":"REST"},{"floor":26,"key":"REST"}],"circlet_count":0,"master_deck":["AscendersBane","Strike_G","Strike_G","Defend_G","Defend_G","Defend_G","Defend_G","Defend_G","Survivor","Neutralize","Reflex","Skewer","Dash","Footwork","Backflip","Cloak And Dagger","Venomology","Malaise","Choke","Dagger Spray","Flash of Steel+1","A Thousand Cuts","Acrobatics","Escape Plan","Escape Plan","Phantasmal Killer","Eviscerate","Blade Dance"],"relics":["Fusion Hammer","Eternal Feather","Question Card","Ornamental Fan","Golden Idol","Tiny House","Juzu Bracelet","Paper Crane","Singing Bowl","Orichalcum"],"acts_visited":["Exordium","TheCity"],"potions_floor_usage":[7,13,16,16,18,18,21,23,23,28,28],"damage_taken":[{"damage":0.0,"enemies":"2 Louse","floor":1.0,"turns":4.0},{"damage":2,"enemies":"Jaw Worm","floor":2,"turns":6},{"damage":1,"enemies":"Small Slimes","floor":4,"turns":3},{"damage":0,"enemies":"2 Fungi Beasts","floor":5,"turns":3},{"damage":44,"enemies":"Gremlin Nob","floor":7,"turns":5},{"damage":9,"enemies":"3 Sentries","floor":10,"turns":14},{"damage":6,"enemies":"3 Louse","floor":12,"turns":3},{"damage":0,"enemies":"Gremlin Gang","floor":13,"turns":4},{"damage":43,"enemies":"Slime Boss","floor":16,"turns":12},{"damage":11,"enemies":"Chosen","floor":18,"turns":5},{"damage":18,"enemies":"2 Thieves","floor":21,"turns":4},{"damage":27,"enemies":"Book of Stabbing","floor":23,"turns":7},{"damage":20,"enemies":"Book of Stabbing","floor":28,"turns":9},{"damage":34,"enemies":"Masked Bandits","floor":29,"turns":3}],"seed_played":"8534845296350019261","potions_obtained":[{"floor":1.0,"key":"GamblersBrew"},{"floor":10,"key":"DistilledChaos"},{"floor":16,"key":"Ancient Potion"},{"floor":17,"key":"Fire Potion"},{"floor":21,"key":"Fruit Juice"},{"floor":23,"key":"ColorlessPotion"}],"is_trial":false,"path_per_floor":["M","M","$","M","M","R","E","?","T","E","?","M","M","$","R","B",null,"M","?","$","M","?","E","E","?","R","T","E","?"],"character_chosen":"THE_SILENT","items_purchased":["Dash","Footwork","Flash of Steel"],"campfire_rested":2,"item_purchase_floors":[3,3,14],"current_hp_per_floor":[59,57,57,56,56,56,12,34,34,25,25,19,19,19,49,6,52,41,41,41,28,28,1,1,15,51,51,31,0,0],"gold":179,"neow_bonus":"BOSS_RELIC","is_daily":false,"chose_seed":false,"campfire_upgraded":0,"win_rate":0.0,"timestamp":1614183392,"path_taken":["M","M","$","M","M","R","E","?","T","E","?","M","M","$","R","BOSS","M","?","$","M","?","E","E","?","R","T","E","?"],"items_purchased_type":["Card","Card","Card"],"build_version":"2020-12-22","purchased_purges":1,"victory":false,"max_hp_per_floor":[66,66,66,66,66,66,66,66,66,66,60,60,60,60,60,60,65,65,65,65,70,70,70,70,70,70,70,70,70,70],"card_choices":[{"not_picked":["Expertise","Heel Hook"],"picked":"Reflex","floor":1.0},{"not_picked":["Deadly Poison","Outmaneuver"],"picked":"Skewer","floor":2},{"not_picked":["Sucker Punch","Prepared"],"picked":"Backflip","floor":4},{"not_picked":["Dagger Spray","Escape Plan"],"picked":"Cloak And Dagger","floor":5},{"not_picked":["Dagger Spray","PiercingWail"],"picked":"Venomology","floor":7},{"not_picked":["Bouncing Flask","Dodge and Roll","Slice"],"picked":"Malaise","floor":10},{"not_picked":["Sucker Punch","Acrobatics","Poisoned Stab"],"picked":"Choke","floor":12},{"not_picked":["Predator","Dagger Throw","Outmaneuver"],"picked":"Dagger Spray","floor":13},{"not_picked":["Storm of Steel","Die Die Die","Doppelganger"],"picked":"A Thousand Cuts","floor":16},{"not_picked":["Predator","Expertise","Catalyst"],"picked":"Acrobatics","floor":17},{"not_picked":["Cloak And Dagger","Outmaneuver","Well Laid Plans"],"picked":"Escape Plan","floor":18},{"not_picked":["Dodge and Roll","Deadly Poison","Prepared"],"picked":"Escape Plan","floor":21},{"not_picked":["Heel Hook+1","Backflip","Underhanded Strike","Flying Knee"],"picked":"SKIP","floor":23},{"not_picked":["Die Die Die","Deadly Poison","Flying Knee"],"picked":"Blade Dance","floor":28}],"player_experience":1109552,"relics_obtained":[{"floor":7,"key":"Eternal Feather"},{"floor":9,"key":"Question Card"},{"floor":10,"key":"Ornamental Fan"},{"floor":23,"key":"Paper Crane"},{"floor":27,"key":"Singing Bowl"},{"floor":28,"key":"Orichalcum"}],"event_choices":[{"damage_healed":22,"gold_gain":0,"player_choice":"Banana","damage_taken":0,"max_hp_gain":0,"max_hp_loss":0,"event_name":"Big Fish","floor":8,"gold_loss":0},{"damage_healed":0,"gold_gain":0,"player_choice":"Lose Max HP","damage_taken":0,"relics_obtained":["Golden Idol"],"max_hp_gain":0,"max_hp_loss":6,"event_name":"Golden Idol","floor":11,"gold_loss":0},{"damage_healed":0,"gold_gain":0,"player_choice":"Obtained Relic","damage_taken":0,"relics_obtained":["Juzu Bracelet"],"max_hp_gain":0,"max_hp_loss":0,"event_name":"Addict","floor":19,"gold_loss":85},{"damage_healed":0,"gold_gain":0,"cards_transformed":["Strike_G","Strike_G"],"player_choice":"Became Test Subject","damage_taken":0,"max_hp_gain":0,"max_hp_loss":0,"event_name":"Drug Dealer","floor":22,"gold_loss":0,"cards_obtained":["Phantasmal Killer","Eviscerate"]},{"damage_healed":14,"gold_gain":0,"player_choice":"Heal","damage_taken":0,"max_hp_gain":0,"max_hp_loss":0,"event_name":"The Library","floor":25,"gold_loss":0},{"damage_healed":0,"gold_gain":0,"player_choice":"Fought Bandits","damage_taken":0,"max_hp_gain":0,"max_hp_loss":0,"event_name":"Masked Bandits","floor":29,"gold_loss":0}],"is_beta":false,"boss_relics":[{"not_picked":["Velvet Choker","Ectoplasm"],"picked":"Tiny House"}],"items_purged_floors":[20],"is_endless":false,"potions_floor_spawned":[1,10,12,16,21,23],"killed_by":"Masked Bandits","ascension_level":20}}