{"host":"7w6ov1yk0fsofwk8","time":1614134270,"event":{"mods":["AchievementEnabler","BaseMod","Hermit","Minty Spire (QoL Compilation)","StSLib","The Cursed","The Hierophant","The Runesmith","The Senshi","The Servant 0.9.4"],"gold_per_floor":[109,123,123,141,154,154,189,189,189,205,216,216,216,235,235,310,310,329,340,345,365,360,360,360,360,360,455,526,526,608,690,690,828,828,924,391,481,574,650,650,771,771,771,826,826,906,906,906,906,856],"floor_reached":51,"language":"ENG","playtime":3214,"items_purged":["Writhe"],"score":790,"play_id":"d512f1cf-3c32-4fff-9251-299706f12028","local_time":"20210223213750","is_ascension_mode":false,"campfire_choices":[{"data":"hierophant:ChurchCoffers","floor":6.0,"key":"SMITH"},{"data":"hierophant:RepressedViolence","floor":8.0,"key":"SMITH"},{"data":"1","floor":13.0,"key":"LIFT"},{"floor":15.0,"key":"REST"},{"data":"hierophant:BulkyChest","floor":23,"key":"SMITH"},{"data":"2","floor":29,"key":"LIFT"},{"data":"hierophant:Bribe","floor":32,"key":"SMITH"},{"data":"hierophant:DivineIntervention","floor":40,"key":"SMITH"},{"data":"hierophant:FlamingChariot","floor":45,"key":"SMITH"},{"data":"3","floor":47,"key":"LIFT"},{"data":"hierophant:PristineSoul","floor":49,"key":"SMITH"}],"circlet_count":0,"master_deck":["hierophant:Punish","hierophant:Defend_Hierophant","hierophant:Defend_Hierophant","hierophant:ChurchCoffers+1","hierophant:ThreeLashes","hierophant:FieryStrike","hierophant:SealAway","hierophant:RepressedViolence+1","hierophant:Determination","hierophant:Bribe+1","hierophant:FieryStrike","hierophant:Sermon","hierophant:DivineIntervention+1","hierophant:Flagellation+1","hierophant:DisplayOfPower","hierophant:SolarFlare+1","hierophant:BulkyChest+1","Bite","Bite","Bite","Bite","Bite","hierophant:HolyVerse","hierophant:LocustPlague","CurseOfTheBell","hierophant:PristineSoul+1","hierophant:Flagellation+1","hierophant:Bribe+1","hierophant:Bribe+1","hierophant:Alms","hierophant:FlamingChariot+1","hierophant:TollTheBells+1","Madness"],"relics":["hierophant:PropheticMaskRelic","Thread and Needle","Girya","Ginger","Snecko Eye","StoneCalendar","Mummified Hand","MealTicket","Calling Bell","Pen Nib","Frozen Egg 2","Pocketwatch","Lee\u0027s Waffle","Orichalcum","Bag of Marbles","Ice Cream","Eternal Feather","Meat on the Bone"],"acts_visited":["Exordium","TheCity","TheBeyond"],"potions_floor_usage":[33,50,50,50,50,50],"damage_taken":[{"damage":0.0,"enemies":"2 Louse","floor":1.0,"turns":2.0},{"damage":0.0,"enemies":"Jaw Worm","floor":2.0,"turns":5.0},{"damage":5.0,"enemies":"Small Slimes","floor":4.0,"turns":2.0},{"damage":9.0,"enemies":"3 Louse","floor":5.0,"turns":2.0},{"damage":20.0,"enemies":"Gremlin Nob","floor":7.0,"turns":4.0},{"damage":4.0,"enemies":"Gremlin Gang","floor":10.0,"turns":3.0},{"damage":7.0,"enemies":"Blue Slaver","floor":11.0,"turns":3.0},{"damage":18.0,"enemies":"Lagavulin","floor":12.0,"turns":7.0},{"damage":0.0,"enemies":"3 Louse","floor":14.0,"turns":1.0},{"damage":21.0,"enemies":"Hexaghost","floor":16.0,"turns":12.0},{"damage":0,"enemies":"Shell Parasite","floor":18,"turns":5},{"damage":11,"enemies":"Chosen","floor":19,"turns":4},{"damage":29,"enemies":"Centurion and Healer","floor":20,"turns":7},{"damage":3,"enemies":"Snecko","floor":21,"turns":4},{"damage":0,"enemies":"Sentry and Sphere","floor":22,"turns":2},{"damage":5,"enemies":"Slavers","floor":27,"turns":4},{"damage":12,"enemies":"Snake Plant","floor":28,"turns":2},{"damage":2,"enemies":"Centurion and Healer","floor":30,"turns":3},{"damage":1,"enemies":"Shelled Parasite and Fungi","floor":31,"turns":2},{"damage":37,"enemies":"Champ","floor":33,"turns":7},{"damage":6,"enemies":"3 Darklings","floor":35,"turns":3},{"damage":3,"enemies":"3 Shapes","floor":37,"turns":2},{"damage":1,"enemies":"3 Darklings","floor":38,"turns":2},{"damage":14,"enemies":"Maw","floor":39,"turns":6},{"damage":0,"enemies":"2 Orb Walkers","floor":41,"turns":3},{"damage":0,"enemies":"Nemesis","floor":44,"turns":3},{"damage":9,"enemies":"Spire Growth","floor":46,"turns":5},{"damage":12,"enemies":"Time Eater","floor":50,"turns":4}],"seed_played":"3207254797690032896","potions_obtained":[{"floor":1.0,"key":"Strength Potion"},{"floor":7.0,"key":"PowerPotion"},{"floor":14.0,"key":"DuplicationPotion"},{"floor":16.0,"key":"DuplicationPotion"},{"floor":33,"key":"EntropicBrew"},{"floor":37,"key":"BlessingOfTheForge"}],"is_trial":false,"path_per_floor":["M","M","?","M","M","R","E","R","T","M","M","E","R","M","R","B",null,"M","M","M","M","M","R","?","?","T","E","M","R","M","M","R","B",null,"M","$","M","M","M","R","?","?","T","E","R","M","R","?","R","B",null],"character_chosen":"HIEROPHANT","items_purchased":["Lee\u0027s Waffle","Orichalcum","Bag of Marbles"],"campfire_rested":1,"item_purchase_floors":[36,36,36],"current_hp_per_floor":[82,82,75,70,61,61,41,41,41,37,32,18,18,18,42,21,82,82,82,72,82,82,82,57,57,57,57,51,51,57,56,56,47,57,57,64,63,64,59,59,64,64,64,64,64,62,64,64,64,55],"gold":856,"neow_bonus":"TEN_PERCENT_HP_BONUS","is_daily":false,"chose_seed":false,"campfire_upgraded":7,"win_rate":0.0,"timestamp":1614134270,"path_taken":["M","M","?","M","M","R","E","R","T","M","M","E","R","M","R","BOSS","M","M","M","M","M","R","?","?","T","E","M","R","M","M","R","BOSS","M","$","M","M","M","R","?","?","T","E","R","?","R","?","R","BOSS"],"items_purchased_type":["Relic","Relic","Relic"],"build_version":"2020-12-22","purchased_purges":1,"victory":true,"max_hp_per_floor":[82,82,82,82,82,82,82,82,82,82,82,82,82,82,82,82,82,82,82,82,82,82,82,57,57,57,57,57,57,57,57,57,57,57,57,64,64,64,64,64,64,64,64,64,64,64,64,64,64,64],"card_choices":[{"not_picked":["hierophant:Exaltation","hierophant:FlamingChariot","hierophant:HammerAndAnvil"],"picked":"SKIP","floor":1.0},{"not_picked":["hierophant:FlamingChariot","hierophant:HammerAndAnvil"],"picked":"hierophant:ThreeLashes","floor":2.0},{"not_picked":["hierophant:Zeal","hierophant:OrnateBuckler"],"picked":"hierophant:FieryStrike","floor":4.0},{"not_picked":["hierophant:Empathy","hierophant:Chorus"],"picked":"hierophant:SealAway","floor":5.0},{"not_picked":["hierophant:Smite","hierophant:FaithHealing"],"picked":"hierophant:RepressedViolence","floor":7.0},{"not_picked":["hierophant:Zeal","hierophant:PassingBell"],"picked":"hierophant:Determination","floor":10.0},{"not_picked":["hierophant:RustyCrate","hierophant:Chorus"],"picked":"hierophant:Bribe","floor":11.0},{"not_picked":["hierophant:Remorse","hierophant:OrnateBuckler"],"picked":"hierophant:FieryStrike","floor":12.0},{"not_picked":["hierophant:Empathy","hierophant:PassingBell"],"picked":"hierophant:Sermon","floor":14.0},{"not_picked":["hierophant:Anathema","hierophant:Cornucopia"],"picked":"hierophant:DivineIntervention","floor":16.0},{"not_picked":["hierophant:Dazzle","hierophant:RustyCrate","hierophant:FieryStrike"],"picked":"SKIP","floor":18},{"not_picked":["hierophant:TollTheBells+1","hierophant:SealAway"],"picked":"hierophant:Flagellation+1","floor":19},{"not_picked":["hierophant:Encroach","hierophant:HammerAndAnvil+1"],"picked":"hierophant:DisplayOfPower","floor":20},{"not_picked":["hierophant:FlamingChariot","hierophant:Zeal"],"picked":"hierophant:SolarFlare+1","floor":21},{"not_picked":["hierophant:Purify","hierophant:Sermon+1"],"picked":"hierophant:BulkyChest","floor":22},{"not_picked":["hierophant:Charity+1","hierophant:DeathKnell","hierophant:AuricBeam"],"picked":"SKIP","floor":27},{"not_picked":["hierophant:OrnateBuckler+1","hierophant:Remorse","hierophant:Smite"],"picked":"SKIP","floor":28},{"not_picked":["hierophant:Shelter","hierophant:FieryStrike+1","hierophant:DisplayOfPower"],"picked":"SKIP","floor":30},{"not_picked":["hierophant:OrnateBuckler","hierophant:Doubloon"],"picked":"hierophant:HolyVerse","floor":31},{"not_picked":["hierophant:Cornucopia","hierophant:MintersHammer"],"picked":"hierophant:LocustPlague","floor":33},{"not_picked":["hierophant:Embezzle","hierophant:CoinFling+1"],"picked":"hierophant:PristineSoul","floor":35},{"not_picked":["hierophant:Purify","hierophant:AuricBeam"],"picked":"hierophant:Flagellation+1","floor":37},{"not_picked":["hierophant:Cornucopia","hierophant:Embezzle+1","hierophant:Dazzle+1"],"picked":"SKIP","floor":38},{"not_picked":["hierophant:FlamingChariot","hierophant:SecretStash"],"picked":"hierophant:Bribe+1","floor":39},{"not_picked":["hierophant:Mercenaries","hierophant:Refuge+1"],"picked":"hierophant:Bribe+1","floor":41},{"not_picked":["hierophant:BulkyChest","hierophant:Doubloon+1"],"picked":"hierophant:FlamingChariot","floor":44},{"not_picked":["hierophant:Embezzle+1","hierophant:PassingBell"],"picked":"hierophant:TollTheBells+1","floor":46},{"not_picked":["Flash of Steel","Bandage Up"],"picked":"Madness","floor":48}],"player_experience":17873,"relics_obtained":[{"floor":7.0,"key":"Thread and Needle"},{"floor":9.0,"key":"Girya"},{"floor":12.0,"key":"Ginger"},{"floor":26,"key":"Mummified Hand"},{"floor":27,"key":"MealTicket"},{"floor":34,"key":"Pen Nib"},{"floor":34,"key":"Frozen Egg 2"},{"floor":34,"key":"Pocketwatch"},{"floor":41,"key":"Ice Cream"},{"floor":43,"key":"Eternal Feather"},{"floor":44,"key":"Meat on the Bone"}],"event_choices":[{"cards_removed":["hierophant:Defend_Hierophant"],"damage_healed":0.0,"max_hp_gain":0.0,"max_hp_loss":0.0,"gold_gain":0.0,"event_name":"Golden Wing","player_choice":"Card Removal","floor":3.0,"gold_loss":0.0,"damage_taken":7.0},{"damage_healed":0,"gold_gain":0,"player_choice":"Became a vampire","damage_taken":0,"max_hp_gain":0,"max_hp_loss":25,"event_name":"Vampires","floor":24,"gold_loss":0,"cards_obtained":["Bite","Bite","Bite","Bite","Bite"]},{"damage_healed":0,"gold_gain":0,"player_choice":"Opened","damage_taken":0,"relics_obtained":["StoneCalendar"],"max_hp_gain":0,"max_hp_loss":0,"event_name":"The Mausoleum","floor":25,"gold_loss":0,"cards_obtained":["Writhe"]},{"damage_healed":0,"gold_gain":0,"player_choice":"Fight","damage_taken":0,"max_hp_gain":0,"max_hp_loss":0,"event_name":"Mysterious Sphere","floor":41,"gold_loss":0},{"damage_healed":0,"gold_gain":0,"cards_transformed":["hierophant:Defend_Hierophant"],"player_choice":"Transformed","damage_taken":0,"max_hp_gain":0,"max_hp_loss":0,"event_name":"Transmorgrifier","floor":42,"gold_loss":0,"cards_obtained":["hierophant:Alms"]},{"damage_healed":0,"gold_gain":0,"player_choice":"Memory 1","damage_taken":0,"max_hp_gain":0,"max_hp_loss":0,"event_name":"SensoryStone","floor":48,"gold_loss":0}],"is_beta":false,"boss_relics":[{"not_picked":["Tiny House","Runesmith:UraniumAnvil"],"picked":"Snecko Eye"},{"not_picked":["Fusion Hammer","Coffee Dripper"],"picked":"Calling Bell"}],"items_purged_floors":[36],"is_endless":false,"potions_floor_spawned":[1,7,14,16,18,21,30,33,37,39,46],"ascension_level":0}}