{"host":"y13mj1mxwnd5xx1x","time":1614150989,"event":{"mods":["AchievementEnabler","BaseMod","Minty Spire (QoL Compilation)"],"gold_per_floor":[114,39,54,69,84,84,114,46,121,121,136,151,181,196,196,296,296,311,326,425,436,461,461,461,461],"floor_reached":24,"language":"ENG","playtime":1168,"items_purged":["Strike_R"],"score":233,"play_id":"a53d3b0b-bb6a-492a-ba5e-8d0bd2914abd","local_time":"20210224011629","daily_mods":["Heirloom","Colorless Cards","DeadlyEvents"],"is_ascension_mode":false,"campfire_choices":[{"data":"Inflame","floor":6,"key":"SMITH"},{"data":"Heavy Blade","floor":10,"key":"SMITH"},{"data":"Armaments","floor":15,"key":"SMITH"},{"floor":23,"key":"REST"}],"circlet_count":0,"master_deck":["Strike_R","Strike_R","Strike_R","Strike_R","Defend_R","Defend_R","Defend_R","Defend_R","Bash","Cleave","Inflame+1","Heavy Blade+1","Demon Form","Hemokinesis","Madness","Armaments+1","Feed","Double Tap","Evolve"],"relics":["Burning Blood","Magic Flower","Gremlin Horn","Sundial","Bottled Flame","SlaversCollar","Red Mask","Centennial Puzzle"],"acts_visited":["Exordium","TheCity"],"potions_floor_usage":[7,21,21,21],"damage_taken":[{"damage":1,"enemies":"Cultist","floor":1,"turns":4},{"damage":6,"enemies":"Jaw Worm","floor":3,"turns":4},{"damage":7,"enemies":"2 Louse","floor":4,"turns":2},{"damage":6,"enemies":"Blue Slaver","floor":5,"turns":6},{"damage":21,"enemies":"Lagavulin","floor":7,"turns":5},{"damage":9,"enemies":"3 Louse","floor":11,"turns":3},{"damage":7,"enemies":"Looter","floor":12,"turns":3},{"damage":24,"enemies":"Gremlin Nob","floor":13,"turns":4},{"damage":22,"enemies":"Large Slime","floor":14,"turns":9},{"damage":27,"enemies":"The Guardian","floor":16,"turns":10},{"damage":52,"enemies":"Spheric Guardian","floor":18,"turns":9},{"damage":34,"enemies":"2 Thieves","floor":19,"turns":5},{"damage":15,"enemies":"Masked Bandits","floor":21,"turns":4},{"damage":62,"enemies":"Book of Stabbing","floor":24,"turns":6}],"seed_played":"1986488565424594500","potions_obtained":[{"floor":5,"key":"BloodPotion"},{"floor":7,"key":"Block Potion"},{"floor":13,"key":"SneckoOil"},{"floor":14,"key":"BlessingOfTheForge"},{"floor":21,"key":"AttackPotion"}],"is_trial":false,"path_per_floor":["M","$","M","M","M","R","E","$","T","R","M","M","E","M","R","B",null,"M","M","?","?","T","R","E"],"character_chosen":"IRONCLAD","items_purchased":["Hemokinesis"],"campfire_rested":1,"item_purchase_floors":[8],"current_hp_per_floor":[80,80,80,80,80,80,80,80,80,80,80,80,65,58,58,46,88,51,31,31,30,30,59,0,0],"gold":461,"neow_bonus":"","is_daily":true,"chose_seed":false,"campfire_upgraded":3,"win_rate":0.0,"timestamp":1614150989,"path_taken":["M","$","M","M","M","R","E","?","T","R","?","M","E","M","R","BOSS","M","M","?","?","?","R","E"],"items_purchased_type":["Card"],"build_version":"2020-12-22","purchased_purges":1,"victory":false,"max_hp_per_floor":[80,80,80,80,80,80,80,80,80,80,80,80,80,84,84,88,88,92,95,95,98,98,98,98,98],"card_choices":[{"not_picked":["Flex","Body Slam"],"picked":"Cleave","floor":1},{"not_picked":["Second Wind","Flash of Steel"],"picked":"Inflame","floor":3},{"not_picked":["Anger","Warcry","Flex"],"picked":"SKIP","floor":4},{"not_picked":["Cleave","Dark Embrace"],"picked":"Heavy Blade","floor":5},{"not_picked":["Forethought","Feel No Pain"],"picked":"Demon Form","floor":7},{"not_picked":["Cleave","Clothesline"],"picked":"Madness","floor":11},{"not_picked":["Clothesline","Sever Soul"],"picked":"Armaments","floor":12},{"not_picked":["Headbutt","Sword Boomerang"],"picked":"Feed","floor":13},{"not_picked":["Pommel Strike","Armaments","Body Slam"],"picked":"SKIP","floor":14},{"not_picked":["Secret Weapon","Corruption"],"picked":"Double Tap","floor":16},{"not_picked":["Pommel Strike","Warcry+1","Feel No Pain"],"picked":"SKIP","floor":18},{"not_picked":["Iron Wave","Heavy Blade"],"picked":"Evolve","floor":19}],"player_experience":208223,"relics_obtained":[{"floor":7,"key":"Gremlin Horn"},{"floor":9,"key":"Sundial"},{"floor":13,"key":"Bottled Flame"},{"floor":21,"key":"Red Mask"},{"floor":22,"key":"Centennial Puzzle"}],"event_choices":[{"damage_healed":0,"gold_gain":99,"player_choice":"Stole From Cult","damage_taken":0,"max_hp_gain":0,"max_hp_loss":0,"event_name":"Nest","floor":20,"gold_loss":0},{"damage_healed":0,"gold_gain":0,"player_choice":"Fought Bandits","damage_taken":0,"max_hp_gain":0,"max_hp_loss":0,"event_name":"Masked Bandits","floor":21,"gold_loss":0}],"is_beta":false,"boss_relics":[{"not_picked":["Tiny House","Black Star"],"picked":"SlaversCollar"}],"items_purged_floors":[2],"is_endless":false,"potions_floor_spawned":[5,7,13,14,21],"killed_by":"Book of Stabbing","ascension_level":0}}