{"host":"j6f6v8ly7ajbjvlz","time":1614178209,"event":{"mods":["ATMod(阿瑾Mod)","Act Like it!","Arknights","BaseMod","Colored Powertips","Friendly Minions","Gensokyo","HumanHunterMod(怪物杀人mod)","KinomotoSakuraMod(木之本樱)","Kiyohime（清姬）","Library of Ruina","Library of Ruina Extra","Minty Spire (QoL Compilation)","Relic Stats","RumiaBox-露米娅的神秘盒子","Spicy Shops","StSLib","Yakumo Yukari mod","【功能Mod】混沌之环修复补丁","【遗物卡牌】REMEMod","篝火指南"],"gold_per_floor":[113,145,35,62,81,109,123,338,391,418,428,268,128,153,153,258,258,269,269,280,297,52,52,64,64,64,464,482,532,189,189,189,294,294,314,314,314,529,529,57,370,389,414,414,442,442,458,478,478,478],"floor_reached":51,"language":"ZHS","playtime":2184,"items_purged":[],"score":982,"play_id":"c01b1912-3123-44eb-99d3-78d12fc04b9b","local_time":"20210224225009","is_ascension_mode":false,"campfire_choices":[{"data":"1","floor":15,"key":"LIFT"},{"data":"2","floor":23,"key":"LIFT"},{"data":"3","floor":25,"key":"LIFT"},{"data":"CleanUp","floor":32,"key":"SMITH"},{"data":"AT_Desolate","floor":46,"key":"SMITH"},{"floor":49,"key":"REST"}],"circlet_count":0,"master_deck":["Dodge","LightDefense+1","LightAttack","LightAttack","LightAttack","LightDefense+1","LightDefense","LightDefense","ChargeAndCover","FocusedStrikes","AT_Desolate+1","CrackOfDawn","DarkCloud","Retaliate","GaleKick+1","FleetFootsteps","LeRegole","SunsetBlade","BayonetCombat","IngredientHunt","FleetEdge","CleanUp+1","SilentNight","DarkCloud+1","Unlock1+1","Slice_lor+1","Gensokyo:Shovel","Gensokyo:ManorOfTheDishes+1","EmotionalTurbulence","FlashOfSunup+1","SavageMode+1","SnakesPrey+1","Cruelty","FrontalAssault+1","UnforgettableMelody+1"],"relics":["PageOfLibrarian","AT_ATBox","REME_ComplimentaryCards","NeowsBlessing","Centennial Puzzle","Ccalipers","War Paint","Potion Belt","Ginger","Gensokyo:Bombinomicon","PageOfDeadButterflies","MagicDraw2","EasyGame_NEW","Gensokyo:SongOfSouls","Frozen Egg 2","PageOfBloodbath","AT_ArcaneBoots","Gensokyo:ConquerorOfFear","REME_LowDesire","Art of War","AT_EbonyIvory","Gensokyo:EmptyGrave","Toolbox","AT_ForceNature","PageOfSnowWhitesApple","Omamori","AT_RedTearstoneRing"],"acts_visited":["Gensokyo:Gensokyo","Gensokyo:Gensokyoer","Gensokyo:Gensokyoest"],"potions_floor_usage":[10,20,20,33,33,33,33,33,50],"damage_taken":[{"damage":0,"enemies":"Gensokyo:3_Fairies","floor":1,"turns":2},{"damage":0,"enemies":"Gensokyo:Mamizou","floor":2,"turns":2},{"damage":0,"enemies":"Gensokyo:Python","floor":5,"turns":2},{"damage":8,"enemies":"Gensokyo:Aya","floor":6,"turns":6},{"damage":0,"enemies":"Gensokyo:Gryphon","floor":7,"turns":4},{"damage":2,"enemies":"Gensokyo:Kitsune","floor":8,"turns":4},{"damage":0,"enemies":"Gensokyo:Cirno","floor":10,"turns":6},{"damage":0,"enemies":"Gensokyo:LivingMonolith","floor":11,"turns":2},{"damage":0,"enemies":"Gensokyo:Mamizou","floor":14,"turns":5},{"damage":11,"enemies":"Gensokyo:Kokoro","floor":16,"turns":6},{"damage":11,"enemies":"Gensokyo:3_Dogs","floor":18,"turns":3},{"damage":0,"enemies":"Gensokyo:CosmicMonolith","floor":20,"turns":1},{"damage":20,"enemies":"Gensokyo:Wraith","floor":21,"turns":3},{"damage":1,"enemies":"Gensokyo:Monolith_and_Dog","floor":24,"turns":3},{"damage":0,"enemies":"Gensokyo:Chomper_and_Gloop","floor":28,"turns":2},{"damage":40,"enemies":"Gensokyo:Kaguya","floor":33,"turns":5},{"damage":10,"enemies":"Gensokyo:3_Boulders","floor":35,"turns":4},{"damage":0,"enemies":"Gensokyo:AncientGuardian","floor":38,"turns":2},{"damage":16,"enemies":"Gensokyo:Rafflesia","floor":41,"turns":3},{"damage":0,"enemies":"Gensokyo:AtlasGolem","floor":42,"turns":2},{"damage":24,"enemies":"Gensokyo:Doremy","floor":45,"turns":3},{"damage":0,"enemies":"Gensokyo:3_Boulders","floor":47,"turns":3},{"damage":25,"enemies":"Gensokyo:Sharpion","floor":48,"turns":3},{"damage":0,"enemies":"Gensokyo:Yuyuko","floor":50,"turns":5}],"seed_played":"-3748695038714024728","potions_obtained":[{"floor":2,"key":"Explosive Potion"},{"floor":7,"key":"Weak Potion"},{"floor":8,"key":"Regen Potion"},{"floor":10,"key":"DuplicationPotion"},{"floor":14,"key":"Energy Potion"},{"floor":18,"key":"FearPotion"},{"floor":24,"key":"PowerPotion"},{"floor":28,"key":"AttackPotion"},{"floor":38,"key":"EssenceOfSteel"}],"is_trial":false,"path_per_floor":["M","?","COS","T","M","E","M","M","T","E","M","?","?","E","R","B",null,"M","?","M","M","$","R","M","R","T","?","M","T","COS","?","R","B",null,"M","?","?","M","?","R","M","M","T","?","E","R","M","M","R","B",null],"character_chosen":"Librarian","items_purchased":["Frozen Egg 2","Toolbox","AT_ForceNature","PageOfSnowWhitesApple"],"campfire_rested":1,"item_purchase_floors":[22,40,40,40],"current_hp_per_floor":[60,60,60,60,60,54,54,52,52,52,52,52,52,52,52,41,85,74,74,74,62,62,62,61,61,61,61,61,61,61,61,61,35,85,75,75,75,75,75,79,63,65,65,65,41,41,41,16,39,39],"gold":478,"neow_bonus":"THREE_ENEMY_KILL","is_daily":false,"chose_seed":false,"campfire_upgraded":2,"win_rate":0.0,"timestamp":1614178209,"path_taken":["M","?","COS","?","M","E","M","M","T","E","?","?","?","E","R","BOSS","M","?","M","M","$","R","?","R","T","?","?","?","COS","?","R","BOSS","M","?","?","M","?","R","?","M","T","?","E","R","M","M","R","BOSS"],"items_purchased_type":["Relic","Relic","Relic","Relic"],"build_version":"2020-12-22","purchased_purges":0,"victory":true,"max_hp_per_floor":[68,68,68,68,85,85,85,85,85,85,85,85,85,85,85,85,85,85,85,85,85,85,85,85,85,85,85,85,85,85,85,85,85,85,85,85,79,79,79,79,79,79,79,79,79,79,79,79,79,79],"relic_stats":{"Centennial Puzzle":[36],"counters":[25,84],"Art of War":[5],"Ginger":[15],"War Paint":["LightDefense","LightDefense"],"obtain_stats":[{"AT_ATBox":0,"Gensokyo:UndefinedDarkness":31,"AT_ArcaneBoots":50,"Ginger":10,"MagicDraw2":14,"PageOfDeadButterflies":13,"Centennial Puzzle":2,"Ccalipers":4,"Toolbox":40,"PageOfSnowWhitesApple":40,"REME_LowDesire":34,"Gensokyo:SongOfSouls":19,"Potion Belt":9,"AT_ForceNature":40,"Girya":8,"AT_RedTearstoneRing":45,"NeowsBlessing":0,"Gensokyo:Bombinomicon":12,"PageOfBloodbath":26,"AT_EbonyIvory":34,"Omamori":43,"Gensokyo:ConquerorOfFear":33,"War Paint":6,"Frozen Egg 2":22,"PageOfLibrarian":0,"Gensokyo:EmptyGrave":37,"AT_SpeedBoots":29,"Art of War":34,"EasyGame_NEW":17,"REME_ComplimentaryCards":0},{"AT_ATBox":0,"Gensokyo:UndefinedDarkness":15,"AT_ArcaneBoots":24,"Ginger":7,"MagicDraw2":9,"PageOfDeadButterflies":8,"Centennial Puzzle":2,"Ccalipers":2,"Toolbox":18,"PageOfSnowWhitesApple":18,"REME_LowDesire":16,"Gensokyo:SongOfSouls":11,"Potion Belt":6,"AT_ForceNature":18,"Girya":6,"AT_RedTearstoneRing":21,"NeowsBlessing":0,"Gensokyo:Bombinomicon":8,"PageOfBloodbath":14,"AT_EbonyIvory":16,"Omamori":20,"Gensokyo:ConquerorOfFear":16,"War Paint":4,"Frozen Egg 2":13,"PageOfLibrarian":0,"Gensokyo:EmptyGrave":17,"AT_SpeedBoots":15,"Art of War":16,"EasyGame_NEW":10,"REME_ComplimentaryCards":0},{"AT_ATBox":0,"Gensokyo:UndefinedDarkness":51,"AT_ArcaneBoots":79,"Ginger":26,"MagicDraw2":33,"PageOfDeadButterflies":28,"Centennial Puzzle":4,"Ccalipers":4,"Toolbox":62,"PageOfSnowWhitesApple":62,"REME_LowDesire":56,"Gensokyo:SongOfSouls":42,"Potion Belt":20,"AT_ForceNature":62,"Girya":19,"AT_RedTearstoneRing":70,"NeowsBlessing":0,"Gensokyo:Bombinomicon":28,"PageOfBloodbath":49,"AT_EbonyIvory":56,"Omamori":67,"Gensokyo:ConquerorOfFear":56,"War Paint":12,"Frozen Egg 2":46,"PageOfLibrarian":0,"Gensokyo:EmptyGrave":60,"AT_SpeedBoots":51,"Art of War":56,"EasyGame_NEW":39,"REME_ComplimentaryCards":0}]},"card_choices":[{"not_picked":["DevastatingThrash","FlashOfSunup","Castigation","StrongStrike","UndertakePrescript","TrimTheIngredients","FierceCharge","PreemptiveStrike"],"picked":"DarkCloud","floor":1},{"not_picked":["WillOfThePrescript","MultiBlock","IllEndYou","QuickSuppression","GutHarvesting","BackAttack","Fence","TendonChords"],"picked":"Retaliate","floor":2},{"not_picked":["SkyClearingCut+1","Diversion+1","Duel_lor+1","Parry2+1","Wallop_lor+1","FieryWaltz+1","Faith+1","Tailoring+1"],"picked":"GaleKick+1","floor":5},{"not_picked":["Reload","Pound","UpbeatPerformance","Outburst","SharpNails","ToOvercomeCrisis","Preparation","SmokingPipe"],"picked":"FleetFootsteps","floor":5},{"not_picked":["WillOfThePrescript","LoosenUp","HandleRequest","SpearedSweep","Unlock1","IronWall","MultiHit","AutomatedMovement"],"picked":"LeRegole","floor":6},{"not_picked":["AGoldenOpportunity","Rewind","Track","Collision","EnergyShield","EnergyStrike","Tailoring","DeepDrag"],"picked":"SunsetBlade","floor":7},{"not_picked":["FleetFootsteps","IllEndYou","ToOvercomeCrisis","HighSpeedStabbing","FrontalAssault","Gigigig","Observe","Diversion"],"picked":"BayonetCombat","floor":8},{"not_picked":["Quickness","DesperateStruggle","Outburst","BackstreetsDash","BiXi","GatherIntel","UpbeatPerformance","CumulusWall"],"picked":"IngredientHunt","floor":10},{"not_picked":["MirageStorm","DefenseOrder","GuardingStance","BackAttack","SturdyDefense","SharpSwipe","Outburst","Faith"],"picked":"FleetEdge","floor":11},{"not_picked":["GreatSerpentsImpact","PuppetBlockade","StructuralAnalysis","ChiWen","SerpentSwordTechnique","SharpSwipe","Leap_lor","BiAn"],"picked":"CleanUp","floor":14},{"not_picked":["SavageMode","BlazingStrike"],"picked":"SilentNight","floor":16},{"not_picked":["DevastatingThrash","StrikeDown","SharpSwipe","SharpNails","Overcharge","Tailoring+1","StructuralAnalysis","NightInTheBackstreets"],"picked":"DarkCloud+1","floor":18},{"not_picked":["GuidanceOfTheGears","MultiBlock","BiAn","ViolentFlame","StrikeDown+1","YoureTooSlow","Parry","Standoff","Quickness"],"picked":"SKIP","floor":20},{"not_picked":["Disposal","SnakesPrey","ICanCookAnything","Diversion","MultiBlock","SharpNails+1","SnakeSlit","Overcharge+1"],"picked":"Unlock1+1","floor":21},{"not_picked":["Unlock1+1","RatsGuideToSurvival","ReadyUp","DesperateStruggle","HiddenBlade","SetFire","DefenseOrder","FierceCharge"],"picked":"Slice_lor+1","floor":24},{"not_picked":["DarkCloud+1","Unlock1","StayCalm","FieryWaltz","GuardingStance+1","WillBeTasty+1","GuidanceOfTheGears","FleetFootsteps","ConcentratedFire+1"],"picked":"SKIP","floor":28},{"not_picked":["BlazingStrike","Castigation"],"picked":"EmotionalTurbulence","floor":33},{"not_picked":["BackAttack+1","Quickness","ChopItOff","WrathOfTorment","CircusKnives+1","TendonChords","DimensionalRift+1","SerpentSwordTechnique","Deep Breath+1"],"picked":"FlashOfSunup+1","floor":35},{"not_picked":["SerpentSwordTechnique+1","DesperateStruggle","Faith","Struggle+1","BackstreetsDash+1","FrontalAssault+1","Thirst+1","ViolentFlame+1","Enlightenment+1"],"picked":"SavageMode","floor":38},{"not_picked":["LeRegole","QuickAttack","FleetFootsteps","DarkCloud+1","MultiBlock+1","SerpentSwordTechnique+1","GreatSerpentsImpact+1","MultiHit","Madness"],"picked":"SnakesPrey+1","floor":41},{"not_picked":["Punishment","WillProduceFineSilk","FlamingDragonFist","DaringDecision","SilentNight","Eradication","Decapitation","FormingStorm","Castigation"],"picked":"Cruelty","floor":41},{"not_picked":["NightInTheBackstreets+1","UnavoidableGaze","ShockingBlow+1","SerpentSwordTechnique","StartinOutLightly+1","Castigation","Crush+1","Outburst","EnergyStrike+1","AT_BreakingExtremeWeapon+1"],"picked":"SKIP","floor":42},{"not_picked":["BoundaryOfDeath","ChiWen+1","EndlessBattle","TendonChords","FlashOfSunup","Pound+1","Parry2+1","IngredientHunt","REME_MagicPocketWatch+1"],"picked":"FrontalAssault+1","floor":45},{"not_picked":["MultiBlock","SunsetBlade+1","SinglePointStab+1","GuardingStance+1","ClassAndRespect","MultiHit","ScatteringSlash","FierceOnslaught","The Bomb"],"picked":"UnforgettableMelody+1","floor":47},{"not_picked":["QuickSuppression","Diversion+1","SavageMode","MultiBlock","SharpenedBlade+1","PinpointShot","QuickAttack+1","ClassAndRespect","SunsetBlade+1","Dark Shackles"],"picked":"SKIP","floor":48}],"player_experience":79096,"relics_obtained":[{"floor":2,"key":"Centennial Puzzle"},{"floor":4,"key":"Ccalipers"},{"floor":6,"key":"War Paint"},{"floor":9,"key":"Potion Belt"},{"floor":10,"key":"Ginger"},{"floor":14,"key":"MagicDraw2"},{"floor":26,"key":"PageOfBloodbath"},{"floor":29,"key":"AT_SpeedBoots"},{"floor":33,"key":"Gensokyo:ConquerorOfFear"},{"floor":34,"key":"Art of War"},{"floor":34,"key":"AT_EbonyIvory"},{"floor":43,"key":"Omamori"},{"floor":45,"key":"AT_RedTearstoneRing"}],"event_choices":[],"is_beta":false,"boss_relics":[{"not_picked":["Astrolabe","Velvet Choker"],"picked":"EasyGame_NEW"},{"not_picked":["Coffee Dripper","Snecko Eye"],"picked":"REME_LowDesire"}],"items_purged_floors":[],"is_endless":false,"potions_floor_spawned":[2,7,8,10,14,18,20,24,28,38,48],"ascension_level":0}}