{"host":"z37g2hkgkh2zjyzk","time":1614183545,"event":{"mods":["2.2 Compatiblity","AchievementEnabler","BaseMod","Bestiary","Colored Map","Colored Powertips","Curses Come First","Highlight Path","Keyboard Shortcuts","Minty Spire (QoL Compilation)","Relic Stats","StSLib","SuperFastMode"],"gold_per_floor":[118,193,203,218,18,18,49,65,65,77,89,106,106,117,117,221,221,239,252,252,31,42,42,70,70,70,270,270,286,298,310,310,406,406,406,406],"floor_reached":35,"language":"ENG","playtime":2012,"items_purged":["Strike_B"],"score":536,"play_id":"62df4ebf-97d7-4ad2-b93a-2afd4c25e970","local_time":"20210224171905","is_ascension_mode":true,"campfire_choices":[{"data":"Sunder","floor":6,"key":"SMITH"},{"floor":13,"key":"REST"},{"floor":15,"key":"REST"},{"data":"Go for the Eyes","floor":23,"key":"SMITH"},{"floor":25,"key":"REST"},{"floor":28,"key":"REST"},{"floor":32,"key":"REST"}],"circlet_count":0,"master_deck":["Strike_B","Strike_B","Strike_B","Defend_B","Defend_B","Defend_B","Defend_B","Zap","Dualcast","Double Energy","Rebound","Sunder+1","Beam Cell","Recycle","Biased Cognition","Rip and Tear","Biased Cognition","Sweeping Beam","Go for the Eyes+1","Reboot","Scrape","BootSequence","Hologram+1","Cold Snap","Turbo","Core Surge","Core Surge"],"relics":["Cracked Core","Pen Nib","Runic Capacitor","DataDisk","Art of War","Sozu","Anchor","HornCleat","Calipers","SlaversCollar"],"acts_visited":["Exordium","TheCity","TheBeyond"],"potions_floor_usage":[12,16,30],"damage_taken":[{"damage":3,"enemies":"2 Louse","floor":1,"turns":2},{"damage":1,"enemies":"Cultist","floor":3,"turns":3},{"damage":2,"enemies":"Jaw Worm","floor":4,"turns":3},{"damage":24,"enemies":"Gremlin Nob","floor":7,"turns":4},{"damage":8,"enemies":"3 Louse","floor":8,"turns":3},{"damage":9,"enemies":"2 Fungi Beasts","floor":10,"turns":2},{"damage":8,"enemies":"Red Slaver","floor":11,"turns":3},{"damage":7,"enemies":"Looter","floor":12,"turns":3},{"damage":0,"enemies":"Gremlin Gang","floor":14,"turns":4},{"damage":22,"enemies":"Slime Boss","floor":16,"turns":8},{"damage":12,"enemies":"Shell Parasite","floor":18,"turns":3},{"damage":1,"enemies":"Spheric Guardian","floor":19,"turns":3},{"damage":7,"enemies":"Centurion and Healer","floor":22,"turns":6},{"damage":35,"enemies":"Slavers","floor":24,"turns":6},{"damage":19,"enemies":"Sentry and Sphere","floor":29,"turns":4},{"damage":2,"enemies":"3 Cultists","floor":30,"turns":4},{"damage":0,"enemies":"Snecko","floor":31,"turns":3},{"damage":41,"enemies":"Collector","floor":33,"turns":14},{"damage":60,"enemies":"3 Darklings","floor":35,"turns":6}],"seed_played":"-9027736819708010464","potions_obtained":[{"floor":1,"key":"EssenceOfDarkness"},{"floor":7,"key":"Regen Potion"},{"floor":12,"key":"FocusPotion"},{"floor":16,"key":"FocusPotion"}],"is_trial":false,"path_per_floor":["M","?","M","M","$","R","E","M","T","M","M","M","R","M","R","B",null,"M","M","?","$","M","R","E","R","T","?","R","M","M","M","R","B",null,"M"],"character_chosen":"DEFECT","items_purchased":["Runic Capacitor","Beam Cell","Anchor"],"campfire_rested":5,"item_purchase_floors":[5,5,21],"current_hp_per_floor":[65,58,57,55,55,55,31,23,23,14,6,8,30,30,52,30,64,52,51,51,51,44,44,9,31,31,31,53,34,32,32,54,13,60,0,0],"gold":406,"neow_bonus":"RANDOM_COMMON_RELIC","is_daily":false,"chose_seed":false,"campfire_upgraded":2,"win_rate":0.0,"timestamp":1614183545,"path_taken":["M","?","M","M","$","R","E","M","T","M","M","M","R","M","R","BOSS","M","M","?","$","M","R","E","R","T","?","R","M","?","M","R","BOSS","M"],"items_purchased_type":["Relic","Card","Relic"],"build_version":"2020-12-22","purchased_purges":1,"victory":false,"max_hp_per_floor":[75,75,75,75,75,75,75,75,75,75,75,75,75,75,75,75,75,75,75,75,75,75,75,75,75,75,75,75,75,75,75,75,75,75,75,75],"relic_stats":{"Sozu":3,"counters":[19,84],"Pen Nib":[17],"Art of War":[4],"obtain_stats":[{"Sozu":17,"SlaversCollar":34,"DataDisk":7,"Anchor":21,"HornCleat":24,"Calipers":26,"Pen Nib":0,"Runic Capacitor":5,"Art of War":9,"Cracked Core":0},{"Sozu":10,"SlaversCollar":18,"DataDisk":4,"Anchor":12,"HornCleat":14,"Calipers":14,"Pen Nib":0,"Runic Capacitor":3,"Art of War":5,"Cracked Core":0},{"Sozu":35,"SlaversCollar":78,"DataDisk":12,"Anchor":41,"HornCleat":53,"Calipers":53,"Pen Nib":0,"Runic Capacitor":8,"Art of War":15,"Cracked Core":0}]},"card_choices":[{"not_picked":["Darkness","Streamline"],"picked":"Double Energy","floor":1},{"not_picked":["Hello World","Double Energy"],"picked":"Rebound","floor":3},{"not_picked":["Hologram","Steam"],"picked":"Sunder","floor":4},{"not_picked":["Redo","Compile Driver"],"picked":"Recycle","floor":7},{"not_picked":["Beam Cell","Steam"],"picked":"Biased Cognition","floor":8},{"not_picked":["Stack","Conserve Battery"],"picked":"Rip and Tear","floor":10},{"not_picked":["Sunder","Cold Snap"],"picked":"Biased Cognition","floor":11},{"not_picked":["Compile Driver","Recycle"],"picked":"Sweeping Beam","floor":12},{"not_picked":["Coolheaded","FTL"],"picked":"Go for the Eyes","floor":14},{"not_picked":["Multi-Cast","Hyperbeam"],"picked":"Reboot","floor":16},{"not_picked":["Go for the Eyes","Leap+1"],"picked":"Scrape","floor":18},{"not_picked":["Streamline+1","Ball Lightning"],"picked":"BootSequence","floor":19},{"not_picked":["Beam Cell","Compile Driver","Stack"],"picked":"SKIP","floor":22},{"not_picked":["Genetic Algorithm","Beam Cell"],"picked":"Hologram+1","floor":24},{"not_picked":["BootSequence+1","Hello World+1"],"picked":"Cold Snap","floor":29},{"not_picked":["Darkness+1","Melter"],"picked":"Turbo","floor":30},{"not_picked":["Go for the Eyes","Rebound"],"picked":"Core Surge","floor":31},{"not_picked":["Buffer","Fission"],"picked":"Core Surge","floor":33}],"player_experience":245204,"relics_obtained":[{"floor":7,"key":"DataDisk"},{"floor":9,"key":"Art of War"},{"floor":24,"key":"HornCleat"},{"floor":26,"key":"Calipers"}],"event_choices":[{"damage_healed":0,"gold_gain":75,"player_choice":"Touch","damage_taken":7,"max_hp_gain":0,"max_hp_loss":0,"event_name":"FaceTrader","floor":2,"gold_loss":0},{"damage_healed":0,"gold_gain":250,"player_choice":"Bet on Owner","damage_taken":0,"max_hp_gain":0,"max_hp_loss":0,"event_name":"The Joust","floor":27,"gold_loss":50}],"is_beta":false,"boss_relics":[{"not_picked":["SacredBark","Cursed Key"],"picked":"Sozu"},{"not_picked":["Snecko Eye","Nuclear Battery"],"picked":"SlaversCollar"}],"items_purged_floors":[21],"is_endless":false,"potions_floor_spawned":[1,7,12,16,19,30,33],"killed_by":"3 Darklings","ascension_level":8}}