{"host":"auii0tli5ebhxikt","time":1614133146,"event":{"mods":["ATMod(°¢èªMod)","BaseMod","Downfall","Energized Spire","Minty Spire (QoL Compilation)","Quick Restart","Relic Stats","Reliquary","Replay The Spire","Shop Mod","Spicy Shops","StSLib","The Alterego","The Marked","[IsaacMod]ÒÔÈö¼âËþ","¡¾ÒÅÎï¿¨ÅÆ¡¿REMEMod"],"gold_per_floor":[110,110,130,130,48,79,79,79,79,102,102,102,102,145,145,303,303,319,342,358,448,462,500,500,544,567,567,567],"floor_reached":27,"language":"ZHS","playtime":1510,"items_purged":[],"score":327,"play_id":"372d0043-fbb4-4f89-99cb-c534ff730a77","local_time":"20210224101906","is_ascension_mode":true,"campfire_choices":[{"data":"AT_StudyProgram","floor":7,"key":"SMITH"},{"data":"Coolheaded","floor":11,"key":"SMITH"},{"floor":15,"key":"REST"}],"circlet_count":0,"master_deck":["Strike_B","Strike_B","Strike_B","Strike_B","Defend_B","Defend_B","Defend_B","Defend_B","Zap","Dualcast","AT_ChampionStep+1","alterego_mod:ClassAdvantage","Coolheaded+1","AT_StudyProgram+1","Cold Snap","Skim","REME_Shoggoth","Beam Cell","Loop+1","downfall:Bewildered","Crystallizer","Spreading Infection","Looming Evil"],"relics":["Cracked Core","AT_ATBox","HushsDoor","REME_ComplimentaryCards","PillsDrop","NeowsBlessing","downfall:ExtraCursedKey","Mercury Hourglass","Golden Idol","Pen Nib","Gambling Chip","Fusion Hammer","DeathBook","sneckomod:BabySnecko","reliquary:Knoch","Nunchaku"],"acts_visited":["Exordium","TheCity"],"potions_floor_usage":[14,16,23,23],"damage_taken":[{"damage":0,"enemies":"2 Louse","floor":1,"turns":1},{"damage":0,"enemies":"Small Slimes","floor":3,"turns":1},{"damage":0,"enemies":"Gremlin Nob","floor":6,"turns":1},{"damage":0,"enemies":"Cultist","floor":10,"turns":3},{"damage":16,"enemies":"3 Sentries","floor":14,"turns":5},{"damage":29,"enemies":"Hexaghost","floor":16,"turns":9},{"damage":11,"enemies":"Shell Parasite","floor":18,"turns":2},{"damage":0,"enemies":"Spheric Guardian","floor":19,"turns":1},{"damage":13,"enemies":"Snake Plant","floor":20,"turns":4},{"damage":0,"enemies":"3 Cultists","floor":22,"turns":4},{"damage":24,"enemies":"REME_1_Revenger","floor":23,"turns":4},{"damage":5,"enemies":"Slavers","floor":25,"turns":2},{"damage":22,"enemies":"Cultist and Chosen","floor":27,"turns":4}],"seed_played":"8655992506022499438","potions_obtained":[{"floor":3,"key":"Reflective Coating"},{"floor":6,"key":"Energy Potion"},{"floor":14,"key":"REME_GoldPotion"},{"floor":20,"key":"Fire Potion"},{"floor":25,"key":"Toxic Potion"}],"is_trial":false,"path_per_floor":["M","?","M","?","$","E","R","?","T","M","R","?","?","E","R","B",null,"M","M","M","?","M","E","?","E","T","M"],"character_chosen":"DEFECT","items_purchased":["AT_StudyProgram"],"campfire_rested":1,"item_purchase_floors":[5],"current_hp_per_floor":[75,75,75,75,75,75,75,57,57,57,57,57,57,41,63,34,75,64,64,51,39,39,15,15,10,10,0,0],"gold":567,"neow_bonus":"THREE_ENEMY_KILL","is_daily":false,"chose_seed":false,"campfire_upgraded":2,"win_rate":0.0,"timestamp":1614133146,"path_taken":["M","?","M","?","$","E","R","?","T","M","R","?","?","E","R","BOSS","M","M","M","?","M","E","?","E","T","M"],"items_purchased_type":["Card"],"build_version":"2020-12-22","purchased_purges":0,"victory":false,"max_hp_per_floor":[75,75,75,75,75,75,75,75,75,75,75,75,75,75,75,75,75,75,75,75,75,70,70,70,70,70,70,70],"relic_stats":{"Nunchaku":[0],"counters":[13,40],"Golden Idol":71,"Gambling Chip":[16],"Pen Nib":[7],"obtain_stats":[{"KeepersGift":0,"AT_ATBox":0,"NeowsBlessing":0,"Golden Idol":8,"Pen Nib":9,"Mercury Hourglass":6,"DeathBook":23,"sneckomod:BabySnecko":24,"Nunchaku":26,"PillsDrop":0,"Gambling Chip":14,"downfall:ExtraCursedKey":2,"Fusion Hammer":17,"reliquary:Knoch":25,"Cracked Core":0,"HushsDoor":0,"REME_ComplimentaryCards":0},{"KeepersGift":0,"AT_ATBox":0,"NeowsBlessing":0,"Golden Idol":3,"Pen Nib":3,"Mercury Hourglass":3,"DeathBook":11,"sneckomod:BabySnecko":11,"Nunchaku":12,"PillsDrop":0,"Gambling Chip":5,"downfall:ExtraCursedKey":1,"Fusion Hammer":6,"reliquary:Knoch":12,"Cracked Core":0,"HushsDoor":0,"REME_ComplimentaryCards":0},{"KeepersGift":0,"AT_ATBox":0,"NeowsBlessing":0,"Golden Idol":3,"Pen Nib":3,"Mercury Hourglass":3,"DeathBook":34,"sneckomod:BabySnecko":34,"Nunchaku":36,"PillsDrop":0,"Gambling Chip":10,"downfall:ExtraCursedKey":1,"Fusion Hammer":19,"reliquary:Knoch":36,"Cracked Core":0,"HushsDoor":0,"REME_ComplimentaryCards":0}],"Mercury Hourglass":[153]},"card_choices":[{"not_picked":["Ball Lightning","Sweeping Beam"],"picked":"Coolheaded","floor":1},{"not_picked":["Leap","ReplayTheSpireMod:Repulse","Rebound"],"picked":"SKIP","floor":3},{"not_picked":["AT_HeatAcrobatics","Sweeping Beam"],"picked":"Cold Snap","floor":6},{"not_picked":["Coolheaded","Hologram"],"picked":"Skim","floor":10},{"not_picked":["Cancel","Sweeping Beam","Panic Button"],"picked":"SKIP","floor":14},{"not_picked":["Thunder Strike","All For One"],"picked":"REME_Shoggoth","floor":16},{"not_picked":["Conserve Battery","Cold Snap","Panic Button+1"],"picked":"SKIP","floor":18},{"not_picked":["Recycle","Force Field+1","Turbo+1"],"picked":"SKIP","floor":19},{"not_picked":["ReplayTheSpireMod:Repulse","Turbo+1"],"picked":"Beam Cell","floor":20},{"not_picked":["Coolheaded","FTL+1","Steam Power"],"picked":"SKIP","floor":22},{"not_picked":["Beam Cell","Ball Lightning"],"picked":"Loop+1","floor":23},{"not_picked":["Aggregate","AT_EMC2"],"picked":"Crystallizer","floor":25}],"player_experience":133668,"relics_obtained":[{"floor":6,"key":"Mercury Hourglass"},{"floor":9,"key":"Pen Nib"},{"floor":14,"key":"Gambling Chip"},{"floor":23,"key":"DeathBook"},{"floor":25,"key":"reliquary:Knoch"},{"floor":26,"key":"Nunchaku"}],"event_choices":[{"damage_healed":0,"gold_gain":0,"player_choice":"Grow","damage_taken":0,"max_hp_gain":0,"max_hp_loss":0,"event_name":"Living Wall","floor":4,"gold_loss":0,"cards_upgraded":["AT_ChampionStep"]},{"damage_healed":0,"gold_gain":0,"player_choice":"Take Damage","damage_taken":18,"relics_obtained":["Golden Idol"],"max_hp_gain":0,"max_hp_loss":0,"event_name":"Golden Idol","floor":8,"gold_loss":0},{"cards_removed":["Injury","ReplayTheSpireMod:Doomed"],"damage_healed":0,"gold_gain":0,"player_choice":"Removed Curses","damage_taken":0,"max_hp_gain":0,"max_hp_loss":0,"event_name":"Fountain of Cleansing","floor":12,"gold_loss":0},{"damage_healed":0,"gold_gain":90,"player_choice":"GOLD ","damage_taken":12,"max_hp_gain":0,"max_hp_loss":0,"event_name":"Knowing Skull","floor":21,"potions_obtained":[],"gold_loss":0,"cards_obtained":[]}],"is_beta":false,"boss_relics":[{"not_picked":["bronze:MakeshiftBattery","Runic Pyramid"],"picked":"Fusion Hammer"},{"not_picked":[]}],"items_purged_floors":[],"is_endless":false,"potions_floor_spawned":[3,6,14,20,25],"killed_by":"Cultist and Chosen","ascension_level":3}}