{"host":"7xbu8gt067z192g2","time":1614146976,"event":{"mods":["BaseMod","Better Note","BetterRewards","Colored Map","Colored Powertips","Downfall","Googly Eyes","Highlight Path","Infinite Spire","Minty Spire (QoL Compilation)","Rare Cards Sparkle","Replay The Spire","StSLib"],"gold_per_floor":[109,127,138,155,155,190,38,38,38],"floor_reached":8,"language":"ENG","playtime":264,"items_purged":["Strike_R"],"score":73,"play_id":"75ed858e-1707-405c-94f8-64d4ed62bed8","local_time":"20210224010936","is_ascension_mode":true,"campfire_choices":[],"circlet_count":0,"master_deck":["Strike_R","Strike_R","Strike_R","Strike_R","Defend_R","Defend_R","Defend_R","Defend_R","Bash","ReplayTheSpireMod:Limb From Limb","Anger","Cleave","Pommel Strike","Shrug It Off","Pummel"],"relics":["infinitespire:Burning Sword","infinitespire:Cubic Diamond","Ancient Tea Set"],"acts_visited":["Exordium"],"potions_floor_usage":[8],"damage_taken":[{"damage":2,"enemies":"Small Slimes","floor":1,"turns":2},{"damage":9,"enemies":"Jaw Worm","floor":2,"turns":2},{"damage":10,"enemies":"2 Louse","floor":3,"turns":2},{"damage":0,"enemies":"Looter","floor":4,"turns":1},{"damage":26,"enemies":"3 Sentries","floor":6,"turns":4},{"damage":34,"enemies":"Lagavulin","floor":8,"turns":4}],"seed_played":"-243142039740017547","potions_obtained":[{"floor":3,"key":"champ:CounterPotion"},{"floor":4,"key":"FearPotion"}],"is_trial":false,"path_per_floor":["M","M","M","M","?","E","$","E"],"character_chosen":"IRONCLAD","items_purchased":["Pummel"],"campfire_rested":0,"item_purchase_floors":[7],"current_hp_per_floor":[78,69,59,59,59,33,33,0,0],"gold":38,"neow_bonus":"BOSS_RELIC","is_daily":false,"chose_seed":false,"campfire_upgraded":0,"win_rate":0.0,"timestamp":1614146976,"path_taken":["M","M","M","M","?","E","$","E"],"items_purchased_type":["Card"],"build_version":"2020-12-22","purchased_purges":1,"victory":false,"max_hp_per_floor":[80,80,80,80,80,80,80,80,80],"card_choices":[{"not_picked":["Perfected Strike","Heavy Blade"],"picked":"ReplayTheSpireMod:Limb From Limb","floor":1},{"not_picked":["Sword Boomerang","Massacre"],"picked":"Anger","floor":2},{"not_picked":["Clash","Twin Strike"],"picked":"Cleave","floor":3},{"not_picked":["Clothesline","Flex"],"picked":"Pommel Strike","floor":4},{"not_picked":["Hemogenesis","Pommel Strike"],"picked":"Shrug It Off","floor":6}],"player_experience":233139,"relics_obtained":[{"floor":6,"key":"Ancient Tea Set"}],"event_choices":[],"is_beta":false,"boss_relics":[],"items_purged_floors":[7],"is_endless":false,"potions_floor_spawned":[3,4],"killed_by":"Lagavulin","ascension_level":5}}