{"host":"nptej036rrbiurf5","time":1614128206,"event":{"mods":["BaseMod","Colored Map","Colored Powertips","DeckTracker","Minty Spire (QoL Compilation)","StSLib","SuperFastMode"],"gold_per_floor":[113,113,113,133,283,283,301,301,328,328,302,377,85,106,106,200,200,216,29,47,68,68,68],"floor_reached":22,"language":"KOR","playtime":411,"items_purged":["Strike_R","Strike_R"],"score":352,"play_id":"fb48866c-f272-428e-9213-73ac66bfaa18","local_time":"20210224095646","is_ascension_mode":true,"campfire_choices":[{"data":"Fire Breathing","floor":6,"key":"SMITH"},{"data":"Corruption","floor":8,"key":"SMITH"},{"data":"Apotheosis","floor":15,"key":"SMITH"}],"circlet_count":0,"master_deck":["AscendersBane","Strike_R","Strike_R","Defend_R","Defend_R","Defend_R","Defend_R","Bash","Corruption+1","Body Slam","Fire Breathing+1","Doubt","Burning Pact","Shrug It Off","Apotheosis+1","Flame Barrier","Impervious","Fire Breathing","True Grit","Shrug It Off+1"],"relics":["Burning Blood","Golden Idol","Pen Nib","Mark of Pain"],"acts_visited":["Exordium","TheCity"],"potions_floor_usage":[],"damage_taken":[{"damage":1.0,"enemies":"2 Louse","floor":1.0,"turns":3.0},{"damage":7,"enemies":"Small Slimes","floor":4,"turns":4},{"damage":12,"enemies":"Cultist","floor":7,"turns":4},{"damage":18,"enemies":"Exordium Thugs","floor":11,"turns":4},{"damage":0,"enemies":"2 Fungi Beasts","floor":14,"turns":3},{"damage":32,"enemies":"Slime Boss","floor":16,"turns":6},{"damage":17,"enemies":"2 Thieves","floor":18,"turns":4},{"damage":19,"enemies":"Spheric Guardian","floor":20,"turns":5},{"damage":24,"enemies":"Centurion and Healer","floor":21,"turns":6},{"damage":20,"enemies":"Cultist and Chosen","floor":22,"turns":3}],"seed_played":"3043600125628229221","potions_obtained":[{"floor":11,"key":"BlessingOfTheForge"},{"floor":20,"key":"FearPotion"}],"is_trial":false,"path_per_floor":["M","?","?","M","?","R","M","R","T","?","M","?","$","M","R","B",null,"M","$","M","M","M"],"character_chosen":"IRONCLAD","items_purchased":["Shrug It Off","Apotheosis","Fire Breathing"],"campfire_rested":0,"item_purchase_floors":[13,13,19],"current_hp_per_floor":[73,78,72,71,71,71,65,65,65,58,46,35,35,41,41,15,58,47,47,34,16,0,0],"gold":68,"neow_bonus":"ONE_RANDOM_RARE_CARD","is_daily":false,"chose_seed":false,"campfire_upgraded":3,"win_rate":0.0,"timestamp":1614128206,"path_taken":["M","?","?","M","?","R","M","R","T","?","M","?","$","M","R","BOSS","M","$","M","M","M"],"items_purchased_type":["Card","Card","Card"],"build_version":"2020-12-22","purchased_purges":2,"victory":false,"max_hp_per_floor":[75,80,72,72,72,72,72,72,72,72,72,72,72,72,72,72,72,72,72,72,72,72,72],"card_choices":[{"not_picked":["Heavy Blade","Pummel"],"picked":"Body Slam","floor":1.0},{"not_picked":["Twin Strike","Clothesline"],"picked":"Fire Breathing","floor":4},{"not_picked":["Body Slam","Perfected Strike","Metallicize"],"picked":"SKIP","floor":7},{"not_picked":["Warcry","Iron Wave"],"picked":"Burning Pact","floor":11},{"not_picked":["Headbutt","Clash"],"picked":"Flame Barrier","floor":14},{"not_picked":["Immolate","Fiend Fire"],"picked":"Impervious","floor":16},{"not_picked":["Heavy Blade","Carnage","Pommel Strike"],"picked":"SKIP","floor":18},{"not_picked":["Body Slam","Seeing Red"],"picked":"True Grit","floor":20},{"not_picked":["Iron Wave","Fire Breathing"],"picked":"Shrug It Off+1","floor":21}],"player_experience":1016237,"relics_obtained":[{"floor":9,"key":"Pen Nib"}],"event_choices":[{"damage_healed":0.0,"max_hp_gain":5.0,"max_hp_loss":0.0,"gold_gain":0.0,"event_name":"Big Fish","player_choice":"Donut","floor":2.0,"gold_loss":0.0,"damage_taken":0.0},{"damage_healed":0.0,"max_hp_gain":0.0,"max_hp_loss":8.0,"gold_gain":0.0,"event_name":"Golden Idol","player_choice":"Lose Max HP","floor":3.0,"gold_loss":0.0,"damage_taken":0.0,"relics_obtained":["Golden Idol"]},{"damage_healed":0,"gold_gain":150,"player_choice":"AGREE","damage_taken":0,"max_hp_gain":0,"max_hp_loss":0,"event_name":"Liars Game","floor":5,"gold_loss":0,"cards_obtained":["Doubt"]},{"cards_removed":["Strike_R"],"damage_healed":0,"gold_gain":0,"player_choice":"Card Removal","damage_taken":7,"max_hp_gain":0,"max_hp_loss":0,"event_name":"Golden Wing","floor":10,"gold_loss":0},{"damage_healed":0,"gold_gain":75,"player_choice":"Gather Gold","damage_taken":11,"max_hp_gain":0,"max_hp_loss":0,"event_name":"World of Goop","floor":12,"gold_loss":0}],"is_beta":false,"boss_relics":[{"not_picked":["SacredBark","Empty Cage"],"picked":"Mark of Pain"}],"items_purged_floors":[13,19],"is_endless":false,"potions_floor_spawned":[11,20],"killed_by":"Cultist and Chosen","ascension_level":20}}