{"host":"t6r1isv2bex5ovch","time":1614154396,"event":{"mods":["AchievementEnabler","Act Like it!","Aspiration","BaseMod","Better Altar","Better Match","Better Note","Better Sensory Stone","Better Skull","Better Third Choice","Better Vampires","Bossed Relics","Colored Powertips","Displayed Cursed Tome","Evolution","Fox Events","Gremlin Skip","Halation","Highlight Path","Hubris","Infinite Spire","Minty Spire (QoL Compilation)","Reliquary","Ruina","Spire Arcade","StSLib"],"gold_per_floor":[118,43,61,71,51,83,83,115,115,125,125,157,170,17,17,114,114,130,146,146,146],"floor_reached":20,"language":"ENG","playtime":1449,"items_purged":["Strike_B","Strike_B"],"score":233,"play_id":"c4338a40-8556-4538-b825-ebf3632ea9d5","local_time":"20210224191316","is_ascension_mode":true,"campfire_choices":[{"floor":7.0,"key":"RECALL"},{"data":"White Noise","floor":11.0,"key":"SMITH"},{"data":"Zap","floor":15.0,"key":"SMITH"}],"circlet_count":0,"master_deck":["Rebound","Strike_B","Defend_B","Defend_B","Defend_B","Defend_B","Zap+1","Dualcast","White Noise+1","Gash","Defragment","Ball Lightning","Storm","Ball Lightning"],"relics":["Cracked Core","EVO:Axolotl","aspiration:Nostalgia","Burning Blood","infinitespire:CursedDice","reliquary:SilkGlove","MealTicket","halation:Risk"],"acts_visited":["Exordium","ruina:Briah"],"potions_floor_usage":[20,20],"damage_taken":[{"damage":0.0,"enemies":"Small Slimes","floor":1.0,"turns":3.0},{"damage":1.0,"enemies":"Cultist","floor":3.0,"turns":4.0},{"damage":8.0,"enemies":"infinitespire:Voidling","floor":4.0,"turns":5.0},{"damage":23.0,"enemies":"Lagavulin","floor":6.0,"turns":5.0},{"damage":33.0,"enemies":"Gremlin Nob","floor":8.0,"turns":4.0},{"damage":22.0,"enemies":"3 Louse","floor":10.0,"turns":2.0},{"damage":20.0,"enemies":"3 Sentries","floor":12.0,"turns":6.0},{"damage":6.0,"enemies":"2 Fungi Beasts","floor":13.0,"turns":3.0},{"damage":8.0,"enemies":"Slime Boss","floor":16.0,"turns":6.0},{"damage":29.0,"enemies":"ruina:BadWolf","floor":18.0,"turns":4.0},{"damage":13.0,"enemies":"ruina:2_Scarecrows","floor":19.0,"turns":2.0},{"damage":61,"enemies":"ruina:Nos_and_Bat","floor":20,"turns":4}],"seed_played":"2510722281890323953","potions_obtained":[{"floor":1.0,"key":"Block Potion"},{"floor":5.0,"key":"SteroidPotion"},{"floor":6.0,"key":"SteroidPotion"},{"floor":8.0,"key":"FearPotion"},{"floor":12.0,"key":"Weak Potion"},{"floor":13.0,"key":"Weak Potion"},{"floor":19.0,"key":"SpeedPotion"}],"is_trial":false,"path_per_floor":["M","$","M","M","?","E","R","E","T","M","R","E","M","$","R","B",null,"M","M","M"],"character_chosen":"DEFECT","items_purchased":["Ball Lightning"],"campfire_rested":0,"item_purchase_floors":[14],"current_hp_per_floor":[75,75,75,73,73,56,56,29,29,13,13,51,51,66,66,64,75,52,45,0,0],"gold":146,"neow_bonus":"NOSTALGIA","is_daily":false,"chose_seed":false,"campfire_upgraded":2,"win_rate":0.0,"timestamp":1614154396,"path_taken":["M","$","M","M","?","E","R","E","T","?","R","E","M","$","R","BOSS","M","M","?"],"items_purchased_type":["Card"],"build_version":"2020-12-22","purchased_purges":2,"victory":false,"max_hp_per_floor":[75,75,75,75,75,75,75,75,75,75,75,75,75,75,75,75,75,75,75,75,75],"card_choices":[{"not_picked":["Genetic Algorithm","Go for the Eyes"],"picked":"White Noise","floor":1.0},{"not_picked":["Compile Driver","Coolheaded","Barrage"],"picked":"SKIP","floor":3.0},{"not_picked":["Genetic Algorithm","Leap"],"picked":"Gash","floor":4.0},{"not_picked":["Thunder Strike","Hologram","Barrage"],"picked":"SKIP","floor":6.0},{"not_picked":["Blizzard","Glacier"],"picked":"Defragment","floor":8.0},{"not_picked":["Loop","Capacitor"],"picked":"Ball Lightning","floor":10.0},{"not_picked":["Compile Driver","Stack","Go for the Eyes"],"picked":"SKIP","floor":12.0},{"not_picked":["Blizzard","Redo"],"picked":"Storm","floor":13.0},{"not_picked":["Cold Snap+1","Aggregate","Ball Lightning"],"picked":"SKIP","floor":18.0},{"not_picked":["Lockon+1","Skim","Beam Cell"],"picked":"SKIP","floor":19.0}],"player_experience":405532,"relics_obtained":[{"floor":6.0,"key":"infinitespire:CursedDice"},{"floor":8.0,"key":"reliquary:SilkGlove"},{"floor":12.0,"key":"MealTicket"}],"event_choices":[{"damage_healed":0.0,"max_hp_gain":0.0,"max_hp_loss":0.0,"gold_gain":0.0,"event_name":"The Woman in Blue","player_choice":"Bought 1 Potion","floor":5.0,"gold_loss":0.0,"damage_taken":0.0}],"is_beta":false,"boss_relics":[{"not_picked":["hubris:BlackHole","hubris:Stopwatch"],"picked":"halation:Risk"}],"items_purged_floors":[2,14],"is_endless":false,"potions_floor_spawned":[1,6,8,12,13,19],"killed_by":"ruina:Nos_and_Bat","ascension_level":4}}