{"host":"Ringo","time":1614134933,"event":{"mods":["BaseMod","Colored Map","Conspire","Dota2Spire","Hubris","Minty Spire (QoL Compilation)","Replay The Spire","StSLib","The Construct","[IsaacMod]ÒÔÈö¼âËþ","¡¾ÒÅÎï¿¨ÅÆ¡¿REMEMod"],"gold_per_floor":[119,119,197,197,221,221,221,221,270,289,304,322,322,322,322,443,443,468,492,341,33,33,33,69,95,95,116,116],"floor_reached":27,"language":"ZHS","playtime":542,"items_purged":[],"score":373,"play_id":"e157b0a6-798a-450e-bd5a-d8bc7780bb95","local_time":"20210224104853","is_ascension_mode":true,"campfire_choices":[{"data":"ReplayTheSpireMod:LeadingStrike","floor":6.0,"key":"SMITH"},{"data":"Judgement","floor":8.0,"key":"SMITH"},{"data":"Searing Blow","floor":13.0,"key":"SMITH"},{"data":"Searing Blow+1","floor":15.0,"key":"SMITH"},{"data":"Searing Blow+2","floor":23.0,"key":"SMITH"}],"circlet_count":0,"master_deck":["conspire:GhostlyStrike","conspire:GhostlyStrike","conspire:GhostlyStrike","conspire:GhostlyStrike","conspire:GhostlyStrike","conspire:GhostlyDefend","conspire:GhostlyDefend+1","conspire:GhostlyDefend","conspire:GhostlyDefend+1","Bash","Judgement+1","Pommel Strike","ReplayTheSpireMod:LeadingStrike+1","Searing Blow+3","ReplayTheSpireMod:Muscle Training","Limit Break","Run Through","Shrug It Off"],"relics":["Burning Blood","HushsDoor","Void","Golden Idol","War Paint","Runic Pyramid","GuppysCollar","PrismaticShard","hubris:CuriousFeather","hubris:Icosahedron","Anchor","SalivaCoin"],"acts_visited":["Exordium","TheCity"],"potions_floor_usage":[27],"damage_taken":[{"damage":0.0,"enemies":"Cultist","floor":1.0,"turns":1.0},{"damage":0.0,"enemies":"Small Slimes","floor":3.0,"turns":1.0},{"damage":0.0,"enemies":"2 Louse","floor":5.0,"turns":1.0},{"damage":0.0,"enemies":"Blue Slaver","floor":10.0,"turns":1.0},{"damage":16.0,"enemies":"Lots of Slimes","floor":11.0,"turns":4.0},{"damage":20.0,"enemies":"Gremlin Gang","floor":12.0,"turns":4.0},{"damage":13.0,"enemies":"Hexaghost","floor":16.0,"turns":7.0},{"damage":0.0,"enemies":"Spheric Guardian","floor":18.0,"turns":1.0},{"damage":25.0,"enemies":"Shell Parasite","floor":19.0,"turns":4.0},{"damage":39,"enemies":"Book of Stabbing","floor":24,"turns":4},{"damage":12,"enemies":"Sentry and Sphere","floor":25,"turns":3},{"damage":9,"enemies":"3 Cultists","floor":27,"turns":3}],"seed_played":"1798214889846589441","potions_obtained":[{"floor":1.0,"key":"FearPotion"},{"floor":3.0,"key":"Dota2Spire:Clarity"},{"floor":10.0,"key":"Reflective Coating"},{"floor":18.0,"key":"BlessingOfTheForge"}],"is_trial":false,"path_per_floor":["M","T","M","?","M","R","?","R","T","M","M","M","R","?","R","B",null,"M","M","$","$","?","R","E","M","T","M"],"character_chosen":"IRONCLAD","items_purchased":["GuppysCollar","PrismaticShard","hubris:CuriousFeather"],"campfire_rested":0,"item_purchase_floors":[17,20,21],"current_hp_per_floor":[78,78,74,54,60,60,60,60,60,66,56,42,42,42,42,35,59,65,46,46,46,46,46,13,7,7,0,0],"gold":116,"neow_bonus":"THREE_ENEMY_KILL","is_daily":false,"chose_seed":false,"campfire_upgraded":5,"win_rate":0.0,"timestamp":1614134933,"path_taken":["M","?","M","?","M","R","?","R","T","M","?","M","R","?","R","BOSS","M","?","?","$","?","R","E","M","T","?"],"items_purchased_type":["Relic","Relic","Relic"],"build_version":"2020-12-18","purchased_purges":0,"victory":false,"max_hp_per_floor":[80,80,80,80,80,80,80,80,80,80,80,80,80,80,80,80,67,67,67,67,67,67,67,67,67,67,67,67],"card_choices":[{"not_picked":["Clash","Run Through"],"picked":"Pommel Strike","floor":1.0},{"not_picked":["Body Slam","ReplayTheSpireMod:Strike From Hell","Flex"],"picked":"SKIP","floor":3.0},{"not_picked":["Havoc","Berserk"],"picked":"ReplayTheSpireMod:LeadingStrike","floor":5.0},{"not_picked":["Anger","Bomb"],"picked":"Searing Blow","floor":10.0},{"not_picked":["Anger","Massacre"],"picked":"ReplayTheSpireMod:Muscle Training","floor":11.0},{"not_picked":["Armaments","Havoc","Heavy Blade"],"picked":"SKIP","floor":12.0},{"not_picked":["Feed","REME_TheLastStrike"],"picked":"Limit Break","floor":16.0},{"not_picked":["Armaments","Clothesline+1"],"picked":"Run Through","floor":18.0},{"not_picked":["Metallicize","hubris:CleavingFinish"],"picked":"Shrug It Off","floor":19.0},{"not_picked":["Venomology","Catalyst","Hologram+1"],"picked":"SKIP","floor":24},{"not_picked":["PiercingWail","construct:Boost+1","PathToVictory"],"picked":"SKIP","floor":25}],"player_experience":750417,"relics_obtained":[{"floor":2.0,"key":"BloodDonationMachine"},{"floor":9.0,"key":"War Paint"},{"floor":24,"key":"Anchor"},{"floor":26,"key":"SalivaCoin"}],"event_choices":[{"damage_healed":0.0,"max_hp_gain":0.0,"max_hp_loss":0.0,"gold_gain":0.0,"event_name":"Golden Idol","player_choice":"Take Damage","floor":4.0,"gold_loss":0.0,"damage_taken":20.0,"relics_obtained":["Golden Idol"]},{"damage_healed":0.0,"max_hp_gain":0.0,"max_hp_loss":0.0,"gold_gain":0.0,"event_name":"conspire:LoneGhost","player_choice":"Agree","floor":14.0,"gold_loss":0.0,"damage_taken":0.0}],"is_beta":true,"boss_relics":[{"not_picked":["Velvet Choker","Replay:Bronze Core"],"picked":"Runic Pyramid"},{"not_picked":[]}],"items_purged_floors":[],"is_endless":false,"potions_floor_spawned":[1,3,10,18],"killed_by":"3 Cultists","ascension_level":9}}