{"host":"clf2hd4adhiiw0zf","time":1614151567,"event":{"mods":["AchievementEnabler","BaseMod","Beaked The Cultist","Bestiary","Dark Map","Downfall","Gremlin Mod","Hermit","Jorbs\u0027s Wanderer Trilogy","Marisa????????","Minty Spire (QoL Compilation)","Quick Restart","Replay The Spire","Shop Mod","Spire Arcade","StSLib","The Construct","The Cursed","Wide Potions"],"gold_per_floor":[99,99,99,99,99,154,181,281,281,181,215,234,284,315,333,434,434,334,351,361,361,21,21,21,121,136,164,182,214,214,214,233,336,336,236,251,263,263,263,263,341,355,365,255,255,47,47,59,70,70,70,95,28,28,28,28,28,28],"floor_reached":56,"language":"ENG","playtime":2820,"items_purged":["Pain","Overencumbered"],"score":1357,"play_id":"109a57a5-d74e-4301-8e10-58247ef6ecd3","local_time":"20210224002607","is_ascension_mode":true,"campfire_choices":[{"floor":1.0,"key":"RECALL"},{"data":"Guardian:WeakpointTargeting","floor":10.0,"key":"SMITH"},{"floor":18.0,"key":"DIG"},{"data":"1","floor":35.0,"key":"LIFT"},{"data":"2","floor":47,"key":"LIFT"},{"data":"Limit Break","floor":54,"key":"SMITH"}],"circlet_count":0,"master_deck":["Guardian:Strike_Guardian","Guardian:Strike_Guardian","Guardian:Strike_Guardian","Guardian:Strike_Guardian","Guardian:Defend_Guardian","Guardian:Defend_Guardian","Guardian:Defend_Guardian","Guardian:Defend_Guardian","Guardian:TwinSlam","Guardian:MultiBeam","Guardian:Recover","Replay:GuardianBash","Guardian:WalkerClaw","Madness+1","Guardian:ShieldCharger","Guardian:Suspension","Normality","Guardian:AncientConstruct","Flex","Demon Form","J.A.X.","Guardian:Repulse","stsjorbsmod:Procrastination","Flex+1","ReplayTheSpireMod:Restless Dread","Pain","Limit Break+1","Ghostly","Ghostly","Ghostly","Ghostly","Ghostly","Twin Strike","Spreading Infection","Guardian:Recover+1","Guardian:VentSteam+1","Wraith","Guardian:WalkerClaw+1","Guardian:FloatingOrbs+1","Delirium","ReplayTheSpireMod:Restless Dread","Thunderclap+1","Regret","Flex+1","Guardian:PolyBeam+1","ReplayTheSpireMod:IOU","expansioncontent:Chronoboost+1"],"relics":["downfall:HeartsMalice","m_GuardianBlood","Orichalcum","FaceOfCleric","downfall:HeartBlessingRed","Snack Pack","ReplayTheSpireMod:Ring of Collecting","Ring of Greed","MealTicket","Replay:Wax Seal","Guardian:StasisSlotReductionRelic","downfall:HeartBlessingGreen","White Beast Statue","Blue Candle","Membership Card","Shuriken","Ring of Panic","HornCleat","Girya","downfall:RedIOU","Snecko Eye","downfall:HeartBlessingBlue","Replay:WaspNest","Ring of Peace","Mango","Calipers","Medical Kit","Iron Hammer","Ring of Fury","bronze:BronzeIdol","Gremlin Horn","Golden Egg","Happy Flower"],"acts_visited":["Exordium","TheCity","TheBeyond","TheEnding"],"potions_floor_usage":[52,56,56],"damage_taken":[{"damage":0.0,"enemies":"Jaw Worm","floor":2.0,"turns":1.0},{"damage":0.0,"enemies":"Small Slimes","floor":3.0,"turns":1.0},{"damage":0.0,"enemies":"Cultist","floor":5.0,"turns":1.0},{"damage":20.0,"enemies":"3 Sentries","floor":11.0,"turns":7.0},{"damage":2.0,"enemies":"downfall:LooterAlt","floor":12.0,"turns":4.0},{"damage":15.0,"enemies":"Gremlin Nob","floor":14.0,"turns":5.0},{"damage":15.0,"enemies":"Exordium Wildlife","floor":15.0,"turns":5.0},{"damage":2.0,"enemies":"SI_SHIV_ARCHETYPE","floor":16.0,"turns":4.0},{"damage":23.0,"enemies":"Chosen","floor":19.0,"turns":6.0},{"damage":23.0,"enemies":"downfall:LooterAlt2","floor":20.0,"turns":5.0},{"damage":5.0,"enemies":"downfall:FleeingMerchant","floor":22.0,"turns":4.0},{"damage":35.0,"enemies":"Snecko","floor":26.0,"turns":5.0},{"damage":31.0,"enemies":"Book of Stabbing","floor":27.0,"turns":5.0},{"damage":7.0,"enemies":"Chosen and Byrds","floor":28.0,"turns":5.0},{"damage":7.0,"enemies":"Gremlin Leader","floor":29.0,"turns":7.0},{"damage":12.0,"enemies":"Centurion and Healer","floor":32.0,"turns":9.0},{"damage":6.0,"enemies":"DF_ARCHETYPE_CLAW","floor":33.0,"turns":8.0},{"damage":1.0,"enemies":"Orb Walker","floor":36.0,"turns":3.0},{"damage":28.0,"enemies":"3 Darklings","floor":37.0,"turns":7.0},{"damage":1.0,"enemies":"Spire Growth","floor":42.0,"turns":6.0},{"damage":27.0,"enemies":"Sphere and 2 Shapes","floor":43.0,"turns":8.0},{"damage":0.0,"enemies":"downfall:FleeingMerchant","floor":44.0,"turns":4.0},{"damage":0,"enemies":"3 Darklings","floor":48,"turns":3},{"damage":1,"enemies":"Jaw Worm Horde","floor":49,"turns":3},{"damage":2,"enemies":"WA_ARCHETYPE_DIVINITY","floor":50,"turns":5},{"damage":48,"enemies":"downfall:CharBossMerchant","floor":52,"turns":5},{"damage":22,"enemies":"downfall:NeowBoss","floor":55,"turns":9},{"damage":68,"enemies":"downfall:NeowBossFinal","floor":56,"turns":5}],"seed_played":"-9008226934501547156","potions_obtained":[{"floor":6.0,"key":"GamblersBrew"},{"floor":6.0,"key":"Guardian:BlockOnCardUsePotion"},{"floor":6.0,"key":"Dexterity Potion"},{"floor":12.0,"key":"construct:ShiftPotion"},{"floor":14.0,"key":"Guardian:StasisDiscoveryPotion"},{"floor":19.0,"key":"construct:ShiftPotion"},{"floor":20.0,"key":"Fire Potion"},{"floor":22.0,"key":"Venom Potion"},{"floor":26.0,"key":"Strength Potion"},{"floor":27.0,"key":"PowerPotion"},{"floor":28.0,"key":"Fire Potion"},{"floor":29.0,"key":"Guardian:AcceleratePotion"},{"floor":32.0,"key":"PowerPotion"},{"floor":33.0,"key":"Venom Potion"},{"floor":36.0,"key":"Guardian:StasisDiscoveryPotion"},{"floor":37.0,"key":"Adrenaline Potion"},{"floor":49,"key":"Swift Potion"},{"floor":52,"key":"Elixir"}],"is_trial":false,"path_per_floor":["R","M","M","?","M","?","T","?","?","R","E","M","?","E","M","B",null,"R","M","M","?","$","?","T","?","M","E","M","E","?","?","M","B",null,"R","M","M","?","?","?","T","M","M","$","T","$","R","M","M","B",null,"E","$","R","B","B"],"character_chosen":"GUARDIAN","items_purchased":["Membership Card","Shuriken","Mango","Calipers","Medical Kit","bronze:BronzeIdol","Gremlin Horn","Happy Flower","AttackPotion","Swift Potion","expansioncontent:Chronoboost"],"campfire_rested":0,"item_purchase_floors":[22,22,44,44,44,46,46,53,53,53,53],"current_hp_per_floor":[72,72,72,72,78,78,78,78,78,78,65,70,70,62,54,59,79,79,63,49,44,61,61,61,61,35,11,11,15,15,15,10,11,39,49,55,38,38,38,38,38,46,28,68,68,77,77,78,79,80,80,41,56,56,45,0,0,0],"gold":28,"neow_bonus":"THREE_ENEMY_KILL","is_daily":false,"chose_seed":false,"campfire_upgraded":2,"win_rate":0.0,"timestamp":1614151567,"path_taken":["R","M","M","?","M","?","T","?","?","R","E","?","?","E","M","BOSS","R","M","M","?","$","?","T","?","M","E","?","E","?","?","M","BOSS","R","M","M","?","?","?","T","?","M","$","?","?","R","M","M","BOSS","E","$","R","BOSS","BOSS"],"items_purchased_type":["Relic","Relic","Relic","Relic","Relic","Relic","Relic","Relic","Potion","Potion","Card"],"build_version":"2020-12-22","purchased_purges":2,"victory":false,"max_hp_per_floor":[80,80,80,80,80,80,80,80,80,80,81,82,82,83,84,85,85,85,86,87,87,88,88,88,88,89,90,91,92,92,46,47,48,48,58,59,60,60,60,60,60,61,62,77,77,77,77,78,79,80,80,81,81,81,82,82,82,82],"card_choices":[{"not_picked":["Guardian:PolyBeam","Guardian:TemporalShield"],"picked":"Guardian:MultiBeam","floor":2.0},{"not_picked":["Guardian:TemporalShield","Guardian:RollAttack"],"picked":"Guardian:Recover","floor":3.0},{"not_picked":["Guardian:Reroute","Guardian:RollAttack"],"picked":"Guardian:WalkerClaw","floor":5.0},{"not_picked":["Guardian:Emergency","Thunderclap"],"picked":"Guardian:WeakpointTargeting","floor":6.0},{"not_picked":["Guardian:TemporalStrike","Guardian:DecasProtection"],"picked":"Guardian:ShieldCharger","floor":11.0},{"not_picked":["Guardian:Reroute","Thunderclap"],"picked":"Guardian:Suspension","floor":12.0},{"not_picked":["Guardian:Gem_Yellow","Guardian:BronzeArmor"],"picked":"Guardian:AncientConstruct","floor":14.0},{"not_picked":["Guardian:RollAttack","Guardian:TemporalStrike"],"picked":"Flex","floor":15.0},{"not_picked":["Guardian:GemFinder","Guardian:CompilePackage"],"picked":"Demon Form","floor":16.0},{"not_picked":["Guardian:Suspension","Guardian:Reroute"],"picked":"Guardian:Gem_Red","floor":19.0},{"not_picked":["Guardian:PiercingHide+1","Guardian:CrystalBeam","Guardian:Gem_Blue"],"picked":"SKIP","floor":20.0},{"not_picked":["Guardian:TemporalStrike","Guardian:Gem_Fragmented","Guardian:Incinerate+1"],"picked":"SKIP","floor":22.0},{"not_picked":["Guardian:Gem_Crimson","Guardian:BaubleBeam"],"picked":"Guardian:Repulse","floor":26.0},{"not_picked":["Guardian:Planning","Guardian:Gem_Cyan"],"picked":"Guardian:Gem_Crimson","floor":27.0},{"not_picked":["Guardian:Harden","Guardian:ShieldCharger"],"picked":"Flex+1","floor":28.0},{"not_picked":["Guardian:Gem_Cyan","Guardian:Gem_White"],"picked":"Limit Break","floor":29.0},{"not_picked":["Guardian:CrystalBeam","Guardian:FuturePlans"],"picked":"Twin Strike","floor":32.0},{"not_picked":["Guardian:TimeSifter","Guardian:FastForward"],"picked":"Guardian:Gem_Orange","floor":33.0},{"not_picked":["Guardian:Gem_Blue","Guardian:Gem_Red"],"picked":"Guardian:Recover+1","floor":36.0},{"not_picked":["Guardian:Gem_Lightblue","Guardian:Gem_Yellow"],"picked":"Guardian:VentSteam+1","floor":37.0},{"not_picked":["Guardian:PrimingBeam+1","Guardian:TemporalShield"],"picked":"Guardian:WalkerClaw+1","floor":42.0},{"not_picked":["Guardian:TemporalShield","Guardian:Gem_Green"],"picked":"Guardian:FloatingOrbs+1","floor":43.0},{"not_picked":["Guardian:Clone","Guardian:Preprogram"],"picked":"Thunderclap+1","floor":48},{"not_picked":["Guardian:Gem_Purple","Guardian:PrismaticBarrier"],"picked":"Flex+1","floor":49},{"not_picked":["Guardian:PrismaticBeam","Guardian:BodySlam+1"],"picked":"Guardian:PolyBeam+1","floor":52}],"player_experience":396234,"relics_obtained":[{"floor":7.0,"key":"Orichalcum"},{"floor":11.0,"key":"Snack Pack"},{"floor":13.0,"key":"ReplayTheSpireMod:Ring of Collecting"},{"floor":13.0,"key":"Ring of Greed"},{"floor":13.0,"key":"MealTicket"},{"floor":13.0,"key":"Replay:Wax Seal"},{"floor":14.0,"key":"Bag of Marbles"},{"floor":18.0,"key":"White Beast Statue"},{"floor":24.0,"key":"Ring of Panic"},{"floor":27.0,"key":"HornCleat"},{"floor":29.0,"key":"Girya"},{"floor":41.0,"key":"Replay:WaspNest"},{"floor":41.0,"key":"Ring of Peace"},{"floor":45,"key":"Iron Hammer"},{"floor":45,"key":"Ring of Fury"},{"floor":52,"key":"Golden Egg"}],"event_choices":[{"damage_healed":0.0,"max_hp_gain":0.0,"max_hp_loss":0.0,"gold_gain":0.0,"event_name":"FaceTrader","player_choice":"Trade","floor":9.0,"gold_loss":0.0,"damage_taken":0.0,"relics_obtained":["FaceOfCleric"]},{"damage_healed":0.0,"max_hp_gain":0.0,"max_hp_loss":0.0,"gold_gain":0.0,"event_name":"Drug Dealer","player_choice":"Obtain J.A.X.","floor":23.0,"gold_loss":0.0,"damage_taken":0.0,"cards_obtained":["J.A.X."]},{"damage_healed":0.0,"max_hp_gain":0.0,"max_hp_loss":46.0,"gold_gain":0.0,"event_name":"Ghosts","player_choice":"Became a Ghost","floor":31.0,"gold_loss":0.0,"damage_taken":0.0,"cards_obtained":["Ghostly","Ghostly","Ghostly","Ghostly","Ghostly"]},{"damage_healed":0.0,"max_hp_gain":0.0,"max_hp_loss":0.0,"gold_gain":0.0,"event_name":"OrinTheCat","player_choice":"Ignored","floor":38.0,"gold_loss":0.0,"damage_taken":0.0}],"is_beta":false,"boss_relics":[{"not_picked":["bronze:MakeshiftBattery","SacredBark"],"picked":"Guardian:StasisSlotReductionRelic"},{"not_picked":["ChewingGum","Coffee Dripper"],"picked":"Snecko Eye"}],"items_purged_floors":[22,44],"is_endless":false,"potions_floor_spawned":[11,12,14,15,19,20,22,26,27,28,29,32,33,36,37,42,43,44,49,52],"killed_by":"downfall:NeowBossFinal","ascension_level":8}}