{"host":"8vqkh0x3c7vpgzzm","time":1614204807,"event":{"mods":["AchievementEnabler","BaseMod","Colored Map","Colored Powertips","Curses Come First","DeckTracker","Highlight Path","Minty Spire (QoL Compilation)","Permanent Neow","Quick Restart","Random Character Mod","Rare Cards Sparkle","Relic Sorter","Relic Stats","StSLib","SuperFastMode","Unceasing Turn Reminder","egg","everything is the same but u backflip on backflip"],"gold_per_floor":[216,45,59,70,70,70,100,100,100,116,133,133,167,181,181,255,255,208,208,8,20,0,0,0],"floor_reached":23,"language":"ENG","playtime":776,"items_purged":[],"score":382,"play_id":"62cc7109-dbbb-4eb9-93fa-af255be263b9","local_time":"20210224231327","is_ascension_mode":true,"campfire_choices":[{"data":"Zap","floor":6,"key":"SMITH"},{"data":"Undo","floor":12,"key":"SMITH"},{"data":"Streamline","floor":15,"key":"SMITH"}],"circlet_count":0,"master_deck":["AscendersBane","Strike_B","Strike_B","Strike_B","Strike_B","Defend_B","Defend_B","Defend_B","Defend_B","Zap+1","Dualcast","Undo+1","Steam","Steam Power","Self Repair","Streamline+1","Go for the Eyes","Conserve Battery","Hologram","Biased Cognition","Skim","Panache","Coolheaded"],"relics":["Cracked Core","Potion Belt","Eternal Feather","Bottled Lightning","DataDisk","Nuclear Battery"],"acts_visited":["Exordium","TheCity"],"potions_floor_usage":[7,7,13,13,13,16,16,23],"damage_taken":[{"damage":4,"enemies":"Small Slimes","floor":1,"turns":3},{"damage":2,"enemies":"Jaw Worm","floor":3,"turns":4},{"damage":0,"enemies":"Cultist","floor":4,"turns":4},{"damage":46,"enemies":"Gremlin Nob","floor":7,"turns":4},{"damage":7,"enemies":"2 Fungi Beasts","floor":10,"turns":4},{"damage":6,"enemies":"3 Louse","floor":11,"turns":3},{"damage":20,"enemies":"3 Sentries","floor":13,"turns":9},{"damage":7,"enemies":"Exordium Wildlife","floor":14,"turns":4},{"damage":31,"enemies":"Slime Boss","floor":16,"turns":6},{"damage":17,"enemies":"2 Thieves","floor":18,"turns":5},{"damage":16,"enemies":"Spheric Guardian","floor":21,"turns":4},{"damage":23,"enemies":"Book of Stabbing","floor":23,"turns":6}],"seed_played":"3990405178942388740","potions_obtained":[{"floor":1,"key":"LiquidMemories"},{"floor":3,"key":"DistilledChaos"},{"floor":8,"key":"BlessingOfTheForge"},{"floor":8,"key":"EntropicBrew"},{"floor":13,"key":"Strength Potion"},{"floor":14,"key":"PowerPotion"},{"floor":21,"key":"SmokeBomb"}],"is_trial":false,"path_per_floor":["M","$","M","M","?","R","E","?","T","M","M","R","E","M","R","B",null,"M","?","$","M","?","E"],"character_chosen":"DEFECT","items_purchased":["Potion Belt","Panache"],"campfire_rested":0,"item_purchase_floors":[2,20],"current_hp_per_floor":[60,60,58,58,63,63,17,17,17,17,11,20,29,29,38,14,61,51,29,29,20,20,0,0],"gold":0,"neow_bonus":"HUNDRED_GOLD","is_daily":false,"chose_seed":false,"campfire_upgraded":3,"win_rate":0.0,"timestamp":1614204807,"path_taken":["M","$","M","M","?","R","E","?","T","M","?","R","E","M","R","BOSS","M","?","$","M","?","E"],"items_purchased_type":["Relic","Card"],"build_version":"2020-12-22","purchased_purges":0,"victory":false,"max_hp_per_floor":[71,71,71,71,76,76,76,76,76,76,76,76,76,76,76,76,76,76,81,81,81,81,81,81],"relic_stats":{"counters":[12,56],"Eternal Feather":18,"obtain_stats":[{"Potion Belt":2,"DataDisk":13,"Eternal Feather":7,"Bottled Lightning":9,"Cracked Core":0,"Nuclear Battery":17},{"Potion Belt":1,"DataDisk":7,"Eternal Feather":4,"Bottled Lightning":4,"Cracked Core":0,"Nuclear Battery":9},{"Potion Belt":3,"DataDisk":31,"Eternal Feather":15,"Bottled Lightning":15,"Cracked Core":0,"Nuclear Battery":41}]},"card_choices":[{"not_picked":["Blizzard","Barrage"],"picked":"Undo","floor":1},{"not_picked":["Turbo","Compile Driver"],"picked":"Steam","floor":3},{"not_picked":["Reprogram","Tempest"],"picked":"Steam Power","floor":4},{"not_picked":["Darkness","Beam Cell"],"picked":"Self Repair","floor":7},{"not_picked":["Cold Snap","Stack"],"picked":"Streamline","floor":10},{"not_picked":["Streamline","Leap"],"picked":"Go for the Eyes","floor":11},{"not_picked":["Steam","Steam Power"],"picked":"Conserve Battery","floor":13},{"not_picked":["Barrage","Turbo"],"picked":"Hologram","floor":14},{"not_picked":["Hyperbeam","Meteor Strike"],"picked":"Biased Cognition","floor":16},{"not_picked":["Static Discharge","Streamline"],"picked":"Skim","floor":18},{"not_picked":["Chill","Barrage"],"picked":"Coolheaded","floor":21}],"player_experience":654893,"relics_obtained":[{"floor":7,"key":"Eternal Feather"},{"floor":9,"key":"Bottled Lightning"},{"floor":13,"key":"DataDisk"}],"event_choices":[{"damage_healed":0,"gold_gain":0,"player_choice":"Donut","damage_taken":0,"max_hp_gain":5,"max_hp_loss":0,"event_name":"Big Fish","floor":5,"gold_loss":0},{"damage_healed":0,"gold_gain":0,"player_choice":"Got Potions","damage_taken":0,"max_hp_gain":0,"max_hp_loss":0,"event_name":"Lab","floor":8,"gold_loss":0},{"damage_healed":0,"gold_gain":0,"player_choice":"Shed Blood","damage_taken":27,"max_hp_gain":5,"max_hp_loss":0,"event_name":"Forgotten Altar","floor":19,"gold_loss":0},{"damage_healed":0,"gold_gain":0,"player_choice":"Paid Fearfully","damage_taken":0,"max_hp_gain":0,"max_hp_loss":0,"event_name":"Masked Bandits","floor":22,"gold_loss":20}],"is_beta":false,"boss_relics":[{"not_picked":["Velvet Choker","Empty Cage"],"picked":"Nuclear Battery"}],"items_purged_floors":[],"is_endless":false,"potions_floor_spawned":[1,3,13,14,21],"killed_by":"Book of Stabbing","ascension_level":18}}