{"host":"qgrlfjrqk9z96gfi","time":1614142674,"event":{"mods":["BaseMod","Block Reminder","Colored Map","Custom Start","DeckTracker","Minty Spire (QoL Compilation)"],"gold_per_floor":[368,47,61,61,61,101,101,18,18,39,64,64,64,103,103,103,103],"floor_reached":16,"language":"ENG","playtime":325,"items_purged":["Writhe"],"score":216,"play_id":"655b7a04-6913-4c44-8280-911bc9b488b5","local_time":"20210223185754","is_ascension_mode":true,"campfire_choices":[{"data":"All Out Attack","floor":7,"key":"SMITH"},{"data":"Dash","floor":12,"key":"SMITH"},{"floor":15,"key":"REST"}],"circlet_count":0,"master_deck":["AscendersBane","Strike_G+1","Strike_G","Strike_G+1","Strike_G","Strike_G","Defend_G","Defend_G","Defend_G","Defend_G","Defend_G","Survivor","Neutralize","Predator+1","Slice","Underhanded Strike","All Out Attack+1","Dash+1","PiercingWail"],"relics":["Ring of the Snake","Whetstone","Golden Idol","Blood Vial","Bronze Scales","Omamori"],"acts_visited":["Exordium"],"potions_floor_usage":[6,14,16],"damage_taken":[{"damage":6,"enemies":"Small Slimes","floor":1,"turns":4},{"damage":0,"enemies":"2 Louse","floor":3,"turns":2},{"damage":20,"enemies":"Gremlin Nob","floor":6,"turns":4},{"damage":0,"enemies":"Jaw Worm","floor":10,"turns":2},{"damage":0,"enemies":"Exordium Wildlife","floor":11,"turns":1},{"damage":17,"enemies":"Lagavulin","floor":14,"turns":5},{"damage":51,"enemies":"Slime Boss","floor":16,"turns":7}],"seed_played":"-4398244972741086302","potions_obtained":[{"floor":6,"key":"Energy Potion"},{"floor":14,"key":"Explosive Potion"}],"is_trial":false,"path_per_floor":["M","$","M","?","?","E","R","$","T","M","M","R","$","E","R","B"],"character_chosen":"THE_SILENT","items_purchased":["Slice","Whetstone","BlessingOfTheForge","Dash"],"campfire_rested":1,"item_purchase_floors":[2,2,2,8],"current_hp_per_floor":[53,53,53,53,53,33,33,33,33,35,37,37,37,22,40,0,0],"gold":103,"neow_bonus":"TWO_FIFTY_GOLD","is_daily":false,"chose_seed":false,"campfire_upgraded":2,"win_rate":0.0,"timestamp":1614142674,"path_taken":["M","$","M","?","?","E","R","?","T","?","M","R","?","E","R","BOSS"],"items_purchased_type":["Card","Relic","Potion","Card"],"build_version":"2020-12-22","purchased_purges":1,"victory":false,"max_hp_per_floor":[66,66,66,60,60,60,60,60,60,60,60,60,60,60,60,60,60],"card_choices":[{"not_picked":["Footwork","Setup"],"picked":"Predator","floor":1},{"not_picked":["Acrobatics","Dodge and Roll"],"picked":"Underhanded Strike","floor":3},{"not_picked":["Night Terror","Poisoned Stab"],"picked":"All Out Attack","floor":6},{"not_picked":["Cloak And Dagger","Flying Knee"],"picked":"PiercingWail","floor":10},{"not_picked":["Dagger Spray","Backflip","Prepared"],"picked":"SKIP","floor":11},{"not_picked":["Flying Knee","Deadly Poison","Backflip"],"picked":"SKIP","floor":14}],"player_experience":1188767,"relics_obtained":[{"floor":6,"key":"Blood Vial"},{"floor":9,"key":"Bronze Scales"},{"floor":14,"key":"Omamori"}],"event_choices":[{"damage_healed":0,"gold_gain":0,"player_choice":"Lose Max HP","damage_taken":0,"relics_obtained":["Golden Idol"],"max_hp_gain":0,"max_hp_loss":6,"event_name":"Golden Idol","floor":4,"gold_loss":0},{"damage_healed":0,"gold_gain":0,"player_choice":"Grow","damage_taken":0,"max_hp_gain":0,"max_hp_loss":0,"event_name":"Living Wall","floor":5,"gold_loss":0,"cards_upgraded":["Predator"]}],"is_beta":false,"boss_relics":[],"items_purged_floors":[2],"is_endless":false,"potions_floor_spawned":[6,14],"killed_by":"Slime Boss","ascension_level":20}}