{"host":"hbrjinenk1akq1dy","time":1614154354,"event":{"mods":["AchievementEnabler","BaseMod","Bestiary","Colored Map","Colored Powertips","Curses Come First","Highlight Path","Minty Spire (QoL Compilation)","Permanent Neow","Quick Restart","StSLib","SuperFastMode"],"gold_per_floor":[369,383,383,383,383,415,415,435,515,77,96,371,389,407,407,505,505,516,154,154,154,184,196,238,250,330,373,385,408,420,446,458,567,579,607,637,212,223,223,223,258,258,327,327,344,358,358,369,369,369,369,369,25,60,60],"floor_reached":56,"language":"ENG","playtime":2861,"items_purged":["Regret","WreathOfFlame+1","Defend_P"],"score":1331,"play_id":"fefac8f6-9d71-4bf0-85d6-e7877ead70df","local_time":"20210224161234","is_ascension_mode":true,"campfire_choices":[{"data":"Eruption","floor":7.0,"key":"SMITH"},{"floor":15.0,"key":"DIG"},{"floor":23,"key":"DIG"},{"floor":25,"key":"DIG"},{"floor":28,"key":"DIG"},{"floor":32,"key":"DIG"},{"floor":40,"key":"DIG"},{"floor":44,"key":"DIG"},{"floor":47,"key":"DIG"},{"floor":49,"key":"RECALL"},{"floor":52,"key":"DIG"}],"circlet_count":0,"master_deck":["Defend_P","Defend_P","Eruption+1","Vigilance+1","CrushJoints","BowlingBash","Establishment","WheelKick","FearNoEvil","EmptyFist","Consecrate","Protect","Protect+1","DeusExMachina","EmptyMind+1","Consecrate+1","EmptyFist","BattleHymn","Wallop","TalkToTheHand+1","Scrawl","Adaptation+1","SashWhip+1","Brilliance","CutThroughFate","TalkToTheHand","MentalFortress+1","Tantrum","DeceiveReality+1","InnerPeace","ClearTheMind+1","FearNoEvil","LikeWater+1","BattleHymn+1"],"relics":["PureWater","Bronze Scales","Nunchaku","Shovel","Orrery","Sundial","Astrolabe","Bag of Marbles","Eternal Feather","MawBank","CaptainsWheel","Prayer Wheel","Happy Flower","Frozen Egg 2","Lizard Tail","Strawberry","War Paint","Fusion Hammer","Pantograph","Omamori","Boot","Bottled Tornado","Toy Ornithopter","Meat on the Bone","Mummified Hand","Art of War","TungstenRod"],"acts_visited":["Exordium","TheCity","TheBeyond","TheEnding"],"potions_floor_usage":[55,55],"damage_taken":[{"damage":0.0,"enemies":"2 Louse","floor":1.0,"turns":2.0},{"damage":7.0,"enemies":"Jaw Worm","floor":2.0,"turns":3.0},{"damage":12.0,"enemies":"Gremlin Nob","floor":6.0,"turns":3.0},{"damage":0.0,"enemies":"Cultist","floor":8.0,"turns":2.0},{"damage":0.0,"enemies":"3 Louse","floor":11.0,"turns":1.0},{"damage":1.0,"enemies":"Gremlin Gang","floor":13.0,"turns":3.0},{"damage":6.0,"enemies":"Red Slaver","floor":14.0,"turns":2.0},{"damage":9.0,"enemies":"Slime Boss","floor":16.0,"turns":4.0},{"damage":29,"enemies":"Shell Parasite","floor":18,"turns":6},{"damage":8,"enemies":"Spheric Guardian","floor":22,"turns":4},{"damage":7,"enemies":"Slavers","floor":24,"turns":4},{"damage":18,"enemies":"Book of Stabbing","floor":27,"turns":4},{"damage":0,"enemies":"3 Cultists","floor":29,"turns":4},{"damage":16,"enemies":"Centurion and Healer","floor":31,"turns":3},{"damage":16,"enemies":"Champ","floor":33,"turns":8},{"damage":0,"enemies":"3 Shapes","floor":35,"turns":3},{"damage":0,"enemies":"Orb Walker","floor":36,"turns":2},{"damage":10,"enemies":"4 Shapes","floor":38,"turns":7},{"damage":1,"enemies":"Giant Head","floor":41,"turns":6},{"damage":0,"enemies":"Maw","floor":45,"turns":5},{"damage":0,"enemies":"Spire Growth","floor":46,"turns":4},{"damage":0,"enemies":"3 Darklings","floor":48,"turns":4},{"damage":64,"enemies":"Awakened One","floor":50,"turns":10},{"damage":2,"enemies":"Shield and Spear","floor":54,"turns":7},{"damage":105,"enemies":"The Heart","floor":55,"turns":9}],"seed_played":"-3117043267104067452","potions_obtained":[{"floor":2.0,"key":"LiquidBronze"},{"floor":6.0,"key":"Strength Potion"},{"floor":8.0,"key":"Dexterity Potion"},{"floor":11.0,"key":"Ambrosia"},{"floor":16.0,"key":"CultistPotion"},{"floor":22,"key":"Energy Potion"},{"floor":27,"key":"FairyPotion"}],"is_trial":false,"path_per_floor":["M","M","?","?","?","E","R","M","T","$","M","?","M","M","R","B",null,"M","$","?","?","M","R","E","R","T","E","R","M","$","M","R","B",null,"M","M","$","M","?","R","E","?","T","R","M","M","R","M","R","B",null,"R","$","E","B",null],"character_chosen":"WATCHER","items_purchased":["Shovel","Orrery","Bag of Marbles","BattleHymn","Wallop","Pantograph","Tantrum","Art of War","LikeWater+1"],"campfire_rested":0,"item_purchase_floors":[10,10,19,19,19,37,37,53,53],"current_hp_per_floor":[51,44,68,50,43,31,31,31,31,31,31,31,30,24,24,15,72,43,43,43,43,35,47,40,52,52,34,53,53,53,37,52,36,79,79,79,79,69,69,79,78,78,78,79,79,79,79,79,79,27,79,79,79,77,51],"gold":60,"neow_bonus":"TWO_FIFTY_GOLD","is_daily":false,"chose_seed":false,"campfire_upgraded":1,"win_rate":0.0,"timestamp":1614154354,"path_taken":["M","M","?","?","?","E","R","?","T","$","M","?","M","M","R","BOSS","M","$","?","?","?","R","E","R","T","E","R","M","?","M","R","BOSS","M","M","$","M","?","R","E","?","T","R","?","M","R","M","R","BOSS","R","$","E","BOSS"],"items_purchased_type":["Relic","Relic","Relic","Card","Card","Relic","Card","Relic","Card"],"build_version":"2020-12-22","purchased_purges":3,"victory":true,"max_hp_per_floor":[72,72,72,72,72,72,72,72,72,72,72,72,72,72,72,72,72,72,72,72,72,72,72,72,72,72,72,79,79,79,79,79,79,79,79,79,79,79,79,79,79,79,79,79,79,79,79,79,79,79,79,79,79,79,79],"card_choices":[{"not_picked":["FlyingSleeves","Crescendo"],"picked":"CrushJoints","floor":1.0},{"not_picked":["Weave","Evaluate"],"picked":"BowlingBash","floor":2.0},{"not_picked":["FollowUp","Perseverance"],"picked":"Establishment","floor":6.0},{"not_picked":["Crescendo","Collect"],"picked":"WheelKick","floor":8.0},{"not_picked":["FlyingSleeves","Meditate"],"picked":"FearNoEvil","floor":10.0},{"not_picked":["Prostrate","Brilliance"],"picked":"EmptyFist","floor":10.0},{"not_picked":["Worship","Evaluate"],"picked":"Consecrate","floor":10.0},{"not_picked":["Wallop","FlyingSleeves"],"picked":"Protect","floor":11.0},{"not_picked":["SignatureMove","FlyingSleeves","PathToVictory"],"picked":"SKIP","floor":13.0},{"not_picked":["Consecrate","FlyingSleeves"],"picked":"Protect","floor":14.0},{"not_picked":["Brilliance","Judgement"],"picked":"DeusExMachina","floor":16.0},{"not_picked":["Sanctity","ClearTheMind"],"picked":"EmptyFist","floor":18},{"not_picked":["JustLucky+1","Prostrate","ReachHeaven"],"picked":"SKIP","floor":22},{"not_picked":["Protect+1","Collect"],"picked":"TalkToTheHand+1","floor":24},{"not_picked":["Collect","Consecrate"],"picked":"Scrawl","floor":27},{"not_picked":["WreathOfFlame","SashWhip"],"picked":"Adaptation+1","floor":29},{"not_picked":["EmptyBody","PathToVictory","Sanctity"],"picked":"SKIP","floor":29},{"not_picked":["Fasting2+1","Sanctity"],"picked":"SashWhip+1","floor":31},{"not_picked":["Adaptation+1","SashWhip","Pray"],"picked":"SKIP","floor":31},{"not_picked":["MasterReality+1","ConjureBlade"],"picked":"Brilliance","floor":33},{"not_picked":["WheelKick+1","ClearTheMind+1"],"picked":"CutThroughFate","floor":35},{"not_picked":["ClearTheMind","Protect+1"],"picked":"TalkToTheHand","floor":35},{"not_picked":["Consecrate","FollowUp"],"picked":"MentalFortress+1","floor":36},{"not_picked":["FlyingSleeves","Prostrate","Evaluate"],"picked":"SKIP","floor":36},{"not_picked":["Conclude","Prostrate+1"],"picked":"DeceiveReality+1","floor":38},{"not_picked":["CrushJoints+1","FlurryOfBlows+1","SignatureMove+1"],"picked":"SKIP","floor":38},{"not_picked":["Nirvana+1","ThirdEye"],"picked":"InnerPeace","floor":41},{"not_picked":["FlyingSleeves+1","JustLucky+1","Crescendo"],"picked":"SKIP","floor":45},{"not_picked":["FollowUp","PathToVictory+1","Nirvana+1"],"picked":"SKIP","floor":45},{"not_picked":["EmptyMind+1","ClearTheMind","Nirvana+1"],"picked":"SKIP","floor":46},{"not_picked":["Sanctity","Collect","Halt"],"picked":"SKIP","floor":46},{"not_picked":["WreathOfFlame+1","Crescendo+1"],"picked":"ClearTheMind+1","floor":48},{"not_picked":["Swivel","CarveReality+1"],"picked":"FearNoEvil","floor":48},{"not_picked":["ThirdEye+1","PathToVictory+1"],"picked":"BattleHymn+1","floor":54}],"player_experience":256055,"relics_obtained":[{"floor":6.0,"key":"Nunchaku"},{"floor":15.0,"key":"Sundial"},{"floor":23,"key":"CaptainsWheel"},{"floor":24,"key":"Prayer Wheel"},{"floor":25,"key":"Happy Flower"},{"floor":26,"key":"Frozen Egg 2"},{"floor":27,"key":"Lizard Tail"},{"floor":28,"key":"Strawberry"},{"floor":32,"key":"War Paint"},{"floor":40,"key":"Omamori"},{"floor":41,"key":"Boot"},{"floor":43,"key":"Bottled Tornado"},{"floor":44,"key":"Toy Ornithopter"},{"floor":47,"key":"Meat on the Bone"},{"floor":52,"key":"Mummified Hand"},{"floor":54,"key":"TungstenRod"}],"event_choices":[{"damage_healed":24.0,"max_hp_gain":0.0,"max_hp_loss":0.0,"gold_gain":0.0,"event_name":"Big Fish","player_choice":"Banana","floor":3.0,"gold_loss":0.0,"damage_taken":0.0},{"damage_healed":0.0,"max_hp_gain":0.0,"max_hp_loss":0.0,"gold_gain":0.0,"event_name":"Scrap Ooze","player_choice":"Success","floor":4.0,"gold_loss":0.0,"damage_taken":18.0,"relics_obtained":["Bronze Scales"]},{"cards_removed":["Strike_P"],"damage_healed":0.0,"max_hp_gain":0.0,"max_hp_loss":0.0,"gold_gain":0.0,"event_name":"Golden Wing","player_choice":"Card Removal","floor":5.0,"gold_loss":0.0,"damage_taken":7.0},{"damage_healed":0.0,"max_hp_gain":0.0,"max_hp_loss":0.0,"gold_gain":275.0,"event_name":"Golden Shrine","player_choice":"Desecrate","floor":12.0,"gold_loss":0.0,"damage_taken":0.0,"cards_obtained":["Regret"]},{"damage_healed":0,"gold_gain":0,"player_choice":"Opened","damage_taken":0,"relics_obtained":["Eternal Feather"],"max_hp_gain":0,"max_hp_loss":0,"event_name":"The Mausoleum","floor":20,"gold_loss":0},{"damage_healed":0,"gold_gain":0,"player_choice":"Gave Potion","damage_taken":0,"relics_obtained":["MawBank"],"max_hp_gain":0,"max_hp_loss":0,"event_name":"WeMeetAgain","floor":21,"gold_loss":0},{"damage_healed":0,"gold_gain":0,"player_choice":"Memory 1","damage_taken":0,"max_hp_gain":0,"max_hp_loss":0,"event_name":"SensoryStone","floor":39,"gold_loss":0},{"cards_removed":["Strike_P"],"damage_healed":0,"gold_gain":0,"player_choice":"Purged","damage_taken":0,"max_hp_gain":0,"max_hp_loss":0,"event_name":"Purifier","floor":42,"gold_loss":0}],"is_beta":false,"boss_relics":[{"not_picked":["Busted Crown","Tiny House"],"picked":"Astrolabe"},{"not_picked":["Velvet Choker","Empty Cage"],"picked":"Fusion Hammer"}],"items_purged_floors":[19,37,53],"is_endless":false,"potions_floor_spawned":[2,6,8,11,16,22,27,29,33,35,36,54],"ascension_level":2}}