{"host":"7jbuhzz8yy5cuou7","time":1614129059,"event":{"mods":["AchievementEnabler","Act Like it!","BaseMod","Better Third Choice","Bossed Relics","Colored Map","Colored Powertips","Dark Map","DeckTracker","Minty Spire (QoL Compilation)","Permanent Neow","Quick Restart","Ruina","StSLib","The Cursed","The Hierophant","Weighted Paths"],"gold_per_floor":[112,125,125,137,156,156,156],"floor_reached":6,"language":"ENG","playtime":249,"items_purged":[],"score":57,"play_id":"f06c74b6-0675-469e-957c-3e6f7455bfb7","local_time":"20210223181059","is_ascension_mode":true,"campfire_choices":[],"circlet_count":0,"master_deck":["AscendersBane","Strike_R","Strike_R+1","Strike_R+1","Strike_R","Strike_R","Defend_R","Defend_R","Defend_R","Defend_R","Bash","Twin Strike","Dual Wield","Intimidate","True Grit"],"relics":["Burning Blood","NeowsBlessing"],"acts_visited":["Exordium"],"potions_floor_usage":[5,6],"damage_taken":[{"damage":0,"enemies":"Cultist","floor":1,"turns":1},{"damage":0,"enemies":"Jaw Worm","floor":2,"turns":1},{"damage":0,"enemies":"Small Slimes","floor":4,"turns":1},{"damage":41,"enemies":"Gremlin Gang","floor":5,"turns":6},{"damage":26,"enemies":"3 Sentries","floor":6,"turns":6}],"seed_played":"-6316564615854319550","potions_obtained":[{"floor":1,"key":"SkillPotion"},{"floor":2,"key":"EssenceOfSteel"}],"is_trial":false,"path_per_floor":["M","M","?","M","M","E"],"character_chosen":"IRONCLAD","items_purchased":[],"campfire_rested":0,"item_purchase_floors":[],"current_hp_per_floor":[78,80,64,70,35,9,9],"gold":156,"neow_bonus":"THREE_ENEMY_KILL","is_daily":false,"chose_seed":false,"campfire_upgraded":0,"win_rate":0.0,"timestamp":1614129059,"path_taken":["M","?","?","M","M","E"],"items_purchased_type":[],"build_version":"2020-12-22","purchased_purges":0,"victory":false,"max_hp_per_floor":[80,80,80,80,80,80,80],"card_choices":[{"not_picked":["Blood for Blood","Perfected Strike"],"picked":"Twin Strike","floor":1},{"not_picked":["Warcry","Entrench"],"picked":"Dual Wield","floor":2},{"not_picked":["Shrug It Off","Ghostly Armor"],"picked":"Intimidate","floor":4},{"not_picked":["Flex","Sword Boomerang"],"picked":"True Grit","floor":5}],"player_experience":440508,"relics_obtained":[],"event_choices":[{"damage_healed":80,"gold_gain":0,"player_choice":"Upgrade","damage_taken":16,"max_hp_gain":0,"max_hp_loss":80,"event_name":"betterThird:BetterShining","floor":3,"gold_loss":0,"cards_upgraded":["Strike_R","Strike_R"]}],"is_beta":false,"boss_relics":[],"items_purged_floors":[],"is_endless":false,"potions_floor_spawned":[1,2],"killed_by":"3 Sentries","ascension_level":10}}