{"host":"Luke","time":1614210183,"event":{"mods":["BaseMod","Better Third Choice","Colored Map","Downfall","Hermit","Minty Spire (QoL Compilation)","Shade Mod","StSLib","The Exalted","The Hierophant","TheFirefly","Unceasing Turn Reminder"],"gold_per_floor":[112,112,130,130,3,3,26,0,27,57,57,102,60,93,93,231,231,256,265,274,274,158,201,225,225,297,321,351,351,276,301,301,431,431,453,226,253,325,144,193,193,238,238,238,238,260,281,294,294,294],"floor_reached":51,"language":"ENG","playtime":8490,"items_purged":["Injury","Writhe"],"score":823,"play_id":"b93c15f5-3943-4e85-baad-48f429e6baf1","local_time":"20210224234303","is_ascension_mode":false,"campfire_choices":[{"data":"Shade:CommandSoldier","floor":6,"key":"SMITH"},{"data":"Shade:WallOfFlesh","floor":11,"key":"SMITH"},{"data":"Shade:OfferingToTheBeyond","floor":15,"key":"SMITH"},{"floor":25,"key":"REST"},{"floor":29,"key":"REST"},{"data":"Shade:GreaterAnimation","floor":32,"key":"SMITH"},{"floor":41,"key":"REST"},{"floor":44,"key":"REST"},{"data":"Shade:SkeletonArmy","floor":49,"key":"SMITH"}],"circlet_count":0,"master_deck":["Shade:Strike_Shade","Shade:Strike_Shade","Shade:Strike_Shade","Shade:Defend_Shade","Shade:Defend_Shade","Shade:Defend_Shade","Shade:AnimateDead","Shade:CarefulCut","Shade:FleshOffering","Shade:SpectralStrikes+1","Shade:CommandSoldier+1","Shade:GraveStillness","Enlightenment","Shade:WallOfFlesh+1","Shade:OfferingToTheBeyond+1","Shade:Frenzy","Shade:FuneraryJewels","Shade:Coordination","Shade:Frenzy+1","Shade:Brains","Shade:CoffinDance+1","Shade:Premonition+1","Shade:GreaterAnimation+1","Shade:Brains","Shade:FuneraryJewels","Shade:UnbarTheGrave","Shade:FreshBones+1","Madness","Dramatic Entrance","Bandage Up","Shade:FleshToFlesh+1","Shade:Excise","Shade:Awaken","Shade:SkeletonArmy+1"],"relics":["Shade:YorickSkull","Golden Idol","CeramicFish","Gremlin Horn","SacredBark","sneckomod:BabySnecko","Bromod:ArcaneAegis","Pear","Bottled Flame","Black Star","Membership Card","Oddly Smooth Stone","Bromod:ArcaneUltimatum","Bromod:ArcaneAvenger","Bag of Marbles","Potion Belt","PreservedInsect","Happy Flower","Toy Ornithopter"],"acts_visited":["Exordium","TheCity","TheBeyond"],"potions_floor_usage":[7,23,24,28,33,33,42,47,50,50],"damage_taken":[{"damage":0,"enemies":"Jaw Worm","floor":1,"turns":3},{"damage":0,"enemies":"2 Louse","floor":3,"turns":2},{"damage":0,"enemies":"Small Slimes","floor":7,"turns":2},{"damage":3,"enemies":"3 Louse","floor":10,"turns":3},{"damage":0,"enemies":"Lagavulin","floor":12,"turns":10},{"damage":0,"enemies":"2 Fungi Beasts","floor":14,"turns":2},{"damage":23,"enemies":"Slime Boss","floor":16,"turns":9},{"damage":28,"enemies":"Spheric Guardian","floor":18,"turns":13},{"damage":9,"enemies":"Gremlin Leader","floor":23,"turns":5},{"damage":3,"enemies":"2 Thieves","floor":24,"turns":3},{"damage":13,"enemies":"Snecko","floor":27,"turns":7},{"damage":17,"enemies":"Snake Plant","floor":28,"turns":4},{"damage":3,"enemies":"Sentry and Sphere","floor":31,"turns":5},{"damage":0,"enemies":"Collector","floor":33,"turns":8},{"damage":0,"enemies":"Orb Walker","floor":35,"turns":4},{"damage":24,"enemies":"Mind Bloom Boss Battle","floor":38,"turns":8},{"damage":55,"enemies":"Nemesis","floor":40,"turns":9},{"damage":0,"enemies":"Reptomancer","floor":42,"turns":4},{"damage":1,"enemies":"3 Darklings","floor":46,"turns":5},{"damage":0,"enemies":"Jaw Worm Horde","floor":47,"turns":4},{"damage":0,"enemies":"Maw","floor":48,"turns":9},{"damage":86,"enemies":"Time Eater","floor":50,"turns":12}],"seed_played":"3152506337305512685","potions_obtained":[{"floor":1,"key":"Ancient Potion"},{"floor":3,"key":"DistilledChaos"},{"floor":14,"key":"CultistPotion"},{"floor":18,"key":"Explosive Potion"},{"floor":23,"key":"Energy Potion"},{"floor":28,"key":"BlessingOfTheForge"},{"floor":38,"key":"Strength Potion"},{"floor":40,"key":"hexamod:SoulburnPotion"},{"floor":42,"key":"Regen Potion"}],"is_trial":false,"path_per_floor":["M","?","M","?","$","R","M","?","T","M","R","E","$","M","R","B",null,"M","?","?","?","$","E","M","R","T","M","M","R","?","M","R","B",null,"M","$","?","?","$","E","R","E","T","R","?","M","M","M","R","B",null],"character_chosen":"SHADE","items_purchased":["Shade:CommandSoldier","Shade:Frenzy","Shade:Brains","Membership Card","Oddly Smooth Stone","Bromod:ArcaneAvenger","Ancient Potion"],"campfire_rested":4,"item_purchase_floors":[5,13,22,36,36,39,39],"current_hp_per_floor":[71,71,71,71,71,71,71,77,77,74,74,74,74,74,74,51,77,49,49,49,49,49,50,47,73,73,60,43,69,69,66,66,66,87,87,87,77,57,57,6,32,36,36,62,62,65,74,78,78,59],"gold":294,"neow_bonus":"TEN_PERCENT_HP_BONUS","is_daily":false,"chose_seed":false,"campfire_upgraded":5,"win_rate":0.0,"timestamp":1614210183,"path_taken":["M","?","M","?","$","R","M","?","T","M","R","E","$","M","R","BOSS","M","?","?","?","$","E","M","R","T","M","M","R","?","?","R","BOSS","M","$","?","?","$","E","R","E","T","R","?","?","M","M","R","BOSS"],"items_purchased_type":["Card","Card","Card","Relic","Relic","Relic","Potion"],"build_version":"2020-12-18","purchased_purges":2,"victory":true,"max_hp_per_floor":[71,71,71,71,71,71,71,77,77,77,77,77,77,77,77,77,77,77,77,77,77,77,87,87,87,87,87,87,87,87,87,87,87,87,87,87,87,87,87,87,87,87,87,87,87,87,87,87,87,87],"card_choices":[{"not_picked":["Shade:FuneraryArmor","Shade:ScuttlingHand"],"picked":"Shade:FleshOffering","floor":1},{"not_picked":["Shade:FuneraryJewels","Shade:ExtraLimbs"],"picked":"Shade:SpectralStrikes","floor":3},{"not_picked":["Shade:CallOfTheGrave","Shade:Awaken"],"picked":"Shade:GraveStillness","floor":7},{"not_picked":["Shade:SensePrey","Shade:Frenzy"],"picked":"Shade:WallOfFlesh","floor":10},{"not_picked":["Shade:CallOfTheGrave","Shade:CommandSoldier"],"picked":"Shade:OfferingToTheBeyond","floor":12},{"not_picked":["Shade:FingerOfDeath","Shade:SpontaneousRitual"],"picked":"Shade:FuneraryJewels","floor":14},{"not_picked":["Shade:Tombstone","Shade:LoseControl"],"picked":"Shade:Coordination","floor":16},{"not_picked":["Shade:ExtraLimbs","Shade:FleshLikeOak+1"],"picked":"Shade:Frenzy+1","floor":18},{"not_picked":["Shade:RitualOffering","Shade:GreyBargain+1"],"picked":"Shade:CoffinDance+1","floor":23},{"not_picked":["Shade:SkeletonHug","Shade:FingerOfDeath"],"picked":"Shade:Premonition+1","floor":24},{"not_picked":["Shade:Bonestorm","Shade:GreyBargain"],"picked":"Shade:GreaterAnimation","floor":27},{"not_picked":["Shade:WallOfFlesh","Shade:FeralStrike+1"],"picked":"Shade:Brains","floor":28},{"not_picked":["Shade:GreyBargain","Shade:WallOfFlesh"],"picked":"Shade:FuneraryJewels","floor":31},{"not_picked":["Shade:LastGasp","Shade:OneIsEnough"],"picked":"Shade:UnbarTheGrave","floor":33},{"not_picked":["Shade:FleshToFlesh","Shade:FleshOffering+1"],"picked":"Shade:FreshBones+1","floor":35},{"not_picked":["Purity","Violence"],"picked":"Madness","floor":37},{"not_picked":["Impatience","Flash of Steel"],"picked":"Dramatic Entrance","floor":37},{"not_picked":["Good Instincts","Secret Weapon"],"picked":"Bandage Up","floor":37},{"not_picked":["Shade:FingerOfDeath","Shade:GraveStillness"],"picked":"Shade:FleshToFlesh+1","floor":38},{"not_picked":["Shade:RavenousHorde","Shade:FleshLikeOak+1"],"picked":"Shade:Excise","floor":40},{"not_picked":["Shade:CommandSoldier","Shade:Brains"],"picked":"Shade:Awaken","floor":42},{"not_picked":["Shade:Brains+1","Shade:FleshToFlesh+1"],"picked":"Shade:SkeletonArmy","floor":46},{"not_picked":["Shade:MadHubris","Shade:Premonition","Shade:TouchOfTheGrave"],"picked":"SKIP","floor":47},{"not_picked":["Shade:WallOfFlesh+1","Shade:CallOfTheGrave","Shade:SoulToxin"],"picked":"SKIP","floor":48}],"player_experience":775999,"relics_obtained":[{"floor":9,"key":"CeramicFish"},{"floor":12,"key":"Gremlin Horn"},{"floor":23,"key":"Pear"},{"floor":26,"key":"Bottled Flame"},{"floor":38,"key":"Bromod:ArcaneUltimatum"},{"floor":40,"key":"Bag of Marbles"},{"floor":40,"key":"Potion Belt"},{"floor":42,"key":"PreservedInsect"},{"floor":42,"key":"Happy Flower"},{"floor":43,"key":"Toy Ornithopter"}],"event_choices":[{"damage_healed":0,"gold_gain":0,"player_choice":"Take Wound","damage_taken":0,"relics_obtained":["Golden Idol"],"max_hp_gain":0,"max_hp_loss":0,"event_name":"Golden Idol","floor":2,"gold_loss":0,"cards_obtained":["Injury"]},{"damage_healed":0,"gold_gain":0,"player_choice":"Grow","damage_taken":0,"max_hp_gain":0,"max_hp_loss":0,"event_name":"Living Wall","floor":4,"gold_loss":0,"cards_upgraded":["Shade:SpectralStrikes"]},{"damage_healed":0,"gold_gain":0,"player_choice":"RENOUNCE","damage_taken":26,"max_hp_gain":0,"max_hp_loss":0,"event_name":"betterThird:BetterSerpent","floor":8,"gold_loss":26,"cards_obtained":["Enlightenment"]},{"damage_healed":0,"gold_gain":0,"player_choice":"Opened","damage_taken":0,"relics_obtained":["Bromod:ArcaneAegis"],"max_hp_gain":0,"max_hp_loss":0,"event_name":"The Mausoleum","floor":20,"gold_loss":0,"cards_obtained":["Writhe"]},{"cards_removed":["downfall:Bewildered"],"damage_healed":0,"gold_gain":0,"player_choice":"Elegance","damage_taken":0,"max_hp_gain":0,"max_hp_loss":0,"event_name":"betterThird:BetterWriting","floor":21,"gold_loss":0},{"cards_removed":["Shade:Defend_Shade"],"damage_healed":0,"gold_gain":0,"player_choice":"Gave Gold","damage_taken":0,"max_hp_gain":0,"max_hp_loss":0,"event_name":"Beggar","floor":30,"gold_loss":75},{"damage_healed":0,"gold_gain":0,"player_choice":"Memory 3","damage_taken":10,"max_hp_gain":0,"max_hp_loss":0,"event_name":"SensoryStone","floor":37,"gold_loss":0},{"damage_healed":0,"gold_gain":0,"player_choice":"Fight","damage_taken":0,"max_hp_gain":0,"max_hp_loss":0,"event_name":"MindBloom","floor":38,"gold_loss":0},{"cards_removed":["Shade:Strike_Shade"],"damage_healed":0,"gold_gain":0,"player_choice":"Removed Attack","damage_taken":0,"max_hp_gain":0,"max_hp_loss":0,"event_name":"Falling","floor":45,"gold_loss":0}],"is_beta":true,"boss_relics":[{"not_picked":["Tiny House","Pandora\u0027s Box"],"picked":"SacredBark"},{"not_picked":["Fusion Hammer","Velvet Choker"],"picked":"Black Star"}],"items_purged_floors":[5,22],"is_endless":false,"potions_floor_spawned":[1,3,14,18,23,28,38,40,42],"ascension_level":0}}