{"host":"7jag2woc339g1nhm","time":1614160684,"event":{"mods":["AchievementEnabler","BaseMod","Bestiary","DeckTracker","Minty Spire (QoL Compilation)"],"gold_per_floor":[111,111,127,140,94,106,106,106,156,186,38,56,56,88,88,185,185,202,202,202,123,222,222,222],"floor_reached":23,"language":"ENG","playtime":954,"items_purged":[],"score":255,"play_id":"05a37d61-72ad-48fa-a519-98880a675f29","local_time":"20210224202804","is_ascension_mode":true,"campfire_choices":[{"data":"Zap","floor":7,"key":"SMITH"},{"data":"Streamline","floor":13,"key":"SMITH"},{"floor":15,"key":"REST"}],"circlet_count":0,"master_deck":["Strike_B","Strike_B","Strike_B","Strike_B","Defend_B","Defend_B","Defend_B","Zap+1","Dualcast+1","Streamline+1","Conserve Battery","Beam Cell","Beam Cell","Machine Learning","Barrage","Cold Snap","Static Discharge","Machine Learning","Melter","Self Repair"],"relics":["Cracked Core","NeowsBlessing","Bronze Scales","MealTicket","Runic Capacitor","Omamori","Velvet Choker","Kunai"],"acts_visited":["Exordium","TheCity"],"potions_floor_usage":[14,23,23,23],"damage_taken":[{"damage":0,"enemies":"Small Slimes","floor":1,"turns":1},{"damage":0,"enemies":"Cultist","floor":3,"turns":1},{"damage":0,"enemies":"2 Louse","floor":4,"turns":1},{"damage":5,"enemies":"Large Slime","floor":6,"turns":5},{"damage":23,"enemies":"Lagavulin","floor":10,"turns":4},{"damage":6,"enemies":"Blue Slaver","floor":12,"turns":3},{"damage":0,"enemies":"Gremlin Nob","floor":14,"turns":2},{"damage":40,"enemies":"Hexaghost","floor":16,"turns":5},{"damage":12,"enemies":"Chosen","floor":18,"turns":3},{"damage":71,"enemies":"Gremlin Leader","floor":23,"turns":4}],"seed_played":"2665363979142620301","potions_obtained":[{"floor":1,"key":"Explosive Potion"},{"floor":3,"key":"SteroidPotion"},{"floor":4,"key":"Fire Potion"},{"floor":16,"key":"SteroidPotion"}],"is_trial":false,"path_per_floor":["M","?","M","M","$","M","R","?","T","E","$","M","R","E","R","B",null,"M","?","?","$","?","E"],"character_chosen":"DEFECT","items_purchased":["Beam Cell","Runic Capacitor","Self Repair"],"campfire_rested":1,"item_purchase_floors":[5,11,21],"current_hp_per_floor":[75,75,75,75,75,70,70,70,70,47,62,56,56,56,75,35,75,63,63,49,64,64,0,0],"gold":222,"neow_bonus":"THREE_ENEMY_KILL","is_daily":false,"chose_seed":false,"campfire_upgraded":2,"win_rate":0.0,"timestamp":1614160684,"path_taken":["M","?","?","M","$","?","R","?","T","E","$","M","R","E","R","BOSS","M","?","?","$","?","E"],"items_purchased_type":["Card","Relic","Card"],"build_version":"2020-12-22","purchased_purges":0,"victory":false,"max_hp_per_floor":[75,75,75,75,75,75,75,75,75,75,75,75,75,75,75,75,75,75,75,80,80,80,80,80],"card_choices":[{"not_picked":["Undo","Go for the Eyes"],"picked":"Streamline","floor":1},{"not_picked":["Rebound","Loop"],"picked":"Conserve Battery","floor":3},{"not_picked":["Redo","Turbo"],"picked":"Beam Cell","floor":4},{"not_picked":["FTL","Coolheaded"],"picked":"Machine Learning","floor":6},{"not_picked":["Recycle","Hologram"],"picked":"Barrage","floor":10},{"not_picked":["Redo","Compile Driver"],"picked":"Cold Snap","floor":12},{"not_picked":["Turbo","Steam Power"],"picked":"Static Discharge","floor":14},{"not_picked":["Rainbow","Hyperbeam"],"picked":"Machine Learning","floor":16},{"not_picked":["Ball Lightning+1","Aggregate"],"picked":"Melter","floor":18}],"player_experience":122518,"relics_obtained":[{"floor":9,"key":"Bronze Scales"},{"floor":10,"key":"MealTicket"},{"floor":14,"key":"Omamori"}],"event_choices":[{"cards_removed":["Defend_B"],"damage_healed":0,"gold_gain":0,"player_choice":"Offered Basic","damage_taken":0,"max_hp_gain":0,"max_hp_loss":0,"event_name":"Bonfire Elementals","floor":2,"gold_loss":0},{"damage_healed":0,"gold_gain":0,"player_choice":"Grow","damage_taken":0,"max_hp_gain":0,"max_hp_loss":0,"event_name":"Living Wall","floor":8,"gold_loss":0,"cards_upgraded":["Dualcast"]},{"damage_healed":0,"gold_gain":0,"player_choice":"Opened","damage_taken":0,"relics_obtained":["Kunai"],"max_hp_gain":0,"max_hp_loss":0,"event_name":"The Mausoleum","floor":19,"gold_loss":0,"cards_obtained":["Writhe"]},{"damage_healed":0,"gold_gain":0,"player_choice":"Shed Blood","damage_taken":19,"max_hp_gain":5,"max_hp_loss":0,"event_name":"Forgotten Altar","floor":20,"gold_loss":0},{"damage_healed":0,"gold_gain":99,"player_choice":"Stole From Cult","damage_taken":0,"max_hp_gain":0,"max_hp_loss":0,"event_name":"Nest","floor":22,"gold_loss":0}],"is_beta":false,"boss_relics":[{"not_picked":["Tiny House","Nuclear Battery"],"picked":"Velvet Choker"}],"items_purged_floors":[],"is_endless":false,"potions_floor_spawned":[1,3,4,16],"killed_by":"Gremlin Leader","ascension_level":3}}