{"host":"43wsnxh97mgjl5zw","time":1614164035,"event":{"mods":["Aspiration","BaseMod","Colored Map","Colored Powertips","Conspire","Downfall","Halation","Hubris","Minty Spire (QoL Compilation)","Quick Restart","Rare Cards Sparkle","Relic Sorter","Reliquary","Replay The Spire","StSLib"],"gold_per_floor":[117,117,17,35,35,65,65,81,106,131,131,131,158,177,177,177,177],"floor_reached":16,"language":"ENG","playtime":397,"items_purged":[],"score":286,"play_id":"f762d982-a9a0-4e02-b013-c5563930518d","local_time":"20210224125355","is_ascension_mode":true,"campfire_choices":[{"data":"Entrench","floor":7.0,"key":"SMITH"},{"data":"Entrench","floor":12.0,"key":"SMITH"},{"data":"ReplayTheSpireMod:Limb From Limb","floor":15.0,"key":"SMITH"}],"circlet_count":0,"master_deck":["AscendersBane","Strike_R","Strike_R","Strike_R","Strike_R","Strike_R","Defend_R","Defend_R","Defend_R","Bash","Pommel Strike","Entrench+1","Shrug It Off","ReplayTheSpireMod:Limb From Limb+1","Entrench+1","Battle Trance","Armaments+1"],"relics":["Burning Blood","NeowsBlessing","Bird Faced Urn","Omamori","Toxic Egg 2","Mirror"],"acts_visited":["Exordium"],"potions_floor_usage":[16],"damage_taken":[{"damage":0.0,"enemies":"Small Slimes","floor":1.0,"turns":1.0},{"damage":0.0,"enemies":"Cultist","floor":4.0,"turns":1.0},{"damage":0.0,"enemies":"Lagavulin","floor":6.0,"turns":1.0},{"damage":8.0,"enemies":"2 Louse","floor":8.0,"turns":3.0},{"damage":20.0,"enemies":"3 Sentries","floor":10.0,"turns":10.0},{"damage":24.0,"enemies":"Lagavulin","floor":13.0,"turns":6.0},{"damage":9.0,"enemies":"Blue Slaver","floor":14.0,"turns":4.0},{"damage":37,"enemies":"Hexaghost","floor":16,"turns":9}],"seed_played":"-8433383701137555906","potions_obtained":[{"floor":4.0,"key":"Energy Potion"},{"floor":13.0,"key":"Weak Potion"},{"floor":14.0,"key":"champ:CounterPotion"}],"is_trial":false,"path_per_floor":["M","?","$","M","?","E","R","M","T","E","?","R","E","M","R","B"],"character_chosen":"IRONCLAD","items_purchased":["Entrench","PowerPotion"],"campfire_rested":0,"item_purchase_floors":[3,3],"current_hp_per_floor":[74,74,74,75,75,75,75,73,73,61,61,61,43,40,40,3,3],"gold":177,"neow_bonus":"THREE_ENEMY_KILL","is_daily":false,"chose_seed":false,"campfire_upgraded":3,"win_rate":0.0,"timestamp":1614164035,"path_taken":["M","?","$","M","?","E","R","?","T","E","?","R","E","M","R","BOSS"],"items_purchased_type":["Card","Potion"],"build_version":"2020-12-22","purchased_purges":0,"victory":false,"max_hp_per_floor":[75,75,75,75,75,75,75,75,75,75,75,75,75,75,75,75,75],"card_choices":[{"not_picked":["Intimidate","conspire:ExplosiveBarrier"],"picked":"Pommel Strike","floor":1.0},{"not_picked":["Anger","Dropkick"],"picked":"Shrug It Off","floor":4.0},{"not_picked":["Shrug It Off","Fiend Fire"],"picked":"ReplayTheSpireMod:Limb From Limb","floor":6.0},{"not_picked":["Iron Wave","Hemokinesis"],"picked":"Entrench","floor":8.0},{"not_picked":["Heavy Blade","conspire:Charge"],"picked":"Battle Trance","floor":10.0},{"not_picked":["ReplayTheSpireMod:Strike From Hell","Clash","Combust"],"picked":"SKIP","floor":13.0},{"not_picked":["Sword Boomerang","Searing Blow"],"picked":"Armaments+1","floor":14.0}],"player_experience":1284927,"relics_obtained":[{"floor":6.0,"key":"Bird Faced Urn"},{"floor":10.0,"key":"Omamori"},{"floor":13.0,"key":"Mirror"}],"event_choices":[{"damage_healed":0.0,"max_hp_gain":0.0,"max_hp_loss":0.0,"gold_gain":0.0,"event_name":"Liars Game","player_choice":"Ignored","floor":2.0,"gold_loss":0.0,"damage_taken":0.0},{"cards_removed":["Defend_R"],"damage_healed":0.0,"max_hp_gain":0.0,"max_hp_loss":0.0,"gold_gain":0.0,"event_name":"Purifier","player_choice":"Purged","floor":5.0,"gold_loss":0.0,"damage_taken":0.0}],"is_beta":false,"boss_relics":[],"items_purged_floors":[],"is_endless":false,"potions_floor_spawned":[4,6,13,14],"killed_by":"Hexaghost","ascension_level":20}}