{"host":"ilo0sg5cl3zcnqwd","time":1614210949,"event":{"mods":["BaseMod","Downfall","Minty Spire (QoL Compilation)","StSLib"],"gold_per_floor":[99,99,158,258,358,388,388,463,498,398,410,421,421,438,450,553,553,553,571,590,602,70,102,126,154,171,184,84,74,74,74,88,192,192,92,103,123,135,152,152,152,64,95,95,175,209,209,231,246,246,246,278,30,30,30,30],"floor_reached":57,"language":"ENG","playtime":2553,"items_purged":[],"score":1613,"play_id":"48d4921f-e1af-4487-94be-471e0b33d785","local_time":"20210224235549","is_ascension_mode":true,"campfire_choices":[{"data":"Guardian:TwinSlam","floor":1.0,"key":"SMITH"},{"data":"Guardian:PolyBeam","floor":10.0,"key":"SMITH"},{"data":"Guardian:FloatingOrbs","floor":13.0,"key":"SMITH"},{"floor":18.0,"key":"RECALL"},{"floor":28.0,"key":"REST"},{"data":"Guardian:HyperBeam_Guardian","floor":35.0,"key":"SMITH"},{"floor":40.0,"key":"REST"},{"data":"Guardian:WalkerClaw","floor":47.0,"key":"SMITH"},{"data":"Guardian:AncientConstruct","floor":54.0,"key":"SMITH"}],"circlet_count":0,"master_deck":["Guardian:Strike_Guardian","Guardian:Strike_Guardian","Guardian:Strike_Guardian","Guardian:Strike_Guardian","Guardian:Defend_Guardian","Guardian:Defend_Guardian","Guardian:Defend_Guardian","Guardian:Defend_Guardian","Guardian:CurlUp","Guardian:TwinSlam+1","Guardian:SpikerProtocol","Guardian:VentSteam","downfall:Haunted","downfall:Haunted","Clumsy","Guardian:AncientConstruct+1","Writhe","Decay","Guardian:PolyBeam+1","Guardian:FloatingOrbs+1","Guardian:ExploitGems","Guardian:PolyBeam","Guardian:DonusPower","Guardian:MultiBeam+1","Guardian:HyperBeam_Guardian+1","downfall:Aged","Guardian:Recover+1","Guardian:Recover+1","Guardian:Recover","Guardian:SentryBeam","Guardian:WalkerClaw+1","downfall:Bewildered","Guardian:DonusPower","Guardian:WalkerClaw+1","Guardian:Reroute+1","Guardian:Gem_Red","Guardian:WalkerClaw+1","downfall:Bewildered","Dramatic Entrance","Guardian:SentryBeam","downfall:Aged","Doubt","Guardian:MultiBeam+1","Guardian:Clone+1"],"relics":["Guardian:ModeShifter","downfall:HeartsMalice","Vajra","Du-Vu Doll","Pantograph","Matryoshka","Mango","downfall:HeartBlessingGreen","Cursed Key","Prayer Wheel","Art of War","Tiny Chest","Toy Ornithopter","downfall:HeartBlessingRed","Bag of Marbles","sneckomod:BabySnecko","Black Star","downfall:HeartBlessingBlue","Kunai","Pear","Boot","Ancient Tea Set","Guardian:StasisEgg","InkBottle","CeramicFish","Regal Pillow","Bottled Tornado","Lantern","Ornamental Fan"],"acts_visited":["Exordium","TheCity","TheBeyond","TheEnding"],"potions_floor_usage":[56],"damage_taken":[{"damage":0.0,"enemies":"Jaw Worm","floor":2.0,"turns":1.0},{"damage":0.0,"enemies":"Gremlin Nob","floor":3.0,"turns":1.0},{"damage":0.0,"enemies":"Lagavulin","floor":6.0,"turns":1.0},{"damage":29.0,"enemies":"3 Sentries","floor":9.0,"turns":11.0},{"damage":0.0,"enemies":"2 Louse","floor":11.0,"turns":1.0},{"damage":0.0,"enemies":"Cultist","floor":12.0,"turns":2.0},{"damage":6.0,"enemies":"Exordium Thugs","floor":14.0,"turns":4.0},{"damage":0.0,"enemies":"downfall:LooterAlt","floor":15.0,"turns":1.0},{"damage":24.0,"enemies":"DF_ARCHETYPE_STREAMLINE","floor":16.0,"turns":5.0},{"damage":6.0,"enemies":"Shell Parasite","floor":19.0,"turns":2.0},{"damage":0.0,"enemies":"3 Byrds","floor":20.0,"turns":3.0},{"damage":8.0,"enemies":"Centurion and Healer","floor":21.0,"turns":3.0},{"damage":2.0,"enemies":"downfall:FleeingMerchant","floor":22.0,"turns":4.0},{"damage":13.0,"enemies":"Book of Stabbing","floor":23.0,"turns":4.0},{"damage":0.0,"enemies":"Slavers","floor":25.0,"turns":1.0},{"damage":0.0,"enemies":"3 Cultists","floor":26.0,"turns":2.0},{"damage":15.0,"enemies":"Chosen and Byrds","floor":27.0,"turns":2.0},{"damage":0.0,"enemies":"downfall:FleeingMerchant","floor":29.0,"turns":3.0},{"damage":6.0,"enemies":"Centurion and Healer","floor":32.0,"turns":4.0},{"damage":18.0,"enemies":"SI_MIRROR_ARCHETYPE","floor":33.0,"turns":7.0},{"damage":0.0,"enemies":"3 Shapes","floor":36.0,"turns":1.0},{"damage":4.0,"enemies":"3 Darklings","floor":37.0,"turns":3.0},{"damage":22.0,"enemies":"Jaw Worm Horde","floor":38.0,"turns":3.0},{"damage":7.0,"enemies":"4 Shapes","floor":39.0,"turns":4.0},{"damage":18.0,"enemies":"Nemesis","floor":43.0,"turns":3.0},{"damage":13.0,"enemies":"Giant Head","floor":46.0,"turns":5.0},{"damage":0.0,"enemies":"Transient","floor":48.0,"turns":5.0},{"damage":0.0,"enemies":"Spire Growth","floor":49.0,"turns":1.0},{"damage":12.0,"enemies":"IC_BLOCK_ARCHETYPE","floor":50.0,"turns":6.0},{"damage":34.0,"enemies":"downfall:CharBossMerchant","floor":52.0,"turns":5.0},{"damage":29.0,"enemies":"downfall:NeowBoss","floor":55.0,"turns":10.0},{"damage":27,"enemies":"downfall:NeowBossFinal","floor":56,"turns":6}],"seed_played":"-3013660425718387153","potions_obtained":[{"floor":3.0,"key":"Guardian:BlockOnCardUsePotion"},{"floor":8.0,"key":"downfall:CursedFountainPotion"},{"floor":11.0,"key":"Explosive Potion"},{"floor":14.0,"key":"AttackPotion"},{"floor":25.0,"key":"SteroidPotion"},{"floor":52.0,"key":"Strength Potion"}],"is_trial":false,"path_per_floor":["R","M","?","?","?","E","T","?","E","R","M","M","R","M","M","B",null,"R","M","M","M","$","E","T","E","M","M","R","$","?","?","M","B",null,"R","M","M","M","M","R","T","$","E","?","T","E","R","M","M","B",null,"E","$","R","B","B",null],"character_chosen":"GUARDIAN","items_purchased":["Guardian:HyperBeam_Guardian","Guardian:Gem_Crimson","Prayer Wheel","Guardian:SentryBeam","Guardian:Gem_Green","Guardian:WalkerClaw","Bag of Marbles","Dramatic Entrance","Ornamental Fan"],"campfire_rested":2,"item_purchase_floors":[22,22,22,29,29,29,29,42,53],"current_hp_per_floor":[80,80,80,85,85,85,85,85,70,70,70,70,70,64,64,65,99,99,93,93,85,83,70,70,70,70,55,84,84,84,84,78,81,99,109,109,105,83,76,108,118,118,100,100,100,87,87,87,87,100,119,85,85,85,81,84],"gold":30,"neow_bonus":"THREE_ENEMY_KILL","is_daily":false,"chose_seed":false,"campfire_upgraded":6,"win_rate":0.0,"timestamp":1614210949,"path_taken":["R","M","?","?","?","E","T","?","E","R","M","M","R","?","M","BOSS","R","M","M","M","$","E","T","E","M","M","R","$","?","?","M","BOSS","R","M","M","M","M","R","T","$","E","?","?","E","R","M","M","BOSS","E","$","R","BOSS","BOSS"],"items_purchased_type":["Card","Card","Relic","Card","Card","Card","Relic","Card","Relic"],"build_version":"2020-12-22","purchased_purges":0,"victory":true,"max_hp_per_floor":[80,80,80,85,85,85,85,85,99,99,99,99,99,99,99,99,99,99,99,99,99,99,99,99,99,99,99,99,99,99,99,99,99,99,109,109,109,109,109,109,119,119,119,119,119,119,119,119,119,119,119,119,119,119,119,119],"card_choices":[{"not_picked":["Guardian:CrystalBeam","Guardian:Suspension"],"picked":"Guardian:SpikerProtocol","floor":2.0},{"not_picked":["Guardian:FuturePlans","Guardian:Planning"],"picked":"Guardian:VentSteam","floor":3.0},{"not_picked":["Guardian:StasisField","Guardian:PiercingHide"],"picked":"Guardian:Gem_Green","floor":6.0},{"not_picked":["Guardian:Reroute","Guardian:TemporalStrike"],"picked":"Guardian:PolyBeam","floor":9.0},{"not_picked":["Guardian:CrystalBeam","Guardian:PiercingHide"],"picked":"Guardian:Gem_Green","floor":11.0},{"not_picked":["Guardian:ShieldCharger","Guardian:GemFinder"],"picked":"Guardian:FloatingOrbs","floor":12.0},{"not_picked":["Guardian:Preprogram","Guardian:RollAttack","Guardian:Incinerate"],"picked":"SKIP","floor":14.0},{"not_picked":["Guardian:Preprogram","Guardian:RollAttack","Guardian:Incinerate"],"picked":"SKIP","floor":14.0},{"not_picked":["Guardian:Orbwalk","Guardian:CrystalBeam"],"picked":"Guardian:Gem_Crimson","floor":15.0},{"not_picked":["Guardian:Gem_Orange","Guardian:FastForward"],"picked":"Guardian:ExploitGems","floor":16.0},{"not_picked":["Guardian:PiercingHide+1","Guardian:VentSteam"],"picked":"Guardian:Gem_Purple","floor":19.0},{"not_picked":["Guardian:Gem_Green","Guardian:TemporalStrike+1"],"picked":"Guardian:PolyBeam","floor":20.0},{"not_picked":["Guardian:ShieldCharger","Guardian:Gem_Red"],"picked":"Guardian:DonusPower","floor":21.0},{"not_picked":["Guardian:PrimingBeam","Guardian:Incinerate+1"],"picked":"Guardian:MultiBeam+1","floor":22.0},{"not_picked":["Guardian:Reroute+1","Guardian:Orbwalk"],"picked":"Guardian:Gem_Crimson","floor":23.0},{"not_picked":["Guardian:ChargeCore","Guardian:DonusPower"],"picked":"Guardian:Recover+1","floor":25.0},{"not_picked":["Guardian:TimeSifter","Guardian:PiercingHide"],"picked":"Guardian:Recover+1","floor":26.0},{"not_picked":["Guardian:Planning+1","Guardian:ShieldCharger","Guardian:ArmoredProtocol"],"picked":"SKIP","floor":26.0},{"not_picked":["Guardian:VentSteam","Guardian:ChargeCore"],"picked":"Guardian:Recover","floor":27.0},{"not_picked":["Guardian:Incinerate","Guardian:CrystalBeam+1","Guardian:BodySlam"],"picked":"SKIP","floor":27.0},{"not_picked":["Guardian:Harden","Guardian:Gem_Blue"],"picked":"Guardian:Gem_White","floor":29.0},{"not_picked":["Guardian:Gem_Yellow","Guardian:TimeSifter"],"picked":"Guardian:DonusPower","floor":32.0},{"not_picked":["Guardian:TemporalShield","Guardian:Gem_Cyan","Guardian:Recover"],"picked":"SKIP","floor":32.0},{"not_picked":["Guardian:Gem_Crimson","Guardian:RefractedBeam+1"],"picked":"Guardian:WalkerClaw+1","floor":36.0},{"not_picked":["Guardian:VentSteam+1","Guardian:RollAttack","Guardian:FuturePlans"],"picked":"SKIP","floor":36.0},{"not_picked":["Guardian:ChargeCore","Guardian:PrimingBeam"],"picked":"Guardian:Gem_Synthetic","floor":37.0},{"not_picked":["Guardian:PrimingBeam+1","Guardian:RollAttack","Guardian:TemporalShield"],"picked":"SKIP","floor":37.0},{"not_picked":["Guardian:RefractedBeam","Guardian:Gem_Red"],"picked":"Guardian:Reroute+1","floor":38.0},{"not_picked":["Guardian:TemporalStrike+1","Guardian:ShieldSpikes+1"],"picked":"Guardian:Gem_Red","floor":38.0},{"not_picked":["Guardian:TimeCapacitor","Guardian:ConstructionForm"],"picked":"Guardian:WalkerClaw+1","floor":39.0},{"not_picked":["Guardian:TemporalStrike+1","Guardian:VentSteam","Guardian:Gem_White"],"picked":"SKIP","floor":39.0},{"not_picked":["Guardian:TemporalStrike+1","Guardian:VentSteam"],"picked":"Guardian:Gem_White","floor":39.0},{"not_picked":["Guardian:Gem_Yellow","Guardian:Gem_Red"],"picked":"Guardian:SentryBeam","floor":43.0},{"not_picked":["Guardian:BronzeArmor+1","Guardian:ConstructionForm"],"picked":"Guardian:MultiBeam+1","floor":46.0},{"not_picked":["Guardian:Gem_Fragmented","Guardian:Reroute"],"picked":"Guardian:Clone+1","floor":48.0},{"not_picked":["Guardian:Gem_Green","Guardian:BodySlam","Guardian:ShieldCharger+1"],"picked":"SKIP","floor":48.0},{"not_picked":["Guardian:Gem_Lightblue","Guardian:PiercingHide","Guardian:ChargeCore+1"],"picked":"SKIP","floor":49.0},{"not_picked":["Guardian:TemporalStrike+1","Guardian:Gem_Red","Guardian:ShieldCharger"],"picked":"SKIP","floor":49.0},{"not_picked":["Guardian:Recover","Guardian:Gem_Blue","Guardian:Planning+1"],"picked":"SKIP","floor":52.0}],"player_experience":306836,"relics_obtained":[{"floor":6.0,"key":"Pantograph"},{"floor":7.0,"key":"Matryoshka"},{"floor":9.0,"key":"Mango"},{"floor":23.0,"key":"Art of War"},{"floor":24.0,"key":"Tiny Chest"},{"floor":25.0,"key":"Toy Ornithopter"},{"floor":41.0,"key":"Kunai"},{"floor":41.0,"key":"Pear"},{"floor":43.0,"key":"Boot"},{"floor":43.0,"key":"Ancient Tea Set"},{"floor":45.0,"key":"InkBottle"},{"floor":46.0,"key":"CeramicFish"},{"floor":46.0,"key":"Regal Pillow"},{"floor":52.0,"key":"Bottled Tornado"},{"floor":52.0,"key":"Lantern"}],"event_choices":[{"damage_healed":0.0,"max_hp_gain":0.0,"max_hp_loss":0.0,"gold_gain":0.0,"event_name":"Vampires","player_choice":"Ignored","floor":30.0,"gold_loss":0.0,"damage_taken":0.0}],"is_beta":false,"boss_relics":[{"not_picked":["Empty Cage","Coffee Dripper"],"picked":"Cursed Key"},{"not_picked":["bronze:MakeshiftBattery","Guardian:ModeShifterPlus"],"picked":"Black Star"}],"items_purged_floors":[],"is_endless":false,"potions_floor_spawned":[3,11,14,15,19,25,27,32,33,36,38,43,46,52],"ascension_level":1}}