{"host":"t7mx8yfj1no5p62f","time":1614125299,"event":{"mods":["BaseMod","Colored Map","Colored Powertips","Minty Spire (QoL Compilation)","Relic Stats","StSLib","ojb\u0027s Info Mod: The sequel"],"gold_per_floor":[119,131,131,131,91,91,116,116,116,116,131,165,175,190,190,190,190],"floor_reached":16,"language":"ENG","playtime":552,"items_purged":[],"score":270,"play_id":"d6b4de71-5073-49bb-9628-adf3d6143d96","local_time":"20210223190819","is_ascension_mode":true,"campfire_choices":[{"data":"Blade Dance","floor":6,"key":"SMITH"},{"data":"Glass Knife","floor":8,"key":"SMITH"},{"data":"Blade Dance","floor":10,"key":"SMITH"},{"data":"Backflip","floor":15,"key":"SMITH"}],"circlet_count":0,"master_deck":["AscendersBane","Strike_G","Strike_G","Strike_G","Strike_G","Defend_G","Defend_G","Defend_G","Defend_G","Defend_G","Survivor","Neutralize","Blade Dance+1","Blade Dance+1","Glass Knife+1","Escape Plan","Backstab","Backflip+1","Dash"],"relics":["Ring of the Snake","NeowsBlessing","Centennial Puzzle","The Specimen","Question Card"],"acts_visited":["Exordium"],"potions_floor_usage":[16,16],"damage_taken":[{"damage":0,"enemies":"Jaw Worm","floor":1,"turns":1},{"damage":0,"enemies":"Small Slimes","floor":2,"turns":1},{"damage":0,"enemies":"Gremlin Nob","floor":7,"turns":1},{"damage":1,"enemies":"2 Louse","floor":11,"turns":2},{"damage":15,"enemies":"3 Sentries","floor":12,"turns":6},{"damage":1,"enemies":"Exordium Thugs","floor":13,"turns":4},{"damage":0,"enemies":"Gremlin Gang","floor":14,"turns":3},{"damage":57,"enemies":"The Guardian","floor":16,"turns":16}],"seed_played":"-4033104472850724049","potions_obtained":[{"floor":5,"key":"LiquidMemories"},{"floor":5,"key":"Poison Potion"}],"is_trial":false,"path_per_floor":["M","M","?","?","?","R","E","R","T","R","M","E","M","M","R","B"],"character_chosen":"THE_SILENT","items_purchased":[],"campfire_rested":0,"item_purchase_floors":[],"current_hp_per_floor":[59,59,52,57,57,57,57,57,57,57,56,41,40,40,40,0,0],"gold":190,"neow_bonus":"THREE_ENEMY_KILL","is_daily":false,"chose_seed":false,"campfire_upgraded":4,"win_rate":0.0,"timestamp":1614125299,"path_taken":["M","M","?","?","?","R","E","R","T","R","M","E","M","?","R","BOSS"],"items_purchased_type":[],"build_version":"2020-12-22","purchased_purges":0,"victory":false,"max_hp_per_floor":[66,66,66,71,71,71,71,71,71,71,71,71,71,71,71,71,71],"relic_stats":{"Centennial Puzzle":[12],"counters":[8,34],"Question Card":2,"obtain_stats":[{"Centennial Puzzle":7,"NeowsBlessing":0,"The Specimen":9,"Question Card":12,"Ring of the Snake":0},{"Centennial Puzzle":3,"NeowsBlessing":0,"The Specimen":3,"Question Card":5,"Ring of the Snake":0},{"Centennial Puzzle":3,"NeowsBlessing":0,"The Specimen":3,"Question Card":11,"Ring of the Snake":0}],"Ring of the Snake":[16]},"card_choices":[{"not_picked":["Deflect","Quick Slash"],"picked":"Blade Dance","floor":1},{"not_picked":["Quick Slash","Infinite Blades"],"picked":"Blade Dance","floor":2},{"not_picked":["Bane","Concentrate"],"picked":"Glass Knife","floor":7},{"not_picked":["Riddle With Holes","Outmaneuver"],"picked":"Escape Plan","floor":11},{"not_picked":["Backstab","Riddle With Holes","Heel Hook"],"picked":"SKIP","floor":12},{"not_picked":["Riddle With Holes","Heel Hook"],"picked":"Backstab","floor":12},{"not_picked":["Blur","Outmaneuver","Choke"],"picked":"Backflip","floor":13},{"not_picked":["Bane","Backflip","Sucker Punch"],"picked":"Dash","floor":14}],"player_experience":1989643,"relics_obtained":[{"floor":7,"key":"Centennial Puzzle"},{"floor":9,"key":"The Specimen"},{"floor":12,"key":"Question Card"}],"event_choices":[{"cards_removed":["Strike_G"],"damage_healed":0,"gold_gain":0,"player_choice":"Card Removal","damage_taken":7,"max_hp_gain":0,"max_hp_loss":0,"event_name":"Golden Wing","floor":3,"gold_loss":0},{"damage_healed":0,"gold_gain":0,"player_choice":"Donut","damage_taken":0,"max_hp_gain":5,"max_hp_loss":0,"event_name":"Big Fish","floor":4,"gold_loss":0},{"damage_healed":0,"gold_gain":0,"player_choice":"Bought 3 Potions","damage_taken":0,"max_hp_gain":0,"max_hp_loss":0,"event_name":"The Woman in Blue","floor":5,"gold_loss":0}],"is_beta":false,"boss_relics":[],"items_purged_floors":[],"is_endless":false,"potions_floor_spawned":[7,11,13,14],"killed_by":"The Guardian","ascension_level":20}}