{"host":"ox77rn1xcurm2t5a","time":1614204153,"event":{"mods":["2.2 Compatiblity","AchievementEnabler","Act Like it!","Aspiration","BaseMod","Best Route Mod","Better Match","Better Note","Better Sensory Stone","Block Reminder","Colored Map","Colored Powertips","Conjunction","Conspire","Custom Start","Energized Spire","GifTheSpireLib","Gold Saver","Gremlin Skip","Halation","Highlight Path","Hubris","Infinite Spire","Minty Spire (QoL Compilation)","Pale of the Ancients","Quick Restart","Reliquary","Replay The Spire","Reworked Bosses","ShortenTheSpire","Spire Exporter","StSLib","Stuff the Spire","Wandering Minibosses"],"gold_per_floor":[465,79,95,95,20,46,46,58,58,58,90,90,103,130,130,130,130],"floor_reached":16,"language":"ENG","playtime":425,"items_purged":["Strike_R"],"score":222,"play_id":"fc0b70d9-8969-4c73-9b7e-9580e0a480b0","local_time":"20210225000233","is_ascension_mode":true,"campfire_choices":[{"floor":7.0,"key":"RECALL"},{"floor":12.0,"key":"REST"},{"data":"Bash","floor":15.0,"key":"SMITH"}],"circlet_count":0,"master_deck":["AscendersBane","Strike_R","Strike_R","Strike_R","Strike_R","Defend_R","Defend_R","Defend_R","Defend_R","Bash+1","Thunderclap","Thunderclap","Sword Boomerang+1","ReplayTheSpireMod:Private Reserves+1","Twin Strike","Heavy Blade","Clash","Headbutt"],"relics":["Burning Blood","Kunai","Replay:Accelerometer","hubris:Metronome","Gremlin Food","infinitespire:Joker Card"],"acts_visited":["Exordium"],"potions_floor_usage":[16],"damage_taken":[{"damage":0.0,"enemies":"2 Louse","floor":1.0,"turns":2.0},{"damage":4.0,"enemies":"Jaw Worm","floor":3.0,"turns":3.0},{"damage":53.0,"enemies":"Gremlin Nob","floor":6.0,"turns":5.0},{"damage":0.0,"enemies":"Cultist","floor":8.0,"turns":3.0},{"damage":28.0,"enemies":"Lagavulin","floor":11.0,"turns":5.0},{"damage":22.0,"enemies":"Lots of Slimes","floor":13.0,"turns":5.0},{"damage":0.0,"enemies":"Gremlin Nob","floor":14.0,"turns":2.0},{"damage":38,"enemies":"The Guardian","floor":16,"turns":7}],"seed_played":"7887216733479259910","potions_obtained":[{"floor":0.0,"key":"PowerPotion"},{"floor":0.0,"key":"AttackPotion"},{"floor":3.0,"key":"Reflective Coating"},{"floor":8.0,"key":"Swift Potion"},{"floor":14.0,"key":"DuplicationPotion"}],"is_trial":false,"path_per_floor":["M","$","M","?","?","E","R","M","T","$","E","R","M","E","R","B"],"character_chosen":"IRONCLAD","items_purchased":["Kunai","Thunderclap"],"campfire_rested":1,"item_purchase_floors":[2,2],"current_hp_per_floor":[78,78,80,80,80,33,33,39,39,39,17,41,25,31,31,0,0],"gold":130,"neow_bonus":"THREE_SMALL_POTIONS","is_daily":false,"chose_seed":false,"campfire_upgraded":1,"win_rate":0.0,"timestamp":1614204153,"path_taken":["M","$","M","?","?","E","R","M","T","$","E","R","?","E","R","BOSS"],"items_purchased_type":["Relic","Card"],"build_version":"2020-12-22","purchased_purges":1,"victory":false,"max_hp_per_floor":[80,80,80,80,80,80,80,80,80,80,80,80,80,80,80,80,80],"card_choices":[{"not_picked":["ReplayTheSpireMod:LeadingStrike","Sword Boomerang"],"picked":"Thunderclap","floor":1.0},{"not_picked":["Massacre","StuffTheSpire:Pyroclast"],"picked":"Sword Boomerang","floor":3.0},{"not_picked":["Forethought+1","Madness+1"],"picked":"ReplayTheSpireMod:Private Reserves+1","floor":5.0},{"not_picked":["Carnage","ReplayTheSpireMod:Muscle Training"],"picked":"Twin Strike","floor":6.0},{"not_picked":["Havoc","Replay:Undeath\u0027s Touch"],"picked":"Heavy Blade","floor":8.0},{"not_picked":["Headbutt","Power Through","Bloodletting"],"picked":"SKIP","floor":11.0},{"not_picked":["Perfected Strike","Battle Trance"],"picked":"Clash","floor":13.0},{"not_picked":["Replay:Undeath\u0027s Touch","Feel No Pain"],"picked":"Headbutt","floor":14.0}],"player_experience":3240418,"relics_obtained":[{"floor":6.0,"key":"Replay:Accelerometer"},{"floor":9.0,"key":"hubris:Metronome"},{"floor":11.0,"key":"Gremlin Food"},{"floor":14.0,"key":"infinitespire:Joker Card"}],"event_choices":[{"damage_healed":0.0,"max_hp_gain":0.0,"max_hp_loss":0.0,"gold_gain":0.0,"event_name":"betterMatch:BetterMatch","player_choice":"2","floor":5.0,"gold_loss":0.0,"damage_taken":0.0,"cards_obtained":["betterMatch:ColorlessUncommonCard"]}],"is_beta":false,"boss_relics":[],"items_purged_floors":[2],"is_endless":false,"potions_floor_spawned":[3,8,14],"killed_by":"The Guardian","ascension_level":11}}