{"host":"5tzvto3beate6p8b","time":1614196753,"event":{"mods":["BaseMod","Colored Map","DeckTracker","Minty Spire (QoL Compilation)","Relic Stats","StSLib","SuperFastMode"],"gold_per_floor":[117,127,144,144,4,4,36,36,36,69,89,89,102,116,116,191,191,205,130,130,144,160,160,160,160],"floor_reached":24,"language":"JPN","playtime":947,"items_purged":[],"score":466,"play_id":"3ea4288c-769e-4848-9c01-09feadd8bcea","local_time":"20210225045913","is_ascension_mode":true,"campfire_choices":[{"data":"Blade Dance","floor":6.0,"key":"SMITH"},{"data":"Accuracy","floor":8.0,"key":"SMITH"},{"data":"Dagger Spray","floor":15.0,"key":"SMITH"},{"data":"Die Die Die","floor":23,"key":"SMITH"}],"circlet_count":0,"master_deck":["AscendersBane","Strike_G","Strike_G","Strike_G","Strike_G","Defend_G","Defend_G","Defend_G","Defend_G+1","Defend_G+1","Survivor","Neutralize","Dagger Spray+1","Catalyst","Accuracy+1","Blade Dance+1","Dagger Spray","Bane","Dagger Spray","Deadly Poison","Parasite","Noxious Fumes+1","All Out Attack","Die Die Die+1","Accuracy","Bane","Accuracy"],"relics":["Ring of the Snake","CaptainsWheel","Mummified Hand","Nunchaku","War Paint","Cursed Key"],"acts_visited":["Exordium","TheCity"],"potions_floor_usage":[24],"damage_taken":[{"damage":8.0,"enemies":"2 Louse","floor":1.0,"turns":4.0},{"damage":7.0,"enemies":"Small Slimes","floor":2.0,"turns":4.0},{"damage":0.0,"enemies":"Jaw Worm","floor":3.0,"turns":4.0},{"damage":0.0,"enemies":"3 Sentries","floor":7.0,"turns":3.0},{"damage":36.0,"enemies":"Gremlin Nob","floor":10.0,"turns":5.0},{"damage":0.0,"enemies":"Large Slime","floor":11.0,"turns":5.0},{"damage":5.0,"enemies":"Gremlin Gang","floor":13.0,"turns":7.0},{"damage":0.0,"enemies":"2 Fungi Beasts","floor":14.0,"turns":3.0},{"damage":4.0,"enemies":"Slime Boss","floor":16.0,"turns":6.0},{"damage":0.0,"enemies":"Chosen","floor":18.0,"turns":3.0},{"damage":17.0,"enemies":"3 Byrds","floor":21.0,"turns":5.0},{"damage":10,"enemies":"3 Cultists","floor":22,"turns":4},{"damage":32,"enemies":"Gremlin Leader","floor":24,"turns":6}],"seed_played":"1394200919779276602","potions_obtained":[{"floor":3.0,"key":"DistilledChaos"},{"floor":7.0,"key":"SpeedPotion"},{"floor":10.0,"key":"SkillPotion"},{"floor":14.0,"key":"SkillPotion"},{"floor":21.0,"key":"FearPotion"}],"is_trial":false,"path_per_floor":["M","M","M","?","$","R","E","R","T","E","M","?","M","M","R","B",null,"M","?","?","M","M","R","E"],"character_chosen":"THE_SILENT","items_purchased":["Blade Dance","Dagger Spray","SteroidPotion"],"campfire_rested":0,"item_purchase_floors":[5,5,5],"current_hp_per_floor":[51,44,44,37,37,37,37,37,37,1,1,17,12,12,12,8,52,52,52,52,35,25,25,0,0],"gold":160,"neow_bonus":"ONE_RARE_RELIC","is_daily":false,"chose_seed":false,"campfire_upgraded":4,"win_rate":0.0,"timestamp":1614196753,"path_taken":["M","M","M","?","$","R","E","R","T","E","M","?","M","M","R","BOSS","M","?","?","?","M","R","E"],"items_purchased_type":["Card","Card","Potion"],"build_version":"2020-12-22","purchased_purges":0,"victory":false,"max_hp_per_floor":[66,66,66,66,66,66,66,66,66,66,66,66,66,66,66,66,66,66,66,66,66,66,66,66,66],"relic_stats":{"Nunchaku":[11],"counters":[13,59],"Mummified Hand":[16],"War Paint":["Defend_G","Defend_G"],"Cursed Key":0,"obtain_stats":[{"CaptainsWheel":0,"Nunchaku":9,"Mummified Hand":7,"War Paint":10,"Cursed Key":17,"Ring of the Snake":0},{"CaptainsWheel":0,"Nunchaku":4,"Mummified Hand":4,"War Paint":5,"Cursed Key":9,"Ring of the Snake":0},{"CaptainsWheel":0,"Nunchaku":15,"Mummified Hand":15,"War Paint":20,"Cursed Key":41,"Ring of the Snake":0}],"Ring of the Snake":[26]},"card_choices":[{"not_picked":["Deflect","Slice"],"picked":"Dagger Spray","floor":1.0},{"not_picked":["Expertise","Blade Dance"],"picked":"Catalyst","floor":2.0},{"not_picked":["Cloak And Dagger","Sucker Punch"],"picked":"Accuracy","floor":3.0},{"not_picked":["Dodge and Roll","Phantasmal Killer"],"picked":"Bane","floor":7.0},{"not_picked":["Concentrate","Predator"],"picked":"Dagger Spray","floor":10.0},{"not_picked":["Dash","Backstab"],"picked":"Deadly Poison","floor":11.0},{"not_picked":["Quick Slash","Poisoned Stab"],"picked":"Noxious Fumes","floor":13.0},{"not_picked":["Acrobatics","Backflip"],"picked":"All Out Attack","floor":14.0},{"not_picked":["Unload","Adrenaline"],"picked":"Die Die Die","floor":16.0},{"not_picked":["Calculated Gamble","PiercingWail"],"picked":"Accuracy","floor":18.0},{"not_picked":["Flying Knee","Deflect"],"picked":"Bane","floor":21.0},{"not_picked":["Outmaneuver","Dagger Spray"],"picked":"Accuracy","floor":22}],"player_experience":877608,"relics_obtained":[{"floor":7.0,"key":"Mummified Hand"},{"floor":9.0,"key":"Nunchaku"},{"floor":10.0,"key":"War Paint"}],"event_choices":[{"cards_removed":["Shame"],"damage_healed":0.0,"max_hp_gain":0.0,"max_hp_loss":0.0,"gold_gain":0.0,"event_name":"Golden Wing","player_choice":"Card Removal","floor":4.0,"gold_loss":0.0,"damage_taken":7.0},{"damage_healed":16.0,"max_hp_gain":0.0,"max_hp_loss":0.0,"gold_gain":0.0,"event_name":"Mushrooms","player_choice":"Healed and dodged fight","floor":12.0,"gold_loss":0.0,"damage_taken":0.0,"cards_obtained":["Parasite"]},{"cards_removed":["Strike_G"],"damage_healed":0.0,"max_hp_gain":0.0,"max_hp_loss":0.0,"gold_gain":0.0,"event_name":"Beggar","player_choice":"Gave Gold","floor":19.0,"gold_loss":75.0,"damage_taken":0.0},{"damage_healed":0.0,"max_hp_gain":0.0,"max_hp_loss":0.0,"gold_gain":0.0,"event_name":"Accursed Blacksmith","player_choice":"Forge","floor":20.0,"gold_loss":0.0,"damage_taken":0.0,"cards_upgraded":["Noxious Fumes"]}],"is_beta":false,"boss_relics":[{"not_picked":["Busted Crown","Runic Dome"],"picked":"Cursed Key"}],"items_purged_floors":[],"is_endless":false,"potions_floor_spawned":[3,7,10,14,21,22],"killed_by":"Gremlin Leader","ascension_level":20}}