{"host":"bg8va46pgqgvtzim","time":1614152285,"event":{"mods":["BaseMod","Minty Spire (QoL Compilation)","Quick Restart","StSLib","SuperFastMode"],"gold_per_floor":[109,109,34,53,65,65,128,128,157,174,199,249,275,301,334,384,444,239,239,259,259,259,363,363,375,425,490,503,521,471,521,556,569,636,646,646,673,673,699,723,766,778,806,830,854,866,878,992,1004,1035,1147,1177,1239,1267,1329,1361,1434,1457,1498,1510,1537,1549,1561,1573,1602,1664,1726,1752,1797,1905,1917,1929,1941,1953,1965,911,946,946],"floor_reached":79,"language":"ZHS","playtime":2277,"items_purged":["Defend_P","Strike_P","Strike_P","Strike_P"],"score":1761,"play_id":"19545ba3-2857-448b-94a2-bed22952f466","local_time":"20210224153805","is_ascension_mode":true,"campfire_choices":[{"data":"Eruption","floor":8.0,"key":"SMITH"},{"data":"Pray","floor":19.0,"key":"SMITH"},{"data":"Prostrate","floor":21.0,"key":"SMITH"},{"floor":22.0,"key":"DIG"},{"floor":38,"key":"DIG"},{"floor":42,"key":"DIG"},{"floor":46,"key":"DIG"},{"floor":47,"key":"REST"},{"floor":60,"key":"DIG"},{"floor":64,"key":"DIG"},{"floor":71,"key":"RECALL"},{"floor":72,"key":"DIG"},{"floor":75,"key":"DIG"}],"circlet_count":0,"master_deck":["Defend_P","Defend_P","Eruption+1","Vigilance+1","BowlingBash","CarveReality+1","ClearTheMind","FlurryOfBlows+1","BattleHymn","InnerPeace","Prostrate+1","Brilliance","Pray+1","Adaptation+1","Crescendo","Pray","Collect","Indignation","Adaptation+1","Establishment","MentalFortress","Vault","Vault","Fasting2+1","Panacea","Master of Strategy","Wallop","Meditate","Master of Strategy","Forethought","DeusExMachina"],"relics":["PureWater","Shovel","SsserpentHead","Calipers","Bag of Preparation","Orichalcum","War Paint","Smiling Mask","Orrery","Centennial Puzzle","VioletLotus","Bag of Marbles","Whetstone","Lantern","MawBank","Happy Flower","Dream Catcher","Du-Vu Doll","Runic Dome","Kunai","White Beast Statue","Pear","Mummified Hand","Blood Vial","Bronze Scales","Ginger","Damaru","Letter Opener","Lee\u0027s Waffle","Incense Burner","Pantograph","Strawberry"],"acts_visited":["Exordium","TheCity","TheBeyond","TheEnding"],"potions_floor_usage":[34,56,70,78,78,78],"damage_taken":[{"damage":2.0,"enemies":"Small Slimes","floor":1.0,"turns":4.0},{"damage":0.0,"enemies":"Cultist","floor":4.0,"turns":2.0},{"damage":0.0,"enemies":"2 Louse","floor":5.0,"turns":2.0},{"damage":3.0,"enemies":"Exordium Thugs","floor":7.0,"turns":3.0},{"damage":0.0,"enemies":"Lagavulin","floor":9.0,"turns":3.0},{"damage":0.0,"enemies":"Large Slime","floor":10.0,"turns":3.0},{"damage":13.0,"enemies":"3 Sentries","floor":11.0,"turns":6.0},{"damage":0.0,"enemies":"Gremlin Nob","floor":15.0,"turns":2.0},{"damage":0.0,"enemies":"Looter","floor":17.0,"turns":2.0},{"damage":9.0,"enemies":"Red Slaver","floor":20.0,"turns":4.0},{"damage":12.0,"enemies":"The Guardian","floor":23.0,"turns":7.0},{"damage":7.0,"enemies":"Shell Parasite","floor":25.0,"turns":3.0},{"damage":0.0,"enemies":"3 Byrds","floor":27.0,"turns":2.0},{"damage":1.0,"enemies":"Cultist and Chosen","floor":28.0,"turns":4.0},{"damage":0.0,"enemies":"3 Cultists","floor":29.0,"turns":3.0},{"damage":11,"enemies":"Gremlin Leader","floor":32,"turns":3},{"damage":0,"enemies":"Shelled Parasite and Fungi","floor":33,"turns":3},{"damage":12,"enemies":"Centurion and Healer","floor":34,"turns":2},{"damage":0,"enemies":"Snecko","floor":35,"turns":4},{"damage":26,"enemies":"Slavers","floor":39,"turns":3},{"damage":2,"enemies":"3 Cultists","floor":40,"turns":3},{"damage":0,"enemies":"Gremlin Leader","floor":41,"turns":3},{"damage":5,"enemies":"Shelled Parasite and Fungi","floor":43,"turns":3},{"damage":0,"enemies":"Sentry and Sphere","floor":44,"turns":3},{"damage":0,"enemies":"Centurion and Healer","floor":45,"turns":3},{"damage":7,"enemies":"Champ","floor":48,"turns":6},{"damage":11,"enemies":"3 Shapes","floor":50,"turns":3},{"damage":0,"enemies":"Mind Bloom Boss Battle","floor":51,"turns":4},{"damage":1,"enemies":"3 Darklings","floor":52,"turns":4},{"damage":0,"enemies":"Sphere and 2 Shapes","floor":54,"turns":3},{"damage":0,"enemies":"Jaw Worm Horde","floor":56,"turns":2},{"damage":0,"enemies":"Maw","floor":57,"turns":3},{"damage":0,"enemies":"Writhing Mass","floor":58,"turns":3},{"damage":0,"enemies":"Giant Head","floor":59,"turns":3},{"damage":0,"enemies":"Sphere and 2 Shapes","floor":61,"turns":3},{"damage":0,"enemies":"4 Shapes","floor":65,"turns":4},{"damage":1,"enemies":"3 Darklings","floor":68,"turns":3},{"damage":22,"enemies":"Nemesis","floor":69,"turns":4},{"damage":0,"enemies":"2 Orb Walkers","floor":70,"turns":3},{"damage":35,"enemies":"Time Eater","floor":73,"turns":5},{"damage":0,"enemies":"Shield and Spear","floor":77,"turns":3},{"damage":1,"enemies":"The Heart","floor":78,"turns":7}],"seed_played":"3581433302095906525","potions_obtained":[{"floor":7.0,"key":"BottledMiracle"},{"floor":10.0,"key":"AttackPotion"},{"floor":11.0,"key":"SpeedPotion"},{"floor":15.0,"key":"SkillPotion"},{"floor":27.0,"key":"Fire Potion"},{"floor":28.0,"key":"GamblersBrew"},{"floor":34,"key":"SmokeBomb"},{"floor":35,"key":"ColorlessPotion"},{"floor":39,"key":"LiquidMemories"},{"floor":44,"key":"Ambrosia"},{"floor":58,"key":"FearPotion"},{"floor":65,"key":"DuplicationPotion"},{"floor":70,"key":"Energy Potion"}],"is_trial":false,"path_per_floor":["M","?","$","M","M","?","M","R","E","M","E","?","T","T","E","?","M","$","R","M","R","R","B",null,"M","?","M","M","M","$","?","E","M","M","M","T","T","R","E","M","E","R","M","M","M","R","R","B",null,"M","?","M","?","M","T","M","M","M","E","R","M","T","T","R","M","?","?","M","E","?","R","R","B",null,"R","$","E","B",null],"character_chosen":"WATCHER","items_purchased":["Orrery","Lee\u0027s Waffle","Incense Burner","Pantograph","Master of Strategy","Forethought","Swift Potion"],"campfire_rested":1,"item_purchase_floors":[18,76,76,76,76,76,76],"current_hp_per_floor":[49,49,49,49,49,49,46,46,46,46,33,38,38,38,38,38,38,38,38,29,29,29,17,77,70,70,70,69,69,69,69,58,58,46,46,46,46,46,20,18,18,18,13,13,13,13,36,29,77,66,66,65,65,65,65,65,65,65,65,65,65,75,75,75,77,67,67,68,48,50,50,50,17,83,83,90,97,96],"gold":946,"neow_bonus":"ONE_RARE_RELIC","is_daily":false,"chose_seed":false,"campfire_upgraded":3,"win_rate":0.0,"timestamp":1614152285,"path_taken":["M","?","?","M","M","?","?","R","E","M","E","?","T","T","E","?","?","$","R","M","R","R","BOSS","M","?","?","M","M","$","?","E","M","?","M","T","T","R","E","M","E","R","M","M","M","R","R","BOSS","M","?","M","?","M","?","M","?","M","E","R","M","T","T","R","M","?","?","M","E","?","R","R","BOSS","R","$","E","BOSS"],"items_purchased_type":["Relic","Relic","Relic","Relic","Card","Card","Potion"],"build_version":"2020-12-22","purchased_purges":4,"victory":true,"max_hp_per_floor":[72,72,72,72,72,72,72,72,72,72,72,77,77,77,77,77,77,77,77,77,77,77,77,77,77,77,77,77,77,77,77,77,77,77,77,77,77,77,77,77,77,77,77,77,77,77,77,77,77,77,77,77,77,77,77,77,77,77,77,77,77,87,87,87,87,87,83,83,83,83,83,83,83,83,83,90,97,97],"card_choices":[{"not_picked":["Halt","Weave"],"picked":"BowlingBash","floor":1.0},{"not_picked":["JustLucky","ThirdEye","Worship"],"picked":"SKIP","floor":4.0},{"not_picked":["ClearTheMind","FlyingSleeves"],"picked":"CarveReality","floor":5.0},{"not_picked":["Crescendo","Evaluate"],"picked":"ClearTheMind","floor":7.0},{"not_picked":["BowlingBash","ClearTheMind","FlyingSleeves"],"picked":"SKIP","floor":9.0},{"not_picked":["DeceiveReality","Nirvana"],"picked":"FlurryOfBlows","floor":10.0},{"not_picked":["ReachHeaven","BowlingBash"],"picked":"BattleHymn","floor":11.0},{"not_picked":["EmptyFist","Swivel"],"picked":"InnerPeace","floor":15.0},{"not_picked":["FlyingSleeves","CutThroughFate"],"picked":"Brilliance","floor":17.0},{"not_picked":["Study","Weave"],"picked":"Pray","floor":18.0},{"not_picked":["EmptyBody","CrushJoints"],"picked":"Adaptation","floor":18.0},{"not_picked":["Study","ThirdEye"],"picked":"Crescendo","floor":18.0},{"not_picked":["ThirdEye","Protect"],"picked":"Pray","floor":18.0},{"not_picked":["Fasting2","EmptyFist","CutThroughFate"],"picked":"SKIP","floor":20.0},{"not_picked":["ThirdEye","Vengeance","Consecrate"],"picked":"SKIP","floor":25.0},{"not_picked":["Protect","SashWhip","Prostrate"],"picked":"SKIP","floor":27.0},{"not_picked":["ForeignInfluence","FollowUp+1"],"picked":"Collect","floor":28.0},{"not_picked":["BowlingBash","Prostrate"],"picked":"Indignation","floor":29.0},{"not_picked":["WreathOfFlame","Pray"],"picked":"Establishment","floor":32},{"not_picked":["FearNoEvil","ClearTheMind","Pray"],"picked":"SKIP","floor":33},{"not_picked":["CrushJoints+1","BowlingBash","WaveOfTheHand"],"picked":"SKIP","floor":34},{"not_picked":["PathToVictory","ThirdEye","FlurryOfBlows"],"picked":"SKIP","floor":35},{"not_picked":["Pray+1","ReachHeaven+1","Crescendo+1"],"picked":"SKIP","floor":39},{"not_picked":["PathToVictory","EmptyFist","CutThroughFate"],"picked":"SKIP","floor":40},{"not_picked":["Conclude","Consecrate+1"],"picked":"MentalFortress","floor":41},{"not_picked":["Halt","EmptyBody","ThirdEye"],"picked":"SKIP","floor":43},{"not_picked":["Study","ClearTheMind"],"picked":"Vault","floor":44},{"not_picked":["SashWhip","Prostrate","PathToVictory"],"picked":"SKIP","floor":45},{"not_picked":["Wish","Ragnarok"],"picked":"Vault","floor":48},{"not_picked":["JustLucky+1","EmptyBody+1","Prostrate+1"],"picked":"SKIP","floor":50},{"not_picked":["Halt+1","Protect","FlyingSleeves+1"],"picked":"SKIP","floor":52},{"not_picked":["Wireheading","BattleHymn+1","FlurryOfBlows"],"picked":"SKIP","floor":54},{"not_picked":["Halt","PathToVictory+1"],"picked":"Fasting2+1","floor":56},{"not_picked":["Prostrate+1","Weave","Omniscience"],"picked":"SKIP","floor":57},{"not_picked":["FlurryOfBlows+1","EmptyBody+1","Fasting2"],"picked":"SKIP","floor":58},{"not_picked":["CutThroughFate","BattleHymn+1","Worship"],"picked":"SKIP","floor":59},{"not_picked":["Collect+1","ForeignInfluence+1","FlurryOfBlows"],"picked":"SKIP","floor":61},{"not_picked":["Halt+1","Crescendo","DeceiveReality+1"],"picked":"SKIP","floor":65},{"not_picked":["Madness","Forethought"],"picked":"Panacea","floor":66},{"not_picked":["Mayhem","Discovery"],"picked":"Master of Strategy","floor":66},{"not_picked":["Prostrate+1","CutThroughFate"],"picked":"Wallop","floor":68},{"not_picked":["Crescendo","Prostrate","JustLucky"],"picked":"SKIP","floor":69},{"not_picked":["Protect+1","BowlingBash+1"],"picked":"Meditate","floor":70},{"not_picked":["FlurryOfBlows","SashWhip"],"picked":"DeusExMachina","floor":77}],"player_experience":2547881,"relics_obtained":[{"floor":9.0,"key":"Calipers"},{"floor":11.0,"key":"Bag of Preparation"},{"floor":13.0,"key":"Orichalcum"},{"floor":14.0,"key":"War Paint"},{"floor":15.0,"key":"Smiling Mask"},{"floor":22.0,"key":"Centennial Puzzle"},{"floor":32,"key":"Bag of Marbles"},{"floor":37,"key":"Whetstone"},{"floor":38,"key":"Lantern"},{"floor":39,"key":"MawBank"},{"floor":41,"key":"Happy Flower"},{"floor":42,"key":"Dream Catcher"},{"floor":46,"key":"Du-Vu Doll"},{"floor":55,"key":"Kunai"},{"floor":60,"key":"White Beast Statue"},{"floor":62,"key":"Pear"},{"floor":63,"key":"Mummified Hand"},{"floor":64,"key":"Blood Vial"},{"floor":69,"key":"Bronze Scales"},{"floor":70,"key":"Ginger"},{"floor":72,"key":"Damaru"},{"floor":75,"key":"Letter Opener"},{"floor":77,"key":"Strawberry"}],"event_choices":[{"damage_healed":0.0,"max_hp_gain":0.0,"max_hp_loss":0.0,"gold_gain":0.0,"event_name":"NoteForYourself","player_choice":"Ignored","floor":2.0,"gold_loss":0.0,"damage_taken":0.0},{"damage_healed":0.0,"max_hp_gain":0.0,"max_hp_loss":0.0,"gold_gain":0.0,"event_name":"FaceTrader","player_choice":"Trade","floor":6.0,"gold_loss":0.0,"damage_taken":0.0,"relics_obtained":["SsserpentHead"]},{"damage_healed":0.0,"max_hp_gain":5.0,"max_hp_loss":0.0,"gold_gain":0.0,"event_name":"Big Fish","player_choice":"Donut","floor":12.0,"gold_loss":0.0,"damage_taken":0.0},{"damage_healed":0.0,"max_hp_gain":0.0,"max_hp_loss":0.0,"gold_gain":0.0,"cards_transformed":["Strike_P"],"event_name":"Transmorgrifier","player_choice":"Transformed","floor":16.0,"gold_loss":0.0,"damage_taken":0.0,"cards_obtained":["Prostrate"]},{"damage_healed":0.0,"max_hp_gain":0.0,"max_hp_loss":0.0,"gold_gain":0.0,"event_name":"Upgrade Shrine","player_choice":"Upgraded","floor":26.0,"gold_loss":0.0,"damage_taken":0.0,"cards_upgraded":["Adaptation"]},{"damage_healed":0,"gold_gain":0,"player_choice":"Copied","damage_taken":0,"max_hp_gain":0,"max_hp_loss":0,"event_name":"Duplicator","floor":31,"gold_loss":0,"cards_obtained":["Adaptation"]},{"damage_healed":0,"gold_gain":0,"player_choice":"Fight","damage_taken":0,"max_hp_gain":0,"max_hp_loss":0,"event_name":"MindBloom","floor":51,"gold_loss":0},{"cards_removed":["Defend_P"],"damage_healed":0,"gold_gain":0,"player_choice":"Removed Skill","damage_taken":0,"max_hp_gain":0,"max_hp_loss":0,"event_name":"Falling","floor":53,"gold_loss":0},{"damage_healed":0,"gold_gain":0,"player_choice":"Memory 3","damage_taken":10,"max_hp_gain":0,"max_hp_loss":0,"event_name":"SensoryStone","floor":66,"gold_loss":0},{"damage_healed":0,"gold_gain":0,"player_choice":"Max HP","damage_taken":0,"max_hp_gain":0,"max_hp_loss":4,"event_name":"Winding Halls","floor":67,"gold_loss":0},{"damage_healed":0,"gold_gain":0,"player_choice":"Fight","damage_taken":0,"max_hp_gain":0,"max_hp_loss":0,"event_name":"Mysterious Sphere","floor":70,"gold_loss":0}],"is_beta":false,"boss_relics":[{"not_picked":["Coffee Dripper","Cursed Key"],"picked":"VioletLotus"},{"not_picked":["Velvet Choker","HolyWater"],"picked":"Runic Dome"}],"items_purged_floors":[3,18,30,76],"is_endless":false,"potions_floor_spawned":[7,10,11,15,20,27,28,34,35,39,44,45,48,50,51,58,61,65,68,69,70,77],"ascension_level":1}}