{"host":"l6t8kvs6xu8ynp71","time":1614146776,"event":{"mods":["BaseMod","Curses Come First","Highlight Path","Minty Spire (QoL Compilation)","Permanent Neow","Relic Stats","StSLib"],"gold_per_floor":[119,129,129,149,163,192,192,220,220,220,230,264,284,298,298,377,377,388,388,388,403,328,357,357,357,357],"floor_reached":25,"language":"ENG","playtime":1587,"items_purged":["Strike_P"],"score":413,"play_id":"f3765488-4a30-41af-bcfd-5eaab58c8244","local_time":"20210223230616","is_ascension_mode":true,"campfire_choices":[{"data":"Adaptation","floor":7.0,"key":"SMITH"},{"floor":10.0,"key":"REST"},{"floor":15.0,"key":"REST"},{"floor":24,"key":"REST"}],"circlet_count":0,"master_deck":["AscendersBane","Strike_P","Defend_P","Eruption","Vigilance","Prostrate+1","FlurryOfBlows+1","Evaluate+1","Adaptation+1","EmptyFist+1","FlyingSleeves","BowlingBash","Vault","CarveReality","Wireheading","FearNoEvil","Establishment","Protect","SignatureMove","Nirvana","JustLucky"],"relics":["Astrolabe","Bottled Tornado","Mercury Hourglass","Peace Pipe","Shovel","Cursed Key","InkBottle"],"acts_visited":["Exordium","TheCity"],"potions_floor_usage":[23,25],"damage_taken":[{"damage":0.0,"enemies":"Jaw Worm","floor":1.0,"turns":4.0},{"damage":0.0,"enemies":"Cultist","floor":2.0,"turns":5.0},{"damage":3.0,"enemies":"2 Louse","floor":4.0,"turns":4.0},{"damage":5.0,"enemies":"Large Slime","floor":5.0,"turns":4.0},{"damage":18.0,"enemies":"3 Sentries","floor":6.0,"turns":9.0},{"damage":16.0,"enemies":"Lagavulin","floor":8.0,"turns":7.0},{"damage":0.0,"enemies":"Looter","floor":11.0,"turns":3.0},{"damage":15.0,"enemies":"3 Sentries","floor":12.0,"turns":6.0},{"damage":11.0,"enemies":"Exordium Thugs","floor":13.0,"turns":4.0},{"damage":8.0,"enemies":"Gremlin Gang","floor":14.0,"turns":4.0},{"damage":16.0,"enemies":"Hexaghost","floor":16.0,"turns":9.0},{"damage":22.0,"enemies":"Spheric Guardian","floor":18.0,"turns":5.0},{"damage":2.0,"enemies":"3 Byrds","floor":21.0,"turns":4.0},{"damage":26,"enemies":"Book of Stabbing","floor":23,"turns":4},{"damage":26,"enemies":"Slavers","floor":25,"turns":1}],"seed_played":"-3529845625621135894","potions_obtained":[{"floor":1.0,"key":"Weak Potion"},{"floor":2.0,"key":"FearPotion"},{"floor":12.0,"key":"SpeedPotion"},{"floor":18.0,"key":"SkillPotion"},{"floor":23,"key":"Energy Potion"}],"is_trial":false,"path_per_floor":["M","M","?","M","M","E","R","E","T","R","M","E","M","M","R","B",null,"M","?","?","M","$","E","R","E"],"character_chosen":"WATCHER","items_purchased":[],"campfire_rested":3,"item_purchase_floors":[],"current_hp_per_floor":[61,61,61,58,53,35,35,19,19,39,39,24,13,5,25,9,53,31,31,31,29,29,3,23,0,0],"gold":357,"neow_bonus":"BOSS_RELIC","is_daily":false,"chose_seed":false,"campfire_upgraded":1,"win_rate":0.0,"timestamp":1614146776,"path_taken":["M","M","?","M","M","E","R","E","T","R","M","E","M","?","R","BOSS","M","?","?","?","?","E","R","E"],"items_purchased_type":[],"build_version":"2020-12-22","purchased_purges":1,"victory":false,"max_hp_per_floor":[68,68,68,68,68,68,68,68,68,68,68,68,68,68,68,68,68,68,68,68,68,68,68,68,68,68],"relic_stats":{"Peace Pipe":0,"Shovel":0,"counters":[15,72],"Astrolabe":["Prostrate","FlurryOfBlows","Evaluate"],"Cursed Key":0,"obtain_stats":[{"Peace Pipe":9,"Shovel":12,"Astrolabe":0,"PureWater":0,"Bottled Tornado":6,"Cursed Key":17,"InkBottle":23,"Mercury Hourglass":8},{"Peace Pipe":6,"Shovel":8,"Astrolabe":0,"PureWater":0,"Bottled Tornado":5,"Cursed Key":11,"InkBottle":14,"Mercury Hourglass":6},{"Peace Pipe":33,"Shovel":41,"Astrolabe":0,"PureWater":0,"Bottled Tornado":26,"Cursed Key":58,"InkBottle":71,"Mercury Hourglass":33}],"InkBottle":[0],"Mercury Hourglass":[178]},"card_choices":[{"not_picked":["WreathOfFlame","Worship"],"picked":"Adaptation","floor":1.0},{"not_picked":["Pray","FollowUp"],"picked":"EmptyFist","floor":2.0},{"not_picked":["Prostrate","ClearTheMind"],"picked":"FlyingSleeves","floor":4.0},{"not_picked":["PathToVictory","FlyingSleeves"],"picked":"BowlingBash","floor":5.0},{"not_picked":["JustLucky","PathToVictory"],"picked":"Vault","floor":6.0},{"not_picked":["EmptyMind","WindmillStrike","DeceiveReality"],"picked":"SKIP","floor":8.0},{"not_picked":["Protect","WindmillStrike"],"picked":"CarveReality","floor":11.0},{"not_picked":["Evaluate","FlyingSleeves"],"picked":"Wireheading","floor":12.0},{"not_picked":["Crescendo","EmptyFist","PathToVictory"],"picked":"SKIP","floor":13.0},{"not_picked":["ThirdEye","DeceiveReality"],"picked":"FearNoEvil","floor":14.0},{"not_picked":["ConjureBlade","Blasphemy"],"picked":"Establishment","floor":16.0},{"not_picked":["Evaluate","ThirdEye"],"picked":"Protect","floor":18.0},{"not_picked":["SashWhip+1","CrushJoints"],"picked":"JustLucky","floor":21.0},{"not_picked":["Crescendo","Perseverance","Omniscience"],"picked":"SKIP","floor":23}],"player_experience":1517842,"relics_obtained":[{"floor":6.0,"key":"Bottled Tornado"},{"floor":8.0,"key":"Mercury Hourglass"},{"floor":9.0,"key":"Peace Pipe"},{"floor":12.0,"key":"Shovel"},{"floor":23,"key":"InkBottle"}],"event_choices":[{"damage_healed":0.0,"max_hp_gain":0.0,"max_hp_loss":0.0,"gold_gain":0.0,"event_name":"Upgrade Shrine","player_choice":"Upgraded","floor":3.0,"gold_loss":0.0,"damage_taken":0.0,"cards_upgraded":["EmptyFist"]},{"damage_healed":0.0,"max_hp_gain":0.0,"max_hp_loss":0.0,"gold_gain":0.0,"cards_transformed":["Strike_P","Defend_P"],"event_name":"Drug Dealer","player_choice":"Became Test Subject","floor":19.0,"gold_loss":0.0,"damage_taken":0.0,"cards_obtained":["SignatureMove","Nirvana"]},{"damage_healed":0.0,"max_hp_gain":0.0,"max_hp_loss":0.0,"gold_gain":0.0,"event_name":"Cursed Tome","player_choice":"Ignored","floor":20.0,"gold_loss":0.0,"damage_taken":0.0}],"is_beta":false,"boss_relics":[{"not_picked":["Runic Pyramid","Fusion Hammer"],"picked":"Cursed Key"}],"items_purged_floors":[22],"is_endless":false,"potions_floor_spawned":[1,2,4,12,18,23],"killed_by":"Slavers","ascension_level":14}}