{"host":"c6u7e77myxvw4d0m","time":1614125809,"event":{"mods":["AchievementEnabler","BaseMod","Bestiary","Colored Map","Colored Powertips","Minty Spire (QoL Compilation)","Rare Cards Sparkle","Relic Stats","everything is the same but u backflip on backflip"],"gold_per_floor":[364,380,390,405,25,25,59,59,59,97,97,107,107,132,132,217,217,237,263,282,308,35,76,76,90,99,99,99,99,121,141,141,222,222,242,265,287,308,28,28,56,56,56],"floor_reached":42,"language":"ENG","playtime":3964,"items_purged":["Strike_G"],"score":997,"play_id":"5d1c2960-d8af-4a3f-8943-2190aa6821be","local_time":"20210224021649","is_ascension_mode":true,"campfire_choices":[{"data":"Eviscerate","floor":6.0,"key":"SMITH"},{"data":"Prepared","floor":8.0,"key":"SMITH"},{"data":"Well Laid Plans","floor":11.0,"key":"SMITH"},{"data":"Wraith Form v2","floor":15.0,"key":"SMITH"},{"floor":24.0,"key":"REST"},{"floor":29.0,"key":"REST"},{"data":"Catalyst","floor":32.0,"key":"SMITH"},{"data":"Acrobatics","floor":40.0,"key":"SMITH"}],"circlet_count":0,"master_deck":["AscendersBane","Strike_G+1","Strike_G+1","Strike_G+1","Strike_G+1","Defend_G+1","Defend_G+1","Defend_G+1","Defend_G+1","Defend_G+1","Survivor","Neutralize","Quick Slash","Dash","Well Laid Plans+1","Deadly Poison","Eviscerate+1","Prepared+1","Footwork","Wraith Form v2+1","Corpse Explosion","Noxious Fumes","Acrobatics+1","Deadly Poison+1","PiercingWail","Leg Sweep","Grand Finale","Clumsy","Dagger Throw","Catalyst+1","After Image","Acrobatics","Noxious Fumes","Reflex","Backflip","Bandage Up","PiercingWail","Caltrops","Prepared","Flechettes+1"],"relics":["Ring of the Snake","Calipers","CeramicFish","War Paint","Ornamental Fan","Cursed Key","Oddly Smooth Stone","StrikeDummy","Snecko Eye"],"acts_visited":["Exordium","TheCity","TheBeyond"],"potions_floor_usage":[42],"damage_taken":[{"damage":3.0,"enemies":"Cultist","floor":1.0,"turns":4.0},{"damage":0.0,"enemies":"2 Louse","floor":2.0,"turns":3.0},{"damage":1.0,"enemies":"Small Slimes","floor":3.0,"turns":3.0},{"damage":4.0,"enemies":"Blue Slaver","floor":4.0,"turns":6.0},{"damage":18.0,"enemies":"Gremlin Nob","floor":7.0,"turns":4.0},{"damage":10.0,"enemies":"Lagavulin","floor":10.0,"turns":7.0},{"damage":2.0,"enemies":"Large Slime","floor":12.0,"turns":6.0},{"damage":9.0,"enemies":"Gremlin Gang","floor":14.0,"turns":7.0},{"damage":9.0,"enemies":"Hexaghost","floor":16.0,"turns":10.0},{"damage":0.0,"enemies":"Chosen","floor":18.0,"turns":6.0},{"damage":6.0,"enemies":"3 Byrds","floor":19.0,"turns":3.0},{"damage":21.0,"enemies":"Snake Plant","floor":20.0,"turns":5.0},{"damage":6.0,"enemies":"Sentry and Sphere","floor":21.0,"turns":6.0},{"damage":6.0,"enemies":"Slavers","floor":23.0,"turns":5.0},{"damage":8.0,"enemies":"Chosen and Byrds","floor":25.0,"turns":7.0},{"damage":2.0,"enemies":"Shelled Parasite and Fungi","floor":30.0,"turns":4.0},{"damage":0.0,"enemies":"3 Cultists","floor":31.0,"turns":4.0},{"damage":0.0,"enemies":"Automaton","floor":33.0,"turns":9.0},{"damage":0.0,"enemies":"3 Darklings","floor":35.0,"turns":4.0},{"damage":1.0,"enemies":"Orb Walker","floor":36.0,"turns":3.0},{"damage":30.0,"enemies":"3 Darklings","floor":37.0,"turns":5.0},{"damage":11.0,"enemies":"Transient","floor":38.0,"turns":6.0},{"damage":0.0,"enemies":"4 Shapes","floor":41.0,"turns":5.0},{"damage":52,"enemies":"Reptomancer","floor":42,"turns":3}],"seed_played":"-3456387216414393014","potions_obtained":[{"floor":1.0,"key":"SteroidPotion"},{"floor":3.0,"key":"EssenceOfSteel"},{"floor":7.0,"key":"Ancient Potion"},{"floor":14.0,"key":"LiquidBronze"},{"floor":19.0,"key":"EssenceOfSteel"},{"floor":21.0,"key":"Weak Potion"},{"floor":37.0,"key":"ColorlessPotion"}],"is_trial":false,"path_per_floor":["M","M","M","M","$","R","E","R","T","E","R","M","?","M","R","B",null,"M","M","M","M","$","E","R","M","T","?","?","R","M","M","R","B",null,"M","M","M","M","$","R","M","E"],"character_chosen":"THE_SILENT","items_purchased":["Eviscerate","Calipers","Leg Sweep","Oddly Smooth Stone","Bandage Up","PiercingWail","Caltrops","Prepared","Poison Potion"],"campfire_rested":2,"item_purchase_floors":[5,5,22,22,39,39,39,39,39],"current_hp_per_floor":[56,56,55,51,51,51,33,33,33,23,23,21,26,17,17,8,51,51,45,24,18,18,12,31,23,23,5,5,26,24,24,24,24,59,59,58,28,17,17,17,21,0,0],"gold":56,"neow_bonus":"TWO_FIFTY_GOLD","is_daily":false,"chose_seed":false,"campfire_upgraded":6,"win_rate":0.0,"timestamp":1614125809,"path_taken":["M","M","M","M","$","R","E","R","T","E","R","M","?","M","R","BOSS","M","M","M","M","$","E","R","M","T","?","?","R","M","M","R","BOSS","M","M","M","M","$","R","M","E"],"items_purchased_type":["Card","Relic","Card","Relic","Card","Card","Card","Card","Potion"],"build_version":"2020-12-22","purchased_purges":1,"victory":false,"max_hp_per_floor":[60,60,60,60,60,60,60,60,60,60,60,60,65,65,65,65,65,65,65,65,65,65,65,65,65,65,70,70,70,70,70,70,70,70,70,70,70,70,70,70,70,70,70],"relic_stats":{"counters":[24,125],"Ornamental Fan":[36],"CeramicFish":207,"Snecko Eye":[54,55,70,55],"War Paint":["Defend_G","Defend_G"],"Cursed Key":1,"obtain_stats":[{"Calipers":5,"Ornamental Fan":10,"CeramicFish":7,"Oddly Smooth Stone":22,"Snecko Eye":34,"War Paint":9,"Cursed Key":17,"StrikeDummy":23,"Ring of the Snake":0},{"Calipers":4,"Ornamental Fan":6,"CeramicFish":5,"Oddly Smooth Stone":13,"Snecko Eye":18,"War Paint":5,"Cursed Key":9,"StrikeDummy":14,"Ring of the Snake":0},{"Calipers":16,"Ornamental Fan":27,"CeramicFish":20,"Oddly Smooth Stone":70,"Snecko Eye":99,"War Paint":20,"Cursed Key":50,"StrikeDummy":75,"Ring of the Snake":0}],"Ring of the Snake":[48]},"card_choices":[{"not_picked":["Heel Hook","PiercingWail"],"picked":"Quick Slash","floor":1.0},{"not_picked":["Dodge and Roll","Dagger Spray"],"picked":"Dash","floor":2.0},{"not_picked":["Calculated Gamble","Catalyst"],"picked":"Well Laid Plans","floor":3.0},{"not_picked":["Endless Agony","Quick Slash"],"picked":"Deadly Poison","floor":4.0},{"not_picked":["Blade Dance","Poisoned Stab"],"picked":"Prepared","floor":7.0},{"not_picked":["Terror","Bane"],"picked":"Footwork","floor":10.0},{"not_picked":["Blur","Well Laid Plans","Heel Hook"],"picked":"SKIP","floor":12.0},{"not_picked":["Tactician","Blade Dance"],"picked":"Wraith Form v2","floor":14.0},{"not_picked":["Venomology","Grand Finale"],"picked":"Corpse Explosion","floor":16.0},{"not_picked":["Deadly Poison","Blade Dance"],"picked":"Noxious Fumes","floor":18.0},{"not_picked":["Deadly Poison","Dash"],"picked":"Acrobatics","floor":19.0},{"not_picked":["Setup","Terror"],"picked":"Deadly Poison+1","floor":20.0},{"not_picked":["Slice","Blur"],"picked":"PiercingWail","floor":21.0},{"not_picked":["Heel Hook","Backflip"],"picked":"Grand Finale","floor":23.0},{"not_picked":["Eviscerate","Deadly Poison","Flying Knee"],"picked":"SKIP","floor":25.0},{"not_picked":["Deadly Poison+1","Cloak And Dagger+1"],"picked":"Dagger Throw","floor":30.0},{"not_picked":["Prepared","Deflect"],"picked":"Catalyst","floor":31.0},{"not_picked":["Glass Knife","Doppelganger"],"picked":"After Image","floor":33.0},{"not_picked":["Deflect","Crippling Poison"],"picked":"Acrobatics","floor":35.0},{"not_picked":["Cloak And Dagger","Dodge and Roll+1"],"picked":"Noxious Fumes","floor":36.0},{"not_picked":["Dagger Spray","Deflect"],"picked":"Reflex","floor":37.0},{"not_picked":["Acrobatics","Bane"],"picked":"Backflip","floor":38.0},{"not_picked":["Blur","Backstab+1"],"picked":"Flechettes+1","floor":41.0}],"player_experience":888332,"relics_obtained":[{"floor":7.0,"key":"CeramicFish"},{"floor":9.0,"key":"War Paint"},{"floor":10.0,"key":"Ornamental Fan"},{"floor":23.0,"key":"StrikeDummy"}],"event_choices":[{"damage_healed":0.0,"max_hp_gain":5.0,"max_hp_loss":0.0,"gold_gain":0.0,"event_name":"Big Fish","player_choice":"Donut","floor":13.0,"gold_loss":0.0,"damage_taken":0.0},{"damage_healed":0.0,"max_hp_gain":5.0,"max_hp_loss":0.0,"gold_gain":0.0,"event_name":"Forgotten Altar","player_choice":"Shed Blood","floor":27.0,"gold_loss":0.0,"damage_taken":23.0},{"damage_healed":0.0,"max_hp_gain":0.0,"max_hp_loss":0.0,"gold_gain":0.0,"event_name":"Back to Basics","player_choice":"Simplicity","floor":28.0,"gold_loss":0.0,"damage_taken":0.0,"cards_upgraded":["Strike_G","Strike_G","Strike_G","Strike_G","Defend_G","Defend_G","Defend_G"]}],"is_beta":false,"boss_relics":[{"not_picked":["Empty Cage","SlaversCollar"],"picked":"Cursed Key"},{"not_picked":["SacredBark","Astrolabe"],"picked":"Snecko Eye"}],"items_purged_floors":[22],"is_endless":false,"potions_floor_spawned":[1,3,7,14,19,21,37,41],"killed_by":"Reptomancer","ascension_level":20}}