{"host":"rwiy0nr47d6nmxat","time":1614191006,"event":{"mods":["2.2 Compatiblity","AchievementEnabler","Act Like it!","Aspiration","BaseMod","Better Note","Better Sensory Stone","Block Reminder","Challenge The Spire","Colored Map","Colored Powertips","Conspire","Elementarium","Highlight Path","Hubris","Infinite Spire","Mad Scientist","Minty Spire (QoL Compilation)","Permanent Neow","Quick Restart","Rare Cards Sparkle","Replay The Spire","StSLib","SuperFastMode","The Cursed","TheFirefly","slay the spire mod where everything is the same but ironclad has a cowboy hat"],"gold_per_floor":[109,127,141,141,156,186,186,198,198,214,214,242,242,253,253,348,348,363,382,382,395,395,395,405,424,424,424,444,444,444,444,444,444,444],"floor_reached":33,"language":"ENG","playtime":1283,"items_purged":[],"score":261,"play_id":"6c430756-4e1e-473e-9c77-806d2c342ac3","local_time":"20210224132326","is_ascension_mode":false,"campfire_choices":[{"floor":7,"key":"DIG"},{"floor":15,"key":"REST"},{"floor":27,"key":"REST"},{"floor":30,"key":"REST"},{"floor":32,"key":"REST"}],"circlet_count":0,"master_deck":["Strike_B","Strike_B","Strike_B","Strike_B","Defend_B","Defend_B","Defend_B","Defend_B","Zap","Dualcast","Static Discharge","Heatsinks","Turbo","Loop+1","Electrodynamics","Leap","Storm","Master of Strategy","Go for the Eyes+1","BasicCrystalCard","Echo Form","Sweeping Beam+1","Double Energy+1","Hyperbeam+1","hubris:InfiniteBlow+1","Consume","Dagger Spray+1","Underhanded Strike+1","Perfected Strike+1","Multi-Cast"],"relics":["Cracked Core","Omamori","Shovel","Counterbalance","Letter Opener","Molten Egg 2","aspiration:Stellarator","PrismaticShard","conspire:DeflatedDodgeball"],"acts_visited":["Exordium","TheCity"],"potions_floor_usage":[6,6,12,12,24,28,33,33],"damage_taken":[{"damage":1,"enemies":"conspire:RoseBush","floor":1,"turns":3},{"damage":7,"enemies":"2 Louse","floor":2,"turns":3},{"damage":2,"enemies":"Small Slimes","floor":3,"turns":4},{"damage":6,"enemies":"2 Fungi Beasts","floor":5,"turns":4},{"damage":10,"enemies":"Lagavulin","floor":6,"turns":9},{"damage":9,"enemies":"Blue Slaver","floor":8,"turns":3},{"damage":0,"enemies":"conspire:2 RoseBushes","floor":10,"turns":2},{"damage":7,"enemies":"Gremlin Nob","floor":12,"turns":3},{"damage":5,"enemies":"Exordium Thugs","floor":14,"turns":3},{"damage":36,"enemies":"Slime Boss","floor":16,"turns":7},{"damage":0,"enemies":"conspire:FuzzyDice","floor":18,"turns":4},{"damage":9,"enemies":"Chosen","floor":19,"turns":5},{"damage":13,"enemies":"3 Cultists","floor":21,"turns":3},{"damage":33,"enemies":"Snecko","floor":24,"turns":5},{"damage":14,"enemies":"Sentry and Sphere","floor":25,"turns":4},{"damage":12,"enemies":"conspire:HollyBat","floor":28,"turns":9},{"damage":61,"enemies":"Pondfish","floor":33,"turns":8}],"seed_played":"1247961229273953781","potions_obtained":[{"floor":3,"key":"SkillPotion"},{"floor":5,"key":"FearPotion"},{"floor":8,"key":"Toxic Potion"},{"floor":10,"key":"LiquidMemories"},{"floor":16,"key":"FearPotion"},{"floor":18,"key":"Death Potion"},{"floor":22,"key":"Block Potion"},{"floor":24,"key":"LifebloodPotion"}],"is_trial":false,"path_per_floor":["M","M","M","?","M","E","R","M","T","M","?","E","?","M","R","B",null,"M","M","?","M","?","AVR","M","M","T","R","M","?","R","?","R_BF","B"],"character_chosen":"DEFECT","items_purchased":[],"campfire_rested":4,"item_purchase_floors":[],"current_hp_per_floor":[74,67,65,65,59,49,49,40,40,40,40,33,33,28,50,14,75,75,66,66,53,53,53,20,6,6,28,16,16,38,38,60,0,0],"gold":444,"neow_bonus":"RANDOM_COMMON_RELIC","is_daily":false,"chose_seed":false,"campfire_upgraded":0,"win_rate":0.0,"timestamp":1614191006,"path_taken":["M","M","M","?","M","E","R","M","T","M","?","E","?","M","R","BOSS","M","M","?","M","?","AVR","M","M","T","R","?","?","R","?","R_BF","BOSS"],"items_purchased_type":[],"build_version":"2020-12-22","purchased_purges":0,"victory":false,"max_hp_per_floor":[75,75,75,75,75,75,75,75,75,75,75,75,75,75,75,75,75,75,75,75,75,75,75,75,75,75,75,75,75,75,75,75,75,75],"card_choices":[{"not_picked":["Go for the Eyes","Coolheaded"],"picked":"Static Discharge","floor":1},{"not_picked":["Stack","Cold Snap"],"picked":"Heatsinks","floor":2},{"not_picked":["Cold Snap","Rebound"],"picked":"Turbo","floor":3},{"not_picked":["Stack","Turbo"],"picked":"Loop","floor":5},{"not_picked":["Leap","Turbo"],"picked":"Electrodynamics","floor":6},{"not_picked":["Static Discharge","Turbo"],"picked":"Leap","floor":8},{"not_picked":["Beam Cell","Redo"],"picked":"Storm","floor":10},{"not_picked":["Survey Options","Madness"],"picked":"Master of Strategy","floor":11},{"not_picked":["Redo","Multi-Cast"],"picked":"Go for the Eyes+1","floor":12},{"not_picked":["Beam Cell+1","Leap"],"picked":"BasicCrystalCard","floor":14},{"not_picked":["Amplify","Rainbow"],"picked":"Echo Form","floor":16},{"not_picked":["Streamline+1","Force Field"],"picked":"Sweeping Beam+1","floor":18},{"not_picked":["Steam","Genetic Algorithm"],"picked":"Double Energy+1","floor":19},{"not_picked":["Steam Power","Sweeping Beam+1"],"picked":"Hyperbeam+1","floor":21},{"not_picked":["MadScienceMod:NowOrNever","WreathOfFlame"],"picked":"Consume","floor":24},{"not_picked":["Barrage+1","CutThroughFate+1"],"picked":"Dagger Spray+1","floor":25},{"not_picked":["Replay:LoomingThreat","Bandage Up"],"picked":"Underhanded Strike+1","floor":28}],"player_experience":62298,"relics_obtained":[{"floor":6,"key":"Shovel"},{"floor":7,"key":"Counterbalance"},{"floor":9,"key":"Letter Opener"},{"floor":12,"key":"Molten Egg 2"},{"floor":26,"key":"conspire:DeflatedDodgeball"}],"event_choices":[{"damage_healed":0,"gold_gain":0,"player_choice":"Leave","damage_taken":0,"max_hp_gain":0,"max_hp_loss":0,"event_name":"conspire:Investor","floor":4,"gold_loss":0},{"damage_healed":0,"gold_gain":1,"player_choice":"1","damage_taken":0,"max_hp_gain":0,"max_hp_loss":0,"event_name":"betterStone:BetterStone","floor":11,"gold_loss":0},{"damage_healed":0,"gold_gain":0,"player_choice":"Upgraded","damage_taken":0,"max_hp_gain":0,"max_hp_loss":0,"event_name":"Upgrade Shrine","floor":20,"gold_loss":0,"cards_upgraded":["Loop"]},{"damage_healed":0,"gold_gain":0,"player_choice":"Got Potions","damage_taken":0,"max_hp_gain":0,"max_hp_loss":0,"event_name":"Lab","floor":22,"gold_loss":0},{"damage_healed":0,"gold_gain":0,"player_choice":"Take","damage_taken":0,"max_hp_gain":0,"max_hp_loss":0,"event_name":"betterNote:BetterNote","floor":29,"gold_loss":0,"cards_obtained":["Perfected Strike"]},{"damage_healed":0,"gold_gain":0,"player_choice":"1 cards matched","damage_taken":0,"max_hp_gain":0,"max_hp_loss":0,"event_name":"Match and Keep!","floor":31,"gold_loss":0,"cards_obtained":["Multi-Cast"]}],"is_beta":false,"boss_relics":[{"not_picked":["hubris:RunicObelisk","Replay:Wanted Poster"],"picked":"aspiration:Stellarator"}],"items_purged_floors":[],"is_endless":false,"potions_floor_spawned":[3,5,8,10,16,18,24,25],"killed_by":"Pondfish","ascension_level":0}}