{"host":"6r762osam2bvfm66","time":1614193781,"event":{"mods":["AchievementEnabler","BaseMod","Colored Map","Highlight Path","Minty Spire (QoL Compilation)","Relic Stats","ojb\u0027s Info Mod"],"gold_per_floor":[109,125,136,152,152,182,182,182,182],"floor_reached":8,"language":"ENG","playtime":389,"items_purged":[],"score":78,"play_id":"edc361fa-9d14-4ba2-b3bf-3e56c53926c3","local_time":"20210224130941","is_ascension_mode":true,"campfire_choices":[{"data":"Havoc","floor":7,"key":"SMITH"}],"circlet_count":0,"master_deck":["Strike_R","Strike_R","Strike_R","Defend_R","Defend_R","Defend_R","Defend_R","Bash","Headbutt","Havoc","Twin Strike","Havoc+1","Iron Wave","Shrug It Off"],"relics":["Burning Blood","Strawberry"],"acts_visited":["Exordium"],"potions_floor_usage":[4,8,8],"damage_taken":[{"damage":10,"enemies":"Small Slimes","floor":1,"turns":4},{"damage":7,"enemies":"2 Louse","floor":2,"turns":3},{"damage":0,"enemies":"Cultist","floor":3,"turns":2},{"damage":8,"enemies":"Exordium Thugs","floor":4,"turns":2},{"damage":55,"enemies":"3 Sentries","floor":6,"turns":11},{"damage":33,"enemies":"Lagavulin","floor":8,"turns":6}],"seed_played":"3118612624616411726","potions_obtained":[{"floor":1,"key":"AttackPotion"},{"floor":4,"key":"BlessingOfTheForge"},{"floor":6,"key":"DuplicationPotion"}],"is_trial":false,"path_per_floor":["M","M","M","M","?","E","R","E"],"character_chosen":"IRONCLAD","items_purchased":[],"campfire_rested":0,"item_purchase_floors":[],"current_hp_per_floor":[68,67,73,71,64,22,22,0,0],"gold":182,"neow_bonus":"TRANSFORM_CARD","is_daily":false,"chose_seed":false,"campfire_upgraded":1,"win_rate":0.0,"timestamp":1614193781,"path_taken":["M","M","M","M","?","E","R","E"],"items_purchased_type":[],"build_version":"2020-12-22","purchased_purges":0,"victory":false,"max_hp_per_floor":[80,80,80,80,80,87,87,87,87],"relic_stats":{"counters":[6,28],"obtain_stats":[{"Strawberry":6,"Burning Blood":0},{"Strawberry":5,"Burning Blood":0},{"Strawberry":22,"Burning Blood":0}],"Burning Blood":30},"card_choices":[{"not_picked":["Rupture","Headbutt"],"picked":"Havoc","floor":1},{"not_picked":["Burning Pact","Bloodletting"],"picked":"Twin Strike","floor":2},{"not_picked":["Headbutt","Pommel Strike"],"picked":"Havoc","floor":3},{"not_picked":["Heavy Blade","Burning Pact"],"picked":"Iron Wave","floor":4},{"not_picked":["Armaments","Ghostly Armor"],"picked":"Shrug It Off","floor":6}],"player_experience":135965,"relics_obtained":[{"floor":6,"key":"Strawberry"}],"event_choices":[{"cards_removed":["Strike_R"],"damage_healed":0,"gold_gain":0,"player_choice":"Card Removal","damage_taken":7,"max_hp_gain":0,"max_hp_loss":0,"event_name":"Golden Wing","floor":5,"gold_loss":0}],"is_beta":false,"boss_relics":[],"items_purged_floors":[],"is_endless":false,"potions_floor_spawned":[1,4,6],"killed_by":"Lagavulin","ascension_level":7}}