{"host":"m1hrbr0uwda4cktq","time":1614129446,"event":{"mods":["AchievementEnabler","BaseMod","Better Match","BetterRewards","Colored Map","Highlight Path","Minty Spire (QoL Compilation)","Quick Restart","Relic Stats","Shop Mod","StSLib","SuperFastMode","The Bug Knight"],"gold_per_floor":[119,137,156,156,169,169,200,217,217,245,260,274,293,322,322,425,425,435,455,475,485,120,155,171,196,196,196,211,211,226,240,240,336,336,355,370,386,386,386],"floor_reached":38,"language":"ENG","playtime":3556,"items_purged":["Defend_B"],"score":802,"play_id":"82987ce6-d32d-4568-b5c7-94a312b4d2ef","local_time":"20210223221726","is_ascension_mode":true,"campfire_choices":[{"data":"Loop","floor":6.0,"key":"SMITH"},{"data":"Defragment","floor":15.0,"key":"SMITH"},{"floor":27,"key":"REST"},{"floor":29,"key":"RECALL"},{"floor":32,"key":"REST"}],"circlet_count":0,"master_deck":["Strike_B","Strike_B","Strike_B","Defend_B","Defend_B","Defend_B","Dualcast+1","Cold Snap","Loop+1","Hologram","Sweeping Beam","Chill","Ball Lightning","Go for the Eyes","Self Repair","Machine Learning","Glacier+1","Conserve Battery","White Noise","Defragment+1","All For One","Defragment","Defragment","Steam+1","Cold Snap","Conserve Battery","Turbo+1","Gash","Capacitor","Steam","Lockon","Gash","Redo+1","Loop+1","Steam+1","Chill+1"],"relics":["Cracked Core","PreservedInsect","Mango","Question Card","War Paint","Runic Pyramid","Prayer Wheel","Dream Catcher","Happy Flower","Pen Nib","Inserter"],"acts_visited":["Exordium","TheCity","TheBeyond"],"potions_floor_usage":[38],"damage_taken":[{"damage":2.0,"enemies":"Small Slimes","floor":1.0,"turns":4.0},{"damage":0.0,"enemies":"Cultist","floor":2.0,"turns":5.0},{"damage":7.0,"enemies":"Jaw Worm","floor":3.0,"turns":3.0},{"damage":3.0,"enemies":"Exordium Thugs","floor":5.0,"turns":5.0},{"damage":16.0,"enemies":"Gremlin Nob","floor":7.0,"turns":3.0},{"damage":1.0,"enemies":"Blue Slaver","floor":8.0,"turns":3.0},{"damage":11.0,"enemies":"Lagavulin","floor":10.0,"turns":5.0},{"damage":2.0,"enemies":"3 Louse","floor":11.0,"turns":2.0},{"damage":8.0,"enemies":"2 Fungi Beasts","floor":12.0,"turns":4.0},{"damage":12.0,"enemies":"Exordium Wildlife","floor":13.0,"turns":6.0},{"damage":6.0,"enemies":"Gremlin Nob","floor":14.0,"turns":3.0},{"damage":4.0,"enemies":"The Guardian","floor":16.0,"turns":16.0},{"damage":5.0,"enemies":"Shell Parasite","floor":18.0,"turns":8.0},{"damage":21.0,"enemies":"3 Byrds","floor":19.0,"turns":6.0},{"damage":37,"enemies":"Shelled Parasite and Fungi","floor":20,"turns":8},{"damage":16,"enemies":"Snake Plant","floor":21,"turns":7},{"damage":12,"enemies":"HollowMod:Nosk","floor":23,"turns":12},{"damage":4,"enemies":"Snecko","floor":24,"turns":10},{"damage":15,"enemies":"Gremlin Leader","floor":25,"turns":9},{"damage":3,"enemies":"Centurion and Healer","floor":28,"turns":11},{"damage":1,"enemies":"Chosen and Byrds","floor":30,"turns":7},{"damage":25,"enemies":"Snake Plant","floor":31,"turns":6},{"damage":9,"enemies":"Champ","floor":33,"turns":19},{"damage":26,"enemies":"3 Shapes","floor":35,"turns":4},{"damage":11,"enemies":"Orb Walker","floor":36,"turns":3},{"damage":22,"enemies":"Spire Growth","floor":37,"turns":7},{"damage":35,"enemies":"Transient","floor":38,"turns":2}],"seed_played":"852452792706697822","potions_obtained":[{"floor":3.0,"key":"LiquidBronze"},{"floor":7.0,"key":"Weak Potion"},{"floor":8.0,"key":"PotionOfCapacity"},{"floor":23,"key":"Block Potion"},{"floor":33,"key":"BlessingOfTheForge"}],"is_trial":false,"path_per_floor":["M","M","M","?","M","R","E","M","T","E","M","M","M","E","R","B",null,"M","M","M","M","$","E","M","E","T","R","M","R","M","M","R","B",null,"M","M","M","M"],"character_chosen":"DEFECT","items_purchased":["PreservedInsect","Cold Snap","Prayer Wheel"],"campfire_rested":2,"item_purchase_floors":[0,0,22],"current_hp_per_floor":[66,66,59,59,56,56,54,53,53,49,47,46,41,35,35,38,76,78,57,27,18,18,13,16,1,1,27,31,31,30,19,45,43,78,52,48,33,0,0],"gold":386,"neow_bonus":"","is_daily":false,"chose_seed":false,"campfire_upgraded":2,"win_rate":0.0,"timestamp":1614129446,"path_taken":["M","M","M","?","?","R","E","M","T","E","M","M","M","E","R","BOSS","M","M","M","M","$","E","M","E","T","R","M","R","M","M","R","BOSS","M","M","M","M"],"items_purchased_type":["Relic","Card","Relic"],"build_version":"2020-12-22","purchased_purges":1,"victory":false,"max_hp_per_floor":[75,75,75,75,75,75,89,89,89,89,89,89,89,89,89,89,89,89,89,89,89,89,89,89,89,89,89,89,89,89,89,89,89,89,89,89,89,89,89],"relic_stats":{"Dream Catcher":2,"Inserter":[8],"Happy Flower":[19],"counters":[45,263],"Prayer Wheel":7,"PreservedInsect":131,"Pen Nib":[11],"War Paint":["Glacier","Dualcast"],"Question Card":28,"obtain_stats":[{"Inserter":34,"Happy Flower":25,"Astrolabe":17,"HollowMod:VesselMask":0,"Eternal Feather":7,"Mango":7,"PreservedInsect":0,"Pen Nib":26,"Orichalcum":8,"War Paint":14,"HollowMod:StagPassRelic":0,"Question Card":10,"Lizard Tail":0,"Dream Catcher":23,"HornCleat":9,"Pantograph":0,"Prayer Wheel":22,"Bag of Marbles":0,"Membership Card":0,"Cracked Core":0,"Toy Ornithopter":0,"Runic Pyramid":17},{"Inserter":41,"Happy Flower":37,"Astrolabe":12,"HollowMod:VesselMask":0,"Eternal Feather":9,"Mango":23,"PreservedInsect":18,"Pen Nib":37,"Orichalcum":9,"War Paint":29,"HollowMod:StagPassRelic":5,"Question Card":25,"Lizard Tail":5,"Dream Catcher":35,"HornCleat":9,"Pantograph":0,"Prayer Wheel":34,"Bag of Marbles":0,"Membership Card":5,"Cracked Core":0,"Toy Ornithopter":5,"Runic Pyramid":30},{"Inserter":247,"Happy Flower":204,"Astrolabe":51,"HollowMod:VesselMask":0,"Eternal Feather":36,"Mango":105,"PreservedInsect":85,"Pen Nib":204,"Orichalcum":36,"War Paint":128,"HollowMod:StagPassRelic":22,"Question Card":113,"Lizard Tail":22,"Dream Catcher":185,"HornCleat":36,"Pantograph":0,"Prayer Wheel":173,"Bag of Marbles":0,"Membership Card":22,"Cracked Core":0,"Toy Ornithopter":22,"Runic Pyramid":144}]},"card_choices":[{"not_picked":["Barrage","Sunder"],"picked":"Hologram","floor":1.0},{"not_picked":["Turbo","Beam Cell"],"picked":"Sweeping Beam","floor":2.0},{"not_picked":["Steam Power","Aggregate"],"picked":"Chill","floor":3.0},{"not_picked":["Barrage","Turbo"],"picked":"Ball Lightning","floor":5.0},{"not_picked":["Turbo","Barrage"],"picked":"Go for the Eyes","floor":7.0},{"not_picked":["Leap","Barrage"],"picked":"Self Repair","floor":8.0},{"not_picked":["Blizzard","Hologram"],"picked":"Machine Learning","floor":10.0},{"not_picked":["Cold Snap","Recycle","Streamline"],"picked":"Glacier","floor":11.0},{"not_picked":["Sweeping Beam","Steam","Heatsinks"],"picked":"Conserve Battery","floor":12.0},{"not_picked":["Leap","Rebound","Fusion"],"picked":"White Noise","floor":13.0},{"not_picked":["Steam","Static Discharge","Turbo"],"picked":"Defragment","floor":14.0},{"not_picked":["Fission","Meteor Strike","Core Surge"],"picked":"All For One","floor":16.0},{"not_picked":["Hologram","Glacier+1","Ball Lightning"],"picked":"Defragment","floor":18.0},{"not_picked":["Ball Lightning","Streamline","Leap"],"picked":"Defragment","floor":19.0},{"not_picked":["Defragment","Conserve Battery","Stack"],"picked":"Steam+1","floor":20},{"not_picked":["Redo","All For One","Aggregate","Streamline"],"picked":"SKIP","floor":21},{"not_picked":["Turbo","Force Field","Darkness","Rebound"],"picked":"SKIP","floor":23},{"not_picked":["Scrape+1","Redo","Steam Power"],"picked":"Cold Snap","floor":24},{"not_picked":["Hello World","Genetic Algorithm","Compile Driver"],"picked":"Conserve Battery","floor":24},{"not_picked":["Rebound","Storm","Fission"],"picked":"Turbo+1","floor":25},{"not_picked":["Compile Driver+1","Sweeping Beam+1","Turbo"],"picked":"Gash","floor":27},{"not_picked":["Steam","Force Field","Coolheaded"],"picked":"Capacitor","floor":28},{"not_picked":["Stack+1","Skim+1","Cold Snap","Go for the Eyes"],"picked":"SKIP","floor":28},{"not_picked":["Loop","Conserve Battery","Creative AI"],"picked":"Steam","floor":30},{"not_picked":["Reprogram","Self Repair","Ball Lightning","Blizzard"],"picked":"SKIP","floor":30},{"not_picked":["Loop","Undo","Glacier"],"picked":"Lockon","floor":31},{"not_picked":["Beam Cell","Cold Snap","Glacier"],"picked":"Gash","floor":31},{"not_picked":["Stack+1","Tempest+1","Leap"],"picked":"Redo+1","floor":35},{"not_picked":["Barrage","Redo+1","Sweeping Beam"],"picked":"Loop+1","floor":35},{"not_picked":["Leap+1","Hologram","Hello World+1","Rebound"],"picked":"SKIP","floor":36},{"not_picked":["Force Field+1","Leap","Barrage","Coolheaded"],"picked":"SKIP","floor":36},{"not_picked":["Sweeping Beam","Static Discharge+1","Melter+1"],"picked":"Steam+1","floor":37},{"not_picked":["Rebound","Defragment+1","Scrape+1"],"picked":"Chill+1","floor":37}],"player_experience":201357,"relics_obtained":[{"floor":7.0,"key":"Mango"},{"floor":10.0,"key":"Question Card"},{"floor":14.0,"key":"War Paint"},{"floor":23,"key":"Dream Catcher"},{"floor":25,"key":"Happy Flower"},{"floor":26,"key":"Pen Nib"}],"event_choices":[{"cards_removed":["Strike_B"],"damage_healed":0.0,"max_hp_gain":0.0,"max_hp_loss":0.0,"gold_gain":0.0,"event_name":"Purifier","player_choice":"Purged","floor":4.0,"gold_loss":0.0,"damage_taken":0.0}],"is_beta":false,"boss_relics":[{"not_picked":["Coffee Dripper","SlaversCollar"],"picked":"Runic Pyramid"},{"not_picked":["SacredBark","Runic Dome"],"picked":"Inserter"}],"items_purged_floors":[22],"is_endless":false,"potions_floor_spawned":[3,7,8,10,11,12,19,21,23,25,31,33,37],"killed_by":"Transient","ascension_level":6}}