{"host":"gf5stwjue315gxui","time":1614179933,"event":{"mods":["BaseMod","Downfall","Minty Spire (QoL Compilation)","Replay The Spire","StSLib","The Cursed","The Necromancer","The Servant 0.9.4"],"gold_per_floor":[99,118,138,89,106,134,160,160,179,194,194,194,214,240,252,355,355,233,243,256,30,30,30,84,103,118,135,135,135,135,235,235,250,264,364,364,364,382,398,398,414,430,499,403,403,421,437,456,456,286,306,306],"floor_reached":53,"language":"ENG","playtime":42996,"items_purged":["Guardian:Incinerate"],"score":719,"play_id":"c05b6c24-0225-4cbd-8fb4-63df34886011","local_time":"20210224071853","is_ascension_mode":false,"campfire_choices":[{"floor":1,"key":"RECALL"},{"floor":12,"key":"REST"},{"data":"Guardian:WalkerClaw","floor":23,"key":"SMITH"},{"data":"Guardian:Strike_Guardian","floor":30,"key":"SMITH"},{"data":"Guardian:Strike_Guardian","floor":37,"key":"SMITH"},{"floor":49,"key":"REST"}],"circlet_count":0,"master_deck":["Guardian:Strike_Guardian","Guardian:Strike_Guardian","Guardian:Strike_Guardian","Guardian:Strike_Guardian","Guardian:Defend_Guardian","Guardian:Defend_Guardian","Guardian:Defend_Guardian","Guardian:CurlUp","Guardian:TwinSlam","Guardian:PiercingHide","Guardian:ChargeCore","Guardian:FloatingOrbs+1","Guardian:PolyBeam","Guardian:Recover","Guardian:ArmoredProtocol+1","Guardian:WalkerClaw+1","Guardian:SpikerProtocol","Guardian:TwinSlam","Guardian:BodySlam","Guardian:ShieldCharger","Guardian:DonusPower","Guardian:PrismaticBarrier+1","Guardian:ExploitGems","J.A.X.","Guardian:Preprogram","Guardian:StasisField","Guardian:BodySlam+1","Guardian:Incinerate","expansioncontent:LastStand","expansioncontent:AwakenDeath","Replay:SS_forest_2","Guardian:Incinerate+1","Guardian:SpikerProtocol+1","Guardian:EvasiveProtocol","Parasite","Guardian:AncientConstruct","Guardian:BodySlam","Dramatic Entrance","J.A.X."],"relics":["Guardian:ModeShifter","Strawberry","Tiny Chest","Runic Pyramid","downfall:HeartBlessingRed","downfall:HeartBlessingBlue","Simple Rune","ReplayTheSpireMod:TigerMarble","MutagenicStrength","Snack Pack","Philosopher\u0027s Stone","Replay:Ringing Soul","DollysMirror","Pen Nib"],"acts_visited":["Exordium","TheCity","TheBeyond"],"potions_floor_usage":[16,16,16,35,35,35,52,52],"damage_taken":[{"damage":7,"enemies":"Small Slimes","floor":2,"turns":4},{"damage":6,"enemies":"Cultist","floor":3,"turns":4},{"damage":10,"enemies":"downfall:FleeingMerchant","floor":4,"turns":4},{"damage":0,"enemies":"2 Louse","floor":5,"turns":2},{"damage":9,"enemies":"Replay:BlueRogue","floor":6,"turns":8},{"damage":4,"enemies":"downfall:LooterAlt","floor":9,"turns":4},{"damage":14,"enemies":"Gremlin Gang","floor":10,"turns":5},{"damage":8,"enemies":"3 Louse","floor":13,"turns":5},{"damage":2,"enemies":"Blue Slaver","floor":15,"turns":4},{"damage":42,"enemies":"IC_STATUS_ARCHETYPE","floor":16,"turns":12},{"damage":6,"enemies":"Chosen","floor":19,"turns":7},{"damage":2,"enemies":"3 Byrds","floor":20,"turns":6},{"damage":7,"enemies":"downfall:FleeingMerchant","floor":21,"turns":4},{"damage":9,"enemies":"Shelled Parasite and Fungi","floor":25,"turns":6},{"damage":2,"enemies":"Snake Plant","floor":26,"turns":6},{"damage":3,"enemies":"Centurion and Healer","floor":27,"turns":6},{"damage":29,"enemies":"downfall:Augmenter","floor":31,"turns":6},{"damage":7,"enemies":"Sentry and Sphere","floor":33,"turns":4},{"damage":0,"enemies":"Snake Plant","floor":34,"turns":2},{"damage":23,"enemies":"DF_ARCHETYPE_CLAW","floor":35,"turns":7},{"damage":1,"enemies":"Orb Walker","floor":38,"turns":3},{"damage":10,"enemies":"3 Darklings","floor":39,"turns":5},{"damage":14,"enemies":"Spire Growth","floor":41,"turns":3},{"damage":8,"enemies":"Sphere and 2 Shapes","floor":42,"turns":3},{"damage":6,"enemies":"downfall:FleeingMerchant","floor":44,"turns":4},{"damage":19,"enemies":"Writhing Mass","floor":46,"turns":5},{"damage":23,"enemies":"Transient","floor":47,"turns":5},{"damage":16,"enemies":"Jaw Worm Horde","floor":48,"turns":4},{"damage":3,"enemies":"downfall:FleeingMerchant","floor":50,"turns":4},{"damage":16,"enemies":"3 Darklings","floor":51,"turns":3},{"damage":26,"enemies":"SI_POISON_ARCHETYPE","floor":52,"turns":11}],"seed_played":"-5474842279557961781","potions_obtained":[{"floor":5,"key":"Energy Potion"},{"floor":9,"key":"hexamod:SoulburnPotion"},{"floor":15,"key":"Elixir"},{"floor":16,"key":"Guardian:BlockOnCardUsePotion"},{"floor":20,"key":"GamblersBrew"},{"floor":27,"key":"bronze:BurnAndBuffPotion"},{"floor":33,"key":"Energy Potion"},{"floor":34,"key":"BlessingOfTheForge"},{"floor":35,"key":"Swift Potion"},{"floor":39,"key":"SpeedPotion"},{"floor":41,"key":"Milkshake"},{"floor":42,"key":"Adrenaline Potion"}],"is_trial":false,"path_per_floor":["R","M","M","$","M","E","T","?","M","M","?","R","M","T","M","B",null,"R","M","M","$","?","R","T","M","M","M","PTL","PTL","R","?","T","M","M","B",null,"R","M","M","?","M","M","T","$","?","M","M","M","R","$","M","B",null],"character_chosen":"GUARDIAN","items_purchased":["Guardian:Gem_Cyan","Guardian:SpikerProtocol","Simple Rune","Guardian:EvasiveProtocol","Dramatic Entrance","DollysMirror","Pen Nib","FearPotion"],"campfire_rested":2,"item_purchase_floors":[4,21,21,44,50,50,50,50],"current_hp_per_floor":[88,81,75,65,65,63,63,63,59,45,45,73,65,65,63,21,95,105,99,97,90,90,90,90,81,79,76,76,76,76,47,47,42,44,29,105,105,104,97,87,77,73,73,74,74,60,39,28,62,62,50,32],"gold":306,"neow_bonus":"TEN_PERCENT_HP_BONUS","is_daily":false,"chose_seed":false,"campfire_upgraded":3,"win_rate":0.0,"timestamp":1614179933,"path_taken":["R","M","M","$","M","E","T","?","M","?","?","R","M","?","M","BOSS","R","M","M","$","?","R","T","M","?","M","PTL","PTL","R","?","?","M","M","BOSS","R","M","M","?","M","M","T","$","?","M","M","M","R","$","M","BOSS"],"items_purchased_type":["Card","Card","Relic","Card","Card","Relic","Relic","Potion"],"build_version":"2020-12-22","purchased_purges":1,"victory":true,"max_hp_per_floor":[88,88,88,88,88,95,95,95,95,95,95,95,95,95,95,95,95,105,105,105,105,105,105,105,105,105,105,105,105,105,105,105,105,105,105,105,105,105,105,105,105,105,105,108,108,111,111,114,114,117,117,117],"card_choices":[{"not_picked":["Guardian:Planning","Guardian:BodySlam"],"picked":"Guardian:PiercingHide","floor":2},{"not_picked":["Guardian:Incinerate","Guardian:GuardianWhirl"],"picked":"Guardian:Gem_White","floor":3},{"not_picked":["Guardian:TemporalShield","Guardian:SentryBeam"],"picked":"Guardian:ChargeCore","floor":4},{"not_picked":["Guardian:RollAttack","Guardian:VentSteam"],"picked":"Guardian:FloatingOrbs","floor":5},{"not_picked":["Guardian:ShieldCharger","Guardian:Recover"],"picked":"Guardian:Gem_Cyan","floor":6},{"not_picked":["Guardian:Gem_Lightblue","Guardian:WalkerClaw"],"picked":"Guardian:Gem_Purple","floor":9},{"not_picked":["Guardian:Reroute","Guardian:CrystalBeam"],"picked":"Guardian:PolyBeam","floor":10},{"not_picked":["Guardian:Planning","Guardian:RollAttack"],"picked":"Guardian:Recover","floor":13},{"not_picked":["Guardian:MultiBeam","Guardian:ShieldCharger"],"picked":"Guardian:Gem_Blue","floor":15},{"not_picked":["Guardian:FastForward","Guardian:HyperBeam_Guardian"],"picked":"Guardian:Gem_Orange","floor":16},{"not_picked":["Guardian:ChargeCore","Guardian:PiercingHide+1"],"picked":"Guardian:ArmoredProtocol+1","floor":19},{"not_picked":["Guardian:ShieldCharger","Guardian:VentSteam+1"],"picked":"Guardian:WalkerClaw","floor":20},{"not_picked":["Guardian:Gem_Lightblue","Guardian:Gem_Green"],"picked":"Guardian:Gem_Yellow","floor":21},{"not_picked":["Guardian:TimeCapacitor","Guardian:BaubleBeam"],"picked":"Guardian:BodySlam","floor":25},{"not_picked":["Guardian:Gem_Cyan","Guardian:TimeCapacitor"],"picked":"Guardian:ShieldCharger","floor":26},{"not_picked":["Guardian:Harden","Guardian:Gem_Green"],"picked":"Guardian:DonusPower","floor":27},{"not_picked":["Guardian:VentSteam","Guardian:Gem_Cyan"],"picked":"Guardian:PrismaticBarrier+1","floor":31},{"not_picked":[],"picked":"J.A.X.","floor":31},{"not_picked":["Guardian:Reroute","Guardian:RollAttack","Guardian:PrismaticBeam"],"picked":"SKIP","floor":33},{"not_picked":["Guardian:Emergency","Guardian:DecasProtection"],"picked":"Guardian:Gem_Red","floor":34},{"not_picked":["Guardian:HyperBeam_Guardian","Guardian:SphericShield"],"picked":"Guardian:StasisField","floor":35},{"not_picked":["Guardian:Emergency","Guardian:WalkerClaw+1"],"picked":"Guardian:BodySlam+1","floor":38},{"not_picked":["Guardian:WalkerClaw+1","Guardian:Reroute+1"],"picked":"Guardian:Incinerate","floor":39},{"not_picked":["Replay:SS_hec_1","expansioncontent:InvincibleStrength"],"picked":"expansioncontent:LastStand","floor":40},{"not_picked":["expansioncontent:PrepareCrush","expansioncontent:InvincibleStrength"],"picked":"expansioncontent:AwakenDeath","floor":40},{"not_picked":["expansioncontent:PolyBeam","expansioncontent:HyperBeam"],"picked":"Replay:SS_forest_2","floor":40},{"not_picked":["Guardian:TemporalShield","Guardian:Gem_Cyan"],"picked":"Guardian:Incinerate","floor":41},{"not_picked":["Guardian:RollAttack","Guardian:RefractedBeam+1"],"picked":"Guardian:Incinerate+1","floor":42},{"not_picked":["Guardian:Gem_Yellow","Guardian:Emergency"],"picked":"Guardian:SpikerProtocol+1","floor":44},{"not_picked":["Guardian:VentSteam","Guardian:CrystalBeam","Guardian:Suspension+1"],"picked":"SKIP","floor":46},{"not_picked":["Guardian:Reroute","Guardian:Clone","Guardian:Gem_Lightblue"],"picked":"SKIP","floor":47},{"not_picked":["Guardian:BronzeOrb+1","Guardian:TemporalStrike"],"picked":"Guardian:AncientConstruct","floor":48},{"not_picked":["Guardian:Recover","Guardian:Planning"],"picked":"Guardian:BodySlam","floor":50},{"not_picked":["Guardian:PrismaticBeam+1","Guardian:Gem_Cyan","Guardian:ShieldCharger+1"],"picked":"SKIP","floor":51}],"player_experience":68344,"relics_obtained":[{"floor":6,"key":"Strawberry"},{"floor":7,"key":"Tiny Chest"},{"floor":24,"key":"ReplayTheSpireMod:TigerMarble"},{"floor":31,"key":"MutagenicStrength"},{"floor":32,"key":"Snack Pack"},{"floor":43,"key":"Replay:Ringing Soul"}],"event_choices":[{"damage_healed":0,"gold_gain":0,"player_choice":"Ignored","damage_taken":0,"max_hp_gain":0,"max_hp_loss":0,"event_name":"NoteForYourself","floor":45,"gold_loss":0}],"is_beta":false,"boss_relics":[{"not_picked":["Painkiller Herb","Velvet Choker"],"picked":"Runic Pyramid"},{"not_picked":["Fusion Hammer","Runic Dome"],"picked":"Philosopher\u0027s Stone"}],"items_purged_floors":[50],"is_endless":false,"potions_floor_spawned":[5,9,15,16,20,27,33,34,35,39,41,42,46,51],"ascension_level":0}}