{"host":"ve5hox67eka4rdnb","time":1614152920,"event":{"mods":["ATMod(°¢èªMod)","AchievementEnabler","BaseMod","Lobotomy","LobotomyExtend","Minty Spire (QoL Compilation)","Quick Restart","Replay The Spire","Shop Mod","StSLib"],"gold_per_floor":[118,130,130,149,149,178,128,142,142,173,98,98,116,135,135,231,231,231,244,49,60,125,150,170,202,227,242,117,135,135,135,135,233,233,247,54,54,54,0,35,35,61,131,131,145,174,189,320,320,520,520,520,520,9,241,341],"floor_reached":57,"language":"ZHS","playtime":4292,"items_purged":["Strike_B","Strike_B","Defend_B","Defend_B"],"score":2084,"play_id":"c7f737d6-93ce-4c04-b4b2-3329d9bd5d73","local_time":"20210224154840","is_ascension_mode":true,"campfire_choices":[{"data":"AT_RealColorLess","floor":12.0,"key":"SMITH"},{"data":"Coolheaded","floor":15.0,"key":"SMITH"},{"data":"Hologram","floor":31.0,"key":"SMITH"},{"data":"Hologram","floor":32.0,"key":"SMITH"},{"data":"Reboot","floor":38.0,"key":"SMITH"},{"data":"Panic Button","floor":41.0,"key":"SMITH"},{"data":"Creative AI","floor":44.0,"key":"SMITH"},{"floor":49.0,"key":"RECALL"},{"data":"Fission","floor":53.0,"key":"SMITH"}],"circlet_count":0,"master_deck":["Strike_B+1","Zap","Dualcast","AT_RealColorLess+1","Hologram+1","Coolheaded+1","Sunder+1","BootSequence","Hologram+1","Fission+1","AT_DarkMatter","Creative AI+1","Hello World","AT_StudyProgram+1","Panic Button+1","Reboot+1","AT_RealColorLess+1","Sweeping Beam","Panic Button+1","Transmutation","Survey Options","Scrape","Defragment+1"],"relics":["AT_ATBox","Coffee Dripper","LetterFromLob","AT_TimeSand","AT_BellowingDragoncrestRing","Geode","AT_TrinityForce","LaetitiaHeart","Divine Protection","StrikeDummy","Whetstone","Empty Cage","DollysMirror","Red Mask","Blue Candle","Shuriken","Question Card","AT_TheCollector","Emotion Chip","AT_ChloranthyRing"],"acts_visited":["Exordium","TheCity","TheBeyond","TheEnding"],"potions_floor_usage":[56,56,56,56],"damage_taken":[{"damage":0.0,"enemies":"Small Slimes","floor":1.0,"turns":3.0},{"damage":7.0,"enemies":"Jaw Worm","floor":2.0,"turns":3.0},{"damage":8.0,"enemies":"2 Louse","floor":4.0,"turns":3.0},{"damage":12.0,"enemies":"Gremlin Nob","floor":6.0,"turns":4.0},{"damage":0.0,"enemies":"Exordium Wildlife","floor":8.0,"turns":3.0},{"damage":0.0,"enemies":"3 Sentries","floor":10.0,"turns":4.0},{"damage":0.0,"enemies":"Large Slime","floor":13.0,"turns":3.0},{"damage":5.0,"enemies":"Gremlin Gang","floor":14.0,"turns":3.0},{"damage":0.0,"enemies":"Slime Boss","floor":16.0,"turns":4.0},{"damage":0.0,"enemies":"2 Thieves","floor":19.0,"turns":2.0},{"damage":0.0,"enemies":"3 Byrds","floor":21.0,"turns":2.0},{"damage":0.0,"enemies":"Slavers","floor":23.0,"turns":2.0},{"damage":0.0,"enemies":"Cultist and Chosen","floor":24.0,"turns":2.0},{"damage":0.0,"enemies":"Gremlin Leader","floor":25.0,"turns":4.0},{"damage":0.0,"enemies":"Centurion and Healer","floor":27.0,"turns":3.0},{"damage":0.0,"enemies":"Sentry and Sphere","floor":29.0,"turns":2.0},{"damage":0.0,"enemies":"Cultist and Chosen","floor":30.0,"turns":3.0},{"damage":0.0,"enemies":"Collector","floor":33.0,"turns":3.0},{"damage":0.0,"enemies":"3 Shapes","floor":35.0,"turns":1.0},{"damage":0.0,"enemies":"3 Darklings","floor":37.0,"turns":2.0},{"damage":0.0,"enemies":"Giant Head","floor":40.0,"turns":2.0},{"damage":0.0,"enemies":"Reptomancer","floor":42.0,"turns":2.0},{"damage":0.0,"enemies":"Transient","floor":45.0,"turns":3.0},{"damage":0.0,"enemies":"R_Hoarder","floor":46.0,"turns":2.0},{"damage":0.0,"enemies":"Writhing Mass","floor":47.0,"turns":2.0},{"damage":0.0,"enemies":"Giant Head","floor":48.0,"turns":3.0},{"damage":0.0,"enemies":"Awakened One","floor":50.0,"turns":3.0},{"damage":0.0,"enemies":"Shield and Spear","floor":55.0,"turns":2.0},{"damage":65,"enemies":"The Heart","floor":56,"turns":1}],"seed_played":"1207030212688913561","potions_obtained":[{"floor":1.0,"key":"FocusPotion"},{"floor":8.0,"key":"EntropicBrew"},{"floor":13.0,"key":"FocusPotion"},{"floor":21.0,"key":"Swift Potion"},{"floor":22.0,"key":"Fruit Juice"},{"floor":22.0,"key":"ColorlessPotion"},{"floor":24.0,"key":"Adrenaline Potion"},{"floor":27.0,"key":"Block Potion"},{"floor":29.0,"key":"SneckoOil"},{"floor":35.0,"key":"DuplicationPotion"},{"floor":40.0,"key":"Adrenaline Potion"},{"floor":47.0,"key":"DuplicationPotion"}],"is_trial":false,"path_per_floor":["M","M","?","M","T","E","?","M","T","E","$","R","M","M","R","B",null,"M","M","$","M","?","E","M","E","T","M","$","M","M","R","R","B",null,"M","$","M","R","?","E","R","E","T","R","M","E","M","E","R","B",null,null,"R","$","E","B",null],"character_chosen":"DEFECT","items_purchased":["EntropicBrew","DollysMirror","Sweeping Beam","Transmutation","Survey Options","Scrape"],"campfire_rested":0,"item_purchase_floors":[20,36,36,54,54,54],"current_hp_per_floor":[75,68,73,65,65,53,53,53,53,53,53,53,53,48,48,48,72,72,72,72,72,57,57,57,57,57,57,57,57,57,57,57,57,78,78,78,78,78,78,78,78,78,78,78,78,78,78,78,78,78,78,83,83,83,83,18],"gold":341,"neow_bonus":"BOSS_RELIC","is_daily":false,"chose_seed":false,"campfire_upgraded":8,"win_rate":0.0,"timestamp":1614152920,"path_taken":["M","M","?","M","?","E","?","M","T","E","$","R","M","M","R","BOSS","M","M","$","M","?","E","M","E","T","?","$","M","?","M","R","BOSS","M","?","M","M","?","E","R","E","T","R","M","E","M","E","R","BOSS","R","$","E","BOSS"],"items_purchased_type":["Potion","Relic","Card","Card","Card","Card"],"build_version":"2020-12-22","purchased_purges":4,"victory":true,"max_hp_per_floor":[75,75,80,80,80,80,80,80,80,80,80,80,80,80,80,80,80,80,80,80,80,85,85,85,85,85,85,85,85,85,85,85,85,85,85,85,85,85,85,85,85,85,85,85,85,85,85,85,85,85,85,85,85,85,85,85],"card_choices":[{"not_picked":["Beam Cell","Panic Button"],"picked":"Hologram","floor":1.0},{"not_picked":["Redo","Leap"],"picked":"Coolheaded","floor":2.0},{"not_picked":["Time Bomb","Static Discharge"],"picked":"Sunder","floor":4.0},{"not_picked":["BasicCrystalCard","FTL"],"picked":"BootSequence","floor":6.0},{"not_picked":["BasicCrystalCard","Rebound","Conserve Battery"],"picked":"SKIP","floor":8.0},{"not_picked":["Beam Cell","Hyperbeam","BasicCrystalCard"],"picked":"SKIP","floor":10.0},{"not_picked":["AT_HeatAcrobatics","Blizzard","Panic Button"],"picked":"SKIP","floor":13.0},{"not_picked":["Gash","Ball Lightning"],"picked":"Hologram","floor":14.0},{"not_picked":["Reboot","Biased Cognition"],"picked":"Fission","floor":16.0},{"not_picked":["Cold Snap","Conserve Battery","Capacitor"],"picked":"SKIP","floor":19.0},{"not_picked":["Cold Snap","Turbo","Self Repair"],"picked":"SKIP","floor":21.0},{"not_picked":["Compile Driver","Beam Cell+1"],"picked":"AT_DarkMatter","floor":22.0},{"not_picked":["Multi-Cast","Streamline"],"picked":"Creative AI","floor":23.0},{"not_picked":["BasicCrystalCard","Chill"],"picked":"Hello World","floor":24.0},{"not_picked":["Conserve Battery+1","Rebound"],"picked":"AT_StudyProgram+1","floor":25.0},{"not_picked":["Redo+1","Compile Driver","Leap"],"picked":"SKIP","floor":27.0},{"not_picked":["Hello World","Leap+1"],"picked":"Panic Button","floor":29.0},{"not_picked":["Buffer","Core Surge"],"picked":"Reboot","floor":33.0},{"not_picked":["Capacitor","Gash+1","Cold Snap"],"picked":"SKIP","floor":35.0},{"not_picked":["Ball Lightning","Compile Driver","Streamline"],"picked":"SKIP","floor":40.0},{"not_picked":["AT_WarpDrive+1","AT_HeatAcrobatics","Self Repair"],"picked":"SKIP","floor":42.0},{"not_picked":["Barrage+1","Streamline","Beam Cell","Redo"],"picked":"SKIP","floor":45.0},{"not_picked":["Chill+1","Rip and Tear","Buffer","Redo+1"],"picked":"SKIP","floor":46.0},{"not_picked":["Steam","Hologram","Chaos+1"],"picked":"Panic Button+1","floor":47.0},{"not_picked":["Redo","Ball Lightning+1","Beam Cell+1","Self Repair+1"],"picked":"SKIP","floor":48.0},{"not_picked":["Stack","AT_HeatAcrobatics","Self Repair+1"],"picked":"Defragment+1","floor":55.0}],"player_experience":179790,"relics_obtained":[{"floor":1.0,"key":"LetterFromLob"},{"floor":5.0,"key":"AT_TimeSand"},{"floor":6.0,"key":"AT_BellowingDragoncrestRing"},{"floor":10.0,"key":"Geode"},{"floor":23.0,"key":"Divine Protection"},{"floor":25.0,"key":"StrikeDummy"},{"floor":26.0,"key":"Whetstone"},{"floor":40.0,"key":"Blue Candle"},{"floor":42.0,"key":"Shuriken"},{"floor":43.0,"key":"Question Card"},{"floor":46.0,"key":"AT_TheCollector"},{"floor":48.0,"key":"Emotion Chip"},{"floor":55.0,"key":"AT_ChloranthyRing"}],"event_choices":[{"damage_healed":0.0,"max_hp_gain":5.0,"max_hp_loss":0.0,"gold_gain":0.0,"event_name":"Big Fish","player_choice":"Donut","floor":3.0,"gold_loss":0.0,"damage_taken":0.0},{"cards_removed":["Strike_B"],"damage_healed":0.0,"max_hp_gain":0.0,"max_hp_loss":0.0,"gold_gain":0.0,"event_name":"The Cleric","player_choice":"Card Removal","floor":7.0,"gold_loss":50.0,"damage_taken":0.0},{"damage_healed":0.0,"max_hp_gain":0.0,"max_hp_loss":0.0,"gold_gain":0.0,"event_name":"Tomb of Lord Red Mask","player_choice":"Paid","floor":39.0,"gold_loss":54.0,"damage_taken":0.0,"relics_obtained":["Red Mask"]}],"is_beta":false,"boss_relics":[{"not_picked":["Replay:Grab Bag","ReplayTheSpireMod:DimensionalGlitch"],"picked":"AT_TrinityForce"},{"not_picked":["Replay:Wanted Poster","Replay:Drink Me"],"picked":"Empty Cage"}],"items_purged_floors":[11,20,28,54],"is_endless":false,"potions_floor_spawned":[1,8,13,21,24,27,29,35,40,47,48],"ascension_level":5}}