{"host":"xwl7b08i4vco8s3a","time":1614135907,"event":{"mods":["BaseMod","Colored Powertips","Downfall","Hermit","Minty Spire (QoL Compilation)","Replay The Spire","StSLib","Wandering Minibosses"],"gold_per_floor":[99,113,143,143,143,143,169,201,1,0,26,42,42,62,78,177,177,177,196,106,122,7,7,7,7,23,56,68,99,99,199,218,318,318,218,234,248,279,290,305,351,351,212,212,62,62,62,94,105,105,105,140,140,140,140,140],"floor_reached":57,"language":"ENG","playtime":3716,"items_purged":["Replay:Hysterical Blindness","Slimebound:SplitAcid+1","downfall:Bewildered","Slimebound:MassRepurpose+1"],"score":1203,"play_id":"f303d917-4c3a-4542-b1d9-f149101578bb","local_time":"20210224040507","is_ascension_mode":false,"campfire_choices":[{"floor":1,"key":"RECALL"},{"data":"Slimebound:SplitAcid","floor":9,"key":"SMITH"},{"data":"Slimebound:Darklings","floor":13,"key":"SMITH"},{"data":"Slimebound:PressTheAttack","floor":18,"key":"SMITH"},{"data":"Slimebound:MassRepurpose","floor":25,"key":"SMITH"},{"data":"Writhe","floor":30,"key":"PURGE"},{"data":"Slimebound:Recycling","floor":35,"key":"SMITH"},{"data":"Decay","floor":44,"key":"PURGE"},{"data":"Slimebound:FirmFortitude","floor":46,"key":"SMITH"},{"data":"Slimebound:Teamwork","floor":46,"key":"SMITH"},{"data":"Slimebound:AcidTongue","floor":54,"key":"SMITH"},{"data":"Slimebound:Nibble","floor":54,"key":"SMITH"}],"circlet_count":0,"master_deck":["Slimebound:Strike_Slimebound","Slimebound:Strike_Slimebound","Slimebound:Strike_Slimebound","Slimebound:Defend_Slimebound","Slimebound:Defend_Slimebound","Slimebound:Defend_Slimebound","Slimebound:Defend_Slimebound","Slimebound:CorrosiveSpit+1","Slimebound:SamplingLick+1","Slimebound:Darklings+1","Slimebound:PressTheAttack+1","Slimebound:Replication","Slimebound:MassFeed","Slimebound:SamplingLick","Slimebound:FirmFortitude+1","Slimebound:GoopSpray","Slimebound:Teamwork+1","Slimebound:AcidTongue+1","Slimebound:Recycling+1","Slimebound:MegaLick+1","Slimebound:Nibble+1","Slimebound:GoopSpray","Slimebound:Schlurp","expansioncontent:AwakenDeath","Slimebound:PressTheAttack+1","Slimebound:Nibble+1","Slimebound:Schlurp"],"relics":["Simple Rune","m_BurningSludge","Guardian:PocketSentry","Replay:WaspNest","downfall:HeartBlessingRed","downfall:HeartBlessingGreen","ReplayTheSpireMod:Lightbulb","Cursed Key","Vajra","Peace Pipe","Replay:Kaleidoscope","Bottled Lightning","wanderingMiniBosses:OtherGremlinHorn","Empty Cage","downfall:HeartBlessingBlue","Replay:Arrowhead","Art of War","Letter Opener","Mirror","PreservedInsect"],"acts_visited":["Exordium","TheCity","TheBeyond","TheEnding"],"potions_floor_usage":[15,16,22,28,33,39,40,55,55],"damage_taken":[{"damage":14,"enemies":"Small Slimes","floor":2,"turns":6},{"damage":11,"enemies":"3 Sentries","floor":8,"turns":9},{"damage":0,"enemies":"downfall:FleeingMerchant","floor":10,"turns":4},{"damage":10,"enemies":"Lagavulin","floor":11,"turns":4},{"damage":0,"enemies":"Jaw Worm","floor":12,"turns":3},{"damage":1,"enemies":"2 Louse","floor":14,"turns":2},{"damage":27,"enemies":"Lots of Slimes","floor":15,"turns":5},{"damage":27,"enemies":"WA_ARCHETYPE_RETAIN","floor":16,"turns":7},{"damage":0,"enemies":"3 Byrds","floor":19,"turns":4},{"damage":0,"enemies":"downfall:FleeingMerchant","floor":20,"turns":4},{"damage":3,"enemies":"Shell Parasite","floor":21,"turns":4},{"damage":9,"enemies":"downfall:FleeingMerchant","floor":22,"turns":4},{"damage":13,"enemies":"Shelled Parasite and Fungi","floor":26,"turns":4},{"damage":13,"enemies":"Book of Stabbing","floor":27,"turns":5},{"damage":7,"enemies":"Sentry and Sphere","floor":28,"turns":4},{"damage":17,"enemies":"Slavers","floor":29,"turns":4},{"damage":26,"enemies":"Colosseum Nobs","floor":31,"turns":4},{"damage":3,"enemies":"Snake Plant","floor":32,"turns":5},{"damage":16,"enemies":"IC_MUSHROOM_ARCHETYPE","floor":33,"turns":5},{"damage":0,"enemies":"3 Darklings","floor":36,"turns":4},{"damage":3,"enemies":"3 Shapes","floor":37,"turns":3},{"damage":9,"enemies":"Transient","floor":39,"turns":5},{"damage":3,"enemies":"Maw","floor":40,"turns":4},{"damage":0,"enemies":"downfall:FleeingMerchant","floor":43,"turns":2},{"damage":7,"enemies":"R_Hoarder","floor":48,"turns":4},{"damage":1,"enemies":"Writhing Mass","floor":49,"turns":3},{"damage":37,"enemies":"DF_ARCHETYPE_ORBS","floor":50,"turns":5},{"damage":32,"enemies":"downfall:CharBossMerchant","floor":52,"turns":6},{"damage":29,"enemies":"downfall:NeowBoss","floor":55,"turns":9},{"damage":47,"enemies":"downfall:NeowBossFinal","floor":56,"turns":7}],"seed_played":"-7148535443849757711","potions_obtained":[{"floor":8,"key":"Elixir"},{"floor":12,"key":"ColorlessPotion"},{"floor":16,"key":"hexamod:SoulburnPotion"},{"floor":23,"key":"CultistPotion"},{"floor":26,"key":"sneckomod:MuddlingPotion"},{"floor":27,"key":"DistilledChaos"},{"floor":28,"key":"Slimebound:SlimyTonguePotion"},{"floor":32,"key":"Fire Potion"},{"floor":33,"key":"SpeedPotion"},{"floor":36,"key":"PowerPotion"},{"floor":40,"key":"Fruit Juice"}],"is_trial":false,"path_per_floor":["R","M","?","?","?","?","T","E","R","$","E","M","R","M","M","B",null,"R","M","$","M","$","?","T","R","M","E","M","E","R","?","M","B",null,"R","M","M","?","M","M","T","?","?","R","$","R","?","E","M","B",null,"E","$","R","B","B",null],"character_chosen":"SLIMEBOUND","items_purchased":["Letter Opener","expansioncontent:AwakenDeath"],"campfire_rested":0,"item_purchase_floors":[43,43],"current_hp_per_floor":[71,59,59,59,59,59,59,52,52,58,54,58,58,57,36,15,71,71,74,74,74,71,71,71,71,64,57,56,48,48,28,31,21,77,87,87,87,87,84,92,92,92,92,92,92,92,92,92,92,61,92,66,66,66,43,26],"gold":140,"neow_bonus":"TEN_PERCENT_HP_BONUS","is_daily":false,"chose_seed":false,"campfire_upgraded":9,"win_rate":0.0,"timestamp":1614135907,"path_taken":["R","M","?","?","?","?","T","E","R","$","E","M","R","?","M","BOSS","R","M","$","M","$","?","T","R","M","E","M","E","R","?","M","BOSS","R","M","M","?","M","M","T","?","?","R","$","R","?","E","M","BOSS","E","$","R","BOSS","BOSS"],"items_purchased_type":["Relic","Card"],"build_version":"2020-12-22","purchased_purges":4,"victory":true,"max_hp_per_floor":[71,71,71,71,71,71,71,71,71,71,71,71,71,71,71,71,71,71,74,74,74,74,74,74,74,74,74,74,77,77,77,77,77,77,87,87,87,87,87,92,92,92,92,92,92,92,92,92,92,92,92,92,92,92,92,92],"card_choices":[{"not_picked":["Slimebound:SlimeTap","Slimebound:ForwardTackle"],"picked":"Slimebound:SamplingLick","floor":2},{"not_picked":["Slimebound:GoopSpray","Slimebound:ViciousTackle"],"picked":"Slimebound:SplitAcid","floor":8},{"not_picked":["Slimebound:ComboTackle","Slimebound:SplitAcid"],"picked":"Slimebound:Darklings","floor":10},{"not_picked":["Sword Boomerang","Slimebound:LeechLife","Rupture"],"picked":"SKIP","floor":11},{"not_picked":["Slimebound:LeechingTouch","Slimebound:RollThrough"],"picked":"Slimebound:PressTheAttack","floor":12},{"not_picked":["Slimebound:DivideAndConquer","Slimebound:SlimeTap","Life Link"],"picked":"SKIP","floor":14},{"not_picked":["Sword Boomerang","Slimebound:Prepare"],"picked":"Slimebound:Replication","floor":15},{"not_picked":["Slimebound:Overexert","Slimebound:WasteNot"],"picked":"Slimebound:MassFeed","floor":16},{"not_picked":["Slimebound:LeechEnergy","Slimebound:FormOfPuddle"],"picked":"Slimebound:SamplingLick","floor":19},{"not_picked":["Slimebound:Dissolve","Slimebound:SplitMire"],"picked":"Slimebound:MassRepurpose","floor":20},{"not_picked":["Slimebound:LeechingTouch","Slimebound:RollThrough","Slimebound:FormOfPuddle"],"picked":"SKIP","floor":21},{"not_picked":["Slimebound:HauntingLick+1","Slimebound:Schlurp","Slimebound:Grow"],"picked":"SKIP","floor":22},{"not_picked":["Slimebound:SplitAcid","Slimebound:LivingWall"],"picked":"Slimebound:FirmFortitude","floor":26},{"not_picked":["Slimebound:Chomp","Slimebound:FormOfPuddle+1","Slimebound:HauntingLick"],"picked":"SKIP","floor":27},{"not_picked":["Slimebound:HauntingLick","Slimebound:ComboTackle+1"],"picked":"Slimebound:GoopSpray","floor":28},{"not_picked":["Slimebound:RollThrough","Slimebound:SplitSpecialist"],"picked":"Slimebound:Teamwork","floor":29},{"not_picked":["Slimebound:ItLooksTasty","Slimebound:Nibble+1"],"picked":"Slimebound:AcidTongue","floor":31},{"not_picked":["Slimebound:SplitMire","Slimebound:GrowthPunch+1","Slimebound:Dissolve"],"picked":"SKIP","floor":32},{"not_picked":["Slimebound:FirmFortitude","Slimebound:DouseInSlime"],"picked":"Slimebound:Recycling","floor":33},{"not_picked":["Slimebound:SplitBruiser","Slimebound:RollThrough"],"picked":"Slimebound:MegaLick+1","floor":36},{"not_picked":["Slimebound:LeechingTouch","Slimebound:Prepare"],"picked":"Slimebound:Nibble+1","floor":37},{"not_picked":["Slimebound:LivingWall","Slimebound:GrowthPunch"],"picked":"Slimebound:GoopSpray","floor":39},{"not_picked":["Slimebound:BestDefense+1","Slimebound:ItLooksTasty"],"picked":"Slimebound:Schlurp","floor":40},{"not_picked":["Slimebound:SplitLeeching","Slimebound:SlimeSpikes","Slimebound:SplitAcid"],"picked":"SKIP","floor":43},{"not_picked":["Slimebound:Dissolve+1","Slimebound:RollThrough"],"picked":"Slimebound:Nibble","floor":48},{"not_picked":["Slimebound:SplitAcid+1","Slimebound:Dissolve","Slimebound:SplitMire"],"picked":"SKIP","floor":49},{"not_picked":["Slimebound:SplitAcid","Slimebound:FormOfPuddle+1"],"picked":"Slimebound:Schlurp","floor":52}],"player_experience":473317,"relics_obtained":[{"floor":7,"key":"Guardian:PocketSentry"},{"floor":8,"key":"Replay:WaspNest"},{"floor":11,"key":"ReplayTheSpireMod:Lightbulb"},{"floor":27,"key":"Vajra"},{"floor":29,"key":"Peace Pipe"},{"floor":31,"key":"Replay:Kaleidoscope"},{"floor":31,"key":"Bottled Lightning"},{"floor":32,"key":"wanderingMiniBosses:OtherGremlinHorn"},{"floor":38,"key":"Replay:Arrowhead"},{"floor":41,"key":"Art of War"},{"floor":48,"key":"Mirror"},{"floor":52,"key":"PreservedInsect"}],"event_choices":[],"is_beta":false,"boss_relics":[{"not_picked":["Runic Pyramid","Velvet Choker"],"picked":"Cursed Key"},{"not_picked":["Slimebound:TarBlob","Replay:Bronze Core"],"picked":"Empty Cage"}],"items_purged_floors":[20,22,43,45],"is_endless":false,"potions_floor_spawned":[8,12,16,26,27,28,32,33,36,40],"ascension_level":0}}