{"host":"y6ogtdgt8z4md30g","time":1614198092,"event":{"mods":["AchievementEnabler","BaseMod","Better Third Choice","Colored Powertips","Downfall","Hubris","Minty Spire (QoL Compilation)","Replay The Spire","Shop Mod","Spicy Shops","StSLib"],"gold_per_floor":[99,118,131,131,151,174,174,184,17,33,49,64,64,80,96,197,197,97,109,121,27,27,27,27,59,76,88,102,120,20,35,48,153,153,126,146,146,162,162,176,223,250,261,279,290,305,305,16,27,27,27,27],"floor_reached":50,"language":"ENG","playtime":4362,"items_purged":[],"score":575,"play_id":"aab353e8-d504-4787-a8ef-6b1c8cb7b341","local_time":"20210224152132","is_ascension_mode":false,"campfire_choices":[{"floor":1,"key":"RECALL"},{"floor":13,"key":"REST"},{"floor":18,"key":"DIG"},{"floor":23,"key":"REST"},{"floor":30,"key":"REST"},{"floor":47,"key":"REST"}],"circlet_count":0,"master_deck":["bronze:Strike","bronze:Strike","bronze:Strike","bronze:Defend","bronze:Defend","bronze:Defend","bronze:Defend","bronze:Replicate+1","bronze:Goto+1","bronze:WhirlingStrike","bronze:DigitalCarnage","bronze:WildBeam+1","bronze:Turbo","bronze:ChosenStrike+1","expansioncontent:PrepareCrush","bronze:BronzeOrb","bronze:Overload","bronze:GetLatest","bronze:BronzeOrb","bronze:HyperBeam","bronze:Overheat+1","bronze:GetLatest","bronze:DelayedSlice","bronze:Overheat+1","bronze:Branch","bronze:DelayedGuard+1","bronze:Frontload","bronze:Optimize+1","bronze:Iterate+1","bronze:Shield+1","bronze:BugBarrage","bronze:DigitalCarnage","bronze:Turbo","bronze:Return+1","hubris:DuctTapeCard","bronze:BuggyMess+1","bronze:MaxOutput+1","bronze:Invalidate","bronze:Invalidate","Parasite","bronze:DarkDash+1","bronze:BuggyMess","bronze:Overheat+1","bronze:AlphaBuild","bronze:ClassDefault+1","bronze:Deprecate","bronze:DelayedSlice"],"relics":["bronze:BronzeCore","Anchor","Sozu","downfall:HeartBlessingRed","Frozen Egg 2","hubris:BundleOfHerbs","Toy Ornithopter","downfall:HeartBlessingGreen","Replay:Grab Bag","Busted Crown","Philosopher\u0027s Stone","SlaversCollar","downfall:HeartBlessingBlue","Happy Flower","hubris:DuctTape","Calipers"],"acts_visited":["Exordium","TheCity","TheBeyond"],"potions_floor_usage":[20,29,33],"damage_taken":[{"damage":6,"enemies":"2 Louse","floor":2,"turns":3},{"damage":5,"enemies":"Jaw Worm","floor":3,"turns":4},{"damage":12,"enemies":"Small Slimes","floor":5,"turns":2},{"damage":0,"enemies":"Red Slaver","floor":8,"turns":2},{"damage":10,"enemies":"downfall:FleeingMerchant","floor":9,"turns":4},{"damage":0,"enemies":"Gremlin Gang","floor":10,"turns":3},{"damage":0,"enemies":"2 Fungi Beasts","floor":11,"turns":2},{"damage":0,"enemies":"Blue Slaver","floor":12,"turns":2},{"damage":0,"enemies":"Exordium Wildlife","floor":14,"turns":2},{"damage":0,"enemies":"downfall:LooterAlt","floor":15,"turns":2},{"damage":22,"enemies":"WA_ARCHETYPE_RETAIN","floor":16,"turns":5},{"damage":0,"enemies":"Spheric Guardian","floor":19,"turns":2},{"damage":0,"enemies":"Shell Parasite","floor":20,"turns":1},{"damage":15,"enemies":"downfall:FleeingMerchant","floor":21,"turns":4},{"damage":23,"enemies":"Replay:Snechameleon","floor":25,"turns":4},{"damage":0,"enemies":"Snake Plant","floor":26,"turns":2},{"damage":0,"enemies":"Centurion and Healer","floor":27,"turns":3},{"damage":5,"enemies":"Cultist and Chosen","floor":28,"turns":4},{"damage":2,"enemies":"3 Cultists","floor":29,"turns":4},{"damage":0,"enemies":"Snake Plant","floor":31,"turns":2},{"damage":0,"enemies":"Snecko","floor":32,"turns":2},{"damage":65,"enemies":"DF_ARCHETYPE_CLAW","floor":33,"turns":8},{"damage":13,"enemies":"3 Darklings","floor":36,"turns":3},{"damage":0,"enemies":"3 Shapes","floor":38,"turns":2},{"damage":17,"enemies":"Sphere and 2 Shapes","floor":40,"turns":3},{"damage":14,"enemies":"Giant Head","floor":42,"turns":6},{"damage":30,"enemies":"Maw","floor":43,"turns":7},{"damage":0,"enemies":"Spire Growth","floor":44,"turns":3},{"damage":10,"enemies":"Sphere and 2 Shapes","floor":45,"turns":2},{"damage":9,"enemies":"Writhing Mass","floor":46,"turns":3},{"damage":0,"enemies":"downfall:FleeingMerchant","floor":48,"turns":3},{"damage":52,"enemies":"Transient","floor":49,"turns":5},{"damage":48,"enemies":"SI_POISON_ARCHETYPE","floor":50,"turns":4}],"seed_played":"-4363730054771993055","potions_obtained":[{"floor":2,"key":"BlessingOfTheForge"},{"floor":10,"key":"Toxic Potion"},{"floor":14,"key":"GamblersBrew"}],"is_trial":false,"path_per_floor":["R","M","M","?","M","T","T","M","$","M","M","M","R","M","M","B",null,"R","M","M","$","?","R","T","E","M","M","M","M","R","M","M","B",null,"R","M","?","M","?","M","T","E","M","M","M","M","R","$","M","B"],"character_chosen":"THE_AUTOMATON","items_purchased":["bronze:ChosenStrike+1","expansioncontent:PrepareCrush","bronze:Optimize+1","bronze:Overheat+1","bronze:AlphaBuild","bronze:ClassDefault+1","Calipers","bronze:Deprecate"],"campfire_rested":4,"item_purchase_floors":[9,9,21,48,48,48,48,48],"current_hp_per_floor":[77,71,66,66,54,54,54,54,44,44,44,44,67,67,67,45,77,77,77,77,62,62,77,77,54,54,54,49,52,75,75,75,15,77,87,74,74,74,97,80,80,83,53,53,43,34,63,63,11,0,0,0],"gold":27,"neow_bonus":"TEN_PERCENT_HP_BONUS","is_daily":false,"chose_seed":false,"campfire_upgraded":0,"win_rate":0.0,"timestamp":1614198092,"path_taken":["R","M","M","?","M","?","T","M","?","M","M","M","R","M","M","BOSS","R","M","M","$","?","R","T","E","M","M","M","M","R","M","M","BOSS","R","M","?","?","?","M","T","E","M","M","M","M","R","$","M","BOSS"],"items_purchased_type":["Card","Card","Card","Card","Card","Card","Relic","Card"],"build_version":"2020-12-22","purchased_purges":0,"victory":false,"max_hp_per_floor":[77,77,77,77,77,77,77,77,77,77,77,77,77,77,77,77,77,77,77,77,77,77,77,77,77,77,77,77,77,77,77,77,77,77,87,87,87,87,97,97,97,97,97,97,97,97,97,97,97,97,97,97],"card_choices":[{"not_picked":["bronze:FollowUp","bronze:Iterate"],"picked":"bronze:WhirlingStrike","floor":2},{"not_picked":["bronze:Overheat","bronze:BuggyMess"],"picked":"bronze:GetLatest","floor":3},{"not_picked":["bronze:MaxOutput","bronze:Iterate"],"picked":"bronze:DigitalCarnage","floor":5},{"not_picked":["bronze:Deprecate","bronze:FollowUp"],"picked":"bronze:WildBeam","floor":8},{"not_picked":["bronze:FollowUp","bronze:Boost"],"picked":"bronze:Turbo","floor":9},{"not_picked":["bronze:OilSpill","bronze:ForLoop"],"picked":"bronze:BronzeOrb","floor":10},{"not_picked":["bronze:Repair","bronze:Break"],"picked":"bronze:Overload","floor":11},{"not_picked":["bronze:Repair","bronze:BronzeOrb"],"picked":"bronze:GetLatest","floor":12},{"not_picked":["bronze:CutThrough","bronze:Backtrace"],"picked":"bronze:GetLatest","floor":14},{"not_picked":["bronze:BitShift","bronze:Deprecate"],"picked":"bronze:BronzeOrb","floor":15},{"not_picked":["bronze:Virus","bronze:Assembly"],"picked":"bronze:HyperBeam","floor":16},{"not_picked":["bronze:Deprecate","bronze:OilSpill"],"picked":"bronze:Overheat+1","floor":19},{"not_picked":["bronze:BronzeArmor","bronze:BuggyMess"],"picked":"bronze:GetLatest","floor":20},{"not_picked":["bronze:Iterate","bronze:Overload"],"picked":"bronze:DelayedSlice","floor":21},{"not_picked":["bronze:Optimize+1","bronze:CutThrough"],"picked":"bronze:Overheat+1","floor":25},{"not_picked":["bronze:ForceShield","bronze:Turbo"],"picked":"bronze:Branch","floor":26},{"not_picked":["bronze:WildBeam","bronze:BuggyMess+1"],"picked":"bronze:DelayedGuard+1","floor":27},{"not_picked":["bronze:Branch+1","bronze:WhirlingStrike"],"picked":"bronze:Frontload","floor":28},{"not_picked":["bronze:Allocate","bronze:ChildClass+1"],"picked":"bronze:Optimize+1","floor":29},{"not_picked":["bronze:Repulsor+1","bronze:Invalidate+1"],"picked":"bronze:Iterate+1","floor":31},{"not_picked":["bronze:BuggyMess+1","bronze:CleanCode+1"],"picked":"bronze:Shield+1","floor":32},{"not_picked":["bronze:HardenedForm+1","bronze:Assembly"],"picked":"bronze:AlphaBuild","floor":33},{"not_picked":[],"picked":"bronze:BugBarrage","floor":36},{"not_picked":[],"picked":"bronze:Turbo","floor":38},{"not_picked":[],"picked":"bronze:Return+1","floor":40},{"not_picked":[],"picked":"bronze:BuggyMess+1","floor":42},{"not_picked":[],"picked":"bronze:MaxOutput+1","floor":43},{"not_picked":[],"picked":"bronze:Invalidate","floor":44},{"not_picked":[],"picked":"bronze:Invalidate","floor":45},{"not_picked":[],"picked":"bronze:DarkDash+1","floor":46},{"not_picked":[],"picked":"bronze:BuggyMess","floor":48},{"not_picked":[],"picked":"bronze:DelayedSlice","floor":49}],"player_experience":53279,"relics_obtained":[{"floor":6,"key":"Anchor"},{"floor":18,"key":"Frozen Egg 2"},{"floor":24,"key":"hubris:BundleOfHerbs"},{"floor":25,"key":"Toy Ornithopter"},{"floor":41,"key":"Happy Flower"},{"floor":42,"key":"hubris:DuctTape"}],"event_choices":[],"is_beta":false,"boss_relics":[{"not_picked":["hubris:CrackedHourglass","Runic Dome"],"picked":"Sozu"},{"not_picked":["hubris:GrandSneckoEye","Coffee Dripper"],"picked":"Replay:Grab Bag"},{"not_picked":["ChewingGum","hubris:TerracottaHorce"],"picked":"Busted Crown"},{"not_picked":["ReplayTheSpireMod:DimensionalGlitch","bronze:MakeshiftBattery"],"picked":"Philosopher\u0027s Stone"},{"not_picked":["Ring of Chaos","Snecko Eye"],"picked":"SlaversCollar"}],"items_purged_floors":[],"is_endless":false,"potions_floor_spawned":[2,10,14,15,19,26,27,29,38,42,44],"killed_by":"SI_POISON_ARCHETYPE","ascension_level":0}}