{"host":"r3islh0l1a1ykxfu","time":1614199015,"event":{"mods":["BaseMod","Bestiary","Colored Map","Colored Powertips","Highlight Path","Minty Spire (QoL Compilation)","Relic Stats","Slay-I","StSLib","Weighted Paths"],"gold_per_floor":[114,39,39,54,54,84,99,129,204,204,219,244,244,259,259,359,359,374,389,314,314,64,64,79,79,79,79,94,94,124,124,124,224,224,239,239,239,269,144,144,174,204,254,269,344,374,389,89,89,89],"floor_reached":51,"language":"ENG","playtime":6556,"items_purged":["Defend_R","Strike_R","Defend_R"],"score":814,"play_id":"39548c2a-66b0-45aa-99f7-f0aa273b4a58","local_time":"20210224143655","daily_mods":["Heirloom","Colorless Cards","DeadlyEvents"],"is_ascension_mode":false,"campfire_choices":[{"floor":10.0,"key":"REST"},{"data":"Heavy Blade","floor":13.0,"key":"SMITH"},{"data":"Demon Form","floor":15.0,"key":"SMITH"},{"data":"Limit Break","floor":23.0,"key":"SMITH"},{"floor":25.0,"key":"REST"},{"data":"Heavy Blade","floor":29.0,"key":"SMITH"},{"floor":32.0,"key":"REST"},{"data":"Madness","floor":40,"key":"SMITH"},{"data":"Power Through","floor":49,"key":"SMITH"}],"circlet_count":0,"master_deck":["Strike_R+1","Strike_R","Defend_R","Defend_R","Bash+1","Cleave+1","Inflame","Flex","Heavy Blade+1","Demon Form+1","Spot Weakness","Sword Boomerang","Limit Break+1","Heavy Blade+1","Sword Boomerang","Madness+1","Madness","Bandage Up+1","Power Through+1","Shrug It Off+1","Madness+1"],"relics":["Burning Blood","Magic Flower","Gremlin Horn","Sundial","Bottled Flame","Centennial Puzzle","Black Star","Lee\u0027s Waffle","Toy Ornithopter","Whetstone","Ice Cream","Runic Cube","Red Skull","Mummified Hand","Dream Catcher","Potion Belt","Blue Candle","Gambling Chip","Happy Flower","Frozen Egg 2","Singing Bowl","Bottled Lightning","Akabeko","DollysMirror"],"acts_visited":["Exordium","TheCity","TheBeyond"],"potions_floor_usage":[44,44,46,46,46,50],"damage_taken":[{"damage":1.0,"enemies":"Cultist","floor":1.0,"turns":4.0},{"damage":3.0,"enemies":"Jaw Worm","floor":4.0,"turns":3.0},{"damage":36.0,"enemies":"Lagavulin","floor":6.0,"turns":5.0},{"damage":0.0,"enemies":"2 Louse","floor":7.0,"turns":2.0},{"damage":28.0,"enemies":"Gremlin Nob","floor":8.0,"turns":4.0},{"damage":9.0,"enemies":"Blue Slaver","floor":11.0,"turns":3.0},{"damage":0.0,"enemies":"3 Louse","floor":14.0,"turns":2.0},{"damage":39.0,"enemies":"The Guardian","floor":16.0,"turns":8.0},{"damage":20.0,"enemies":"Spheric Guardian","floor":18.0,"turns":4.0},{"damage":25.0,"enemies":"2 Thieves","floor":19.0,"turns":3.0},{"damage":30.0,"enemies":"Snecko","floor":24.0,"turns":5.0},{"damage":35.0,"enemies":"Centurion and Healer","floor":28.0,"turns":4.0},{"damage":51.0,"enemies":"Book of Stabbing","floor":30.0,"turns":4.0},{"damage":42.0,"enemies":"Automaton","floor":33.0,"turns":5.0},{"damage":29.0,"enemies":"3 Shapes","floor":35.0,"turns":5.0},{"damage":46,"enemies":"Giant Head","floor":38,"turns":6},{"damage":55,"enemies":"Reptomancer","floor":41,"turns":4},{"damage":13,"enemies":"Giant Head","floor":42,"turns":5},{"damage":25,"enemies":"3 Darklings","floor":44,"turns":3},{"damage":35,"enemies":"Reptomancer","floor":46,"turns":4},{"damage":16,"enemies":"Maw","floor":47,"turns":5},{"damage":36,"enemies":"Time Eater","floor":50,"turns":5}],"seed_played":"1986488565424594500","potions_obtained":[{"floor":7.0,"key":"BloodPotion"},{"floor":8.0,"key":"Block Potion"},{"floor":14.0,"key":"EssenceOfSteel"},{"floor":18.0,"key":"DistilledChaos"},{"floor":28.0,"key":"Swift Potion"},{"floor":35.0,"key":"BloodPotion"},{"floor":41,"key":"EntropicBrew"},{"floor":46,"key":"SpeedPotion"},{"floor":47,"key":"DistilledChaos"}],"is_trial":false,"path_per_floor":["M","$","?","M","?","E","M","E","T","R","M","T","R","M","R","B",null,"M","M","?","?","$","R","M","R","T","$","M","R","E","$","R","B",null,"M","?","?","E","$","R","E","E","T","M","T","E","M","$","R","B",null],"character_chosen":"IRONCLAD","items_purchased":["Lee\u0027s Waffle","Akabeko","DollysMirror"],"campfire_rested":3,"item_purchase_floors":[22,48,48],"current_hp_per_floor":[80,80,80,80,80,53,62,43,43,67,67,67,67,76,76,46,80,69,53,53,53,87,87,66,87,87,87,69,69,27,27,53,20,87,87,76,97,60,60,60,23,28,28,37,37,75,77,77,77,67],"gold":89,"neow_bonus":"","is_daily":true,"chose_seed":false,"campfire_upgraded":6,"win_rate":0.0,"timestamp":1614199015,"path_taken":["M","?","?","?","?","E","?","?","T","R","M","?","R","M","R","BOSS","M","M","?","?","?","R","?","R","T","$","M","R","?","$","R","BOSS","M","?","?","?","$","R","E","?","T","M","?","E","M","$","R","BOSS"],"items_purchased_type":["Relic","Relic","Relic"],"build_version":"2020-12-22","purchased_purges":3,"victory":true,"max_hp_per_floor":[80,80,80,80,80,80,80,80,80,80,80,80,80,80,80,80,80,80,80,80,80,87,87,87,87,87,87,87,87,87,87,87,87,87,87,87,97,97,97,97,97,97,97,97,97,99,99,99,99,99],"relic_stats":{"Lee\u0027s Waffle":34,"Gremlin Horn":[16,17],"Happy Flower":[5],"Singing Bowl":2,"counters":[22,93],"Blue Candle":[0],"Magic Flower":[109],"Whetstone":["Strike_R","Cleave"],"Burning Blood":184,"Centennial Puzzle":[45],"Dream Catcher":0,"Sundial":[16],"Mummified Hand":[14],"Gambling Chip":[7],"Black Star":5,"obtain_stats":[{"Ice Cream":30,"Potion Belt":41,"Lee\u0027s Waffle":22,"Gremlin Horn":6,"Happy Flower":43,"Singing Bowl":46,"Blue Candle":42,"Magic Flower":0,"Whetstone":30,"Frozen Egg 2":45,"Burning Blood":0,"Akabeko":48,"Bottled Flame":9,"Centennial Puzzle":12,"Dream Catcher":41,"Sundial":8,"Mummified Hand":38,"DollysMirror":48,"Gambling Chip":42,"Black Star":17,"Bottled Lightning":46,"Toy Ornithopter":26,"Red Skull":38,"Runic Cube":34},{"Ice Cream":13,"Potion Belt":17,"Lee\u0027s Waffle":10,"Gremlin Horn":3,"Happy Flower":18,"Singing Bowl":20,"Blue Candle":18,"Magic Flower":0,"Whetstone":13,"Frozen Egg 2":19,"Burning Blood":0,"Akabeko":21,"Bottled Flame":5,"Centennial Puzzle":6,"Dream Catcher":17,"Sundial":5,"Mummified Hand":16,"DollysMirror":21,"Gambling Chip":18,"Black Star":8,"Bottled Lightning":20,"Toy Ornithopter":11,"Red Skull":16,"Runic Cube":14},{"Ice Cream":51,"Potion Belt":71,"Lee\u0027s Waffle":38,"Gremlin Horn":12,"Happy Flower":76,"Singing Bowl":83,"Blue Candle":76,"Magic Flower":0,"Whetstone":51,"Frozen Egg 2":79,"Burning Blood":0,"Akabeko":88,"Bottled Flame":18,"Centennial Puzzle":21,"Dream Catcher":71,"Sundial":18,"Mummified Hand":67,"DollysMirror":88,"Gambling Chip":76,"Black Star":31,"Bottled Lightning":83,"Toy Ornithopter":43,"Red Skull":67,"Runic Cube":56}],"Toy Ornithopter":59,"Runic Cube":[25]},"card_choices":[{"not_picked":["Flex","Body Slam"],"picked":"Cleave","floor":1.0},{"not_picked":["Second Wind","Flash of Steel"],"picked":"Inflame","floor":4.0},{"not_picked":["Anger","Warcry"],"picked":"Flex","floor":6.0},{"not_picked":["Cleave","Dark Embrace"],"picked":"Heavy Blade","floor":7.0},{"not_picked":["Forethought","Feel No Pain"],"picked":"Demon Form","floor":8.0},{"not_picked":["Thunderclap","Pommel Strike"],"picked":"Spot Weakness","floor":11.0},{"not_picked":["Havoc","Shrug It Off"],"picked":"Sword Boomerang","floor":14.0},{"not_picked":["Chrysalis","Metamorphosis"],"picked":"Limit Break","floor":16.0},{"not_picked":["Pommel Strike","Warcry+1","Feel No Pain"],"picked":"SKIP","floor":18.0},{"not_picked":["Evolve","Iron Wave"],"picked":"Heavy Blade","floor":19.0},{"not_picked":["Entrench","Searing Blow","Pommel Strike"],"picked":"SKIP","floor":24.0},{"not_picked":["Wild Strike","True Grit"],"picked":"Sword Boomerang","floor":28.0},{"not_picked":["Wild Strike","Blood for Blood","Flex"],"picked":"SKIP","floor":30.0},{"not_picked":["Magnetism","Apotheosis"],"picked":"Master of Strategy","floor":33.0},{"not_picked":["Wild Strike+1","True Grit+1","Anger+1"],"picked":"SKIP","floor":35.0},{"not_picked":["Pommel Strike","Perfected Strike"],"picked":"Bandage Up+1","floor":38},{"not_picked":["Ghostly Armor+1","Seeing Red","Cleave"],"picked":"SKIP","floor":41},{"not_picked":["Searing Blow","Wild Strike+1","Headbutt+1"],"picked":"SKIP","floor":42},{"not_picked":["Headbutt+1","Warcry+1"],"picked":"Power Through","floor":44},{"not_picked":["Bludgeon","Panacea","Thunderclap"],"picked":"Singing Bowl","floor":46},{"not_picked":["Cleave","Iron Wave+1"],"picked":"Shrug It Off+1","floor":47}],"player_experience":1416757,"relics_obtained":[{"floor":6.0,"key":"Gremlin Horn"},{"floor":8.0,"key":"Sundial"},{"floor":9.0,"key":"Bottled Flame"},{"floor":12.0,"key":"Centennial Puzzle"},{"floor":26.0,"key":"Toy Ornithopter"},{"floor":30.0,"key":"Whetstone"},{"floor":30.0,"key":"Ice Cream"},{"floor":38,"key":"Red Skull"},{"floor":38,"key":"Mummified Hand"},{"floor":41,"key":"Dream Catcher"},{"floor":41,"key":"Potion Belt"},{"floor":42,"key":"Blue Candle"},{"floor":42,"key":"Gambling Chip"},{"floor":43,"key":"Happy Flower"},{"floor":45,"key":"Frozen Egg 2"},{"floor":46,"key":"Singing Bowl"},{"floor":46,"key":"Bottled Lightning"}],"event_choices":[{"cards_removed":["Strike_R"],"damage_healed":0.0,"max_hp_gain":0.0,"max_hp_loss":0.0,"gold_gain":0.0,"event_name":"Purifier","player_choice":"Purged","floor":3.0,"gold_loss":0.0,"damage_taken":0.0},{"damage_healed":0.0,"max_hp_gain":0.0,"max_hp_loss":0.0,"gold_gain":0.0,"event_name":"Living Wall","player_choice":"Grow","floor":5.0,"gold_loss":0.0,"damage_taken":0.0,"cards_upgraded":["Bash"]},{"cards_removed":["Strike_R"],"damage_healed":0.0,"max_hp_gain":0.0,"max_hp_loss":0.0,"gold_gain":0.0,"event_name":"Beggar","player_choice":"Gave Gold","floor":20.0,"gold_loss":75.0,"damage_taken":0.0},{"damage_healed":0.0,"max_hp_gain":0.0,"max_hp_loss":0.0,"gold_gain":0.0,"event_name":"Vampires","player_choice":"Ignored","floor":21.0,"gold_loss":0.0,"damage_taken":0.0},{"damage_healed":0.0,"max_hp_gain":0.0,"max_hp_loss":0.0,"gold_gain":0.0,"event_name":"Winding Halls","player_choice":"Embrace Madness","floor":36.0,"gold_loss":0.0,"damage_taken":11.0,"cards_obtained":["Madness","Madness"]},{"cards_removed":["Master of Strategy"],"damage_healed":11.0,"max_hp_gain":10.0,"max_hp_loss":0.0,"gold_gain":0.0,"event_name":"Bonfire Elementals","player_choice":"Offered Rare","floor":37.0,"gold_loss":0.0,"damage_taken":0.0}],"is_beta":false,"boss_relics":[{"not_picked":["SlaversCollar","Tiny House"],"picked":"Black Star"},{"not_picked":["Runic Pyramid","Coffee Dripper"],"picked":"Runic Cube"}],"items_purged_floors":[2,22,39],"is_endless":false,"potions_floor_spawned":[7,8,14,18,24,28,35,41,46,47],"ascension_level":0}}