{"host":"nptej036rrbiurf5","time":1614141003,"event":{"mods":["BaseMod","Colored Map","Colored Powertips","DeckTracker","Minty Spire (QoL Compilation)","StSLib","SuperFastMode"],"gold_per_floor":[10,10,10,22,36,36,55,70,93,103,134,134,151,151,151,222,222,236,46,56,84,111,111,141,152,152,170,180,180,190,219,219,298,298,317,82,93,34,34,62,73,98,98,133,153,153,35,57,57,57,57,57],"floor_reached":51,"language":"KOR","playtime":1831,"items_purged":["Strike_G"],"score":1587,"play_id":"a1921b0c-911a-4f71-9b26-99c0e5c950bd","local_time":"20210224133003","is_ascension_mode":true,"campfire_choices":[{"data":"Well Laid Plans","floor":6.0,"key":"SMITH"},{"data":"Blade Dance","floor":12.0,"key":"SMITH"},{"data":"Choke","floor":15.0,"key":"SMITH"},{"data":"Apotheosis","floor":23,"key":"SMITH"},{"floor":32,"key":"REST"},{"floor":46,"key":"RECALL"},{"data":"Night Terror","floor":49,"key":"SMITH"}],"circlet_count":0,"master_deck":["AscendersBane","Strike_G","Strike_G","Strike_G","Defend_G","Defend_G","Defend_G","Defend_G","Defend_G","Survivor","Neutralize","Dagger Spray","Blade Dance+1","Slice","Well Laid Plans+1","Dagger Spray","Cloak And Dagger","Slice","Choke+1","Night Terror+1","Apotheosis+1","Infinite Blades","Prepared","Malaise","Footwork","Escape Plan","Reflex","Adrenaline","PiercingWail","Phantasmal Killer","After Image","Acrobatics+1","Cloak And Dagger","Writhe","Blade Dance","Backflip","Terror","Footwork","Blur+1"],"relics":["Ring of the Snake","Du-Vu Doll","Oddly Smooth Stone","Orichalcum","Anchor","WristBlade","Red Mask","Meat on the Bone","InkBottle","Mango","Coffee Dripper","ClockworkSouvenir","Blue Candle","CeramicFish","Ice Cream","StoneCalendar"],"acts_visited":["Exordium","TheCity","TheBeyond"],"potions_floor_usage":[24,33,40,44,48],"damage_taken":[{"damage":8.0,"enemies":"Jaw Worm","floor":1.0,"turns":4.0},{"damage":0.0,"enemies":"Cultist","floor":4.0,"turns":3.0},{"damage":0.0,"enemies":"2 Louse","floor":5.0,"turns":2.0},{"damage":0.0,"enemies":"Exordium Wildlife","floor":7.0,"turns":2.0},{"damage":0.0,"enemies":"Red Slaver","floor":8.0,"turns":3.0},{"damage":0.0,"enemies":"3 Louse","floor":10.0,"turns":3.0},{"damage":14.0,"enemies":"Gremlin Nob","floor":11.0,"turns":4.0},{"damage":0.0,"enemies":"Gremlin Gang","floor":13.0,"turns":2.0},{"damage":0.0,"enemies":"Slime Boss","floor":16.0,"turns":3.0},{"damage":0.0,"enemies":"Chosen","floor":18.0,"turns":2.0},{"damage":0.0,"enemies":"3 Byrds","floor":20.0,"turns":3.0},{"damage":11.0,"enemies":"Masked Bandits","floor":21.0,"turns":5.0},{"damage":4,"enemies":"Gremlin Leader","floor":24,"turns":4},{"damage":15,"enemies":"Sentry and Sphere","floor":25,"turns":4},{"damage":5,"enemies":"3 Cultists","floor":27,"turns":4},{"damage":0,"enemies":"Centurion and Healer","floor":28,"turns":5},{"damage":6,"enemies":"Snake Plant","floor":30,"turns":4},{"damage":26,"enemies":"Slavers","floor":31,"turns":5},{"damage":27,"enemies":"Automaton","floor":33,"turns":8},{"damage":27,"enemies":"3 Shapes","floor":35,"turns":4},{"damage":8,"enemies":"3 Darklings","floor":37,"turns":4},{"damage":24,"enemies":"Reptomancer","floor":40,"turns":4},{"damage":2,"enemies":"Jaw Worm Horde","floor":41,"turns":3},{"damage":7,"enemies":"Giant Head","floor":42,"turns":4},{"damage":37,"enemies":"Reptomancer","floor":44,"turns":5},{"damage":3,"enemies":"Sphere and 2 Shapes","floor":45,"turns":7},{"damage":0,"enemies":"Transient","floor":48,"turns":6},{"damage":43,"enemies":"Donu and Deca","floor":50,"turns":6},{"damage":47,"enemies":"Awakened One","floor":51,"turns":3}],"seed_played":"8310256136867972115","potions_obtained":[{"floor":1.0,"key":"Dexterity Potion"},{"floor":4.0,"key":"BlessingOfTheForge"},{"floor":10.0,"key":"CultistPotion"},{"floor":13.0,"key":"LiquidMemories"},{"floor":18.0,"key":"AttackPotion"},{"floor":27,"key":"FairyPotion"},{"floor":28,"key":"GhostInAJar"},{"floor":33,"key":"CunningPotion"},{"floor":40,"key":"SneckoOil"}],"is_trial":false,"path_per_floor":["M","?","?","M","M","R","M","M","T","M","E","R","M","?","R","B",null,"M","$","M","?","T","R","E","M","T","M","M","?","M","E","R","B",null,"M","$","M","$","?","E","M","E","T","E","M","R","$","M","R","B","B"],"character_chosen":"THE_SILENT","items_purchased":["Apotheosis","ClockworkSouvenir","Cloak And Dagger","Regen Potion","Footwork"],"campfire_rested":1,"item_purchase_floors":[19,36,38,47,47],"current_hp_per_floor":[51,51,40,40,40,40,40,40,40,40,26,26,26,66,66,66,66,66,66,66,55,55,55,51,36,36,43,43,43,37,37,61,46,72,45,45,49,49,65,41,51,44,44,19,28,28,28,43,43,36,0,0],"gold":57,"neow_bonus":"ONE_RARE_RELIC","is_daily":false,"chose_seed":false,"campfire_upgraded":5,"win_rate":0.0,"timestamp":1614141003,"path_taken":["M","?","?","M","M","R","M","M","T","M","E","R","M","?","R","BOSS","M","?","?","?","?","R","E","?","T","M","M","?","M","E","R","BOSS","M","$","?","?","?","E","M","E","T","E","M","R","$","M","R","BOSS","BOSS"],"items_purchased_type":["Card","Relic","Card","Potion","Card"],"build_version":"2020-12-22","purchased_purges":1,"victory":false,"max_hp_per_floor":[66,66,66,66,66,66,66,66,66,66,66,66,66,66,66,66,66,66,66,66,66,66,66,66,66,66,66,66,66,66,80,80,80,80,80,80,80,80,80,80,80,80,80,80,80,80,80,80,80,80,80,80],"card_choices":[{"not_picked":["Catalyst","Acrobatics"],"picked":"Dagger Spray","floor":1.0},{"not_picked":["Bane","Deadly Poison"],"picked":"Slice","floor":4.0},{"not_picked":["Dodge and Roll","Acrobatics"],"picked":"Well Laid Plans","floor":5.0},{"not_picked":["Quick Slash","Predator"],"picked":"Dagger Spray","floor":7.0},{"not_picked":["Dagger Throw","Underhanded Strike"],"picked":"Cloak And Dagger","floor":8.0},{"not_picked":["Dodge and Roll","Catalyst"],"picked":"Reflex","floor":10.0},{"not_picked":["Outmaneuver","Bouncing Flask"],"picked":"Slice","floor":11.0},{"not_picked":["Deflect","Underhanded Strike"],"picked":"Choke","floor":13.0},{"not_picked":["Tools of the Trade","Wraith Form v2"],"picked":"Night Terror","floor":16.0},{"not_picked":["Flechettes","Well Laid Plans","Caltrops"],"picked":"SKIP","floor":18.0},{"not_picked":["Crippling Poison+1","Backflip"],"picked":"Infinite Blades","floor":20.0},{"not_picked":["Dagger Spray","Sucker Punch"],"picked":"Prepared","floor":21.0},{"not_picked":["Skewer+1","Bane"],"picked":"Malaise","floor":24},{"not_picked":["Distraction","Crippling Poison"],"picked":"Footwork","floor":25},{"not_picked":["All Out Attack+1","Deadly Poison"],"picked":"Escape Plan","floor":27},{"not_picked":["All Out Attack","Heel Hook"],"picked":"Reflex","floor":28},{"not_picked":["Deflect+1","Catalyst"],"picked":"PiercingWail","floor":30},{"not_picked":["Deflect+1","Dagger Throw"],"picked":"Phantasmal Killer","floor":31},{"not_picked":["A Thousand Cuts","Bullet Time"],"picked":"After Image","floor":33},{"not_picked":["Caltrops","Deadly Poison"],"picked":"Acrobatics+1","floor":35},{"not_picked":["Quick Slash","Outmaneuver","Crippling Poison"],"picked":"SKIP","floor":37},{"not_picked":["Quick Slash","Outmaneuver","Crippling Poison"],"picked":"SKIP","floor":37},{"not_picked":["PiercingWail","Grand Finale"],"picked":"Blade Dance","floor":40},{"not_picked":["Masterful Stab","Dodge and Roll"],"picked":"Backflip","floor":41},{"not_picked":["Well Laid Plans+1","Flechettes+1","Crippling Poison"],"picked":"SKIP","floor":42},{"not_picked":["Quick Slash+1","Poisoned Stab"],"picked":"Terror","floor":44},{"not_picked":["Backflip","Riddle With Holes","Quick Slash+1"],"picked":"SKIP","floor":45},{"not_picked":["Cloak And Dagger","Backflip+1"],"picked":"Blur+1","floor":48}],"player_experience":1023502,"relics_obtained":[{"floor":9.0,"key":"Orichalcum"},{"floor":11.0,"key":"Anchor"},{"floor":21.0,"key":"Red Mask"},{"floor":24,"key":"Meat on the Bone"},{"floor":26,"key":"InkBottle"},{"floor":31,"key":"Mango"},{"floor":40,"key":"Blue Candle"},{"floor":42,"key":"CeramicFish"},{"floor":43,"key":"Ice Cream"},{"floor":44,"key":"StoneCalendar"}],"event_choices":[{"damage_healed":0.0,"max_hp_gain":0.0,"max_hp_loss":0.0,"gold_gain":0.0,"cards_transformed":["Strike_G"],"event_name":"Living Wall","player_choice":"Change","floor":2.0,"gold_loss":0.0,"damage_taken":0.0,"cards_obtained":["Blade Dance"]},{"damage_healed":0.0,"max_hp_gain":0.0,"max_hp_loss":0.0,"gold_gain":0.0,"event_name":"Scrap Ooze","player_choice":"Success","floor":3.0,"gold_loss":0.0,"damage_taken":11.0,"relics_obtained":["Oddly Smooth Stone"]},{"cards_removed":["Reflex"],"damage_healed":40.0,"max_hp_gain":0.0,"max_hp_loss":0.0,"gold_gain":0.0,"event_name":"Bonfire Elementals","player_choice":"Offered Uncommon","floor":14.0,"gold_loss":0.0,"damage_taken":0.0},{"damage_healed":0.0,"max_hp_gain":0.0,"max_hp_loss":0.0,"gold_gain":0.0,"event_name":"Masked Bandits","player_choice":"Fought Bandits","floor":21.0,"gold_loss":0.0,"damage_taken":0.0},{"damage_healed":0,"gold_gain":0,"player_choice":"1 cards matched","damage_taken":0,"max_hp_gain":0,"max_hp_loss":0,"event_name":"Match and Keep!","floor":29,"gold_loss":0,"cards_obtained":["Adrenaline"]},{"damage_healed":16,"gold_gain":0,"player_choice":"Writhe","damage_taken":0,"max_hp_gain":0,"max_hp_loss":0,"event_name":"Winding Halls","floor":39,"gold_loss":0,"cards_obtained":["Writhe"]}],"is_beta":false,"boss_relics":[{"not_picked":["Calling Bell","Cursed Key"],"picked":"WristBlade"},{"not_picked":["Tiny House","SlaversCollar"],"picked":"Coffee Dripper"}],"items_purged_floors":[36],"is_endless":false,"potions_floor_spawned":[1,4,10,13,18,27,28,30,33,37,40,41],"killed_by":"Awakened One","ascension_level":20}}