{"host":"t6r1isv2bex5ovch","time":1614144893,"event":{"mods":["AchievementEnabler","Act Like it!","Aspiration","BaseMod","Better Altar","Better Match","Better Note","Better Sensory Stone","Better Skull","Better Third Choice","Better Vampires","Bossed Relics","Colored Powertips","Displayed Cursed Tome","Evolution","Fox Events","Hubris","Minty Spire (QoL Compilation)","Reliquary","Ruina","StSLib"],"gold_per_floor":[117,42,60,73,90,125,125,157,157,157,57,75,75,103,103,202,202,218,248,123,140,140,140,167,167,167,181,181,181,194,227,227,327,327,338,353,203,220,233,233,261,261,261,261,271,96,130,148,148,148,148,148,2,29,29],"floor_reached":56,"language":"ENG","playtime":4655,"items_purged":["Defend_G","Defend_G","Defend_G","Defend_G","Survivor"],"score":1611,"play_id":"e245a282-a5bd-44b5-9795-b21cb3d23def","local_time":"20210224163453","is_ascension_mode":true,"campfire_choices":[{"floor":7.0,"key":"RECALL"},{"data":"Neutralize","floor":10.0,"key":"SMITH"},{"data":"Cloak And Dagger","floor":13.0,"key":"SMITH"},{"data":"Quick Slash","floor":15.0,"key":"SMITH"},{"data":"Envenom","floor":23,"key":"SMITH"},{"data":"Quick Slash","floor":25,"key":"SMITH"},{"data":"Quick Slash","floor":28,"key":"SMITH"},{"data":"Cloak And Dagger","floor":32,"key":"SMITH"},{"data":"hubris:SlightOfHand","floor":40,"key":"SMITH"},{"data":"Quick Slash","floor":42,"key":"SMITH"},{"data":"Backstab","floor":49,"key":"SMITH"},{"data":"Backstab","floor":52,"key":"SMITH"}],"circlet_count":0,"master_deck":["Quick Slash+1","Quick Slash+1","Quick Slash+1","Quick Slash+1","Quick Slash+1","Neutralize+1","Cloak And Dagger+1","Backstab","Backstab","Backstab+1","Envenom+1","Backflip+1","Cloak And Dagger+1","Backstab+1","Footwork+1","hubris:SlightOfHand+1"],"relics":["Ring of the Snake","EVO:Axolotl","Ginger","aspiration:ChemicalBlood","reliquary:IridiumChain","reliquary:PrincelyHelmet","SlaversCollar","Red Mask","Prayer Wheel","Calipers","Ornamental Fan","reliquary:BoilingFlask","Pandora\u0027s Box","Kunai","StrikeDummy","reliquary:WeakTea","reliquary:BrokenClock","Snake Skull"],"acts_visited":["Exordium","TheCity","TheBeyond","TheEnding"],"potions_floor_usage":[24,24,27,27,33,33,47,50,54,55,55,55],"damage_taken":[{"damage":0.0,"enemies":"Small Slimes","floor":1.0,"turns":2.0},{"damage":0.0,"enemies":"Jaw Worm","floor":3.0,"turns":3.0},{"damage":0.0,"enemies":"Cultist","floor":4.0,"turns":3.0},{"damage":8.0,"enemies":"Lots of Slimes","floor":5.0,"turns":4.0},{"damage":0.0,"enemies":"Gremlin Nob","floor":6.0,"turns":2.0},{"damage":4.0,"enemies":"3 Sentries","floor":8.0,"turns":7.0},{"damage":0.0,"enemies":"Blue Slaver","floor":12.0,"turns":3.0},{"damage":1.0,"enemies":"Gremlin Nob","floor":14.0,"turns":3.0},{"damage":34.0,"enemies":"The Guardian","floor":16.0,"turns":12.0},{"damage":0.0,"enemies":"Shell Parasite","floor":18.0,"turns":3.0},{"damage":0.0,"enemies":"Masked Bandits","floor":19.0,"turns":2.0},{"damage":4.0,"enemies":"3 Byrds","floor":21.0,"turns":4.0},{"damage":23,"enemies":"Book of Stabbing","floor":24,"turns":5},{"damage":2,"enemies":"Centurion and Healer","floor":27,"turns":3},{"damage":0,"enemies":"3 Cultists","floor":30,"turns":4},{"damage":11,"enemies":"Slavers","floor":31,"turns":5},{"damage":18,"enemies":"hubris:MusketHawk","floor":33,"turns":6},{"damage":0,"enemies":"3 Shapes","floor":35,"turns":3},{"damage":0,"enemies":"Orb Walker","floor":36,"turns":2},{"damage":0,"enemies":"Transient","floor":38,"turns":5},{"damage":3,"enemies":"3 Darklings","floor":39,"turns":6},{"damage":0,"enemies":"Reptomancer","floor":41,"turns":4},{"damage":4,"enemies":"Writhing Mass","floor":45,"turns":3},{"damage":0,"enemies":"Giant Head","floor":47,"turns":3},{"damage":0,"enemies":"Sphere and 2 Shapes","floor":48,"turns":3},{"damage":4,"enemies":"Donu and Deca","floor":50,"turns":4},{"damage":0,"enemies":"Shield and Spear","floor":54,"turns":3},{"damage":43,"enemies":"The Heart","floor":55,"turns":5}],"seed_played":"-5529141859488537832","potions_obtained":[{"floor":3.0,"key":"Regen Potion"},{"floor":4.0,"key":"Strength Potion"},{"floor":5.0,"key":"DistilledChaos"},{"floor":6.0,"key":"CunningPotion"},{"floor":16.0,"key":"Block Potion"},{"floor":18.0,"key":"Explosive Potion"},{"floor":19.0,"key":"Regen Potion"},{"floor":24,"key":"Fire Potion"},{"floor":36,"key":"SkillPotion"},{"floor":41,"key":"Fire Potion"},{"floor":45,"key":"BlessingOfTheForge"},{"floor":47,"key":"Fire Potion"}],"is_trial":false,"path_per_floor":["M","$","M","M","M","E","R","E","T","R","$","M","R","E","R","B",null,"M","?","$","M","?","R","E","R","T","M","R","T","M","E","R","B",null,"M","M","$","M","M","R","E","R","T","?","M","$","E","M","R","B",null,"R","$","E","B",null],"character_chosen":"THE_SILENT","items_purchased":["reliquary:BrokenClock"],"campfire_rested":0,"item_purchase_floors":[53],"current_hp_per_floor":[70,70,70,70,62,67,67,63,63,63,63,63,63,62,62,28,70,70,70,70,66,66,66,48,48,48,46,46,46,46,35,35,17,70,70,70,70,70,67,67,67,67,67,67,63,63,63,63,63,59,70,70,70,70,27],"gold":29,"neow_bonus":"REMOVE_CARD","is_daily":false,"chose_seed":false,"campfire_upgraded":11,"win_rate":0.0,"timestamp":1614144893,"path_taken":["M","$","M","M","M","E","R","E","T","R","$","M","R","E","R","BOSS","M","?","$","M","?","R","E","R","T","M","R","?","?","E","R","BOSS","M","M","$","?","M","R","E","R","T","?","M","$","E","M","R","BOSS","R","$","E","BOSS"],"items_purchased_type":["Relic"],"build_version":"2020-12-22","purchased_purges":5,"victory":true,"max_hp_per_floor":[70,70,70,70,70,70,70,70,70,70,70,70,70,70,70,70,70,70,70,70,70,70,70,70,70,70,70,70,70,70,70,70,70,70,70,70,70,70,70,70,70,70,70,70,70,70,70,70,70,70,70,70,70,70,70],"card_choices":[{"not_picked":["Backflip","Masterful Stab"],"picked":"Cloak And Dagger","floor":1.0},{"not_picked":["All Out Attack","Blade Dance","Flying Knee"],"picked":"SKIP","floor":3.0},{"not_picked":["hubris:SlightOfHand","Dagger Throw","Dagger Spray"],"picked":"SKIP","floor":4.0},{"not_picked":["Acrobatics","Sucker Punch","hubris:Sniper"],"picked":"SKIP","floor":5.0},{"not_picked":["Tools of the Trade","Sucker Punch","Deflect"],"picked":"SKIP","floor":6.0},{"not_picked":["Dagger Spray","hubris:Counter"],"picked":"Backstab","floor":8.0},{"not_picked":["hubris:Counter","Prepared"],"picked":"Backstab","floor":12.0},{"not_picked":["Catalyst","Dagger Spray"],"picked":"Backstab","floor":14.0},{"not_picked":["A Thousand Cuts","Corpse Explosion"],"picked":"Envenom","floor":16.0},{"not_picked":["Backflip","Quick Slash","Flechettes"],"picked":"SKIP","floor":18.0},{"not_picked":["Quick Slash+1","hubris:SlightOfHand"],"picked":"Backflip+1","floor":19.0},{"not_picked":["Poisoned Stab","Predator+1","Prepared"],"picked":"SKIP","floor":21.0},{"not_picked":["Grand Finale","Dodge and Roll","Flying Knee+1"],"picked":"SKIP","floor":24},{"not_picked":["Prepared","Well Laid Plans+1","Expertise"],"picked":"SKIP","floor":27},{"not_picked":["Acrobatics+1","Leg Sweep","Catalyst"],"picked":"SKIP","floor":27},{"not_picked":["Sucker Punch+1","Dagger Throw"],"picked":"Cloak And Dagger","floor":30},{"not_picked":["Skewer","hubris:SlightOfHand","Heel Hook"],"picked":"SKIP","floor":30},{"not_picked":["Dodge and Roll","Blade Dance"],"picked":"Backstab","floor":31},{"not_picked":["Dagger Throw","Dagger Spray","Predator+1"],"picked":"SKIP","floor":35},{"not_picked":["Dash+1","Cloak And Dagger","Slice+1"],"picked":"SKIP","floor":35},{"not_picked":["PiercingWail","Dagger Spray"],"picked":"Footwork+1","floor":36},{"not_picked":["Calculated Gamble+1","Underhanded Strike+1","Poisoned Stab+1"],"picked":"SKIP","floor":36},{"not_picked":["Choke","Prepared","Doppelganger"],"picked":"SKIP","floor":38},{"not_picked":["Dagger Throw+1","Predator+1","Deflect+1"],"picked":"SKIP","floor":38},{"not_picked":["Reflex+1","Acrobatics+1"],"picked":"hubris:SlightOfHand","floor":39},{"not_picked":["Concentrate+1","Flying Knee+1","Blur"],"picked":"SKIP","floor":39},{"not_picked":["Concentrate+1","Flying Knee+1","Blur"],"picked":"SKIP","floor":39},{"not_picked":["Setup","Predator","Noxious Fumes+1"],"picked":"SKIP","floor":41},{"not_picked":["Dodge and Roll+1","Predator","Escape Plan+1"],"picked":"SKIP","floor":45},{"not_picked":["Underhanded Strike+1","Dodge and Roll+1","PiercingWail"],"picked":"SKIP","floor":45},{"not_picked":["Dagger Throw","Deadly Poison+1","PiercingWail+1"],"picked":"SKIP","floor":47},{"not_picked":["Outmaneuver","Masterful Stab","Doppelganger"],"picked":"SKIP","floor":48},{"not_picked":["Footwork+1","Caltrops+1","Slice+1"],"picked":"SKIP","floor":48},{"not_picked":["Bane","Noxious Fumes","Tactician"],"picked":"SKIP","floor":54}],"player_experience":395308,"relics_obtained":[{"floor":6.0,"key":"Ginger"},{"floor":8.0,"key":"aspiration:ChemicalBlood"},{"floor":9.0,"key":"reliquary:IridiumChain"},{"floor":14.0,"key":"reliquary:PrincelyHelmet"},{"floor":19.0,"key":"Red Mask"},{"floor":24,"key":"Calipers"},{"floor":26,"key":"Ornamental Fan"},{"floor":31,"key":"reliquary:BoilingFlask"},{"floor":41,"key":"Kunai"},{"floor":43,"key":"StrikeDummy"},{"floor":47,"key":"reliquary:WeakTea"},{"floor":54,"key":"Snake Skull"}],"event_choices":[{"damage_healed":0.0,"max_hp_gain":0.0,"max_hp_loss":0.0,"gold_gain":0.0,"event_name":"Masked Bandits","player_choice":"Fought Bandits","floor":19.0,"gold_loss":0.0,"damage_taken":0.0},{"damage_healed":0,"gold_gain":0,"player_choice":"Opened","damage_taken":0,"relics_obtained":["Prayer Wheel"],"max_hp_gain":0,"max_hp_loss":0,"event_name":"The Mausoleum","floor":22,"gold_loss":0}],"is_beta":false,"boss_relics":[{"not_picked":["hubris:GrandSneckoEye","aspiration:WatcherSkillbook"],"picked":"SlaversCollar"},{"not_picked":["hubris:VirtuousBlindfold","aspiration:RunicSpoon"],"picked":"Pandora\u0027s Box"}],"items_purged_floors":[2,11,20,37,46],"is_endless":false,"potions_floor_spawned":[3,4,5,6,16,18,19,24,36,41,45,47],"ascension_level":3}}