{"host":"ow66nzv2xecjoor3","time":1614135542,"event":{"mods":["BaseMod","Bestiary","Block Reminder","Colored Powertips","Curses Come First","Highlight Path","Keyboard Shortcuts","Minty Spire (QoL Compilation)","Permanent Neow","Relic Stats","StSLib","UnlockEverythingMod"],"gold_per_floor":[116,129,147,158,169,202,202,235,235,264,280,280,308,308,308,382,382,392,392,50,65,78,103,103,118,118,130,155,155,180,194,194,273,273,287,136,148,36,47,78,95,124,124,136,167,178,190,190,190,190,190,190,190,11,46,46],"floor_reached":57,"language":"ENG","playtime":8660,"items_purged":["Strike_G","Strike_G","Strike_G"],"score":3181,"play_id":"733f3267-9cdb-46e8-883a-f37e730fc76c","local_time":"20210223205902","is_ascension_mode":true,"campfire_choices":[{"data":"Blade Dance","floor":7.0,"key":"SMITH"},{"data":"Deadly Poison","floor":12.0,"key":"SMITH"},{"floor":15.0,"key":"REST"},{"data":"Wraith Form v2","floor":24,"key":"SMITH"},{"data":"Tactician","floor":29,"key":"SMITH"},{"data":"Flechettes","floor":32,"key":"SMITH"},{"floor":49,"key":"RECALL"},{"floor":53,"key":"REST"}],"circlet_count":0,"master_deck":["AscendersBane","Defend_G","Defend_G","Defend_G","Defend_G","Defend_G","Survivor","Neutralize","After Image","Masterful Stab","Skewer","Terror","Blade Dance+1","PiercingWail","Escape Plan","Deadly Poison+1","Blade Dance","Wraith Form v2+1","Slice","Swift Strike","Flechettes+1","Acrobatics","PiercingWail","Tactician+1","Prepared+1","Tactician+1","Corpse Explosion","Prepared+1","Acrobatics","Prepared+1","Caltrops","Escape Plan","Leg Sweep","Reflex+1","Secret Technique","Eviscerate+1"],"relics":["Ring of the Snake","Vajra","Akabeko","Kunai","Bag of Preparation","Odd Mushroom","Runic Pyramid","OrangePellets","Thread and Needle","Gremlin Horn","Strawberry","The Specimen","HoveringKite","Anchor","Dream Catcher","Bronze Scales","Mercury Hourglass"],"acts_visited":["Exordium","TheCity","TheBeyond","TheEnding"],"potions_floor_usage":[22,23,27,50,56],"damage_taken":[{"damage":0.0,"enemies":"Jaw Worm","floor":1.0,"turns":6.0},{"damage":0.0,"enemies":"Cultist","floor":2.0,"turns":4.0},{"damage":1.0,"enemies":"Small Slimes","floor":3.0,"turns":3.0},{"damage":1.0,"enemies":"3 Louse","floor":4.0,"turns":3.0},{"damage":1.0,"enemies":"Large Slime","floor":5.0,"turns":5.0},{"damage":16.0,"enemies":"3 Sentries","floor":6.0,"turns":6.0},{"damage":6.0,"enemies":"Lagavulin","floor":8.0,"turns":6.0},{"damage":3.0,"enemies":"Gremlin Nob","floor":10.0,"turns":4.0},{"damage":6.0,"enemies":"Exordium Wildlife","floor":11.0,"turns":5.0},{"damage":9.0,"enemies":"The Mushroom Lair","floor":13.0,"turns":4.0},{"damage":12.0,"enemies":"The Guardian","floor":16.0,"turns":11.0},{"damage":1.0,"enemies":"Shell Parasite","floor":18.0,"turns":3.0},{"damage":0,"enemies":"3 Byrds","floor":21,"turns":5},{"damage":3,"enemies":"Snake Plant","floor":22,"turns":3},{"damage":2,"enemies":"Gremlin Leader","floor":23,"turns":5},{"damage":0,"enemies":"Centurion and Healer","floor":25,"turns":5},{"damage":0,"enemies":"Cultist and Chosen","floor":27,"turns":5},{"damage":1,"enemies":"Slavers","floor":28,"turns":6},{"damage":0,"enemies":"Gremlin Leader","floor":30,"turns":4},{"damage":0,"enemies":"Snecko","floor":31,"turns":2},{"damage":0,"enemies":"Collector","floor":33,"turns":7},{"damage":0,"enemies":"3 Shapes","floor":35,"turns":4},{"damage":0,"enemies":"Orb Walker","floor":37,"turns":3},{"damage":0,"enemies":"Spire Growth","floor":39,"turns":3},{"damage":0,"enemies":"Giant Head","floor":40,"turns":6},{"damage":0,"enemies":"Maw","floor":41,"turns":5},{"damage":5,"enemies":"Reptomancer","floor":42,"turns":6},{"damage":3,"enemies":"Jaw Worm Horde","floor":44,"turns":2},{"damage":13,"enemies":"Nemesis","floor":45,"turns":5},{"damage":0,"enemies":"3 Darklings","floor":46,"turns":2},{"damage":0,"enemies":"4 Shapes","floor":47,"turns":2},{"damage":6,"enemies":"Time Eater","floor":50,"turns":6},{"damage":0,"enemies":"Awakened One","floor":51,"turns":15},{"damage":5,"enemies":"Shield and Spear","floor":55,"turns":5},{"damage":10,"enemies":"The Heart","floor":56,"turns":7}],"seed_played":"2319761114627661887","potions_obtained":[{"floor":1.0,"key":"AttackPotion"},{"floor":2.0,"key":"ColorlessPotion"},{"floor":4.0,"key":"FearPotion"},{"floor":5.0,"key":"GhostInAJar"},{"floor":10.0,"key":"SteroidPotion"},{"floor":16.0,"key":"SkillPotion"},{"floor":22,"key":"Energy Potion"},{"floor":25,"key":"PowerPotion"},{"floor":28,"key":"SkillPotion"},{"floor":30,"key":"EssenceOfSteel"},{"floor":41,"key":"CultistPotion"}],"is_trial":false,"path_per_floor":["M","M","M","M","M","E","R","E","T","E","M","R","?","?","R","B",null,"M","?","$","M","M","E","R","M","T","M","E","R","E","M","R","B",null,"M","$","M","$","M","E","M","E","T","M","E","M","M","?","R","B","B",null,"R","$","E","B",null],"character_chosen":"THE_SILENT","items_purchased":["OrangePellets","Swift Strike","Acrobatics","CultistPotion","Energy Potion"],"campfire_rested":2,"item_purchase_floors":[20,20,36,38,54],"current_hp_per_floor":[59,59,58,57,56,40,40,34,34,31,25,25,16,16,34,22,51,50,38,38,38,35,33,33,33,33,33,39,39,39,39,39,39,60,60,60,60,60,60,60,60,55,55,52,39,39,39,39,39,33,33,59,67,67,62,52],"gold":46,"neow_bonus":"TRANSFORM_TWO_CARDS","is_daily":false,"chose_seed":false,"campfire_upgraded":5,"win_rate":0.0,"timestamp":1614135542,"path_taken":["M","M","M","M","M","E","R","E","T","E","M","R","?","?","R","BOSS","M","?","$","?","M","E","R","M","T","M","E","R","E","M","R","BOSS","M","$","M","$","M","E","M","E","T","M","E","M","M","?","R","BOSS","BOSS","R","$","E","BOSS"],"items_purchased_type":["Relic","Card","Card","Potion","Potion"],"build_version":"2020-12-22","purchased_purges":3,"victory":true,"max_hp_per_floor":[60,60,60,60,60,60,60,60,60,60,60,60,60,60,60,60,60,60,60,60,60,60,60,60,60,60,60,67,67,67,67,67,67,67,67,67,67,67,67,67,67,67,67,67,67,67,67,67,67,67,67,67,67,67,67,67],"relic_stats":{"OrangePellets":[29],"Dream Catcher":1,"Gremlin Horn":[22,22],"counters":[35,173],"Bronze Scales":[228],"HoveringKite":[49],"Bag of Preparation":[54],"Kunai":[105],"obtain_stats":[{"Gremlin Horn":26,"The Specimen":30,"Vajra":6,"HoveringKite":34,"Thread and Needle":23,"Bag of Preparation":10,"Odd Mushroom":13,"Akabeko":8,"Mercury Hourglass":55,"OrangePellets":20,"Anchor":40,"Dream Catcher":42,"Strawberry":28,"Bronze Scales":45,"Kunai":9,"Ring of the Snake":0,"Runic Pyramid":17},{"Gremlin Horn":16,"The Specimen":19,"Vajra":6,"HoveringKite":21,"Thread and Needle":15,"Bag of Preparation":8,"Odd Mushroom":10,"Akabeko":7,"Mercury Hourglass":34,"OrangePellets":12,"Anchor":25,"Dream Catcher":27,"Strawberry":18,"Bronze Scales":29,"Kunai":7,"Ring of the Snake":0,"Runic Pyramid":11},{"Gremlin Horn":78,"The Specimen":93,"Vajra":27,"HoveringKite":102,"Thread and Needle":73,"Bag of Preparation":37,"Odd Mushroom":46,"Akabeko":33,"Mercury Hourglass":166,"OrangePellets":60,"Anchor":118,"Dream Catcher":129,"Strawberry":89,"Bronze Scales":136,"Kunai":33,"Ring of the Snake":0,"Runic Pyramid":57}],"Ring of the Snake":[70],"Mercury Hourglass":[21]},"card_choices":[{"not_picked":["Concentrate","Slice","Dodge and Roll"],"picked":"SKIP","floor":1.0},{"not_picked":["Heel Hook","Choke"],"picked":"Skewer","floor":2.0},{"not_picked":["Quick Slash","Flying Knee","Deflect"],"picked":"SKIP","floor":3.0},{"not_picked":["PiercingWail","Calculated Gamble"],"picked":"Terror","floor":4.0},{"not_picked":["Prepared","Underhanded Strike"],"picked":"Blade Dance","floor":5.0},{"not_picked":["Catalyst","Choke"],"picked":"PiercingWail","floor":6.0},{"not_picked":["Dodge and Roll","Infinite Blades"],"picked":"Escape Plan","floor":8.0},{"not_picked":["Expertise","All Out Attack"],"picked":"Deadly Poison","floor":10.0},{"not_picked":["Quick Slash","Finisher","Expertise"],"picked":"SKIP","floor":11.0},{"not_picked":["Underhanded Strike","Doppelganger"],"picked":"Blade Dance","floor":13.0},{"not_picked":["Doppelganger","Burst"],"picked":"Wraith Form v2","floor":16.0},{"not_picked":["Dodge and Roll","Well Laid Plans"],"picked":"Slice","floor":18.0},{"not_picked":["Predator","Underhanded Strike"],"picked":"Flechettes","floor":21},{"not_picked":["Dagger Throw","Sucker Punch"],"picked":"Acrobatics","floor":22},{"not_picked":["Terror","Reflex"],"picked":"PiercingWail","floor":23},{"not_picked":["Backflip","Cloak And Dagger"],"picked":"Tactician","floor":25},{"not_picked":["Underhanded Strike","After Image","Slice"],"picked":"SKIP","floor":27},{"not_picked":["Distraction","Sucker Punch"],"picked":"Prepared+1","floor":28},{"not_picked":["Well Laid Plans","Sucker Punch"],"picked":"Tactician+1","floor":30},{"not_picked":["Well Laid Plans","Backstab","Endless Agony"],"picked":"SKIP","floor":31},{"not_picked":["Venomology","A Thousand Cuts"],"picked":"Corpse Explosion","floor":33},{"not_picked":["Cloak And Dagger","Dagger Spray"],"picked":"Prepared+1","floor":35},{"not_picked":["Poisoned Stab","Backflip"],"picked":"Prepared+1","floor":37},{"not_picked":["Underhanded Strike","Dash","Dodge and Roll"],"picked":"SKIP","floor":39},{"not_picked":["Bane","Dodge and Roll","Outmaneuver"],"picked":"SKIP","floor":40},{"not_picked":["Slice+1","Outmaneuver","Backstab"],"picked":"SKIP","floor":41},{"not_picked":["All Out Attack+1","Flying Knee+1"],"picked":"Caltrops","floor":42},{"not_picked":["Deflect","Setup"],"picked":"Escape Plan","floor":44},{"not_picked":["Grand Finale","Masterful Stab"],"picked":"Leg Sweep","floor":45},{"not_picked":["Dagger Spray+1","Quick Slash"],"picked":"Reflex+1","floor":46},{"not_picked":["Poisoned Stab","Backflip","Outmaneuver"],"picked":"SKIP","floor":47},{"not_picked":["Mayhem","Panacea"],"picked":"Secret Technique","floor":48},{"not_picked":["Deflect+1","Tactician+1"],"picked":"Eviscerate+1","floor":55}],"player_experience":2956762,"relics_obtained":[{"floor":6.0,"key":"Vajra"},{"floor":8.0,"key":"Akabeko"},{"floor":9.0,"key":"Kunai"},{"floor":10.0,"key":"Bag of Preparation"},{"floor":13.0,"key":"Odd Mushroom"},{"floor":23,"key":"Thread and Needle"},{"floor":26,"key":"Gremlin Horn"},{"floor":28,"key":"Strawberry"},{"floor":30,"key":"The Specimen"},{"floor":40,"key":"Anchor"},{"floor":42,"key":"Dream Catcher"},{"floor":45,"key":"Bronze Scales"},{"floor":55,"key":"Mercury Hourglass"}],"event_choices":[{"damage_healed":0.0,"max_hp_gain":0.0,"max_hp_loss":0.0,"gold_gain":0.0,"event_name":"Mushrooms","player_choice":"Fought Mushrooms","floor":13.0,"gold_loss":0.0,"damage_taken":0.0},{"damage_healed":0.0,"max_hp_gain":0.0,"max_hp_loss":0.0,"gold_gain":0.0,"event_name":"Shining Light","player_choice":"Ignored","floor":14.0,"gold_loss":0.0,"damage_taken":0.0},{"damage_healed":0.0,"max_hp_gain":0.0,"max_hp_loss":0.0,"gold_gain":0.0,"event_name":"Knowing Skull","player_choice":"POTION ","floor":19.0,"potions_obtained":["ColorlessPotion"],"gold_loss":0.0,"damage_taken":12.0,"cards_obtained":[]},{"damage_healed":0,"gold_gain":0,"player_choice":"Memory 1","damage_taken":0,"max_hp_gain":0,"max_hp_loss":0,"event_name":"SensoryStone","floor":48,"gold_loss":0}],"is_beta":false,"boss_relics":[{"not_picked":["Busted Crown","SlaversCollar"],"picked":"Runic Pyramid"},{"not_picked":["Black Star","WristBlade"],"picked":"HoveringKite"}],"items_purged_floors":[20,36,54],"is_endless":false,"potions_floor_spawned":[1,2,4,5,10,16,22,25,28,30,31,33,35,41,45,47],"ascension_level":20}}