{"host":"s41rn2jhghpwfrvz","time":1614129466,"event":{"mods":["BaseMod","Minty Spire (QoL Compilation)","Quick Restart","Relic Stats","SuperFastMode"],"gold_per_floor":[114,39,59,73,84,118,118,143,143,143,176,101,101,131,131,203,203,220,230,230,230,250,581,581,606,631,657,283,313,313,348,348,427,427,444,460,60,74,85,113,0,26,26,45,76,93,93,127,127,127,127,127,127,49,76,76,76],"floor_reached":56,"language":"ENG","playtime":1563,"items_purged":["Consecrate","Double Energy"],"score":2607,"play_id":"42a6787c-c543-41c4-b365-86037562eabd","local_time":"20210224031746","daily_mods":["SealedDeck","Diverse","Elite Swarm"],"is_ascension_mode":true,"campfire_choices":[{"data":"Body Slam","floor":7.0,"key":"SMITH"},{"data":"Body Slam","floor":13.0,"key":"SMITH"},{"data":"True Grit","floor":15.0,"key":"SMITH"},{"data":"Prostrate","floor":24.0,"key":"SMITH"},{"data":"Skim","floor":30.0,"key":"SMITH"},{"floor":32.0,"key":"RECALL"},{"data":"Blade Dance","floor":47.0,"key":"SMITH"},{"data":"Prostrate","floor":49.0,"key":"SMITH"},{"data":"Grand Finale","floor":53.0,"key":"SMITH"}],"circlet_count":0,"master_deck":["AscendersBane","True Grit+1","Body Slam+1","Prostrate+1","Body Slam+1","Skim+1","Blade Dance+1","Warcry+1","Sunder+1","CrushJoints+1","Prostrate+1","Grand Finale+1","Evolve","Echo Form","Accuracy+1","Feel No Pain"],"relics":["Burning Blood","Anchor","Pantograph","Ornamental Fan","Question Card","Ice Cream","Astrolabe","Bag of Preparation","Old Coin","Juzu Bracelet","CaptainsWheel","Gremlin Horn","Mummified Hand","HornCleat","Coffee Dripper","Turnip","Orichalcum","Red Mask","Ancient Tea Set","Kunai","Red Skull","StoneCalendar","Du-Vu Doll"],"acts_visited":["Exordium","TheCity","TheBeyond","TheEnding"],"potions_floor_usage":[56,56],"damage_taken":[{"damage":13.0,"enemies":"Jaw Worm","floor":1.0,"turns":3.0},{"damage":5.0,"enemies":"2 Louse","floor":3.0,"turns":2.0},{"damage":6.0,"enemies":"Small Slimes","floor":4.0,"turns":2.0},{"damage":9.0,"enemies":"3 Louse","floor":5.0,"turns":2.0},{"damage":42.0,"enemies":"3 Sentries","floor":6.0,"turns":6.0},{"damage":25.0,"enemies":"Gremlin Nob","floor":8.0,"turns":4.0},{"damage":8.0,"enemies":"3 Sentries","floor":11.0,"turns":4.0},{"damage":4.0,"enemies":"Gremlin Nob","floor":14.0,"turns":3.0},{"damage":30.0,"enemies":"The Guardian","floor":16.0,"turns":8.0},{"damage":0.0,"enemies":"2 Thieves","floor":18.0,"turns":2.0},{"damage":0.0,"enemies":"Spheric Guardian","floor":19.0,"turns":3.0},{"damage":0.0,"enemies":"Shelled Parasite and Fungi","floor":22.0,"turns":1.0},{"damage":0.0,"enemies":"Slavers","floor":23.0,"turns":3.0},{"damage":4.0,"enemies":"Book of Stabbing","floor":25.0,"turns":3.0},{"damage":9.0,"enemies":"Slavers","floor":27.0,"turns":5.0},{"damage":0.0,"enemies":"Gremlin Leader","floor":29.0,"turns":2.0},{"damage":0.0,"enemies":"Book of Stabbing","floor":31.0,"turns":2.0},{"damage":0.0,"enemies":"Champ","floor":33.0,"turns":2.0},{"damage":0.0,"enemies":"3 Darklings","floor":35.0,"turns":2.0},{"damage":0.0,"enemies":"Orb Walker","floor":36.0,"turns":1.0},{"damage":0.0,"enemies":"Jaw Worm Horde","floor":38.0,"turns":2.0},{"damage":0.0,"enemies":"Sphere and 2 Shapes","floor":39.0,"turns":2.0},{"damage":0.0,"enemies":"Nemesis","floor":40.0,"turns":3.0},{"damage":0.0,"enemies":"Giant Head","floor":42.0,"turns":3.0},{"damage":0.0,"enemies":"Writhing Mass","floor":44.0,"turns":3.0},{"damage":1.0,"enemies":"Nemesis","floor":45.0,"turns":3.0},{"damage":0.0,"enemies":"4 Shapes","floor":46.0,"turns":1.0},{"damage":0.0,"enemies":"Giant Head","floor":48.0,"turns":3.0},{"damage":24.0,"enemies":"Time Eater","floor":50.0,"turns":5.0},{"damage":2.0,"enemies":"Donu and Deca","floor":51.0,"turns":3.0},{"damage":51.0,"enemies":"Shield and Spear","floor":55.0,"turns":3.0},{"damage":62,"enemies":"The Heart","floor":56,"turns":2}],"seed_played":"6255129370377769567","potions_obtained":[{"floor":3.0,"key":"Swift Potion"},{"floor":4.0,"key":"Regen Potion"},{"floor":11.0,"key":"LiquidBronze"},{"floor":16.0,"key":"Ancient Potion"},{"floor":29.0,"key":"SpeedPotion"}],"is_trial":true,"path_per_floor":["M","?","M","M","M","E","R","E","T","?","E","$","R","E","R","B",null,"M","M","?","?","M","E","R","E","T","E","$","E","R","E","R","B",null,"M","M","$","M","M","E","?","E","T","M","E","M","R","E","R","B","B",null,"R","$","E","B"],"character_chosen":"IRONCLAD","items_purchased":["Gremlin Horn","Turnip","Evolve","Feel No Pain"],"campfire_rested":0,"item_purchase_floors":[28,37,37,54],"current_hp_per_floor":[61,61,62,62,59,37,37,18,18,23,21,21,21,23,23,24,66,72,78,78,78,80,80,80,80,80,77,77,80,80,80,80,80,80,80,80,80,80,80,80,80,80,80,80,80,80,80,80,80,62,80,80,80,80,35,0,0],"gold":76,"neow_bonus":"","is_daily":false,"chose_seed":false,"campfire_upgraded":8,"win_rate":0.0,"timestamp":1614129466,"path_taken":["M","?","M","M","M","E","R","E","T","?","E","?","R","E","R","BOSS","M","M","?","?","?","E","R","E","T","E","$","E","R","E","R","BOSS","M","M","$","M","M","E","?","E","T","M","E","M","R","E","R","BOSS","BOSS","R","$","E","BOSS"],"items_purchased_type":["Relic","Relic","Card","Card"],"build_version":"2020-12-22","purchased_purges":2,"victory":false,"max_hp_per_floor":[75,75,75,75,75,75,75,75,75,80,80,80,80,80,80,80,80,80,80,80,80,80,80,80,80,80,80,80,80,80,80,80,80,80,80,80,80,80,80,80,80,80,80,80,80,80,80,80,80,80,80,80,80,80,80,80,80],"relic_stats":{"Gremlin Horn":[12,12],"counters":[32,93],"Astrolabe":["Warcry","Sunder","CrushJoints"],"StoneCalendar":[0],"Bag of Preparation":[42],"Juzu Bracelet":0,"Orichalcum":[0],"Question Card":22,"Burning Blood":96,"Ornamental Fan":[268],"Mummified Hand":[29],"Pantograph":68,"Turnip":[4],"Kunai":[15],"obtain_stats":[{"Ice Cream":14,"Gremlin Horn":28,"Astrolabe":17,"StoneCalendar":48,"Bag of Preparation":20,"Juzu Bracelet":25,"Orichalcum":40,"Question Card":11,"Ancient Tea Set":42,"Burning Blood":0,"Old Coin":23,"Du-Vu Doll":55,"Anchor":6,"CaptainsWheel":27,"HornCleat":31,"Ornamental Fan":9,"Mummified Hand":29,"Pantograph":8,"Turnip":37,"Coffee Dripper":34,"Red Mask":41,"Kunai":43,"Red Skull":45},{"Ice Cream":8,"Gremlin Horn":15,"Astrolabe":9,"StoneCalendar":28,"Bag of Preparation":11,"Juzu Bracelet":14,"Orichalcum":23,"Question Card":7,"Ancient Tea Set":24,"Burning Blood":0,"Old Coin":13,"Du-Vu Doll":31,"Anchor":5,"CaptainsWheel":15,"HornCleat":17,"Ornamental Fan":6,"Mummified Hand":16,"Pantograph":6,"Turnip":20,"Coffee Dripper":18,"Red Mask":23,"Kunai":24,"Red Skull":26},{"Ice Cream":26,"Gremlin Horn":51,"Astrolabe":34,"StoneCalendar":80,"Bag of Preparation":39,"Juzu Bracelet":46,"Orichalcum":67,"Question Card":23,"Ancient Tea Set":70,"Burning Blood":0,"Old Coin":43,"Du-Vu Doll":91,"Anchor":15,"CaptainsWheel":51,"HornCleat":55,"Ornamental Fan":19,"Mummified Hand":53,"Pantograph":19,"Turnip":60,"Coffee Dripper":57,"Red Mask":67,"Kunai":70,"Red Skull":76}]},"card_choices":[{"not_picked":["Tactician","Twin Strike","WheelKick"],"picked":"SKIP","floor":1.0},{"not_picked":["Wild Strike","Wallop"],"picked":"Skim","floor":3.0},{"not_picked":["Escape Plan","Force Field"],"picked":"Blade Dance","floor":4.0},{"not_picked":["Turbo","Capacitor","Battle Trance"],"picked":"SKIP","floor":5.0},{"not_picked":["Creative AI","Fission","Wish"],"picked":"SKIP","floor":6.0},{"not_picked":["Double Tap","Brutality","Omniscience"],"picked":"SKIP","floor":8.0},{"not_picked":["ConjureBlade","SpiritShield","A Thousand Cuts"],"picked":"SKIP","floor":11.0},{"not_picked":["SpiritShield","Demon Form","DevaForm","Immolate"],"picked":"SKIP","floor":14.0},{"not_picked":["Acrobatics","Dash","CutThroughFate","Hologram"],"picked":"SKIP","floor":18.0},{"not_picked":["Headbutt+1","Poisoned Stab","Sever Soul"],"picked":"Prostrate","floor":19.0},{"not_picked":["Entrench","Beam Cell","Static Discharge","Storm"],"picked":"SKIP","floor":22.0},{"not_picked":["Reaper","Core Surge","Glass Knife","Tools of the Trade"],"picked":"SKIP","floor":23.0},{"not_picked":["Fiend Fire","LessonLearned","Phantasmal Killer"],"picked":"Grand Finale","floor":25.0},{"not_picked":["Juggernaut","Double Tap","Envenom","Doppelganger"],"picked":"SKIP","floor":27.0},{"not_picked":["Demon Form","Thunder Strike","After Image","Machine Learning"],"picked":"SKIP","floor":29.0},{"not_picked":["Fiend Fire","Omniscience","All For One","Hyperbeam"],"picked":"SKIP","floor":31.0},{"not_picked":["Outmaneuver","EmptyBody","Caltrops","Quick Slash"],"picked":"SKIP","floor":35.0},{"not_picked":["FlyingSleeves","Steam","ThirdEye","Consume"],"picked":"SKIP","floor":36.0},{"not_picked":["Compile Driver+1","Ball Lightning+1","Tantrum","SashWhip"],"picked":"SKIP","floor":38.0},{"not_picked":["Predator","BowlingBash","MasterReality","Deadly Poison"],"picked":"SKIP","floor":39.0},{"not_picked":["Tools of the Trade","Buffer","Corpse Explosion","Devotion"],"picked":"SKIP","floor":40.0},{"not_picked":["Corruption","DeusExMachina","Vault","Alpha"],"picked":"SKIP","floor":42.0},{"not_picked":["Deadly Poison","Gash+1","Steam","Poisoned Stab"],"picked":"SKIP","floor":44.0},{"not_picked":["Biased Cognition","Fission","Amplify"],"picked":"Echo Form","floor":45.0},{"not_picked":["Evaluate","Backflip","Blur+1"],"picked":"Accuracy+1","floor":46.0},{"not_picked":["Storm of Steel","Meteor Strike","Reaper","Multi-Cast"],"picked":"SKIP","floor":48.0},{"not_picked":["Grand Finale","Ragnarok","Machine Learning","Rainbow"],"picked":"SKIP","floor":55.0}],"player_experience":2000188,"relics_obtained":[{"floor":6.0,"key":"Anchor"},{"floor":8.0,"key":"Pantograph"},{"floor":9.0,"key":"Ornamental Fan"},{"floor":11.0,"key":"Question Card"},{"floor":14.0,"key":"Ice Cream"},{"floor":23.0,"key":"Old Coin"},{"floor":25.0,"key":"Juzu Bracelet"},{"floor":27.0,"key":"CaptainsWheel"},{"floor":29.0,"key":"Mummified Hand"},{"floor":31.0,"key":"HornCleat"},{"floor":40.0,"key":"Orichalcum"},{"floor":42.0,"key":"Ancient Tea Set"},{"floor":43.0,"key":"Kunai"},{"floor":45.0,"key":"Red Skull"},{"floor":48.0,"key":"StoneCalendar"},{"floor":55.0,"key":"Du-Vu Doll"}],"event_choices":[{"cards_removed":["Warcry"],"damage_healed":0.0,"max_hp_gain":0.0,"max_hp_loss":0.0,"gold_gain":0.0,"event_name":"The Cleric","player_choice":"Card Removal","floor":2.0,"gold_loss":75.0,"damage_taken":0.0},{"damage_healed":0.0,"max_hp_gain":5.0,"max_hp_loss":0.0,"gold_gain":0.0,"event_name":"Big Fish","player_choice":"Donut","floor":10.0,"gold_loss":0.0,"damage_taken":0.0},{"damage_healed":0.0,"max_hp_gain":0.0,"max_hp_loss":0.0,"gold_gain":0.0,"event_name":"The Mausoleum","player_choice":"Opened","floor":20.0,"gold_loss":0.0,"damage_taken":0.0,"relics_obtained":["Bag of Preparation"],"cards_obtained":["Writhe"]},{"cards_removed":["Writhe"],"damage_healed":0.0,"max_hp_gain":0.0,"max_hp_loss":0.0,"gold_gain":0.0,"event_name":"Purifier","player_choice":"Purged","floor":21.0,"gold_loss":0.0,"damage_taken":0.0},{"damage_healed":0.0,"max_hp_gain":0.0,"max_hp_loss":0.0,"gold_gain":0.0,"event_name":"Tomb of Lord Red Mask","player_choice":"Paid","floor":41.0,"gold_loss":113.0,"damage_taken":0.0,"relics_obtained":["Red Mask"]}],"is_beta":false,"boss_relics":[{"not_picked":["Fusion Hammer","Runic Cube"],"picked":"Astrolabe"},{"not_picked":["Tiny House","Calling Bell"],"picked":"Coffee Dripper"}],"items_purged_floors":[12,28],"is_endless":false,"potions_floor_spawned":[3,4,5,11,16,18,25,27,29,31,36,39,40,42,45,48],"killed_by":"The Heart","ascension_level":20}}