{"host":"3c8x8j1h2jyrixpf","time":1614137183,"event":{"mods":["BaseMod","Colored Powertips","Highlight Path","Minty Spire (QoL Compilation)","StSLib"],"gold_per_floor":[119,44,44,58,7,7,7,7,7,49,61,90,102,145,157,243,255,255,255,255,255,255,255],"floor_reached":22,"language":"ENG","playtime":467,"items_purged":["Strike_B"],"score":361,"play_id":"8ad9c57a-cd58-480f-9908-9aa4f7da0a09","local_time":"20210223212623","is_ascension_mode":true,"campfire_choices":[{"data":"Defragment","floor":6,"key":"SMITH"},{"data":"Beam Cell","floor":8,"key":"SMITH"},{"data":"Consume","floor":11,"key":"SMITH"},{"data":"Zap","floor":13,"key":"SMITH"},{"floor":15,"key":"REST"}],"circlet_count":0,"master_deck":["AscendersBane","Strike_B","Strike_B","Strike_B","Defend_B+1","Defend_B","Defend_B+1","Defend_B","Zap+1","Dualcast","Defragment+1","Beam Cell+1","Consume+1","Ball Lightning","Turbo","Core Surge","Cold Snap","Self Repair","Capacitor","Defragment"],"relics":["Cracked Core","NeowsBlessing","Bronze Scales","War Paint","MawBank","Mango","Lantern","Ectoplasm"],"acts_visited":["Exordium","TheCity"],"potions_floor_usage":[],"damage_taken":[{"damage":0,"enemies":"2 Louse","floor":1,"turns":1},{"damage":0,"enemies":"Cultist","floor":4,"turns":1},{"damage":0,"enemies":"Lagavulin","floor":10,"turns":1},{"damage":0,"enemies":"Small Slimes","floor":12,"turns":3},{"damage":36,"enemies":"Gremlin Nob","floor":14,"turns":3},{"damage":16,"enemies":"Slime Boss","floor":16,"turns":7},{"damage":28,"enemies":"Shell Parasite","floor":18,"turns":4},{"damage":15,"enemies":"Spheric Guardian","floor":19,"turns":4},{"damage":11,"enemies":"Snecko","floor":20,"turns":5},{"damage":28,"enemies":"Shelled Parasite and Fungi","floor":21,"turns":5},{"damage":9,"enemies":"Centurion and Healer","floor":22,"turns":1}],"seed_played":"7379381009424632329","potions_obtained":[{"floor":1,"key":"Dexterity Potion"},{"floor":16,"key":"PotionOfCapacity"},{"floor":21,"key":"DuplicationPotion"}],"is_trial":false,"path_per_floor":["M","$","?","M","?","R","$","R","T","E","R","M","R","E","R","B",null,"M","M","M","M","M"],"character_chosen":"DEFECT","items_purchased":[],"campfire_rested":1,"item_purchase_floors":[],"current_hp_per_floor":[68,68,65,65,65,65,65,65,65,79,79,79,79,43,69,53,80,52,37,33,5,0,0],"gold":255,"neow_bonus":"THREE_ENEMY_KILL","is_daily":false,"chose_seed":false,"campfire_upgraded":4,"win_rate":0.0,"timestamp":1614137183,"path_taken":["M","$","?","M","?","R","$","R","T","E","R","?","R","E","R","BOSS","M","M","M","M","M"],"items_purchased_type":[],"build_version":"2020-12-22","purchased_purges":1,"victory":false,"max_hp_per_floor":[75,75,75,75,75,75,75,75,75,89,89,89,89,89,89,89,89,89,89,89,89,89,89],"card_choices":[{"not_picked":["Genetic Algorithm","Lockon"],"picked":"Defragment","floor":1},{"not_picked":["Fusion","Stack"],"picked":"Beam Cell","floor":4},{"not_picked":["Gash","Conserve Battery"],"picked":"Consume","floor":10},{"not_picked":["Hologram","Leap"],"picked":"Ball Lightning","floor":12},{"not_picked":["All For One","Chaos"],"picked":"Turbo","floor":14},{"not_picked":["Thunder Strike","Seek"],"picked":"Core Surge","floor":16},{"not_picked":["Conserve Battery","Leap"],"picked":"Cold Snap","floor":18},{"not_picked":["Stack","Cold Snap"],"picked":"Self Repair","floor":19},{"not_picked":["Gash","Undo"],"picked":"Capacitor","floor":20},{"not_picked":["Go for the Eyes","Force Field"],"picked":"Defragment","floor":21}],"player_experience":305628,"relics_obtained":[{"floor":9,"key":"MawBank"},{"floor":10,"key":"Mango"},{"floor":14,"key":"Lantern"}],"event_choices":[{"damage_healed":0,"gold_gain":0,"player_choice":"Success","damage_taken":3,"relics_obtained":["Bronze Scales"],"max_hp_gain":0,"max_hp_loss":0,"event_name":"Scrap Ooze","floor":3,"gold_loss":0},{"damage_healed":0,"gold_gain":0,"player_choice":"Paid Gold","damage_taken":0,"relics_obtained":["War Paint"],"max_hp_gain":0,"max_hp_loss":0,"event_name":"WeMeetAgain","floor":5,"gold_loss":51}],"is_beta":false,"boss_relics":[{"not_picked":["Runic Dome","Snecko Eye"],"picked":"Ectoplasm"}],"items_purged_floors":[2],"is_endless":false,"potions_floor_spawned":[1,16,20,21],"killed_by":"Centurion and Healer","ascension_level":13}}