{"host":"j5shy70asow5koz5","time":1614156357,"event":{"mods":["2.2 Compatiblity","Act Like it!","Arknights","BaseMod","Colored Map","Marisa£¨Ùöéë¡¡Øª×âÞÞ£©","Minty Spire (QoL Compilation)","Prisma Mod","StSLib","SuperFastMode","Td1madao Mod","The Disciple","The Gatherer","The Servant 0.9.3","Waifu the Spire"],"gold_per_floor":[110,110,125,143,143,143,154,182,182,182,197,44,56,73,73,73,73],"floor_reached":16,"language":"KOR","playtime":547,"items_purged":[],"score":129,"play_id":"85811ffb-5d8b-426d-b74a-ab8d6fcb5466","local_time":"20210224174557","is_ascension_mode":false,"campfire_choices":[{"data":"Barrier","floor":6.0,"key":"SMITH"},{"data":"Collapse","floor":10.0,"key":"SMITH"},{"data":"Enbodiment","floor":15.0,"key":"SMITH"}],"circlet_count":0,"master_deck":["Strike_S","Strike_S","Strike_S","Defend_S","Defend_S","Defend_S","Defend_S","KidneyShot","Exchange","ReturningBlade","Barrier+1","Collapse+1","Comet","Enbodiment+1","Barrier"],"relics":["Uniform","Juzu Bracelet","Kunai","PreservedInsect"],"acts_visited":["Exordium"],"potions_floor_usage":[],"damage_taken":[{"damage":2.0,"enemies":"Small Slimes","floor":1.0,"turns":5.0},{"damage":7.0,"enemies":"Jaw Worm","floor":3.0,"turns":5.0},{"damage":7.0,"enemies":"2 Louse","floor":4.0,"turns":3.0},{"damage":3.0,"enemies":"Exordium Wildlife","floor":7.0,"turns":8.0},{"damage":0.0,"enemies":"Lagavulin","floor":8.0,"turns":11.0},{"damage":2.0,"enemies":"Blue Slaver","floor":11.0,"turns":4.0},{"damage":5.0,"enemies":"Large Slime","floor":13.0,"turns":9.0},{"damage":11.0,"enemies":"Red Slaver","floor":14.0,"turns":7.0},{"damage":0,"enemies":"The Guardian","floor":16,"turns":2}],"seed_played":"5187528254757032139","potions_obtained":[{"floor":4.0,"key":"BlessingOfTheForge"},{"floor":7.0,"key":"DistilledChaos"},{"floor":8.0,"key":"DuplicationPotion"},{"floor":13.0,"key":"LiquidMemories"}],"is_trial":false,"path_per_floor":["M","?","M","M","?","R","M","E","T","R","M","$","M","M","R","B"],"character_chosen":"THE_SERVANT","items_purchased":["PreservedInsect"],"campfire_rested":0,"item_purchase_floors":[12],"current_hp_per_floor":[69,69,62,55,48,48,45,45,45,45,43,43,38,27,27,27,27],"gold":73,"neow_bonus":"TEN_PERCENT_HP_BONUS","is_daily":false,"chose_seed":false,"campfire_upgraded":3,"win_rate":0.0,"timestamp":1614156357,"path_taken":["M","?","M","?","?","R","M","E","T","R","M","?","M","M","R","BOSS"],"items_purchased_type":["Relic"],"build_version":"2020-12-22","purchased_purges":0,"victory":false,"max_hp_per_floor":[71,71,71,71,71,71,71,71,71,71,71,71,71,71,71,71,71],"card_choices":[{"not_picked":["Alleviate","Revamp"],"picked":"ReturningBlade","floor":1.0},{"not_picked":["DualDimension","TimeWarp","Revamp"],"picked":"SKIP","floor":3.0},{"not_picked":["Starlight","Desolation"],"picked":"Barrier","floor":4.0},{"not_picked":["BottledTime","Ricochet"],"picked":"Collapse","floor":7.0},{"not_picked":["Alleviate","Desolation"],"picked":"Comet","floor":8.0},{"not_picked":["DualDimension","ReturningBlade"],"picked":"Enbodiment","floor":11.0},{"not_picked":["Rearm","Unruled","BestPractice"],"picked":"SKIP","floor":13.0},{"not_picked":["SilverBlades","TimeWarp"],"picked":"Barrier","floor":14.0}],"player_experience":120363,"relics_obtained":[{"floor":8.0,"key":"Juzu Bracelet"},{"floor":9.0,"key":"Kunai"}],"event_choices":[{"damage_healed":0.0,"max_hp_gain":0.0,"max_hp_loss":0.0,"gold_gain":0.0,"event_name":"NoteForYourself","player_choice":"Ignored","floor":2.0,"gold_loss":0.0,"damage_taken":0.0},{"cards_removed":["Strike_S"],"damage_healed":0.0,"max_hp_gain":0.0,"max_hp_loss":0.0,"gold_gain":0.0,"event_name":"Golden Wing","player_choice":"Card Removal","floor":5.0,"gold_loss":0.0,"damage_taken":7.0}],"is_beta":false,"boss_relics":[],"items_purged_floors":[],"is_endless":false,"potions_floor_spawned":[4,7,8,13],"killed_by":"The Guardian","ascension_level":0}}