{"host":"z5ogtnuuoxgup8y1","time":1614125633,"event":{"mods":["BaseMod","Better Third Choice","BetterRewards","Hermit","Hubris","Jorbs\u0027s Wanderer Trilogy","Minty Spire (QoL Compilation)","Reliquary","Replay The Spire","Spicy Shops","StSLib","The Cursed","The Disciple","The Hierophant","The Jungle","The Marked","The Runesmith"],"gold_per_floor":[119,119,132,144,155,181,181,181,181,79,95,110,129,129,129,224,224,236,53,53,68,88,118,118,136,159,47,322,51,66,156,156,252,252,264,283,300,311,328,360,360,370,370,8,308,325,325,97,97,97],"floor_reached":51,"language":"ENG","playtime":2158,"items_purged":["Defend_B","Normality","Regret","Decay"],"score":978,"play_id":"34086315-a256-46f3-b134-8277fbc5090c","local_time":"20210224001353","is_ascension_mode":false,"campfire_choices":[{"data":"Loop","floor":7,"key":"SMITH"},{"floor":15,"key":"REST"},{"data":"Consume","floor":24,"key":"SMITH"},{"floor":32,"key":"DIG"},{"data":"Mirror Shield","floor":41,"key":"SMITH"},{"data":"Electrodynamics","floor":47,"key":"SMITH"}],"circlet_count":0,"master_deck":["Strike_B","Strike_B","Defend_B","Defend_B","Coolheaded","Glacier","Loop+1","Ball Lightning","Ball Lightning","ReplayTheSpireMod:Calculation Training","Consume+1","Barrage","Electrodynamics+1","Recycle","Thunder Strike","Creative AI","Mirror Shield+1","Recycle+1","Tempest"],"relics":["Cracked Core","Lizard Tail","Runic Capacitor","Cables","reliquary:SharkskinSheath","Carrot","Replay:Grab Bag","Runic Dome","reliquary:RedCape","Snecko Eye","Emotion Chip","reliquary:IridiumChain","DataDisk","Bronze Scales","reliquary:FeatherDuster","Runic Pyramid","Replay:WaspNest","ClockworkSouvenir","Calipers","reliquary:CitrusReamer"],"acts_visited":["Exordium","TheCity","TheBeyond"],"potions_floor_usage":[6,46],"damage_taken":[{"damage":0,"enemies":"Jaw Worm","floor":1,"turns":5},{"damage":0,"enemies":"Small Slimes","floor":3,"turns":5},{"damage":0,"enemies":"Cultist","floor":4,"turns":4},{"damage":6,"enemies":"2 Fungi Beasts","floor":5,"turns":4},{"damage":14,"enemies":"Gremlin Nob","floor":6,"turns":4},{"damage":0,"enemies":"Gremlin Gang","floor":11,"turns":5},{"damage":0,"enemies":"Blue Slaver","floor":12,"turns":3},{"damage":11,"enemies":"Exordium Thugs","floor":13,"turns":3},{"damage":0,"enemies":"Fading Forest","floor":16,"turns":11},{"damage":5,"enemies":"Chosen","floor":18,"turns":2},{"damage":0,"enemies":"Shell Parasite","floor":21,"turns":3},{"damage":3,"enemies":"Shelled Parasite and Fungi","floor":22,"turns":2},{"damage":2,"enemies":"Book of Stabbing","floor":23,"turns":3},{"damage":3,"enemies":"Centurion and Healer","floor":25,"turns":2},{"damage":10,"enemies":"Snake Plant","floor":30,"turns":2},{"damage":6,"enemies":"Pondfish","floor":33,"turns":4},{"damage":0,"enemies":"Orb Walker","floor":35,"turns":3},{"damage":0,"enemies":"3 Shapes","floor":36,"turns":2},{"damage":0,"enemies":"Sphere and 2 Shapes","floor":37,"turns":2},{"damage":0,"enemies":"Spire Growth","floor":38,"turns":4},{"damage":1,"enemies":"Jaw Worm Horde","floor":39,"turns":2},{"damage":10,"enemies":"R_Hoarder","floor":40,"turns":4},{"damage":0,"enemies":"4 Shapes","floor":42,"turns":1},{"damage":0,"enemies":"Transient","floor":46,"turns":5},{"damage":20,"enemies":"Replay:Hell Engine","floor":50,"turns":11}],"seed_played":"4554581225444453354","potions_obtained":[{"floor":4,"key":"PowerPotion"},{"floor":5,"key":"AttackPotion"},{"floor":6,"key":"Doom Potion"},{"floor":11,"key":"SkillPotion"},{"floor":20,"key":"PotionOfCapacity"},{"floor":46,"key":"ColorlessPotion"}],"is_trial":false,"path_per_floor":["M","?","M","M","M","E","R","?","T","$","M","M","M","?","R","B",null,"M","$","?","M","M","E","R","M","T","$","?","$","M","?","R","B",null,"M","M","M","M","M","E","R","M","T","$","?","M","R","$","R","B",null],"character_chosen":"DEFECT","items_purchased":["Coolheaded","Runic Capacitor","Glacier","Loop","Carrot","Emotion Chip","Recycle","Bronze Scales","ClockworkSouvenir","Calipers","reliquary:CitrusReamer","DuplicationPotion"],"campfire_rested":1,"item_purchase_floors":[0,0,0,0,10,19,27,29,44,44,48,48],"current_hp_per_floor":[40,40,40,40,34,20,20,20,20,20,20,20,9,9,31,41,75,70,70,70,70,67,65,65,62,62,62,62,62,52,34,34,28,75,75,75,75,75,74,64,64,64,64,64,64,64,64,64,64,44],"gold":97,"neow_bonus":"","is_daily":false,"chose_seed":false,"campfire_upgraded":4,"win_rate":0.0,"timestamp":1614125633,"path_taken":["M","?","M","M","M","E","R","?","T","$","?","M","M","?","R","BOSS","M","$","?","M","M","E","R","?","T","$","?","$","?","?","R","BOSS","M","M","M","M","M","E","R","M","T","$","?","?","R","$","R","BOSS"],"items_purchased_type":["Card","Relic","Card","Card","Relic","Relic","Card","Relic","Relic","Relic","Relic","Potion"],"build_version":"2020-12-22","purchased_purges":4,"victory":true,"max_hp_per_floor":[75,75,75,75,75,75,75,75,75,75,75,75,75,75,75,75,75,75,75,75,75,75,75,75,75,75,75,75,75,75,75,75,75,75,75,75,75,75,75,75,75,75,75,75,75,75,75,75,75,75],"card_choices":[{"not_picked":["Streamline","Gash"],"picked":"Ball Lightning","floor":1},{"not_picked":["Coolheaded","Undo","Redo"],"picked":"SKIP","floor":3},{"not_picked":["Compile Driver","Scrape"],"picked":"Ball Lightning","floor":4},{"not_picked":["Blizzard","Time Bomb","Hologram"],"picked":"SKIP","floor":5},{"not_picked":["Hologram","Buffer"],"picked":"ReplayTheSpireMod:Calculation Training","floor":6},{"not_picked":["Stack","Panic Button"],"picked":"Consume","floor":11},{"not_picked":["Leap","BasicCrystalCard","Stack"],"picked":"SKIP","floor":12},{"not_picked":["Beam Cell","Redo"],"picked":"Barrage","floor":13},{"not_picked":["ReplayRNGCard","Machine Learning"],"picked":"Electrodynamics","floor":16},{"not_picked":["Steam","Compile Driver+1","Consume"],"picked":"SKIP","floor":18},{"not_picked":["Steam Power+1","ReplaySort","Beam Cell"],"picked":"SKIP","floor":21},{"not_picked":["Conserve Battery","Sweeping Beam","Streamline+1"],"picked":"SKIP","floor":22},{"not_picked":["Steam","Sweeping Beam","BasicCrystalCard+1"],"picked":"SKIP","floor":23},{"not_picked":["Conserve Battery","Coolheaded","Ball Lightning+1"],"picked":"SKIP","floor":25},{"not_picked":["Darkness","BasicCrystalCard"],"picked":"Thunder Strike","floor":30},{"not_picked":["ReplayTheSpireMod:Omega Cannon","Seek"],"picked":"Creative AI","floor":33},{"not_picked":["Crystallizer+1","Sweeping Beam","BasicCrystalCard"],"picked":"SKIP","floor":35},{"not_picked":["Coolheaded","Leap+1","Go for the Eyes+1"],"picked":"SKIP","floor":36},{"not_picked":["Stack+1","Leap+1","ReplaySort"],"picked":"SKIP","floor":37},{"not_picked":["Streamline+1","Barrage"],"picked":"Mirror Shield","floor":38},{"not_picked":["Blizzard","Rebound+1"],"picked":"Recycle+1","floor":39},{"not_picked":["Capacitor+1","White Noise","Redo+1"],"picked":"SKIP","floor":40},{"not_picked":["Self Repair","Stack","Panic Button"],"picked":"SKIP","floor":42},{"not_picked":["Coolheaded","Leap","ReplayTheSpireMod:Calculation Training+1"],"picked":"SKIP","floor":46}],"player_experience":702340,"relics_obtained":[{"floor":6,"key":"Cables"},{"floor":9,"key":"reliquary:SharkskinSheath"},{"floor":23,"key":"reliquary:IridiumChain"},{"floor":26,"key":"DataDisk"},{"floor":32,"key":"reliquary:FeatherDuster"},{"floor":40,"key":"Replay:WaspNest"}],"event_choices":[{"damage_healed":0,"gold_gain":0,"cards_transformed":["Defend_B"],"player_choice":"Change","damage_taken":0,"max_hp_gain":0,"max_hp_loss":0,"event_name":"Living Wall","floor":8,"gold_loss":0,"cards_obtained":["Fusion"]},{"damage_healed":0,"gold_gain":0,"player_choice":"Ignored","damage_taken":129,"max_hp_gain":0,"max_hp_loss":0,"event_name":"betterThird:BetterSerpent","floor":14,"gold_loss":0},{"damage_healed":0,"gold_gain":0,"player_choice":"Got Potions","damage_taken":0,"max_hp_gain":0,"max_hp_loss":0,"event_name":"Lab","floor":20,"gold_loss":0},{"damage_healed":0,"gold_gain":275,"player_choice":"Desecrate","damage_taken":0,"max_hp_gain":0,"max_hp_loss":0,"event_name":"Golden Shrine","floor":28,"gold_loss":0,"cards_obtained":["Regret"]},{"damage_healed":0,"gold_gain":90,"player_choice":"GOLD CARD ","damage_taken":18,"max_hp_gain":0,"max_hp_loss":0,"event_name":"Knowing Skull","floor":31,"potions_obtained":[],"gold_loss":0,"cards_obtained":["Replay:Parry"]},{"damage_healed":0,"gold_gain":300,"player_choice":"Gold","damage_taken":0,"max_hp_gain":0,"max_hp_loss":0,"event_name":"Wheel of Change","floor":45,"gold_loss":0}],"is_beta":false,"boss_relics":[{"not_picked":["reliquary:WritOfMandamus","reliquary:ThirdArm"],"picked":"Replay:Grab Bag"},{"not_picked":["Abe\u0027s Treasure","ReplayTheSpireMod:Onyx Gauntlets"],"picked":"Runic Dome"},{"not_picked":["hubris:GrandSneckoEye","Velvet Choker"],"picked":"reliquary:RedCape"},{"not_picked":["Kintsugi","Ring of Chaos"],"picked":"Snecko Eye"},{"not_picked":["Coffee Dripper","reliquary:Ember"],"picked":"Runic Pyramid"}],"items_purged_floors":[0,19,29,44],"is_endless":false,"potions_floor_spawned":[4,5,6,11,12,21,22,23,36,37,40,46],"ascension_level":0}}