{"host":"bpr07pynnqpe5ded","time":1614178876,"event":{"mods":["2.2 Compatiblity","Aspiration","BaseMod","Better Note","Better Third Choice","BetterRewards","Downfall","Jorbs\u0027s Wanderer Trilogy","Minty Spire (QoL Compilation)","Replay The Spire","Shop Mod","StSLib","The Marked","??????REMEMod"],"gold_per_floor":[118,68,87,98,111,137,155,155,179,179,179],"floor_reached":10,"language":"ENG","playtime":523,"items_purged":[],"score":70,"play_id":"0bf92fa4-06f9-4d24-b474-eeb15ec52f15","local_time":"20210224150116","is_ascension_mode":false,"campfire_choices":[{"data":"Vault","floor":8,"key":"SMITH"}],"circlet_count":0,"master_deck":["Strike_P","Strike_P","Strike_P","Strike_P","Defend_P","Defend_P","Defend_P","Defend_P","Eruption","Vigilance","Vault+1","Defend_P"],"relics":["PureWater","REME_ComplimentaryCards","Damaru"],"acts_visited":["Exordium"],"potions_floor_usage":[6,6],"damage_taken":[{"damage":0,"enemies":"Small Slimes","floor":1,"turns":3},{"damage":3,"enemies":"2 Louse","floor":3,"turns":3},{"damage":0,"enemies":"Jaw Worm","floor":4,"turns":8},{"damage":2,"enemies":"Looter","floor":5,"turns":3},{"damage":12,"enemies":"3 Sentries","floor":6,"turns":9},{"damage":4,"enemies":"Blue Slaver","floor":7,"turns":6},{"damage":32,"enemies":"Lagavulin","floor":10,"turns":9}],"seed_played":"-2125991687825388220","potions_obtained":[{"floor":3,"key":"SteroidPotion"},{"floor":4,"key":"AttackPotion"}],"is_trial":false,"path_per_floor":["M","?","M","M","M","E","M","R","T","E"],"character_chosen":"WATCHER","items_purchased":[],"campfire_rested":0,"item_purchase_floors":[],"current_hp_per_floor":[72,72,69,69,67,55,51,51,51,19,19],"gold":179,"neow_bonus":"ONE_RANDOM_RARE_CARD","is_daily":false,"chose_seed":false,"campfire_upgraded":1,"win_rate":0.0,"timestamp":1614178876,"path_taken":["M","?","M","M","M","E","M","R","T","E"],"items_purchased_type":[],"build_version":"2020-12-22","purchased_purges":0,"victory":false,"max_hp_per_floor":[72,72,72,72,72,72,72,72,72,72,72],"card_choices":[{"not_picked":["Wireheading","EmptyFist","ThirdEye"],"picked":"SKIP","floor":1},{"not_picked":["CutThroughFate","CarveReality","CrushJoints"],"picked":"SKIP","floor":3},{"not_picked":["CutThroughFate","Adaptation","BowlingBash"],"picked":"SKIP","floor":4},{"not_picked":["Protect","WheelKick","Crescendo"],"picked":"SKIP","floor":5},{"not_picked":["WheelKick","Tantrum","PathToVictory"],"picked":"SKIP","floor":6},{"not_picked":["Replay:Anticipation","Crescendo","EmptyMind"],"picked":"SKIP","floor":7}],"player_experience":1239069,"relics_obtained":[{"floor":6,"key":"Damaru"}],"event_choices":[],"is_beta":false,"boss_relics":[],"items_purged_floors":[],"is_endless":false,"potions_floor_spawned":[3,4],"killed_by":"Lagavulin","ascension_level":0}}