{"host":"c2vfa5qespm6wpw2","time":1614129354,"event":{"mods":["AchievementEnabler","BaseMod","Colored Map","Colored Powertips","Downfall","Googly Eyes","Hermit","Highlight Path","Infinite Spire","Marisa????????","Minty Spire (QoL Compilation)","Replay The Spire","Robot Space Explorer","StSLib","The Bug Knight","The Cursed","The Necromancer","The Servant 0.9.4"],"gold_per_floor":[118,193,193,209,228,239,239,253,253,279,303,303,303,340,340,442,442,467,467,483,510,518,518],"floor_reached":22,"language":"ENG","playtime":1387,"items_purged":[],"score":194,"play_id":"cc54a19e-c82c-4565-b593-c5b6f9c026d4","local_time":"20210223171554","is_ascension_mode":false,"campfire_choices":[{"data":"HollowMod:MothsMistake","floor":7,"key":"SMITH"},{"floor":12,"key":"REST"},{"data":"HollowMod:theNailsmith","floor":12,"key":"SMITH"},{"data":"HollowMod:MothsMistake","floor":15,"key":"SMITH"}],"circlet_count":0,"master_deck":["HollowMod:NailStrikeStart","HollowMod:NailStrikeStart","HollowMod:NailStrikeStart","HollowMod:NailStrikeStart","HollowMod:QuickDashStart+1","HollowMod:QuickDashStart+1","HollowMod:QuickDashStart+1","HollowMod:QuickDashStart+1","HollowMod:FocusHealStart","HollowMod:PogoStrike","HollowMod:DoubleDash","HollowMod:DescendingDark","HollowMod:GoodIntentions","HollowMod:MothsMistake+1","HollowMod:HowlingWraiths","HollowMod:theNailsmith+1","HollowMod:MothsMistake+1","HollowMod:CoiledNail","HollowMod:SoulMaster","HollowMod:MonarchWings+1","HollowMod:DungDefenderAura","HollowMod:SoulShaman","ReplayTheSpireMod:Splinters","HollowMod:MantisMark"],"relics":["HollowMod:VesselMask","Replay:Bottled Eggs","infinitespire:Magic Flask","Odd Mushroom","infinitespire:Midas Blood","Replay:WaspNest","SlaversCollar","Peace Pipe"],"acts_visited":["Exordium","TheCity"],"potions_floor_usage":[16,16,16],"damage_taken":[{"damage":1,"enemies":"Jaw Worm","floor":1,"turns":4},{"damage":2,"enemies":"2 Louse","floor":4,"turns":3},{"damage":0,"enemies":"Cultist","floor":5,"turns":3},{"damage":0,"enemies":"Exordium Wildlife","floor":6,"turns":3},{"damage":29,"enemies":"Exordium Thugs","floor":8,"turns":5},{"damage":7,"enemies":"Lagavulin","floor":10,"turns":9},{"damage":17,"enemies":"The Mushroom Lair","floor":11,"turns":4},{"damage":5,"enemies":"HollowMod:MossKnight","floor":14,"turns":7},{"damage":9,"enemies":"Hexaghost","floor":16,"turns":8},{"damage":39,"enemies":"2 Thieves","floor":18,"turns":5},{"damage":20,"enemies":"Spheric Guardian","floor":20,"turns":7},{"damage":37,"enemies":"Chosen and Byrds","floor":22,"turns":4}],"seed_played":"-3994264948452951282","potions_obtained":[{"floor":1,"key":"sneckomod:MuddlingPotion"},{"floor":4,"key":"BlessingOfTheForge"},{"floor":8,"key":"LiquidBronze"}],"is_trial":false,"path_per_floor":["M","?","?","M","M","M","R","M","T","E","?","R","T","E","R","B",null,"M","?","M","?","M"],"character_chosen":"THE_BUGKNIGHT","items_purchased":[],"campfire_rested":1,"item_purchase_floors":[],"current_hp_per_floor":[81,70,70,74,74,74,74,45,45,44,27,51,51,46,46,43,82,43,43,23,23,0,0],"gold":518,"neow_bonus":"TEN_PERCENT_HP_BONUS","is_daily":false,"chose_seed":false,"campfire_upgraded":3,"win_rate":0.0,"timestamp":1614129354,"path_taken":["M","?","?","M","M","M","R","M","T","E","?","R","?","E","R","BOSS","M","?","M","?","M"],"items_purchased_type":[],"build_version":"2020-12-22","purchased_purges":0,"victory":false,"max_hp_per_floor":[82,82,82,82,82,82,82,82,82,82,82,82,82,82,82,82,82,82,82,82,82,82,82],"card_choices":[{"not_picked":["HollowMod:SiblingsSouls","HollowMod:CornifersMapStart"],"picked":"HollowMod:DoubleDash","floor":1},{"not_picked":["HollowMod:NewGlowingWomb","HollowMod:CoiledNail"],"picked":"HollowMod:DescendingDark","floor":4},{"not_picked":["HollowMod:DreamGate","HollowMod:DescendingDark"],"picked":"HollowMod:GoodIntentions","floor":5},{"not_picked":["HollowMod:DescendingDark","HollowMod:SoulSplash"],"picked":"HollowMod:MothsMistake","floor":6},{"not_picked":["HollowMod:LifebloodCocoon","HollowMod:SharpenedNail"],"picked":"HollowMod:HowlingWraiths","floor":8},{"not_picked":["HollowMod:CornifersMapStart","HollowMod:MonarchWings"],"picked":"HollowMod:theNailsmith","floor":10},{"not_picked":["HollowMod:InfectedCysts","HollowMod:RecoilStrike"],"picked":"HollowMod:MothsMistake","floor":11},{"not_picked":["HollowMod:InfectedCysts","HollowMod:QuirrelsAssistance"],"picked":"HollowMod:CoiledNail","floor":14},{"not_picked":["HollowMod:VoidDash","HollowMod:theNailsmith"],"picked":"HollowMod:SoulMaster","floor":16},{"not_picked":["HollowMod:SiblingsSouls","HollowMod:SoulShaman"],"picked":"HollowMod:MonarchWings+1","floor":18},{"not_picked":["HollowMod:WraithStrike","HollowMod:CornifersMapStart"],"picked":"HollowMod:SoulShaman","floor":20},{"not_picked":["HollowMod:FastStrike","HollowMod:QuirrelsAssistance"],"picked":"HollowMod:MantisMark","floor":21}],"player_experience":109345,"relics_obtained":[{"floor":9,"key":"Replay:Bottled Eggs"},{"floor":10,"key":"infinitespire:Magic Flask"},{"floor":11,"key":"Odd Mushroom"},{"floor":13,"key":"infinitespire:Midas Blood"},{"floor":14,"key":"Replay:WaspNest"},{"floor":21,"key":"Peace Pipe"}],"event_choices":[{"damage_healed":0,"gold_gain":75,"player_choice":"Gather Gold","damage_taken":11,"max_hp_gain":0,"max_hp_loss":0,"event_name":"World of Goop","floor":2,"gold_loss":0},{"damage_healed":0,"gold_gain":0,"player_choice":"Ignored","damage_taken":0,"max_hp_gain":0,"max_hp_loss":0,"event_name":"Golden Wing","floor":3,"gold_loss":0},{"damage_healed":0,"gold_gain":0,"player_choice":"Fought Mushrooms","damage_taken":0,"max_hp_gain":0,"max_hp_loss":0,"event_name":"Mushrooms","floor":11,"gold_loss":0},{"damage_healed":0,"gold_gain":0,"player_choice":"Read","damage_taken":0,"max_hp_gain":0,"max_hp_loss":0,"event_name":"The Library","floor":19,"gold_loss":0,"cards_obtained":["HollowMod:DungDefenderAura"]}],"is_beta":false,"boss_relics":[{"not_picked":["Replay:Drink Me","Kintsugi"],"picked":"SlaversCollar"}],"items_purged_floors":[],"is_endless":false,"potions_floor_spawned":[1,4,8,11],"killed_by":"Chosen and Byrds","ascension_level":0}}