{"host":"sum4dy402bbv9y4o","time":1614204372,"event":{"mods":["Aspiration","BaseMod","Conspire","Highlight Path","Minty Spire (QoL Compilation)","StSLib"],"gold_per_floor":[119,134,134,134,152,152,171,14,61,61,73,73,88,88,88,162,162,176,176,11,31,48,48,76,1,1,34,34,34,62,80,80,80,80],"floor_reached":33,"language":"ENG","playtime":857,"items_purged":[],"score":690,"play_id":"b08b9b23-3ef7-4f29-bfdf-4d384718a5c8","local_time":"20210225010612","is_ascension_mode":true,"campfire_choices":[{"data":"Eruption","floor":6,"key":"SMITH"},{"data":"CrushJoints","floor":10,"key":"SMITH"},{"data":"SashWhip","floor":12,"key":"SMITH"},{"data":"MentalFortress","floor":15,"key":"SMITH"},{"data":"Halt","floor":23,"key":"SMITH"},{"floor":29,"key":"REST"},{"floor":32,"key":"REST"}],"circlet_count":0,"master_deck":["AscendersBane","Defend_P","Defend_P","Defend_P","Eruption+1","Vigilance","SashWhip+1","CrushJoints+1","Vengeance","FearNoEvil","Brilliance","MentalFortress+1","Judgement","LikeWater+1","Brilliance+1","CarveReality+1","FlyingSleeves","Eruption+1","FlurryOfBlows","Halt+1","Tantrum","EmptyBody","CarveReality"],"relics":["PureWater","NeowsBlessing","aspiration:HummingbirdHeart","conspire:DecoderRing","Happy Flower","Astrolabe","DollysMirror","Peace Pipe","conspire:BottledYoYo","aspiration:Lifesprig","Bag of Preparation"],"acts_visited":["Exordium","TheCity"],"potions_floor_usage":[16,33,33],"damage_taken":[{"damage":0,"enemies":"2 Louse","floor":1,"turns":1},{"damage":0,"enemies":"Jaw Worm","floor":2,"turns":1},{"damage":0,"enemies":"Cultist","floor":5,"turns":1},{"damage":0,"enemies":"3 Louse","floor":7,"turns":2},{"damage":0,"enemies":"2 Fungi Beasts","floor":11,"turns":1},{"damage":1,"enemies":"Exordium Thugs","floor":13,"turns":3},{"damage":8,"enemies":"Hexaghost","floor":16,"turns":8},{"damage":5,"enemies":"2 Thieves","floor":18,"turns":2},{"damage":2,"enemies":"3 Byrds","floor":21,"turns":3},{"damage":10,"enemies":"Shelled Parasite and Fungi","floor":22,"turns":3},{"damage":21,"enemies":"Slavers","floor":24,"turns":4},{"damage":0,"enemies":"Gremlin Leader","floor":27,"turns":5},{"damage":0,"enemies":"Colosseum Slavers","floor":28,"turns":2},{"damage":0,"enemies":"Slavers","floor":30,"turns":3},{"damage":0,"enemies":"Centurion and Healer","floor":31,"turns":2},{"damage":125,"enemies":"Champ","floor":33,"turns":8}],"seed_played":"-4198997413450391959","potions_obtained":[{"floor":2,"key":"Dexterity Potion"},{"floor":7,"key":"EssenceOfSteel"},{"floor":24,"key":"Dexterity Potion"}],"is_trial":false,"path_per_floor":["M","M","?","T","M","R","M","$","T","R","M","R","M","?","R","B",null,"M","?","$","M","M","R","E","?","T","E","?","R","E","M","R","B"],"character_chosen":"WATCHER","items_purchased":["Brilliance","DollysMirror"],"campfire_rested":2,"item_purchase_floors":[8,20],"current_hp_per_floor":[61,61,56,56,56,56,56,56,56,56,56,56,55,60,60,52,68,63,63,63,61,51,51,30,30,30,30,30,51,51,51,72,0,0],"gold":80,"neow_bonus":"THREE_ENEMY_KILL","is_daily":false,"chose_seed":false,"campfire_upgraded":5,"win_rate":0.0,"timestamp":1614204372,"path_taken":["M","M","?","?","M","R","M","$","T","R","M","R","M","?","R","BOSS","M","?","$","M","?","R","E","?","T","E","?","R","E","M","R","BOSS"],"items_purchased_type":["Card","Relic"],"build_version":"2020-12-22","purchased_purges":0,"victory":false,"max_hp_per_floor":[68,68,68,68,68,68,68,68,68,68,68,68,68,73,73,73,73,73,73,73,73,73,73,73,73,73,73,73,73,73,73,73,73,73],"card_choices":[{"not_picked":["Protect","Evaluate"],"picked":"SashWhip","floor":1},{"not_picked":["Prostrate","Nirvana"],"picked":"CrushJoints","floor":2},{"not_picked":["ClearTheMind","EmptyFist"],"picked":"Vengeance","floor":5},{"not_picked":["Crescendo","FlyingSleeves"],"picked":"FearNoEvil","floor":7},{"not_picked":["Fasting2","EmptyFist"],"picked":"MentalFortress","floor":11},{"not_picked":["Scrawl","Crescendo","Meditate"],"picked":"SKIP","floor":13},{"not_picked":["Blasphemy","Vault"],"picked":"Judgement","floor":16},{"not_picked":["Crescendo","PathToVictory"],"picked":"FlyingSleeves","floor":18},{"not_picked":["Halt","Worship"],"picked":"FlurryOfBlows","floor":21},{"not_picked":["SashWhip","ForeignInfluence"],"picked":"Halt","floor":22},{"not_picked":["Scrawl","Crescendo"],"picked":"Tantrum","floor":24},{"not_picked":["Worship","Tantrum+1"],"picked":"EmptyBody","floor":27},{"not_picked":["CutThroughFate","ForeignInfluence"],"picked":"CarveReality","floor":30},{"not_picked":["Nirvana","Vengeance","WreathOfFlame"],"picked":"SKIP","floor":31}],"player_experience":3144062,"relics_obtained":[{"floor":4,"key":"conspire:DecoderRing"},{"floor":9,"key":"Happy Flower"},{"floor":24,"key":"Peace Pipe"},{"floor":26,"key":"conspire:BottledYoYo"},{"floor":27,"key":"aspiration:Lifesprig"},{"floor":30,"key":"Bag of Preparation"}],"event_choices":[{"damage_healed":0,"gold_gain":0,"player_choice":"Success","damage_taken":5,"relics_obtained":["aspiration:HummingbirdHeart"],"max_hp_gain":0,"max_hp_loss":0,"event_name":"Scrap Ooze","floor":3,"gold_loss":0},{"damage_healed":0,"gold_gain":0,"player_choice":"Donut","damage_taken":0,"max_hp_gain":5,"max_hp_loss":0,"event_name":"Big Fish","floor":14,"gold_loss":0},{"cards_removed":["Strike_P"],"damage_healed":0,"gold_gain":0,"player_choice":"Purged","damage_taken":0,"max_hp_gain":0,"max_hp_loss":0,"event_name":"Purifier","floor":19,"gold_loss":0},{"cards_removed":["Strike_P"],"damage_healed":0,"gold_gain":0,"player_choice":"Gave Gold","damage_taken":0,"max_hp_gain":0,"max_hp_loss":0,"event_name":"Beggar","floor":25,"gold_loss":75},{"damage_healed":0,"gold_gain":0,"player_choice":"Fight","damage_taken":0,"max_hp_gain":0,"max_hp_loss":0,"event_name":"Colosseum","floor":28,"gold_loss":0},{"damage_healed":0,"gold_gain":0,"player_choice":"Fled From Nobs","damage_taken":0,"max_hp_gain":0,"max_hp_loss":0,"event_name":"Colosseum","floor":28,"gold_loss":0}],"is_beta":false,"boss_relics":[{"not_picked":["conspire:RoyalGoblet","Runic Pyramid"],"picked":"Astrolabe"}],"items_purged_floors":[],"is_endless":false,"potions_floor_spawned":[2,7,13,24,28,30,31],"killed_by":"Champ","ascension_level":20}}