{"host":"7eytxr1oawi6r5nr","time":1614185388,"event":{"mods":["Act Like it!","BaseMod","Better Third Choice","Curses Come First","Dark Map","Hermit","Hubris","Ironclad Rager","Minty Spire (QoL Compilation)","Permanent Neow","Quick Restart","Rare Cards Sparkle","Relic Filter Mod","Reliquary","Replay The Spire","Ruina","StSLib","The Cursed","The Disciple","The Forsaken","The IronCluck","The Runesmith","The Servant 0.9.4","Wide Potions"],"gold_per_floor":[118,134,146,158,158,158,189,189,238,238,258,258,284,59,59,157,157,170,218,238,238,238,263,263,263,293,311,338,358,373,402,402,421,421,421,421],"floor_reached":35,"language":"ENG","playtime":3271,"items_purged":["CommonCold"],"score":363,"play_id":"4660f737-3f03-44fa-8118-416963ccdab1","local_time":"20210224164948","is_ascension_mode":true,"campfire_choices":[{"data":"theForsaken:WrathOfGod","floor":6,"key":"SMITH"},{"data":"theForsaken:Preservation","floor":8,"key":"SMITH"},{"data":"theForsaken:HymnOfRest","floor":10,"key":"SMITH"},{"data":"theForsaken:WrathOfGod+1","floor":15,"key":"SMITH"},{"data":"theForsaken:SacredOath","floor":34,"key":"SMITH"}],"circlet_count":0,"master_deck":["theForsaken:TheForsaken_Strike","theForsaken:TheForsaken_Strike","theForsaken:TheForsaken_Strike","theForsaken:TheForsaken_Strike","theForsaken:TheForsaken_Defend","theForsaken:TheForsaken_Defend","theForsaken:TheForsaken_Defend","theForsaken:TheForsaken_Defend","theForsaken:Smite+1","theForsaken:Penitence","Normality","theForsaken:FuryStrikes","theForsaken:HymnOfRest+1","theForsaken:PanicDive","theForsaken:WrathOfGod+2","theForsaken:Preservation+1","theForsaken:DesperatePlea","theForsaken:SacredOath+1","theForsaken:DefensiveStance+1","theForsaken:DefensiveStance+1","theForsaken:BlessedWeapon","theForsaken:Bolster+1"],"relics":["theForsaken:JudgementScales","hubris:Backtick","theForsaken:Lifeblossom","ReplayTheSpireMod:Ring of Collecting","ReplayTheSpireMod:Ring of Exchange","Pocketwatch","ReplayTheSpireMod:Ring of Challenge","ReplayFunnel","hubris:HerbalPaste","BranchBurnRelic","hubris:TerracottaHorce","Bag of Marbles","Bird Faced Urn","reliquary:PartyBalloon"],"acts_visited":["Exordium","Exordium"],"potions_floor_usage":[30,35],"damage_taken":[{"damage":0,"enemies":"Small Slimes","floor":1,"turns":4},{"damage":1,"enemies":"2 Louse","floor":2,"turns":4},{"damage":2,"enemies":"Jaw Worm","floor":3,"turns":4},{"damage":13,"enemies":"Blue Slaver","floor":4,"turns":6},{"damage":12,"enemies":"Lagavulin","floor":7,"turns":10},{"damage":0,"enemies":"Looter","floor":11,"turns":3},{"damage":14,"enemies":"Gremlin Nob","floor":13,"turns":6},{"damage":15,"enemies":"The Guardian","floor":16,"turns":11},{"damage":3,"enemies":"ruina:3_Bats","floor":18,"turns":8},{"damage":2,"enemies":"ruina:BadWolf","floor":19,"turns":8},{"damage":17,"enemies":"ruina:Nos_and_Bat","floor":20,"turns":8},{"damage":16,"enemies":"ruina:RoadHome","floor":23,"turns":8},{"damage":40,"enemies":"ruina:Mountain","floor":26,"turns":12},{"damage":8,"enemies":"ruina:KnightOfDespair","floor":27,"turns":5},{"damage":0,"enemies":"ruina:QueenOfHate","floor":29,"turns":7},{"damage":1,"enemies":"ruina:3_Scarecrows","floor":30,"turns":11},{"damage":18,"enemies":"ruina:Woodsman","floor":31,"turns":5},{"damage":1,"enemies":"ruina:KingOfGreed","floor":33,"turns":8},{"damage":119,"enemies":"ruina:JesterOfNihil","floor":35,"turns":18}],"seed_played":"5476147470240540423","potions_obtained":[{"floor":1,"key":"EssenceOfSteel"},{"floor":3,"key":"theForsaken:FearPotion"},{"floor":4,"key":"ColorlessPotion"},{"floor":19,"key":"SpeedPotion"},{"floor":26,"key":"SpeedPotion"}],"is_trial":false,"path_per_floor":["M","M","M","M","?","R","E","R","T","R","M","?","E","$","R","B",null,"M","M","M","?","?","E","PTL","PTL","E","M","T","M","M","M","?","M","R","B"],"character_chosen":"THE_FORSAKEN","items_purchased":["hubris:HerbalPaste"],"campfire_rested":0,"item_purchase_floors":[14],"current_hp_per_floor":[65,65,65,52,52,52,54,54,54,54,59,64,62,62,62,70,70,70,70,62,74,50,74,74,74,66,80,80,82,81,82,82,82,82,0,0],"gold":421,"neow_bonus":"CURSED_BOSS_RELIC","is_daily":false,"chose_seed":false,"campfire_upgraded":5,"win_rate":0.0,"timestamp":1614185388,"path_taken":["M","M","M","M","?","R","E","R","T","R","M","?","E","$","R","BOSS","M","M","M","?","?","E","PTL","PTL","E","M","T","M","M","M","?","M","R","BOSS"],"items_purchased_type":["Relic"],"build_version":"2020-12-22","purchased_purges":1,"victory":false,"max_hp_per_floor":[65,65,65,65,65,65,65,65,65,65,65,70,70,70,70,70,70,70,70,70,82,82,82,82,82,82,82,82,82,82,82,82,82,82,82,82],"card_choices":[{"not_picked":["theForsaken:PowerUp","theForsaken:Parry"],"picked":"theForsaken:FuryStrikes","floor":1},{"not_picked":["theForsaken:LightRoll","theForsaken:WardingHymn"],"picked":"theForsaken:HymnOfRest","floor":2},{"not_picked":["theForsaken:AncientWords","theForsaken:CreepingInfection"],"picked":"theForsaken:PanicDive","floor":3},{"not_picked":["theForsaken:FatRoll","theForsaken:CowardsBrand"],"picked":"theForsaken:WrathOfGod","floor":4},{"not_picked":["theForsaken:PowerUp","theForsaken:HymnOfPatience"],"picked":"theForsaken:Preservation","floor":7},{"not_picked":["theForsaken:ShieldBash","theForsaken:InspiringBlow","theForsaken:FatRoll"],"picked":"SKIP","floor":11},{"not_picked":["theForsaken:PowerUp","theForsaken:DarkRift"],"picked":"theForsaken:DesperatePlea","floor":13},{"not_picked":["theForsaken:Temperance","theForsaken:DarkRift"],"picked":"theForsaken:SacredOath","floor":16},{"not_picked":["theForsaken:WrathOfGod","theForsaken:HymnOfRest+1","theForsaken:FatRoll+1"],"picked":"SKIP","floor":18},{"not_picked":["theForsaken:CleansingLight","theForsaken:ScorchingSunlight","theForsaken:BountifulSunlight"],"picked":"SKIP","floor":19},{"not_picked":["theForsaken:MagicWeapon","theForsaken:DarkBarrier"],"picked":"theForsaken:DefensiveStance","floor":20},{"not_picked":["theForsaken:FatRoll","theForsaken:HymnOfPatience","theForsaken:PanicDive+1"],"picked":"SKIP","floor":23},{"not_picked":["theForsaken:Parry+1","theForsaken:FuryStrikes","theForsaken:FatRoll"],"picked":"SKIP","floor":26},{"not_picked":["theForsaken:FountainOfLife","theForsaken:QuickAttack","theForsaken:Parry"],"picked":"SKIP","floor":27},{"not_picked":["theForsaken:HorrifyingStrike","theForsaken:Eulogy","theForsaken:Enfeeble"],"picked":"SKIP","floor":29},{"not_picked":["theForsaken:BlightOfFamine+1","theForsaken:Enfeeble"],"picked":"theForsaken:BlessedWeapon","floor":30},{"not_picked":["theForsaken:ScorchingSunlight+1","theForsaken:ShieldCharge"],"picked":"theForsaken:Bolster+1","floor":31},{"not_picked":["theForsaken:NobleSacrifice+1","theForsaken:CowardsBrand","theForsaken:Bolster"],"picked":"SKIP","floor":33}],"player_experience":212513,"relics_obtained":[{"floor":5,"key":"ReplayTheSpireMod:Ring of Collecting"},{"floor":5,"key":"ReplayTheSpireMod:Ring of Exchange"},{"floor":7,"key":"Pocketwatch"},{"floor":9,"key":"ReplayTheSpireMod:Ring of Challenge"},{"floor":9,"key":"ReplayFunnel"},{"floor":13,"key":"Dead Branch"},{"floor":23,"key":"Bag of Marbles"},{"floor":26,"key":"Bird Faced Urn"},{"floor":28,"key":"reliquary:PartyBalloon"}],"event_choices":[{"damage_healed":0,"gold_gain":0,"player_choice":"Donut","damage_taken":0,"max_hp_gain":5,"max_hp_loss":0,"event_name":"Big Fish","floor":12,"gold_loss":0}],"is_beta":false,"boss_relics":[{"not_picked":["Runesmith:UraniumAnvil","TheAbacus"],"picked":"hubris:TerracottaHorce"}],"items_purged_floors":[14],"is_endless":false,"potions_floor_spawned":[1,3,4,7,18,19,23,26,29],"killed_by":"ruina:JesterOfNihil","ascension_level":2}}