{"host":"xsuxkwaivmtd234a","time":1614179561,"event":{"mods":["BaseMod","Bestiary","Colored Map","Minty Spire (QoL Compilation)","Relic Stats","StSLib"],"gold_per_floor":[17,33,43,43,43,78,78,119,197,197,221,254,16,34,34,34,34],"floor_reached":16,"language":"ENG","playtime":623,"items_purged":["Strike_G"],"score":218,"play_id":"325618d7-c950-41cb-8d5f-893ed2035fa0","local_time":"20210224101241","is_ascension_mode":true,"campfire_choices":[{"data":"The Bomb","floor":7,"key":"SMITH"},{"floor":15,"key":"REST"}],"circlet_count":0,"master_deck":["AscendersBane","Strike_G","Strike_G","Strike_G","Strike_G","Defend_G+1","Defend_G+1","Defend_G","Defend_G","Defend_G","Survivor","Neutralize","The Bomb+1","Dagger Spray","Backflip","Blur","Catalyst","Escape Plan","Corpse Explosion","Cloak And Dagger","Well Laid Plans","PiercingWail"],"relics":["Ring of the Snake","Golden Idol","Ice Cream","Vajra","Molten Egg 2","Calipers","Membership Card"],"acts_visited":["Exordium"],"potions_floor_usage":[6,12],"damage_taken":[{"damage":0,"enemies":"Small Slimes","floor":1,"turns":3},{"damage":5,"enemies":"Jaw Worm","floor":2,"turns":7},{"damage":0,"enemies":"2 Louse","floor":3,"turns":2},{"damage":4,"enemies":"3 Sentries","floor":6,"turns":4},{"damage":13,"enemies":"Gremlin Nob","floor":8,"turns":4},{"damage":0,"enemies":"Blue Slaver","floor":11,"turns":3},{"damage":0,"enemies":"Lagavulin","floor":12,"turns":6},{"damage":3,"enemies":"Exordium Thugs","floor":14,"turns":3},{"damage":40,"enemies":"Hexaghost","floor":16,"turns":11}],"seed_played":"6362235695094631393","potions_obtained":[{"floor":2,"key":"Block Potion"},{"floor":8,"key":"SmokeBomb"},{"floor":11,"key":"CultistPotion"}],"is_trial":false,"path_per_floor":["M","M","M","?","?","E","R","E","T","?","M","E","$","M","R","B"],"character_chosen":"THE_SILENT","items_purchased":["Membership Card","Cloak And Dagger","Well Laid Plans"],"campfire_rested":1,"item_purchase_floors":[13,13,13],"current_hp_per_floor":[63,58,58,44,44,40,40,27,27,20,20,20,20,17,38,0,0],"gold":34,"neow_bonus":"RANDOM_COLORLESS_2","is_daily":false,"chose_seed":false,"campfire_upgraded":1,"win_rate":0.0,"timestamp":1614179561,"path_taken":["M","M","M","?","?","E","R","E","T","?","M","E","$","M","R","BOSS"],"items_purchased_type":["Relic","Card","Card"],"build_version":"2020-12-22","purchased_purges":1,"victory":false,"max_hp_per_floor":[70,70,70,70,70,70,70,70,70,70,70,70,70,70,70,70,70],"relic_stats":{"counters":[9,43],"Golden Idol":31,"obtain_stats":[{"Ice Cream":6,"Calipers":12,"Golden Idol":5,"Vajra":8,"Molten Egg 2":9,"Membership Card":13,"Ring of the Snake":0},{"Ice Cream":4,"Calipers":7,"Golden Idol":3,"Vajra":5,"Molten Egg 2":5,"Membership Card":7,"Ring of the Snake":0},{"Ice Cream":16,"Calipers":29,"Golden Idol":12,"Vajra":20,"Molten Egg 2":20,"Membership Card":29,"Ring of the Snake":0}],"Ring of the Snake":[18]},"card_choices":[{"not_picked":["Secret Weapon","Transmutation"],"picked":"The Bomb","floor":0},{"not_picked":["Distraction","Slice"],"picked":"Dagger Spray","floor":1},{"not_picked":["All Out Attack","Quick Slash"],"picked":"Backflip","floor":2},{"not_picked":["Calculated Gamble","Deflect"],"picked":"Blur","floor":3},{"not_picked":["Prepared","Poisoned Stab"],"picked":"Catalyst","floor":6},{"not_picked":["Heel Hook","Prepared","Outmaneuver"],"picked":"SKIP","floor":8},{"not_picked":["Slice+1","Blur"],"picked":"Escape Plan","floor":11},{"not_picked":["Sucker Punch+1","Skewer+1"],"picked":"Corpse Explosion","floor":12},{"not_picked":["Prepared","Dodge and Roll"],"picked":"PiercingWail","floor":14}],"player_experience":1365843,"relics_obtained":[{"floor":6,"key":"Ice Cream"},{"floor":8,"key":"Vajra"},{"floor":9,"key":"Molten Egg 2"},{"floor":12,"key":"Calipers"}],"event_choices":[{"damage_healed":0,"gold_gain":0,"player_choice":"Entered Light","damage_taken":14,"max_hp_gain":0,"max_hp_loss":0,"event_name":"Shining Light","floor":4,"gold_loss":0,"cards_upgraded":["Defend_G","Defend_G"]},{"damage_healed":0,"gold_gain":0,"player_choice":"Take Wound","damage_taken":0,"relics_obtained":["Golden Idol"],"max_hp_gain":0,"max_hp_loss":0,"event_name":"Golden Idol","floor":5,"gold_loss":0,"cards_obtained":["Injury"]},{"cards_removed":["Injury"],"damage_healed":0,"gold_gain":0,"player_choice":"Card Removal","damage_taken":7,"max_hp_gain":0,"max_hp_loss":0,"event_name":"Golden Wing","floor":10,"gold_loss":0}],"is_beta":false,"boss_relics":[],"items_purged_floors":[13],"is_endless":false,"potions_floor_spawned":[2,8,11],"killed_by":"Hexaghost","ascension_level":10}}