{"host":"bikm2o78umlg9iwk","time":1614171133,"event":{"mods":["AchievementEnabler","BaseMod","Colored Map","Colored Powertips","Googly Eyes","Highlight Path","Minty Spire (QoL Compilation)","Quick Restart","Rare Cards Sparkle","Relic Stats","StSLib"],"gold_per_floor":[363,180,196,127,142,171,186,212,212,228,247,64,75,86,86,158,158,172,172,189,209,223,256,256,10,64,64,83,114,114,31,31,108,108,119,134,134,150,166,166,41,54,124,124,138,171,188,83,83,83,83,83],"floor_reached":51,"language":"ENG","playtime":4233,"items_purged":["Pain","Strike_G","Strike_G"],"score":1645,"play_id":"4a5cbd85-7b85-490f-b615-3c9ea6f0dff3","local_time":"20210224135213","is_ascension_mode":true,"campfire_choices":[{"data":"Predator","floor":15.0,"key":"SMITH"},{"floor":24.0,"key":"REST"},{"data":"Footwork","floor":32.0,"key":"SMITH"},{"floor":40.0,"key":"REST"},{"floor":44.0,"key":"RECALL"},{"floor":49.0,"key":"REST"}],"circlet_count":0,"master_deck":["AscendersBane","Strike_G","Strike_G","Defend_G","Defend_G","Defend_G","Defend_G","Defend_G","Survivor+1","Neutralize","Terror","Flying Knee","Dagger Spray","Masterful Stab","Backstab","PiercingWail","Predator+1","Backflip+1","Well Laid Plans","Glass Knife","Riddle With Holes+1","Adrenaline","Footwork+1","Backflip","Cloak And Dagger","After Image+1","Deflect+1","Malaise","Leg Sweep","Dodge and Roll","Night Terror","Calculated Gamble","Dramatic Entrance"],"relics":["Ring of the Snake","Matryoshka","FossilizedHelix","Kunai","Paper Crane","Ninja Scroll","SlaversCollar","Vajra","War Paint","Nunchaku","Art of War","MutagenicStrength","Frozen Egg 2","Fusion Hammer","White Beast Statue","Prayer Wheel"],"acts_visited":["TheCity","TheBeyond"],"potions_floor_usage":[51],"damage_taken":[{"damage":3.0,"enemies":"2 Louse","floor":1.0,"turns":5.0},{"damage":0.0,"enemies":"Cultist","floor":3.0,"turns":4.0},{"damage":10.0,"enemies":"Small Slimes","floor":5.0,"turns":4.0},{"damage":8.0,"enemies":"Gremlin Nob","floor":6.0,"turns":3.0},{"damage":0.0,"enemies":"Gremlin Gang","floor":7.0,"turns":4.0},{"damage":10.0,"enemies":"Lagavulin","floor":8.0,"turns":5.0},{"damage":0.0,"enemies":"Lots of Slimes","floor":10.0,"turns":3.0},{"damage":0.0,"enemies":"3 Louse","floor":11.0,"turns":2.0},{"damage":0.0,"enemies":"2 Fungi Beasts","floor":13.0,"turns":3.0},{"damage":0.0,"enemies":"Gremlin Gang","floor":14.0,"turns":3.0},{"damage":17.0,"enemies":"Hexaghost","floor":16.0,"turns":9.0},{"damage":5.0,"enemies":"2 Thieves","floor":18.0,"turns":4.0},{"damage":0.0,"enemies":"Chosen","floor":20.0,"turns":2.0},{"damage":27.0,"enemies":"Snake Plant","floor":21.0,"turns":5.0},{"damage":1.0,"enemies":"Centurion and Healer","floor":22.0,"turns":5.0},{"damage":0.0,"enemies":"Book of Stabbing","floor":23.0,"turns":4.0},{"damage":0.0,"enemies":"3 Cultists","floor":28.0,"turns":2.0},{"damage":0.0,"enemies":"Gremlin Leader","floor":29.0,"turns":4.0},{"damage":0.0,"enemies":"Collector","floor":33.0,"turns":9.0},{"damage":0.0,"enemies":"3 Shapes","floor":35.0,"turns":4.0},{"damage":0.0,"enemies":"3 Darklings","floor":36.0,"turns":5.0},{"damage":0.0,"enemies":"Sphere and 2 Shapes","floor":38.0,"turns":5.0},{"damage":0.0,"enemies":"Jaw Worm Horde","floor":39.0,"turns":3.0},{"damage":0.0,"enemies":"Writhing Mass","floor":42.0,"turns":9.0},{"damage":0.0,"enemies":"Maw","floor":45.0,"turns":8.0},{"damage":0.0,"enemies":"Nemesis","floor":46.0,"turns":5.0},{"damage":0.0,"enemies":"Jaw Worm Horde","floor":47.0,"turns":4.0},{"damage":5.0,"enemies":"Awakened One","floor":50.0,"turns":47.0},{"damage":73,"enemies":"Time Eater","floor":51,"turns":20}],"seed_played":"-3216962446225820641","potions_obtained":[{"floor":3.0,"key":"LiquidBronze"},{"floor":5.0,"key":"Block Potion"},{"floor":6.0,"key":"CunningPotion"},{"floor":10.0,"key":"LiquidMemories"},{"floor":11.0,"key":"CultistPotion"},{"floor":14.0,"key":"PowerPotion"},{"floor":18.0,"key":"Fire Potion"},{"floor":29.0,"key":"ColorlessPotion"},{"floor":33.0,"key":"EntropicBrew"},{"floor":39.0,"key":"Strength Potion"},{"floor":46.0,"key":"PowerPotion"}],"is_trial":false,"path_per_floor":["M","$","M","?","M","E","M","E","T","M","M","$","M","M","R","B",null,"M","?","M","M","M","E","R","$","T","?","M","E","?","$","R","B",null,"M","M","?","M","M","R","$","M","T","R","M","E","M","$","R","B","B"],"character_chosen":"THE_SILENT","items_purchased":["SteroidPotion","Flying Knee","Well Laid Plans","Footwork","War Paint","DuplicationPotion","Dramatic Entrance"],"campfire_rested":3,"item_purchase_floors":[2,2,12,25,25,31,48],"current_hp_per_floor":[56,56,56,56,46,38,38,28,28,28,28,28,28,28,28,11,52,47,47,47,20,19,19,38,38,38,38,38,38,32,32,32,32,58,58,58,58,58,58,66,66,66,66,66,66,66,66,66,66,61,0,0],"gold":83,"neow_bonus":"TWO_FIFTY_GOLD","is_daily":false,"chose_seed":false,"campfire_upgraded":2,"win_rate":0.0,"timestamp":1614171133,"path_taken":["M","$","M","?","M","E","M","E","T","?","M","$","M","M","R","BOSS","M","?","?","M","M","E","R","?","T","?","M","E","?","$","R","BOSS","M","?","?","M","?","R","$","M","T","R","M","E","?","$","R","BOSS","BOSS"],"items_purchased_type":["Potion","Card","Card","Card","Relic","Potion","Card"],"build_version":"2020-12-22","purchased_purges":3,"victory":false,"max_hp_per_floor":[66,66,66,66,66,66,66,66,66,66,66,66,66,66,66,66,66,66,66,66,66,66,66,66,66,66,66,66,66,66,66,66,66,66,66,66,66,66,66,66,66,66,66,66,66,66,66,66,66,66,66,66],"relic_stats":{"Nunchaku":[31],"counters":[29,190],"Prayer Wheel":1,"Art of War":[5],"Kunai":[86],"War Paint":["Backflip","Survivor"],"obtain_stats":[{"Vajra":23,"Paper Crane":9,"War Paint":25,"Frozen Egg 2":29,"White Beast Statue":43,"SlaversCollar":17,"Nunchaku":26,"Matryoshka":4,"Ninja Scroll":9,"MutagenicStrength":27,"Prayer Wheel":46,"Fusion Hammer":34,"Art of War":26,"Kunai":8,"FossilizedHelix":6,"Ring of the Snake":0},{"Vajra":16,"Paper Crane":6,"War Paint":16,"Frozen Egg 2":18,"White Beast Statue":24,"SlaversCollar":11,"Nunchaku":16,"Matryoshka":2,"Ninja Scroll":6,"MutagenicStrength":16,"Prayer Wheel":26,"Fusion Hammer":19,"Art of War":16,"Kunai":6,"FossilizedHelix":4,"Ring of the Snake":0},{"Vajra":65,"Paper Crane":25,"War Paint":65,"Frozen Egg 2":71,"White Beast Statue":106,"SlaversCollar":45,"Nunchaku":65,"Matryoshka":9,"Ninja Scroll":25,"MutagenicStrength":65,"Prayer Wheel":119,"Fusion Hammer":80,"Art of War":65,"Kunai":25,"FossilizedHelix":16,"Ring of the Snake":0}],"Ring of the Snake":[58]},"card_choices":[{"not_picked":["Dodge and Roll","Sucker Punch"],"picked":"Terror","floor":1.0},{"not_picked":["Prepared","Outmaneuver"],"picked":"Dagger Spray","floor":3.0},{"not_picked":["Blur","Outmaneuver"],"picked":"Masterful Stab","floor":5.0},{"not_picked":["Dagger Throw","Dodge and Roll"],"picked":"Backstab","floor":6.0},{"not_picked":["Acrobatics","Slice"],"picked":"PiercingWail","floor":7.0},{"not_picked":["PiercingWail","Dagger Spray"],"picked":"Predator","floor":8.0},{"not_picked":["Blur","Prepared"],"picked":"Backflip","floor":10.0},{"not_picked":["Doppelganger","Dagger Spray","Dagger Throw"],"picked":"SKIP","floor":11.0},{"not_picked":["Flying Knee","Dagger Throw","Setup"],"picked":"SKIP","floor":13.0},{"not_picked":["Underhanded Strike","All Out Attack","Backflip"],"picked":"SKIP","floor":14.0},{"not_picked":["A Thousand Cuts","Storm of Steel"],"picked":"Glass Knife","floor":16.0},{"not_picked":["Sucker Punch","Underhanded Strike+1"],"picked":"Riddle With Holes+1","floor":18.0},{"not_picked":["Slice","Riddle With Holes","Underhanded Strike"],"picked":"SKIP","floor":20.0},{"not_picked":["Acrobatics+1","PiercingWail"],"picked":"Adrenaline","floor":21.0},{"not_picked":["Sucker Punch","Quick Slash","Terror"],"picked":"SKIP","floor":22.0},{"not_picked":["Concentrate","Slice","Dagger Throw+1"],"picked":"SKIP","floor":23.0},{"not_picked":["Expertise","Poisoned Stab"],"picked":"Backflip","floor":28.0},{"not_picked":["Quick Slash","Outmaneuver"],"picked":"Cloak And Dagger","floor":29.0},{"not_picked":["Wraith Form v2+1","Phantasmal Killer"],"picked":"After Image+1","floor":33.0},{"not_picked":["Backstab+1","PiercingWail"],"picked":"Deflect+1","floor":35.0},{"not_picked":["Escape Plan","Underhanded Strike","Endless Agony"],"picked":"SKIP","floor":36.0},{"not_picked":["Prepared","Backflip","Dagger Throw+1"],"picked":"SKIP","floor":38.0},{"not_picked":["Accuracy+1","Backstab"],"picked":"Malaise","floor":39.0},{"not_picked":["Deadly Poison","Backflip"],"picked":"Leg Sweep","floor":42.0},{"not_picked":["Concentrate+1","Predator"],"picked":"Dodge and Roll","floor":45.0},{"not_picked":["Caltrops+1","Infinite Blades+1"],"picked":"Night Terror","floor":46.0},{"not_picked":["Slice","Well Laid Plans+1"],"picked":"Calculated Gamble","floor":47.0},{"not_picked":["Well Laid Plans+1","Sucker Punch+1","Noxious Fumes+1"],"picked":"SKIP","floor":47.0}],"player_experience":1672626,"relics_obtained":[{"floor":6.0,"key":"FossilizedHelix"},{"floor":8.0,"key":"Kunai"},{"floor":9.0,"key":"Paper Crane"},{"floor":9.0,"key":"Ninja Scroll"},{"floor":23.0,"key":"Vajra"},{"floor":26.0,"key":"Nunchaku"},{"floor":26.0,"key":"Art of War"},{"floor":29.0,"key":"Frozen Egg 2"},{"floor":43.0,"key":"White Beast Statue"},{"floor":46.0,"key":"Prayer Wheel"}],"event_choices":[{"damage_healed":0.0,"max_hp_gain":0.0,"max_hp_loss":0.0,"gold_gain":0.0,"event_name":"WeMeetAgain","player_choice":"Paid Gold","floor":4.0,"gold_loss":69.0,"damage_taken":0.0,"relics_obtained":["Matryoshka"]},{"damage_healed":0.0,"max_hp_gain":0.0,"max_hp_loss":0.0,"gold_gain":0.0,"event_name":"Lab","player_choice":"Got Potions","floor":19.0,"gold_loss":0.0,"damage_taken":0.0},{"damage_healed":0.0,"max_hp_gain":0.0,"max_hp_loss":0.0,"gold_gain":0.0,"event_name":"Drug Dealer","player_choice":"Inject Mutagens","floor":27.0,"gold_loss":0.0,"damage_taken":0.0,"relics_obtained":["MutagenicStrength"]},{"damage_healed":0.0,"max_hp_gain":0.0,"max_hp_loss":0.0,"gold_gain":0.0,"event_name":"Knowing Skull","player_choice":"","floor":30.0,"potions_obtained":[],"gold_loss":0.0,"damage_taken":6.0,"cards_obtained":[]},{"cards_removed":["Strike_G"],"damage_healed":0.0,"max_hp_gain":0.0,"max_hp_loss":0.0,"gold_gain":0.0,"event_name":"Purifier","player_choice":"Purged","floor":37.0,"gold_loss":0.0,"damage_taken":0.0}],"is_beta":false,"boss_relics":[{"not_picked":["Runic Dome","Runic Pyramid"],"picked":"SlaversCollar"},{"not_picked":["Calling Bell","Empty Cage"],"picked":"Fusion Hammer"}],"items_purged_floors":[2,12,41],"is_endless":false,"potions_floor_spawned":[3,5,6,10,11,14,18,21,29,33,39,42,45,46,47],"killed_by":"Time Eater","ascension_level":20}}