{"host":"jegehu1t82aiec5j","time":1614169794,"event":{"mods":["BaseMod","Colored Map","Minty Spire (QoL Compilation)","Relic Stats","StSLib","Treasure Hunter"],"gold_per_floor":[115,115,128,128,48,48,71,87,87,130,153,189,189,37,37,130,130,144,144,144,144,137,137,137,137,137,137,150,35,74,74,74],"floor_reached":31,"language":"ENG","playtime":1133,"items_purged":["Strike_R"],"score":457,"play_id":"795e6446-a702-440e-b93e-a6397641ab35","local_time":"20210224072954","is_ascension_mode":true,"campfire_choices":[{"floor":6.0,"key":"REST"},{"floor":13.0,"key":"REST"},{"data":"Metallicize","floor":15.0,"key":"SMITH"},{"data":"Ghostly","floor":23,"key":"SMITH"},{"data":"Flex","floor":25,"key":"SMITH"},{"data":"Ghostly","floor":27,"key":"SMITH"}],"circlet_count":0,"master_deck":["AscendersBane","Strike_R","Strike_R","Strike_R","Strike_R","Defend_R","Defend_R","Defend_R+1","Defend_R+1","Bash","Pommel Strike","Cleave","Blood for Blood","Limit Break","True Grit","TH:DeckOfManyThings","Metallicize+1","Anger","Barricade","Havoc","Ghostly+1","Ghostly+1","Ghostly+1","Flex+1","Metallicize","Pummel","Entrench"],"relics":["Burning Blood","WarpedTongs","Ginger","Golden Idol","Peace Pipe","Paper Frog","Champion Belt","War Paint","OrangePellets","SlaversCollar","Singing Bowl","Ornamental Fan","Du-Vu Doll"],"acts_visited":["Exordium","TheCity"],"potions_floor_usage":[16],"damage_taken":[{"damage":4.0,"enemies":"Small Slimes","floor":1.0,"turns":3.0},{"damage":2.0,"enemies":"Jaw Worm","floor":3.0,"turns":5.0},{"damage":4.0,"enemies":"2 Louse","floor":7.0,"turns":3.0},{"damage":1.0,"enemies":"2 Fungi Beasts","floor":8.0,"turns":3.0},{"damage":35.0,"enemies":"3 Sentries","floor":10.0,"turns":6.0},{"damage":22.0,"enemies":"Gremlin Gang","floor":11.0,"turns":7.0},{"damage":10.0,"enemies":"Lagavulin","floor":12.0,"turns":8.0},{"damage":24,"enemies":"Slime Boss","floor":16,"turns":8},{"damage":30,"enemies":"Chosen","floor":18,"turns":8},{"damage":15,"enemies":"2 Thieves","floor":22,"turns":4},{"damage":8,"enemies":"Centurion and Healer","floor":28,"turns":13},{"damage":27,"enemies":"Gremlin Leader","floor":30,"turns":15},{"damage":15,"enemies":"3 Cultists","floor":31,"turns":4}],"seed_played":"-3552465681331628601","potions_obtained":[{"floor":1.0,"key":"Regen Potion"},{"floor":7.0,"key":"Weak Potion"},{"floor":10.0,"key":"SpeedPotion"},{"floor":11.0,"key":"DuplicationPotion"},{"floor":12.0,"key":"SteroidPotion"},{"floor":22,"key":"SteroidPotion"}],"is_trial":false,"path_per_floor":["M","?","M","?","$","R","M","M","T","E","M","E","R","$","R","B",null,"M","?","?","?","M","R","T","R","T","R","M","$","E","M"],"character_chosen":"IRONCLAD","items_purchased":["Blood for Blood","OrangePellets","Pummel"],"campfire_rested":2,"item_purchase_floors":[5,14,29],"current_hp_per_floor":[68,45,49,31,31,51,53,58,58,44,28,24,44,44,44,26,58,34,34,34,34,25,25,25,25,27,27,29,29,10,0,0],"gold":74,"neow_bonus":"ONE_RARE_RELIC","is_daily":false,"chose_seed":false,"campfire_upgraded":4,"win_rate":0.0,"timestamp":1614169794,"path_taken":["M","?","M","?","?","R","M","M","T","E","M","E","R","$","R","BOSS","M","?","?","?","?","R","?","R","T","R","M","$","E","M"],"items_purchased_type":["Card","Relic","Card"],"build_version":"2020-12-22","purchased_purges":1,"victory":false,"max_hp_per_floor":[68,68,68,68,68,68,68,68,68,68,68,68,68,68,68,68,68,68,34,34,34,34,34,34,34,36,36,40,40,42,42,42],"relic_stats":{"Peace Pipe":0,"OrangePellets":[2],"Singing Bowl":4,"counters":[13,87],"Golden Idol":70,"Ornamental Fan":[8],"Ginger":[16],"Champion Belt":[14],"War Paint":["Defend_R","Defend_R"],"obtain_stats":[{"Singing Bowl":24,"Golden Idol":2,"Ginger":0,"War Paint":12,"Burning Blood":0,"WarpedTongs":0,"Peace Pipe":4,"Du-Vu Doll":30,"OrangePellets":14,"SlaversCollar":17,"Ornamental Fan":26,"Champion Belt":10,"Paper Frog":9},{"Singing Bowl":10,"Golden Idol":1,"Ginger":0,"War Paint":7,"Burning Blood":0,"WarpedTongs":0,"Peace Pipe":2,"Du-Vu Doll":12,"OrangePellets":7,"SlaversCollar":8,"Ornamental Fan":10,"Champion Belt":5,"Paper Frog":4},{"Singing Bowl":55,"Golden Idol":3,"Ginger":0,"War Paint":35,"Burning Blood":0,"WarpedTongs":0,"Peace Pipe":8,"Du-Vu Doll":83,"OrangePellets":35,"SlaversCollar":43,"Ornamental Fan":55,"Champion Belt":20,"Paper Frog":14}],"Burning Blood":70,"WarpedTongs":[86]},"card_choices":[{"not_picked":["Shrug It Off","Flex"],"picked":"Pommel Strike","floor":1.0},{"not_picked":["Armaments","Sword Boomerang"],"picked":"Cleave","floor":3.0},{"not_picked":["Havoc","Wild Strike"],"picked":"Limit Break","floor":7.0},{"not_picked":["Anger","Twin Strike"],"picked":"True Grit","floor":8.0},{"not_picked":["TH:Mimic","TH:BikiniMail"],"picked":"SKIP","floor":9.0},{"not_picked":["TH:PixieDust"],"picked":"TH:DeckOfManyThings","floor":10.0},{"not_picked":["Warcry","Bloodletting"],"picked":"Metallicize","floor":10.0},{"not_picked":["Heavy Blade","Bloodletting"],"picked":"Anger","floor":11.0},{"not_picked":["TH:PixieDust","TH:EnergyPotion"],"picked":"SKIP","floor":12.0},{"not_picked":["Perfected Strike","Cleave","Clash"],"picked":"SKIP","floor":12.0},{"not_picked":["Bludgeon","Double Tap"],"picked":"Barricade","floor":16},{"not_picked":["Clash","Anger"],"picked":"Havoc","floor":18},{"not_picked":["Warcry","Clash"],"picked":"Flex","floor":22},{"not_picked":["TH:DeckOfManyThings","TH:Mimic"],"picked":"SKIP","floor":24},{"not_picked":["TH:ArmorSpikes","TH:BikiniMail"],"picked":"Singing Bowl","floor":26},{"not_picked":["Second Wind","Searing Blow"],"picked":"Metallicize","floor":28},{"not_picked":["TH:ArmorSpikes","TH:PixieDust"],"picked":"Singing Bowl","floor":30},{"not_picked":["Fire Breathing","Rage"],"picked":"Entrench","floor":30}],"player_experience":2642438,"relics_obtained":[{"floor":9.0,"key":"Paper Frog"},{"floor":10.0,"key":"Champion Belt"},{"floor":12.0,"key":"War Paint"},{"floor":24,"key":"Singing Bowl"},{"floor":26,"key":"Ornamental Fan"},{"floor":30,"key":"Du-Vu Doll"}],"event_choices":[{"damage_healed":0.0,"max_hp_gain":0.0,"max_hp_loss":0.0,"gold_gain":0.0,"event_name":"Golden Idol","player_choice":"Take Damage","floor":2.0,"gold_loss":0.0,"damage_taken":23.0,"relics_obtained":["Golden Idol"]},{"damage_healed":0.0,"max_hp_gain":0.0,"max_hp_loss":0.0,"gold_gain":0.0,"event_name":"Scrap Ooze","player_choice":"Success","floor":4.0,"gold_loss":0.0,"damage_taken":18.0,"relics_obtained":["Peace Pipe"]},{"damage_healed":0,"gold_gain":0,"player_choice":"Became a Ghost","damage_taken":0,"max_hp_gain":0,"max_hp_loss":34,"event_name":"Ghosts","floor":19,"gold_loss":0,"cards_obtained":["Ghostly","Ghostly","Ghostly"]},{"damage_healed":0,"gold_gain":0,"player_choice":"Ignored","damage_taken":0,"max_hp_gain":0,"max_hp_loss":0,"event_name":"The Mausoleum","floor":20,"gold_loss":0},{"damage_healed":0,"gold_gain":0,"player_choice":"Upgraded","damage_taken":0,"max_hp_gain":0,"max_hp_loss":0,"event_name":"Upgrade Shrine","floor":21,"gold_loss":0,"cards_upgraded":["Ghostly"]}],"is_beta":false,"boss_relics":[{"not_picked":["Empty Cage","Black Star"],"picked":"SlaversCollar"}],"items_purged_floors":[29],"is_endless":false,"potions_floor_spawned":[1,7,10,11,12,22,28],"killed_by":"3 Cultists","ascension_level":15}}