{"host":"4i5my69dv6e41930","time":1614154131,"event":{"mods":["AchievementEnabler","BaseMod","Minty Spire (QoL Compilation)","Relic Stats"],"gold_per_floor":[115,129,139,156,156,156,156,156,156],"floor_reached":8,"language":"ENG","playtime":440,"items_purged":[],"score":96,"play_id":"a48a13a8-18ae-4ac9-bf6c-344eb86d49d8","local_time":"20210224030851","is_ascension_mode":true,"campfire_choices":[{"data":"Flechettes","floor":6,"key":"SMITH"}],"circlet_count":0,"master_deck":["AscendersBane","Strike_G","Strike_G","Strike_G","Strike_G","Strike_G","Defend_G","Defend_G","Defend_G","Defend_G","Defend_G","Survivor","Neutralize","PiercingWail","Footwork","Flechettes+1"],"relics":["Ring of the Snake"],"acts_visited":["Exordium"],"potions_floor_usage":[4,8],"damage_taken":[{"damage":5.0,"enemies":"Jaw Worm","floor":1.0,"turns":9.0},{"damage":0,"enemies":"2 Louse","floor":2,"turns":5},{"damage":2,"enemies":"Small Slimes","floor":3,"turns":7},{"damage":5,"enemies":"Looter","floor":4,"turns":5},{"damage":48,"enemies":"Lagavulin","floor":8,"turns":11}],"seed_played":"4567717585286593796","potions_obtained":[{"floor":1.0,"key":"Poison Potion"},{"floor":4,"key":"Weak Potion"}],"is_trial":false,"path_per_floor":["M","M","M","M","?","R","?","E"],"character_chosen":"THE_SILENT","items_purchased":[],"campfire_rested":0,"item_purchase_floors":[],"current_hp_per_floor":[60,60,58,53,58,58,58,10,10],"gold":156,"neow_bonus":"TEN_PERCENT_HP_BONUS","is_daily":false,"chose_seed":false,"campfire_upgraded":1,"win_rate":0.0,"timestamp":1614154131,"path_taken":["M","M","M","M","?","R","?","E"],"items_purchased_type":[],"build_version":"2020-12-22","purchased_purges":0,"victory":false,"max_hp_per_floor":[72,72,72,72,77,77,77,77,77],"relic_stats":{"counters":[5,37],"obtain_stats":[{"Ring of the Snake":0},{"Ring of the Snake":0},{"Ring of the Snake":0}],"Ring of the Snake":[10]},"card_choices":[{"not_picked":["Flechettes","Outmaneuver","Acrobatics"],"picked":"SKIP","floor":1.0},{"not_picked":["Bane","Slice"],"picked":"PiercingWail","floor":2},{"not_picked":["Accuracy","Outmaneuver"],"picked":"Footwork","floor":3},{"not_picked":["Sucker Punch","Cloak And Dagger"],"picked":"Flechettes","floor":4}],"player_experience":146870,"relics_obtained":[],"event_choices":[{"damage_healed":0,"gold_gain":0,"player_choice":"Donut","damage_taken":0,"max_hp_gain":5,"max_hp_loss":0,"event_name":"Big Fish","floor":5,"gold_loss":0},{"damage_healed":0,"gold_gain":0,"player_choice":"Searched \u00270\u0027 times","damage_taken":0,"max_hp_gain":0,"max_hp_loss":0,"event_name":"Dead Adventurer","floor":7,"gold_loss":0}],"is_beta":false,"boss_relics":[],"items_purged_floors":[],"is_endless":false,"potions_floor_spawned":[1,4],"killed_by":"Lagavulin","ascension_level":20}}