{"host":"v3hbt5jhbzetcupb","time":1614158634,"event":{"mods":["Act Like it!","BaseMod","Downfall","Hermit","Hubris","Infinite Spire","Mimic Mod","Minty Spire (QoL Compilation)","Quick Restart","Rare Cards Sparkle","Ruina","StSLib","Td1madao Mod","The Bug Knight","The Construct","The Gatherer","The Hierophant","The Jungle","The Mystic"],"gold_per_floor":[109,109,103,66,57,57,74,106,123,141,156,180,180,145,145,129,129],"floor_reached":16,"language":"ENG","playtime":997,"items_purged":[],"score":139,"play_id":"598f5e53-c981-4346-b5c9-5023c7b71842","local_time":"20210224092354","is_ascension_mode":false,"campfire_choices":[{"floor":13,"key":"REST"},{"floor":15,"key":"REST"}],"circlet_count":0,"master_deck":["hierophant:Strike_Hierophant","hierophant:Strike_Hierophant","hierophant:Strike_Hierophant","hierophant:Punish","hierophant:Defend_Hierophant","hierophant:Defend_Hierophant","hierophant:Defend_Hierophant","hierophant:Defend_Hierophant","hierophant:ChurchCoffers","hierophant:PassingBell","hierophant:Zeal","hierophant:Flagellation","hierophant:AuricShield","hierophant:ThreeLashes","hierophant:Encroach","hierophant:RustyCrate","hierophant:Doubloon","hierophant:Doubloon","hierophant:Doubloon","hierophant:Remorse","hierophant:RepressedViolence","hierophant:Doubloon","hierophant:Refuge","hierophant:ArchangelShield"],"relics":["hierophant:PropheticMaskRelic","infinitespire:Beetle Shell","Orichalcum","hubris:ToyBattleship"],"acts_visited":["Exordium"],"potions_floor_usage":[7,7,16,16],"damage_taken":[{"damage":0,"enemies":"2 Louse","floor":1,"turns":1},{"damage":1,"enemies":"Cultist","floor":3,"turns":3},{"damage":12,"enemies":"infinitespire:Voidling","floor":5,"turns":4},{"damage":1,"enemies":"Exordium Wildlife","floor":7,"turns":2},{"damage":5,"enemies":"HollowMod:MossKnight","floor":8,"turns":5},{"damage":14,"enemies":"Large Slime","floor":9,"turns":8},{"damage":9,"enemies":"Large Slime","floor":10,"turns":6},{"damage":4,"enemies":"3 Sentries","floor":11,"turns":3},{"damage":11,"enemies":"Blue Slaver","floor":12,"turns":6},{"damage":5,"enemies":"Looter","floor":14,"turns":3},{"damage":43,"enemies":"The Guardian","floor":16,"turns":10}],"seed_played":"7034586108817882849","potions_obtained":[{"floor":3,"key":"DistilledChaos"},{"floor":5,"key":"Explosive Potion"},{"floor":11,"key":"DistilledChaos"},{"floor":12,"key":"DistilledChaos"}],"is_trial":false,"path_per_floor":["M","?","M","$","M","$","M","E","MIM","M","E","M","R","M","R","B"],"character_chosen":"HIEROPHANT","items_purchased":["hierophant:Flagellation"],"campfire_rested":2,"item_purchase_floors":[4],"current_hp_per_floor":[82,82,81,81,73,73,72,67,53,44,40,29,53,48,72,29,29],"gold":129,"neow_bonus":"TEN_PERCENT_HP_BONUS","is_daily":false,"chose_seed":false,"campfire_upgraded":0,"win_rate":0.0,"timestamp":1614158634,"path_taken":["M","?","M","?","M","$","?","E","MIM","M","E","M","R","M","R","BOSS"],"items_purchased_type":["Card"],"build_version":"2020-12-22","purchased_purges":0,"victory":false,"max_hp_per_floor":[82,82,82,82,82,82,82,82,82,82,82,82,82,82,82,82,82],"card_choices":[{"not_picked":["hierophant:RecallFunds","hierophant:Doubloon"],"picked":"hierophant:PassingBell","floor":1},{"not_picked":["hierophant:Community","hierophant:Doomsaying"],"picked":"hierophant:Zeal","floor":3},{"not_picked":["hierophant:Purify","hierophant:Embezzle"],"picked":"hierophant:AuricShield","floor":5},{"not_picked":["hierophant:PassingBell","hierophant:MorningPrayer"],"picked":"hierophant:ThreeLashes","floor":7},{"not_picked":["hierophant:Dazzle","hierophant:ThreeLashes"],"picked":"hierophant:Encroach","floor":8},{"not_picked":["hierophant:MintersHammer","hierophant:Refuge"],"picked":"hierophant:RustyCrate","floor":9},{"not_picked":["hierophant:DisplayOfPower","hierophant:PassingBell"],"picked":"hierophant:Remorse","floor":10},{"not_picked":["hierophant:RecallFunds","hierophant:BulkyChest"],"picked":"hierophant:RepressedViolence","floor":11},{"not_picked":["hierophant:Purify","hierophant:HolyVerse"],"picked":"hierophant:Refuge","floor":12},{"not_picked":["hierophant:RustyCrate","hierophant:Racketeering"],"picked":"hierophant:ArchangelShield","floor":14}],"player_experience":768,"relics_obtained":[{"floor":8,"key":"infinitespire:Beetle Shell"},{"floor":9,"key":"Orichalcum"},{"floor":11,"key":"hubris:ToyBattleship"}],"event_choices":[{"cards_removed":["hierophant:Strike_Hierophant"],"damage_healed":0,"gold_gain":0,"player_choice":"Offered Basic","damage_taken":0,"max_hp_gain":0,"max_hp_loss":0,"event_name":"Bonfire Elementals","floor":2,"gold_loss":0}],"is_beta":false,"boss_relics":[],"items_purged_floors":[],"is_endless":false,"potions_floor_spawned":[3,5,11,12],"killed_by":"The Guardian","ascension_level":0}}