{"host":"mxox80e574zusnt5","time":1614133388,"event":{"mods":["AchievementEnabler","Act Like it!","BaseMod","Better Match","CapriCore","Challenge The Spire","Dio Mod","Energized Spire","Friendly Minions","Gensokyo","GifTheSpireLib","HexUI Lib","Infinite Spire","Minty Spire (QoL Compilation)","Quick Restart","Replay The Spire","Spire Arcade","StSLib","Wandering Minibosses"],"gold_per_floor":[112,124,124,124,124,158,158,190,190,224,44,55,89,304,304,402,402,414,430,450,450,375,375,375],"floor_reached":23,"language":"ENG","playtime":3199,"items_purged":[],"score":219,"play_id":"03a6c90c-0e84-4d4b-9861-12382d2574f4","local_time":"20210223202308","is_ascension_mode":false,"campfire_choices":[{"data":"dioMod:VengefulMuda","floor":7.0,"key":"SMITH"},{"data":"dioMod:Refresh","floor":15,"key":"SMITH"}],"circlet_count":0,"master_deck":["dioMod:Strike","dioMod:Strike","dioMod:Strike","dioMod:Strike","Bite+1","dioMod:Defend","dioMod:Defend","dioMod:Defend+1","dioMod:Defend","dioMod:TripleThreat","dioMod:VengefulMuda+1","dioMod:SlashThroughTime","Injury","dioMod:BloodTransfusion","dioMod:BloodShield+1","dioMod:PathToHeaven","dioMod:StreetSign","dioMod:Hiss","dioMod:Refresh+1","dioMod:ZaWarudo","dioMod:BloodTransfusion","dioMod:GoldVial","CurseOfTheBell","Pot Of Greed","Pot Of Greed","Pot Of Greed","dioMod:Hiss+1","dioMod:SecretPlan","dioMod:StreetSign+1","Night Terror","dioMod:PhantomBlood+1"],"relics":["dioMod:VampireBlood","infinitespire:EmpoweringShard","Potion Belt","TungstenRod","War Paint","Quantum Egg","Anchor","White Beast Statue","Calling Bell","Grinning Jar","Frozen Egg 2","Counterbalance","Gensokyo:Companionship"],"acts_visited":["Gensokyo:Gensokyo","Gensokyo:Gensokyoer"],"potions_floor_usage":[13,23],"damage_taken":[{"damage":14.0,"enemies":"Gensokyo:Gryphon","floor":1.0,"turns":5.0},{"damage":1.0,"enemies":"Gensokyo:Python","floor":2.0,"turns":4.0},{"damage":4.0,"enemies":"Gensokyo:3_Fairies","floor":3.0,"turns":7.0},{"damage":29.0,"enemies":"Gensokyo:Cirno","floor":6.0,"turns":6.0},{"damage":22.0,"enemies":"Gensokyo:Mamizou","floor":8.0,"turns":8.0},{"damage":44.0,"enemies":"Gensokyo:Cirno","floor":10.0,"turns":9.0},{"damage":13.0,"enemies":"Gensokyo:Gryphon_and_Rabbit","floor":12.0,"turns":18.0},{"damage":49,"enemies":"Gensokyo:Aya","floor":13,"turns":8},{"damage":22,"enemies":"Gensokyo:2_Rabbits","floor":14,"turns":7},{"damage":53,"enemies":"Gensokyo:Kokoro","floor":16,"turns":13},{"damage":11,"enemies":"Gensokyo:2_Gloops","floor":18,"turns":6},{"damage":25,"enemies":"Gensokyo:AngelMirror","floor":19,"turns":6},{"damage":48,"enemies":"Gensokyo:Slime_Group","floor":20,"turns":9},{"damage":106,"enemies":"Gensokyo:Reisen","floor":23,"turns":15}],"seed_played":"-535662422181572500","potions_obtained":[{"floor":2.0,"key":"AttackPotion"},{"floor":6.0,"key":"SneckoOil"},{"floor":8.0,"key":"Dexterity Potion"},{"floor":12.0,"key":"PowerPotion"},{"floor":14,"key":"PowerPotion"},{"floor":16,"key":"Reflective Coating"},{"floor":18,"key":"Swift Potion"},{"floor":19,"key":"ColorlessPotion"}],"is_trial":false,"path_per_floor":["M","M","M","?","?","E","R","E","T","E","COS","M","E","M","R","B",null,"M","M","M","?","?","E"],"character_chosen":"THE_DEFAULT","items_purchased":[],"campfire_rested":0,"item_purchase_floors":[],"current_hp_per_floor":[67,75,75,75,75,75,75,75,75,60,60,75,48,48,48,30,75,75,75,71,65,65,0,0],"gold":375,"neow_bonus":"UPGRADE_CARD","is_daily":false,"chose_seed":false,"campfire_upgraded":2,"win_rate":0.0,"timestamp":1614133388,"path_taken":["M","M","M","?","?","E","R","E","T","E","COS","M","E","M","R","BOSS","M","M","M","?","?","E"],"items_purchased_type":[],"build_version":"2020-12-22","purchased_purges":0,"victory":false,"max_hp_per_floor":[75,75,75,75,75,75,75,75,75,75,75,75,75,75,75,75,75,75,75,75,75,75,75,75],"card_choices":[{"not_picked":["dioMod:HeavyLifting","dioMod:FlyAway"],"picked":"dioMod:TripleThreat","floor":1.0},{"not_picked":["dioMod:WRYYY","dioMod:DaggerSpree"],"picked":"dioMod:VengefulMuda","floor":2.0},{"not_picked":["dioMod:SadisticLaugh","dioMod:BlendIn"],"picked":"dioMod:SlashThroughTime","floor":3.0},{"not_picked":["dioMod:LaserVision","dioMod:Diversion"],"picked":"dioMod:BloodTransfusion","floor":5.0},{"not_picked":["dioMod:BlendIn","dioMod:KonoDioDa"],"picked":"dioMod:BloodShield","floor":5.0},{"not_picked":["dioMod:ComposedMuda","dioMod:BlendIn","dioMod:WRYYY"],"picked":"SKIP","floor":6.0},{"not_picked":["dioMod:ComposedMuda","dioMod:CautiousMuda"],"picked":"dioMod:PathToHeaven","floor":8.0},{"not_picked":["dioMod:BlendIn","dioMod:SecretPlan"],"picked":"dioMod:StreetSign","floor":10.0},{"not_picked":["dioMod:LaserVision","dioMod:ComposedMuda"],"picked":"dioMod:Hiss","floor":12.0},{"not_picked":["dioMod:GoldVial","dioMod:Despair"],"picked":"dioMod:Refresh","floor":13},{"not_picked":["dioMod:StreetSign","dioMod:TripleThreat"],"picked":"dioMod:ZaWarudo","floor":13},{"not_picked":["dioMod:Roundabout","dioMod:CoffinBath"],"picked":"dioMod:BloodTransfusion","floor":14},{"not_picked":["dioMod:UltimateSacrifice","dioMod:Despair"],"picked":"dioMod:GoldVial","floor":16},{"not_picked":["dioMod:DaggerToss+1","dioMod:Regeneration+1"],"picked":"dioMod:Hiss+1","floor":18},{"not_picked":["dioMod:HeavyLifting","dioMod:TripleThreat"],"picked":"dioMod:SecretPlan","floor":19},{"not_picked":["dioMod:Hiss","dioMod:WRYYY"],"picked":"dioMod:StreetSign+1","floor":20},{"not_picked":["dioMod:Despair+1","dioMod:PathToHeaven+1"],"picked":"dioMod:PhantomBlood+1","floor":22}],"player_experience":715118,"relics_obtained":[{"floor":6.0,"key":"Potion Belt"},{"floor":8.0,"key":"TungstenRod"},{"floor":9.0,"key":"War Paint"},{"floor":10.0,"key":"Quantum Egg"},{"floor":13,"key":"White Beast Statue"},{"floor":17,"key":"Grinning Jar"},{"floor":17,"key":"Frozen Egg 2"},{"floor":17,"key":"Counterbalance"}],"event_choices":[{"damage_healed":0,"gold_gain":0,"player_choice":"2","damage_taken":0,"max_hp_gain":0,"max_hp_loss":0,"event_name":"betterMatch:BetterMatch","floor":22,"gold_loss":0,"cards_obtained":["betterMatch:RareCard"]}],"is_beta":false,"boss_relics":[{"not_picked":["dioMod:JoestarBlood","energizedSpire:DeadBattery"],"picked":"Calling Bell"}],"items_purged_floors":[],"is_endless":false,"potions_floor_spawned":[2,6,8,12,14,16,18,19,20],"killed_by":"Gensokyo:Reisen","ascension_level":0}}