{"host":"5dk97cf2ubw2v967","time":1614139543,"event":{"mods":["AlwaysNeverKeys","BaseMod","Better Altar","Better Vampires","Block Reminder","Card Filter","Colored Powertips","Downfall","Googly Eyes","Highlight Path","Minty Spire (QoL Compilation)","Permanent Neow","Potion Indicator Mod","Quick Restart","Relic Filter","Relic Stats","Say the Spire","Spicy Shops","StSLib","Waifu the Spire","everything is the same but u backflip on backflip"],"gold_per_floor":[18,36,48,61,21,50,50,77,77,106,120,130,130,188,188,263,263,273,273,323,683,98,98,123,141,441,441,130,130,146,163,163,234,234,252,277,291,291,301,301,313,344,396,424,424,424,16,28,28,28,28,28,28,28,56,56],"floor_reached":57,"language":"ENG","playtime":3339,"items_purged":["Strike_R","Strike_R","Strike_R"],"score":2825,"play_id":"710d03a4-cfca-40a4-aa13-8a033ff4533f","local_time":"20210224040543","is_ascension_mode":true,"campfire_choices":[{"data":"Apotheosis","floor":7,"key":"SMITH"},{"data":"Feel No Pain","floor":13,"key":"SMITH"},{"floor":15,"key":"REST"},{"floor":23,"key":"REST"},{"data":"Barricade","floor":27,"key":"SMITH"},{"data":"Inflame","floor":29,"key":"SMITH"},{"floor":32,"key":"REST"},{"floor":40,"key":"RECALL"},{"floor":46,"key":"REST"},{"floor":49,"key":"REST"},{"data":"Dark Embrace","floor":53,"key":"SMITH"}],"circlet_count":0,"master_deck":["AscendersBane","Strike_R","Strike_R","Defend_R","Defend_R+1","Defend_R","Defend_R+1","Bash","Apotheosis+1","Shrug It Off","Flex","Feel No Pain+1","Ghostly Armor","Twin Strike","Second Wind","Flame Barrier","Havoc","Pummel","Uppercut","Barricade+1","Dark Embrace+1","Combust","Offering","Infernal Blade","Inflame+1","Flame Barrier","Reckless Charge","Limit Break","Feel No Pain","Flex","Dark Shackles","PanicButton","Madness","Parasite","True Grit+1","Bloodletting","downfall:Icky","Seeing Red+1","Madness","Madness","Evolve","Offering"],"relics":["Burning Blood","War Paint","TungstenRod","Self Forming Clay","HornCleat","Omamori","Cursed Key","Meat on the Bone","Thread and Needle","OrangePellets","Unceasing Top","Old Coin","Runic Pyramid","Incense Burner","Question Card","Bag of Preparation","Mummified Hand","Bag of Marbles"],"acts_visited":["Exordium","TheCity","TheBeyond","TheEnding"],"potions_floor_usage":[4,4,6,8,14,14,24,31,36,37,44,51],"damage_taken":[{"damage":14,"enemies":"Jaw Worm","floor":1,"turns":4},{"damage":0,"enemies":"Small Slimes","floor":2,"turns":4},{"damage":0,"enemies":"2 Louse","floor":3,"turns":2},{"damage":19,"enemies":"Lots of Slimes","floor":4,"turns":6},{"damage":7,"enemies":"Looter","floor":5,"turns":4},{"damage":34,"enemies":"3 Sentries","floor":6,"turns":10},{"damage":28,"enemies":"Gremlin Nob","floor":8,"turns":4},{"damage":4,"enemies":"3 Sentries","floor":10,"turns":10},{"damage":0,"enemies":"Blue Slaver","floor":11,"turns":4},{"damage":0,"enemies":"2 Fungi Beasts","floor":12,"turns":5},{"damage":18,"enemies":"Gremlin Nob","floor":14,"turns":6},{"damage":21,"enemies":"The Guardian","floor":16,"turns":13},{"damage":0,"enemies":"3 Byrds","floor":18,"turns":4},{"damage":45,"enemies":"Gremlin Leader","floor":24,"turns":9},{"damage":0,"enemies":"Chosen","floor":25,"turns":7},{"damage":6,"enemies":"Centurion and Healer","floor":30,"turns":5},{"damage":13,"enemies":"Snake Plant","floor":31,"turns":4},{"damage":5,"enemies":"Collector","floor":33,"turns":7},{"damage":5,"enemies":"3 Darklings","floor":35,"turns":6},{"damage":5,"enemies":"Mind Bloom Boss Battle","floor":36,"turns":6},{"damage":0,"enemies":"Orb Walker","floor":37,"turns":5},{"damage":6,"enemies":"Jaw Worm Horde","floor":39,"turns":6},{"damage":6,"enemies":"Writhing Mass","floor":41,"turns":8},{"damage":6,"enemies":"Giant Head","floor":42,"turns":7},{"damage":17,"enemies":"Nemesis","floor":44,"turns":7},{"damage":7,"enemies":"4 Shapes","floor":48,"turns":5},{"damage":25,"enemies":"Time Eater","floor":50,"turns":8},{"damage":15,"enemies":"Donu and Deca","floor":51,"turns":9},{"damage":17,"enemies":"Shield and Spear","floor":55,"turns":6},{"damage":53,"enemies":"The Heart","floor":56,"turns":11}],"seed_played":"6546716051304029894","potions_obtained":[{"floor":2,"key":"EntropicBrew"},{"floor":4,"key":"Weak Potion"},{"floor":6,"key":"FearPotion"},{"floor":8,"key":"Guardian:BlockOnCardUsePotion"},{"floor":10,"key":"Block Potion"},{"floor":14,"key":"FairyPotion"},{"floor":24,"key":"Explosive Potion"},{"floor":30,"key":"hexamod:SoulburnPotion"},{"floor":35,"key":"sneckomod:MuddlingPotion"},{"floor":36,"key":"BlessingOfTheForge"},{"floor":39,"key":"SpeedPotion"},{"floor":48,"key":"hexamod:SoulburnPotion"},{"floor":55,"key":"EntropicBrew"}],"is_trial":false,"path_per_floor":["M","M","M","M","M","E","R","E","T","E","M","M","R","?","R","B",null,"M","?","?","?","$","R","E","M","T","R","$","R","M","M","R","B",null,"M","?","M","?","M","R","M","E","T","E","?","R","$","M","R","B","B",null,"R","$","E","B",null],"character_chosen":"IRONCLAD","items_purchased":["Thread and Needle","Combust","OrangePellets","Inflame","Mummified Hand"],"campfire_rested":5,"item_purchase_floors":[22,22,22,28,47],"current_hp_per_floor":[60,66,72,59,58,30,30,8,8,10,16,22,22,10,32,17,61,67,67,67,31,31,53,26,44,44,44,44,44,44,49,71,72,74,75,75,75,66,66,66,66,66,66,55,42,64,64,63,75,56,47,68,68,68,57,22],"gold":56,"neow_bonus":"RANDOM_COLORLESS_2","is_daily":false,"chose_seed":false,"campfire_upgraded":5,"win_rate":0.0,"timestamp":1614139543,"path_taken":["M","M","M","M","M","E","R","E","T","E","M","M","R","?","R","BOSS","M","?","?","?","$","R","E","M","T","R","$","R","?","M","R","BOSS","M","?","M","?","M","R","M","E","T","E","?","R","?","?","R","BOSS","BOSS","R","$","E","BOSS"],"items_purchased_type":["Relic","Card","Relic","Card","Relic"],"build_version":"2020-12-22","purchased_purges":3,"victory":true,"max_hp_per_floor":[75,75,75,75,75,75,75,75,75,75,75,75,75,75,75,75,75,75,75,75,75,75,75,75,75,75,75,75,75,75,75,75,75,75,75,75,75,75,75,75,75,75,75,75,75,75,75,75,75,75,75,75,75,75,75,75],"relic_stats":{"counters":[30,192],"Self Forming Clay":[126],"Bag of Preparation":[10],"War Paint":["Defend_R","Defend_R"],"Cursed Key":2,"Question Card":3,"Burning Blood":173,"OrangePellets":[39],"Mummified Hand":[41],"obtain_stats":[{"Self Forming Clay":9,"Thread and Needle":22,"Omamori":14,"Incense Burner":36,"Bag of Preparation":44,"War Paint":6,"Cursed Key":17,"Question Card":42,"Burning Blood":0,"Old Coin":26,"OrangePellets":22,"HornCleat":10,"Mummified Hand":47,"Bag of Marbles":55,"TungstenRod":8,"Unceasing Top":24,"Meat on the Bone":19,"Runic Pyramid":34},{"Self Forming Clay":7,"Thread and Needle":13,"Omamori":11,"Incense Burner":20,"Bag of Preparation":25,"War Paint":6,"Cursed Key":12,"Question Card":24,"Burning Blood":0,"Old Coin":15,"OrangePellets":13,"HornCleat":8,"Mummified Hand":25,"Bag of Marbles":29,"TungstenRod":7,"Unceasing Top":14,"Meat on the Bone":13,"Runic Pyramid":18},{"Self Forming Clay":34,"Thread and Needle":76,"Omamori":59,"Incense Burner":120,"Bag of Preparation":153,"War Paint":30,"Cursed Key":72,"Question Card":146,"Burning Blood":0,"Old Coin":92,"OrangePellets":76,"HornCleat":44,"Mummified Hand":153,"Bag of Marbles":181,"TungstenRod":34,"Unceasing Top":85,"Meat on the Bone":76,"Runic Pyramid":108}],"TungstenRod":102,"Unceasing Top":[2],"Meat on the Bone":48},"card_choices":[{"not_picked":["Chrysalis","The Bomb"],"picked":"Apotheosis","floor":0},{"not_picked":["Rage","Sword Boomerang"],"picked":"Shrug It Off","floor":1},{"not_picked":["Infernal Blade","Power Through"],"picked":"Flex","floor":2},{"not_picked":["Power Through","Wild Strike"],"picked":"Feel No Pain","floor":3},{"not_picked":["Clothesline","Uppercut"],"picked":"Ghostly Armor","floor":4},{"not_picked":["Headbutt","Iron Wave"],"picked":"Twin Strike","floor":5},{"not_picked":["Havoc","Iron Wave"],"picked":"Second Wind","floor":6},{"not_picked":["Reaper","Second Wind"],"picked":"Flame Barrier","floor":8},{"not_picked":["Wild Strike","Body Slam","Anger"],"picked":"SKIP","floor":10},{"not_picked":["Rage","Sever Soul"],"picked":"Havoc","floor":11},{"not_picked":["Anger","Flex"],"picked":"Pummel","floor":12},{"not_picked":["Bloodletting","Iron Wave"],"picked":"Uppercut","floor":14},{"not_picked":["Impervious","Demon Form"],"picked":"Barricade","floor":16},{"not_picked":["Shrug It Off","Rupture"],"picked":"Dark Embrace","floor":18},{"not_picked":["Sword Boomerang+1","Perfected Strike"],"picked":"Offering","floor":24},{"not_picked":["Twin Strike+1","Clothesline"],"picked":"Infernal Blade","floor":25},{"not_picked":["Power Through","Armaments"],"picked":"Flame Barrier","floor":30},{"not_picked":["Dark Embrace","Perfected Strike"],"picked":"Reckless Charge","floor":31},{"not_picked":["Berserk","Barricade"],"picked":"Limit Break","floor":33},{"not_picked":["Power Through","Armaments","Heavy Blade"],"picked":"SKIP","floor":35},{"not_picked":["Havoc","Shrug It Off"],"picked":"Feel No Pain","floor":36},{"not_picked":["Sever Soul","Clothesline+1","Flex"],"picked":"SKIP","floor":37},{"not_picked":["Sever Soul","Clothesline+1"],"picked":"Flex","floor":37},{"not_picked":["Discovery","HandOfGreed"],"picked":"Dark Shackles","floor":38},{"not_picked":["Dramatic Entrance","Impatience"],"picked":"PanicButton","floor":38},{"not_picked":["Deep Breath","Chrysalis"],"picked":"Madness","floor":38},{"not_picked":["Power Through","Body Slam","Second Wind+1"],"picked":"SKIP","floor":39},{"not_picked":["Shrug It Off+1","Cleave"],"picked":"True Grit+1","floor":41},{"not_picked":["Infernal Blade","Spot Weakness"],"picked":"Bloodletting","floor":42},{"not_picked":["Carnage+1","Battle Trance","Iron Wave"],"picked":"Seeing Red+1","floor":44},{"not_picked":["Thunderclap","Body Slam","Wild Strike+1"],"picked":"Evolve","floor":48},{"not_picked":["Metallicize","Headbutt","Bloodletting"],"picked":"Offering","floor":55}],"player_experience":1344281,"relics_obtained":[{"floor":6,"key":"War Paint"},{"floor":8,"key":"TungstenRod"},{"floor":9,"key":"Self Forming Clay"},{"floor":10,"key":"HornCleat"},{"floor":14,"key":"Omamori"},{"floor":24,"key":"Unceasing Top"},{"floor":26,"key":"Old Coin"},{"floor":36,"key":"Incense Burner"},{"floor":42,"key":"Question Card"},{"floor":44,"key":"Bag of Preparation"},{"floor":55,"key":"Bag of Marbles"}],"event_choices":[{"damage_healed":0,"gold_gain":30,"player_choice":"Searched \u00272\u0027 times","damage_taken":0,"max_hp_gain":0,"max_hp_loss":0,"event_name":"Dead Adventurer","floor":14,"gold_loss":0},{"damage_healed":0,"gold_gain":0,"player_choice":"Stole Relic","damage_taken":0,"relics_obtained":["Meat on the Bone"],"max_hp_gain":0,"max_hp_loss":0,"event_name":"Addict","floor":19,"gold_loss":0,"cards_obtained":["Shame"]},{"damage_healed":0,"gold_gain":50,"player_choice":"Stole From Cult","damage_taken":0,"max_hp_gain":0,"max_hp_loss":0,"event_name":"Nest","floor":20,"gold_loss":0},{"damage_healed":0,"gold_gain":360,"player_choice":"GOLD GOLD GOLD POTION GOLD ","damage_taken":42,"max_hp_gain":0,"max_hp_loss":0,"event_name":"Knowing Skull","floor":21,"potions_obtained":["Explosive Potion"],"gold_loss":0,"cards_obtained":[]},{"damage_healed":0,"gold_gain":0,"player_choice":"Fight","damage_taken":0,"max_hp_gain":0,"max_hp_loss":0,"event_name":"MindBloom","floor":36,"gold_loss":0},{"damage_healed":0,"gold_gain":0,"player_choice":"Memory 3","damage_taken":10,"max_hp_gain":0,"max_hp_loss":0,"event_name":"SensoryStone","floor":38,"gold_loss":0},{"damage_healed":0,"gold_gain":0,"player_choice":"Embrace Madness","damage_taken":14,"max_hp_gain":0,"max_hp_loss":0,"event_name":"Winding Halls","floor":45,"gold_loss":0,"cards_obtained":["Madness","Madness"]}],"is_beta":false,"boss_relics":[{"not_picked":["SlaversCollar","Astrolabe"],"picked":"Cursed Key"},{"not_picked":["Calling Bell","Empty Cage"],"picked":"Runic Pyramid"}],"items_purged_floors":[28,28,47],"is_endless":false,"potions_floor_spawned":[2,4,6,8,10,14,24,30,35,36,39,41,48,55],"ascension_level":20}}