{"host":"dl909bjyolgrn2uw","time":1614126373,"event":{"mods":["2.2 Compatiblity","AchievementEnabler","BaseMod","Bestiary","Better Altar","Better Note","Better Sensory Stone","Better Skull","Better Vampires","Better-Laid Plans","Colored Powertips","Curses Come First","Disable Question Mark Monsters","Displayed Cursed Tome","Downfall","Emptier Cage","Minty Spire (QoL Compilation)","Morshu Shopkeeper","Permanent Neow","Quick Restart","Rare Cards Sparkle","Relic Stats","Shop Mod","Spicy Shops","StSLib","SuperFastMode","Transform Curses"],"gold_per_floor":[99,118,129,140,150,1,1,18,18,50,50,64,64,90,103,202,202,202,213,223,240,240,273,273,273,290,319,119,139,149,149,159,256,256,256,266,283,296,60,93,93,53,69,69,86,113,131,131,145,145],"floor_reached":51,"language":"ENG","playtime":5815,"items_purged":[],"score":817,"play_id":"77c74516-3a3d-447f-b696-eb4b13636252","local_time":"20210223182613","is_ascension_mode":false,"campfire_choices":[{"data":"champ:Taunt","floor":1,"key":"SMITH"},{"floor":13,"key":"REST"},{"data":"champ:HoldFirm","floor":18,"key":"SMITH"},{"floor":25,"key":"RECALL"},{"floor":28,"key":"REST"},{"data":"champ:EnGarde","floor":35,"key":"SMITH"}],"circlet_count":0,"master_deck":["champ:Execute+1","champ:Taunt+1","champ:EnGarde+1","champ:FaceSlap+1","champ:StanceDance+1","champ:ArenaPreparation","champ:PreciseThrust+1","champ:RisingSlash+1","champ:RisingSlash","champ:ShieldWall","champ:StanceDance+1","champ:EnragedBash+1","champ:HoldFirm+1","champ:TripleStrike+1","champ:Lariat+1","champ:BerserkersShout+1","champ:ArenaPreparation","champ:SteelEdge+1","champ:BringItOn+1","champ:SetATrap","hexamod:SixthSeal","champ:ShieldSlam+1","champ:MurderStrike+1","champ:ShieldWall+1","champ:EnGarde+1","champ:PreciseThrust+1","champ:FaceSlap+1","champ:VampiricStrike+1","champ:EnGarde+1","champ:FocusedDefense+1","champ:TornadoPunch+1","champ:TornadoPunch+1","champ:RapidStrikes+1","champ:StanceDance+1","champ:Haymaker+1","expansioncontent:AwakenDeath","expansioncontent:PrepareCrush","expansioncontent:InvincibleStrength","champ:HeavySlash+1","champ:Improvising","champ:CalledShot+1","champ:AdrenalArmor+1"],"relics":["champ:ChampionCrown","Boot","The Courier","downfall:ShatteredFragment","Pantograph","Matryoshka","Pandora\u0027s Box","Akabeko","Bag of Preparation","Molten Egg 2","Blood Vial","downfall:HeartBlessingRed","downfall:HeartBlessingGreen","Philosopher\u0027s Stone","Omamori","TheAbacus","Bag of Marbles","Toy Ornithopter","Ginger","Potion Belt","ClockworkSouvenir","Toolbox","Lantern"],"acts_visited":["Exordium","TheCity","TheBeyond"],"potions_floor_usage":[16,16,23,33,50,50],"damage_taken":[{"damage":21,"enemies":"Cultist","floor":2,"turns":3},{"damage":22,"enemies":"2 Louse","floor":3,"turns":3},{"damage":10,"enemies":"Jaw Worm","floor":4,"turns":3},{"damage":10,"enemies":"Red Slaver","floor":5,"turns":6},{"damage":30,"enemies":"downfall:FleeingMerchant","floor":6,"turns":4},{"damage":10,"enemies":"Exordium Thugs","floor":8,"turns":3},{"damage":17,"enemies":"3 Sentries","floor":10,"turns":4},{"damage":18,"enemies":"Exordium Wildlife","floor":12,"turns":3},{"damage":25,"enemies":"Lagavulin","floor":14,"turns":4},{"damage":0,"enemies":"Lots of Slimes","floor":15,"turns":3},{"damage":88,"enemies":"IC_STATUS_ARCHETYPE","floor":16,"turns":4},{"damage":35,"enemies":"Spheric Guardian","floor":19,"turns":3},{"damage":40,"enemies":"Chosen","floor":20,"turns":3},{"damage":43,"enemies":"3 Cultists","floor":21,"turns":5},{"damage":57,"enemies":"Slavers","floor":23,"turns":4},{"damage":50,"enemies":"Shelled Parasite and Fungi","floor":26,"turns":5},{"damage":44,"enemies":"Book of Stabbing","floor":27,"turns":5},{"damage":64,"enemies":"Cultist and Chosen","floor":29,"turns":5},{"damage":30,"enemies":"Snake Plant","floor":30,"turns":3},{"damage":55,"enemies":"3 Cultists","floor":32,"turns":4},{"damage":69,"enemies":"SI_MIRROR_ARCHETYPE","floor":33,"turns":8},{"damage":0,"enemies":"Orb Walker","floor":36,"turns":3},{"damage":0,"enemies":"3 Shapes","floor":37,"turns":6},{"damage":60,"enemies":"3 Darklings","floor":38,"turns":4},{"damage":35,"enemies":"downfall:FleeingMerchant","floor":39,"turns":4},{"damage":40,"enemies":"Reptomancer","floor":40,"turns":2},{"damage":45,"enemies":"downfall:FleeingMerchant","floor":42,"turns":2},{"damage":30,"enemies":"Spire Growth","floor":43,"turns":2},{"damage":40,"enemies":"Jaw Worm Horde","floor":45,"turns":3},{"damage":55,"enemies":"Giant Head","floor":46,"turns":3},{"damage":20,"enemies":"Writhing Mass","floor":47,"turns":5},{"damage":40,"enemies":"Sphere and 2 Shapes","floor":49,"turns":5},{"damage":89,"enemies":"WA_ARCHETYPE_DIVINITY","floor":50,"turns":6}],"seed_played":"3810366232976715235","potions_obtained":[{"floor":4,"key":"champ:CounterPotion"},{"floor":8,"key":"Swift Potion"},{"floor":14,"key":"LiquidBronze"},{"floor":15,"key":"Guardian:BlockOnCardUsePotion"},{"floor":20,"key":"champ:TechniquePotion"},{"floor":21,"key":"BlessingOfTheForge"},{"floor":30,"key":"AttackPotion"},{"floor":31,"key":"ColorlessPotion"},{"floor":33,"key":"Energy Potion"},{"floor":37,"key":"Dexterity Potion"},{"floor":46,"key":"Guardian:BlockOnCardUsePotion"}],"is_trial":false,"path_per_floor":["R","M","M","M","M","$","T","M","?","E","?","M","R","E","M","B",null,"R","M","M","M","?","E","T","R","M","E","R","M","M","?","M","B",null,"R","M","M","M","$","E","T","?","M","?","M","E","M","?","M","B",null],"character_chosen":"THE_CHAMP","items_purchased":["champ:RisingSlash","champ:TornadoPunch+1","champ:RapidStrikes+1","Omamori","TheAbacus","Potion Belt","ClockworkSouvenir","Toolbox","Swift Potion","Energy Potion"],"campfire_rested":2,"item_purchase_floors":[6,39,39,39,39,42,42,42,42,42],"current_hp_per_floor":[90,89,82,82,82,82,82,82,55,53,53,45,72,72,72,47,90,90,90,90,82,82,70,70,70,60,46,73,71,73,73,75,71,90,90,90,90,90,90,80,80,82,84,74,76,78,80,80,82,81],"gold":145,"neow_bonus":"RANDOM_COMMON_RELIC","is_daily":false,"chose_seed":false,"campfire_upgraded":3,"win_rate":0.0,"timestamp":1614126373,"path_taken":["R","M","M","M","?","$","T","M","?","E","?","M","R","E","M","BOSS","R","M","M","M","?","E","T","R","M","E","R","M","M","?","M","BOSS","R","M","M","M","?","E","T","?","M","?","M","E","?","?","M","BOSS"],"items_purchased_type":["Card","Card","Card","Relic","Relic","Relic","Relic","Relic","Potion","Potion"],"build_version":"2020-12-22","purchased_purges":0,"victory":true,"max_hp_per_floor":[90,90,90,90,90,90,90,90,90,90,90,90,90,90,90,90,90,90,90,90,90,90,90,90,90,90,90,90,90,90,90,90,90,90,90,90,90,90,90,90,90,90,90,90,90,90,90,90,90,90],"relic_stats":{"Blood Vial":22,"TheAbacus":[0],"counters":[33,130],"Pantograph":37,"Pandora\u0027s Box":["champ:TripleStrike","champ:Lariat","champ:BerserkersShout","champ:ArenaPreparation","champ:SteelEdge","champ:BringItOn","champ:SetATrap"],"Bag of Preparation":[36],"Ginger":[7],"Boot":[75],"obtain_stats":[{"Potion Belt":42,"Lantern":46,"downfall:ShatteredFragment":9,"downfall:HeartBlessingRed":28,"champ:ChampionCrown":0,"downfall:HeartBlessingGreen":28,"The Courier":7,"Bag of Preparation":24,"Omamori":39,"Ginger":41,"Boot":0,"Akabeko":23,"ClockworkSouvenir":42,"Blood Vial":27,"Matryoshka":14,"TheAbacus":39,"Pantograph":10,"Toolbox":42,"Pandora\u0027s Box":17,"Molten Egg 2":24,"Philosopher\u0027s Stone":34,"Bag of Marbles":40,"Toy Ornithopter":41},{"Potion Belt":27,"Lantern":30,"downfall:ShatteredFragment":6,"downfall:HeartBlessingRed":17,"champ:ChampionCrown":0,"downfall:HeartBlessingGreen":17,"The Courier":5,"Bag of Preparation":15,"Omamori":25,"Ginger":26,"Boot":0,"Akabeko":15,"ClockworkSouvenir":27,"Blood Vial":17,"Matryoshka":9,"TheAbacus":25,"Pantograph":7,"Toolbox":27,"Pandora\u0027s Box":11,"Molten Egg 2":15,"Philosopher\u0027s Stone":21,"Bag of Marbles":26,"Toy Ornithopter":26},{"Potion Belt":106,"Lantern":114,"downfall:ShatteredFragment":22,"downfall:HeartBlessingRed":65,"champ:ChampionCrown":0,"downfall:HeartBlessingGreen":65,"The Courier":19,"Bag of Preparation":55,"Omamori":102,"Ginger":104,"Boot":0,"Akabeko":55,"ClockworkSouvenir":106,"Blood Vial":65,"Matryoshka":33,"TheAbacus":102,"Pantograph":26,"Toolbox":106,"Pandora\u0027s Box":40,"Molten Egg 2":55,"Philosopher\u0027s Stone":85,"Bag of Marbles":104,"Toy Ornithopter":104}],"Toy Ornithopter":5},"card_choices":[{"not_picked":["champ:PerfectedStrike","champ:Haymaker"],"picked":"champ:EnGarde","floor":2},{"not_picked":["champ:BringItOn","champ:AdrenalArmor"],"picked":"champ:FaceSlap","floor":3},{"not_picked":["champ:FlashCut","champ:BladeFlurry"],"picked":"champ:StanceDance","floor":4},{"not_picked":["champ:Encircle","champ:HeavySlash"],"picked":"champ:ArenaPreparation","floor":5},{"not_picked":["champ:FlashCut","champ:Circumvent"],"picked":"champ:PreciseThrust","floor":6},{"not_picked":["champ:Circumvent","champ:DeathBlow"],"picked":"champ:RisingSlash","floor":8},{"not_picked":["champ:DefensiveShout","champ:EnGarde"],"picked":"champ:ShieldWall","floor":10},{"not_picked":["champ:BerserkersShout","champ:Backstep","champ:RisingSlash"],"picked":"SKIP","floor":12},{"not_picked":["champ:Duel","champ:SkillfulDodge"],"picked":"champ:StanceDance","floor":14},{"not_picked":["champ:Encircle","champ:RecklessLeap"],"picked":"champ:EnragedBash","floor":15},{"not_picked":["champ:LastStand","champ:ShieldThrow"],"picked":"champ:HoldFirm","floor":16},{"not_picked":["champ:CrownThrow","champ:DefensiveShout","champ:BladeFlurry+1"],"picked":"SKIP","floor":19},{"not_picked":["champ:FanOfKnives","champ:RisingSlash","champ:Shatter"],"picked":"SKIP","floor":20},{"not_picked":["champ:FlashCut","champ:StanceDance","champ:BladeFlurry"],"picked":"SKIP","floor":21},{"not_picked":["champ:CrookedStrike+1","champ:ArenaPreparation"],"picked":"champ:ShieldSlam","floor":23},{"not_picked":["champ:CrownThrow+1","champ:CalledShot"],"picked":"champ:MurderStrike+1","floor":26},{"not_picked":["champ:PreciseThrust+1","champ:RapidStrikes+1"],"picked":"champ:ShieldWall","floor":27},{"not_picked":["champ:GutPunch+1","champ:BladeFlurry+1"],"picked":"champ:EnGarde+1","floor":29},{"not_picked":["champ:FanOfKnives+1","champ:Parry"],"picked":"champ:PreciseThrust+1","floor":30},{"not_picked":["champ:BerserkersShout","champ:TornadoPunch+1"],"picked":"champ:FaceSlap+1","floor":32},{"not_picked":["champ:HeavySlash+1","champ:DancingMaster"],"picked":"champ:VampiricStrike+1","floor":33},{"not_picked":["champ:Shatter+1","champ:RecklessLeap+1","champ:RisingSlash+1"],"picked":"SKIP","floor":36},{"not_picked":["champ:SkillfulDodge+1","champ:ArenaPreparation+1"],"picked":"champ:EnGarde+1","floor":37},{"not_picked":["champ:BerserkersShout","champ:Circumvent"],"picked":"champ:FocusedDefense+1","floor":38},{"not_picked":["champ:DefensiveShout+1","champ:BerserkersShout"],"picked":"champ:TornadoPunch+1","floor":39},{"not_picked":["champ:RecklessLeap+1","champ:FalseCounter+1","champ:SkillfulDodge"],"picked":"SKIP","floor":40},{"not_picked":["champ:FanOfKnives+1","champ:Backstep"],"picked":"champ:StanceDance+1","floor":42},{"not_picked":["champ:EnGarde+1","champ:Shatter+1"],"picked":"champ:Haymaker+1","floor":43},{"not_picked":["expansioncontent:PrepareCrush","expansioncontent:GuardianWhirl"],"picked":"expansioncontent:AwakenDeath","floor":44},{"not_picked":["expansioncontent:GuardianWhirl","expansioncontent:Chronoboost"],"picked":"expansioncontent:PrepareCrush","floor":44},{"not_picked":["expansioncontent:PolyBeam","expansioncontent:GuardianWhirl"],"picked":"expansioncontent:InvincibleStrength","floor":44},{"not_picked":["champ:Backstep","champ:Circumvent+1"],"picked":"champ:HeavySlash+1","floor":45},{"not_picked":["champ:GutPunch+1","champ:BringItOn+1"],"picked":"champ:Improvising","floor":46},{"not_picked":["champ:CrownThrow+1","champ:FocusedDefense+1"],"picked":"champ:CalledShot+1","floor":47},{"not_picked":["champ:EnragedBash+1","champ:Endure+1"],"picked":"champ:AdrenalArmor+1","floor":49}],"player_experience":534859,"relics_obtained":[{"floor":7,"key":"The Courier"},{"floor":10,"key":"Pantograph"},{"floor":14,"key":"Matryoshka"},{"floor":23,"key":"Akabeko"},{"floor":24,"key":"Bag of Preparation"},{"floor":24,"key":"Molten Egg 2"},{"floor":27,"key":"Blood Vial"},{"floor":40,"key":"Bag of Marbles"},{"floor":41,"key":"Toy Ornithopter"},{"floor":41,"key":"Ginger"},{"floor":46,"key":"Lantern"}],"event_choices":[{"cards_removed":["champ:Strike"],"damage_healed":0,"gold_gain":0,"player_choice":"Card Removal","damage_taken":0,"max_hp_gain":0,"max_hp_loss":0,"event_name":"The Cleric","floor":11,"gold_loss":0},{"cards_removed":["champ:HoldFirm"],"damage_healed":0,"gold_gain":0,"player_choice":"Take \u0026 Give","damage_taken":0,"max_hp_gain":0,"max_hp_loss":0,"event_name":"betterNote:BetterNote","floor":22,"gold_loss":0,"cards_obtained":["hexamod:SixthSeal"]},{"damage_healed":0,"gold_gain":0,"player_choice":"Got Potions","damage_taken":0,"max_hp_gain":0,"max_hp_loss":0,"event_name":"Lab","floor":31,"gold_loss":0}],"is_beta":false,"boss_relics":[{"not_picked":["Runic Dome","Tiny House"],"picked":"Pandora\u0027s Box"},{"not_picked":["SlaversCollar","Runic Pyramid"],"picked":"Philosopher\u0027s Stone"}],"items_purged_floors":[],"is_endless":false,"potions_floor_spawned":[4,8,14,15,20,21,30,32,33,36,37,45,46],"ascension_level":0}}