{"host":"2hz3p8f82lqex3pd","time":1614151782,"event":{"mods":["AchievementEnabler","BaseMod","Minty Spire (QoL Compilation)"],"gold_per_floor":[114,114,114,126,143,143,159,159,186,212,222,249,249,269,269,365,365,383,48,65,85,85,85,0,25,51,51,51,67,67,101,101,197,197,211,228,228,27,27,54,68,102,178,178,178,205,80,80,80,80,80,80,29,63,63,63],"floor_reached":55,"language":"ENG","playtime":2497,"items_purged":["FlyingSleeves","Strike_P","Strike_P"],"score":781,"play_id":"4188016a-9606-4824-b833-df05df7e4948","local_time":"20210224022942","is_ascension_mode":false,"campfire_choices":[{"data":"Eruption","floor":6.0,"key":"SMITH"},{"data":"PathToVictory","floor":13.0,"key":"SMITH"},{"data":"PathToVictory","floor":15.0,"key":"SMITH"},{"data":"LikeWater","floor":23.0,"key":"SMITH"},{"data":"LikeWater","floor":28.0,"key":"SMITH"},{"data":"Sanctity","floor":32.0,"key":"SMITH"},{"floor":44.0,"key":"REST"},{"floor":49,"key":"RECALL"},{"floor":52,"key":"REST"}],"circlet_count":0,"master_deck":["Defend_P","Defend_P","Defend_P","Eruption+1","Vigilance+1","LikeWater+1","LikeWater+1","Sanctity+1","PathToVictory+1","PathToVictory+1","Protect+1","PathToVictory+1","ClearTheMind+1","Protect+1"],"relics":["PureWater","NeowsBlessing","Bronze Scales","Ancient Tea Set","Lizard Tail","VioletLotus","Singing Bowl","Letter Opener","Juzu Bracelet","Bag of Preparation","MutagenicStrength","Red Mask","Fusion Hammer","Omamori","Darkstone Periapt","Dream Catcher","Dead Branch"],"acts_visited":["Exordium","TheCity","TheBeyond","TheEnding"],"potions_floor_usage":[55,55],"damage_taken":[{"damage":0.0,"enemies":"Small Slimes","floor":1.0,"turns":1.0},{"damage":0.0,"enemies":"Jaw Worm","floor":4.0,"turns":2.0},{"damage":0.0,"enemies":"Cultist","floor":5.0,"turns":1.0},{"damage":1.0,"enemies":"Exordium Wildlife","floor":7.0,"turns":5.0},{"damage":3.0,"enemies":"Lagavulin","floor":10.0,"turns":7.0},{"damage":0.0,"enemies":"2 Fungi Beasts","floor":11.0,"turns":4.0},{"damage":13.0,"enemies":"Gremlin Nob","floor":12.0,"turns":5.0},{"damage":1.0,"enemies":"3 Louse","floor":14.0,"turns":2.0},{"damage":32.0,"enemies":"Slime Boss","floor":16.0,"turns":9.0},{"damage":2.0,"enemies":"Shell Parasite","floor":18.0,"turns":5.0},{"damage":0.0,"enemies":"Chosen","floor":20.0,"turns":5.0},{"damage":2.0,"enemies":"Centurion and Healer","floor":21.0,"turns":6.0},{"damage":9.0,"enemies":"Gremlin Leader","floor":25.0,"turns":6.0},{"damage":0.0,"enemies":"Shelled Parasite and Fungi","floor":29.0,"turns":3.0},{"damage":5.0,"enemies":"Masked Bandits","floor":31.0,"turns":4.0},{"damage":12.0,"enemies":"Automaton","floor":33.0,"turns":6.0},{"damage":11.0,"enemies":"3 Darklings","floor":35.0,"turns":3.0},{"damage":2.0,"enemies":"Orb Walker","floor":36.0,"turns":3.0},{"damage":16.0,"enemies":"Nemesis","floor":40.0,"turns":7.0},{"damage":4.0,"enemies":"3 Darklings","floor":41.0,"turns":4.0},{"damage":58.0,"enemies":"Reptomancer","floor":42.0,"turns":4.0},{"damage":0.0,"enemies":"Nemesis","floor":46.0,"turns":5.0},{"damage":6,"enemies":"Time Eater","floor":50,"turns":7},{"damage":6,"enemies":"Shield and Spear","floor":54,"turns":5},{"damage":152,"enemies":"The Heart","floor":55,"turns":12}],"seed_played":"5800720489470585518","potions_obtained":[{"floor":1.0,"key":"LiquidBronze"},{"floor":5.0,"key":"Strength Potion"},{"floor":10.0,"key":"Block Potion"},{"floor":11.0,"key":"Ambrosia"},{"floor":18.0,"key":"BlessingOfTheForge"},{"floor":25.0,"key":"Fire Potion"},{"floor":31.0,"key":"Weak Potion"},{"floor":35.0,"key":"SkillPotion"},{"floor":40.0,"key":"Energy Potion"},{"floor":42.0,"key":"BottledMiracle"}],"is_trial":false,"path_per_floor":["M","?","?","M","M","R","M","?","T","E","M","E","R","M","R","B",null,"M","$","M","M","?","R","?","E","T","?","R","M","?","?","R","B",null,"M","M","?","$","?","E","M","E","T","R","?","E","$","?","R","B",null,"R","$","E","B"],"character_chosen":"WATCHER","items_purchased":["Singing Bowl","Fruit Juice","ColorlessPotion"],"campfire_rested":2,"item_purchase_floors":[19,38,53],"current_hp_per_floor":[72,72,65,65,65,65,64,72,72,69,69,56,56,55,55,23,72,70,70,70,70,70,70,70,63,63,63,63,65,65,62,62,52,82,71,71,73,73,73,64,60,4,4,32,95,97,97,97,97,91,97,99,99,95,0,0],"gold":63,"neow_bonus":"THREE_ENEMY_KILL","is_daily":false,"chose_seed":false,"campfire_upgraded":6,"win_rate":0.0,"timestamp":1614151782,"path_taken":["M","?","?","?","M","R","M","?","T","E","?","E","R","M","R","BOSS","M","$","M","M","?","R","?","E","T","?","R","M","?","?","R","BOSS","M","M","?","$","?","E","M","E","T","R","?","E","$","?","R","BOSS","R","$","E","BOSS"],"items_purchased_type":["Relic","Potion","Potion"],"build_version":"2020-12-22","purchased_purges":3,"victory":false,"max_hp_per_floor":[72,72,72,72,72,72,72,72,72,72,72,72,72,72,72,72,72,72,72,72,74,74,74,74,76,76,76,76,78,78,80,80,82,82,82,84,86,86,86,93,93,95,95,95,95,97,97,97,97,97,97,99,99,101,101,101],"card_choices":[{"not_picked":["EmptyBody","WreathOfFlame"],"picked":"LikeWater","floor":1.0},{"not_picked":["Worship","EmptyFist"],"picked":"LikeWater","floor":4.0},{"not_picked":["BattleHymn","Protect","Study"],"picked":"SKIP","floor":5.0},{"not_picked":["SashWhip","SandsOfTime"],"picked":"Sanctity","floor":7.0},{"not_picked":["Conclude","Consecrate","FlurryOfBlows"],"picked":"SKIP","floor":10.0},{"not_picked":["Evaluate","FearNoEvil"],"picked":"FlyingSleeves","floor":11.0},{"not_picked":["Prostrate","Adaptation"],"picked":"PathToVictory","floor":12.0},{"not_picked":["Evaluate","Pray"],"picked":"PathToVictory","floor":14.0},{"not_picked":["JustLucky+1","FlurryOfBlows"],"picked":"Protect+1","floor":18.0},{"not_picked":["Indignation","Pray"],"picked":"PathToVictory+1","floor":20.0},{"not_picked":["FlurryOfBlows","Indignation","CutThroughFate+1"],"picked":"Singing Bowl","floor":21.0},{"not_picked":["CrushJoints","Vengeance","SandsOfTime+1"],"picked":"Singing Bowl","floor":25.0},{"not_picked":["FlyingSleeves","ClearTheMind+1","Prostrate+1"],"picked":"Singing Bowl","floor":29.0},{"not_picked":["SashWhip","FlurryOfBlows+1","EmptyFist"],"picked":"Singing Bowl","floor":31.0},{"not_picked":["Omniscience","DevaForm","ConjureBlade"],"picked":"Singing Bowl","floor":33.0},{"not_picked":["Worship+1","Adaptation+1"],"picked":"ClearTheMind+1","floor":35.0},{"not_picked":["ClearTheMind+1","EmptyFist+1","SashWhip"],"picked":"Singing Bowl","floor":36.0},{"not_picked":["Master of Strategy","Sadistic Nature","Dramatic Entrance"],"picked":"Singing Bowl","floor":37.0},{"not_picked":["EmptyFist","Pray","PathToVictory"],"picked":"Singing Bowl","floor":40.0},{"not_picked":["ClearTheMind+1","ReachHeaven+1"],"picked":"Protect+1","floor":41.0},{"not_picked":["BowlingBash","ThirdEye+1","Perseverance"],"picked":"Singing Bowl","floor":42.0},{"not_picked":["BowlingBash","Protect+1","Evaluate+1"],"picked":"Singing Bowl","floor":46.0},{"not_picked":["Nirvana","JustLucky","FlurryOfBlows"],"picked":"Singing Bowl","floor":52},{"not_picked":["DeusExMachina","SandsOfTime+1","Protect"],"picked":"Singing Bowl","floor":54}],"player_experience":202384,"relics_obtained":[{"floor":9.0,"key":"Bronze Scales"},{"floor":10.0,"key":"Ancient Tea Set"},{"floor":12.0,"key":"Lizard Tail"},{"floor":25.0,"key":"Juzu Bracelet"},{"floor":26.0,"key":"Bag of Preparation"},{"floor":31.0,"key":"Red Mask"},{"floor":40.0,"key":"Omamori"},{"floor":42.0,"key":"Darkstone Periapt"},{"floor":46.0,"key":"Dream Catcher"},{"floor":54,"key":"Dead Branch"}],"event_choices":[{"damage_healed":0.0,"max_hp_gain":0.0,"max_hp_loss":0.0,"gold_gain":0.0,"event_name":"Living Wall","player_choice":"Grow","floor":2.0,"gold_loss":0.0,"damage_taken":0.0,"cards_upgraded":["Vigilance"]},{"cards_removed":["Strike_P"],"damage_healed":0.0,"max_hp_gain":0.0,"max_hp_loss":0.0,"gold_gain":0.0,"event_name":"Golden Wing","player_choice":"Card Removal","floor":3.0,"gold_loss":0.0,"damage_taken":7.0},{"damage_healed":8.0,"max_hp_gain":0.0,"max_hp_loss":0.0,"gold_gain":0.0,"event_name":"Wheel of Change","player_choice":"Full Heal","floor":8.0,"gold_loss":0.0,"damage_taken":0.0},{"damage_healed":0.0,"max_hp_gain":0.0,"max_hp_loss":0.0,"gold_gain":0.0,"event_name":"Ghosts","player_choice":"Ignored","floor":22.0,"gold_loss":0.0,"damage_taken":0.0},{"damage_healed":0.0,"max_hp_gain":0.0,"max_hp_loss":0.0,"gold_gain":0.0,"event_name":"Addict","player_choice":"Obtained Relic","floor":24.0,"gold_loss":85.0,"damage_taken":0.0,"relics_obtained":["Letter Opener"]},{"cards_removed":["Defend_P"],"damage_healed":0.0,"max_hp_gain":0.0,"max_hp_loss":0.0,"gold_gain":0.0,"event_name":"Back to Basics","player_choice":"Elegance","floor":27.0,"gold_loss":0.0,"damage_taken":0.0},{"damage_healed":0.0,"max_hp_gain":0.0,"max_hp_loss":0.0,"gold_gain":0.0,"event_name":"Drug Dealer","player_choice":"Inject Mutagens","floor":30.0,"gold_loss":0.0,"damage_taken":0.0,"relics_obtained":["MutagenicStrength"]},{"damage_healed":0.0,"max_hp_gain":0.0,"max_hp_loss":0.0,"gold_gain":0.0,"event_name":"Masked Bandits","player_choice":"Fought Bandits","floor":31.0,"gold_loss":0.0,"damage_taken":0.0},{"damage_healed":0.0,"max_hp_gain":0.0,"max_hp_loss":0.0,"gold_gain":0.0,"event_name":"SensoryStone","player_choice":"Memory 1","floor":37.0,"gold_loss":0.0,"damage_taken":0.0},{"damage_healed":0.0,"max_hp_gain":0.0,"max_hp_loss":0.0,"gold_gain":0.0,"event_name":"Transmorgrifier","player_choice":"Ignored","floor":39.0,"gold_loss":0.0,"damage_taken":0.0},{"damage_healed":63.0,"max_hp_gain":0.0,"max_hp_loss":0.0,"gold_gain":0.0,"event_name":"MindBloom","player_choice":"Heal","floor":45.0,"gold_loss":0.0,"damage_taken":0.0,"cards_obtained":["Doubt"]},{"cards_removed":["Strike_P"],"damage_healed":0.0,"max_hp_gain":0.0,"max_hp_loss":0.0,"gold_gain":0.0,"event_name":"Falling","player_choice":"Removed Attack","floor":48.0,"gold_loss":0.0,"damage_taken":0.0}],"is_beta":false,"boss_relics":[{"not_picked":["Busted Crown","Empty Cage"],"picked":"VioletLotus"},{"not_picked":["Pandora\u0027s Box","Runic Pyramid"],"picked":"Fusion Hammer"}],"items_purged_floors":[19,38,47],"is_endless":false,"potions_floor_spawned":[1,5,10,11,18,25,31,35,40,42],"killed_by":"The Heart","ascension_level":0}}