{"host":"7jxhn92mkgyil7o5","time":1614184787,"event":{"mods":["BaseMod","Colored Map","Colored Powertips","Friendly Minions","Hermit","Kiyohime????","Marisa????????","Minty Spire (QoL Compilation)","Permanent Neow","StSLib","The Cursed","The Disciple","The Hierophant","The Poker Player","The Runesmith"],"gold_per_floor":[110,110,110,137,151,151,194,194,194,194,29,52,115,130,130,248,248,286,286,334,25,39,39,103,157,157,157,192,192,192],"floor_reached":29,"language":"ENG","playtime":1017,"items_purged":["Strike_P"],"score":692,"play_id":"c77204fb-c9a8-4be6-b75a-e660cb3677d6","local_time":"20210224173947","is_ascension_mode":true,"campfire_choices":[{"data":"Alpha","floor":6.0,"key":"SMITH"},{"floor":8.0,"key":"REST"},{"data":"Alpha","floor":15.0,"key":"SMITH"},{"floor":23.0,"key":"REST"}],"circlet_count":0,"master_deck":["AscendersBane","Defend_P","Defend_P","Defend_P+1","Vigilance","Alpha+1","DeceiveReality","Wish+1","ThirdEye","Alpha+1","MasterReality","Evaluate","EmptyBody","Collect","Wireheading","Perseverance+1","DeceiveReality","CutThroughFate","WaveOfTheHand","Sanctity"],"relics":["HolyWater","Golden Idol","Dream Catcher","Matryoshka","Lantern","FossilizedHelix","Anchor","Runesmith:Locket","War Paint","Oddly Smooth Stone","Vajra","Unceasing Top"],"acts_visited":["Exordium","TheCity"],"potions_floor_usage":[],"damage_taken":[{"damage":0.0,"enemies":"2 Louse","floor":1.0,"turns":2.0},{"damage":4.0,"enemies":"Small Slimes","floor":5.0,"turns":3.0},{"damage":2.0,"enemies":"Lagavulin","floor":7.0,"turns":5.0},{"damage":0.0,"enemies":"Jaw Worm","floor":12.0,"turns":5.0},{"damage":4.0,"enemies":"3 Sentries","floor":13.0,"turns":6.0},{"damage":0.0,"enemies":"2 Fungi Beasts","floor":14.0,"turns":4.0},{"damage":0.0,"enemies":"Slime Boss","floor":16.0,"turns":6.0},{"damage":14.0,"enemies":"Shell Parasite","floor":18.0,"turns":5.0},{"damage":0.0,"enemies":"2 Thieves","floor":20.0,"turns":3.0},{"damage":0.0,"enemies":"Cultist and Chosen","floor":22.0,"turns":5.0},{"damage":42.0,"enemies":"Book of Stabbing","floor":24.0,"turns":5.0},{"damage":11.0,"enemies":"Shelled Parasite and Fungi","floor":25.0,"turns":4.0},{"damage":3,"enemies":"Slavers","floor":28,"turns":3},{"damage":7,"enemies":"Masked Bandits","floor":29,"turns":2}],"seed_played":"7808302730496256074","potions_obtained":[{"floor":5.0,"key":"Explosive Potion"},{"floor":14.0,"key":"Strength Potion"},{"floor":24.0,"key":"Block Potion"}],"is_trial":false,"path_per_floor":["M","?","?","T","M","R","E","R","T","?","$","M","E","M","R","B",null,"M","?","M","$","M","R","E","M","T","?","E","?"],"character_chosen":"WATCHER","items_purchased":["Anchor","Wireheading","War Paint"],"campfire_rested":2,"item_purchase_floors":[11,21,21],"current_hp_per_floor":[61,61,54,54,50,50,48,62,62,62,62,62,58,58,58,58,61,47,47,47,47,47,62,20,9,9,9,6,0,0],"gold":192,"neow_bonus":"ONE_RANDOM_RARE_CARD","is_daily":false,"chose_seed":false,"campfire_upgraded":2,"win_rate":0.0,"timestamp":1614184787,"path_taken":["M","?","?","?","M","R","E","R","T","?","$","?","E","M","R","BOSS","M","?","M","$","?","R","E","M","T","?","E","?"],"items_purchased_type":["Relic","Card","Relic"],"build_version":"2020-12-22","purchased_purges":1,"victory":false,"max_hp_per_floor":[68,62,62,62,62,62,62,62,62,62,62,62,62,62,62,62,62,62,62,62,62,62,62,62,62,62,62,62,62,62],"card_choices":[{"not_picked":["JustLucky","Crescendo"],"picked":"DeceiveReality","floor":1.0},{"not_picked":["BowlingBash","FlyingSleeves","Crescendo"],"picked":"SKIP","floor":5.0},{"not_picked":["WreathOfFlame","EmptyMind"],"picked":"Wish","floor":7.0},{"not_picked":["CrushJoints","EmptyFist"],"picked":"ThirdEye","floor":12.0},{"not_picked":["Conclude","ClearTheMind"],"picked":"Alpha","floor":13.0},{"not_picked":["CrushJoints","BowlingBash","Crescendo"],"picked":"SKIP","floor":14.0},{"not_picked":["Alpha","Ragnarok"],"picked":"MasterReality","floor":16.0},{"not_picked":["PathToVictory","Consecrate"],"picked":"Evaluate","floor":18.0},{"not_picked":["Halt","WindmillStrike"],"picked":"Collect","floor":20.0},{"not_picked":["Adaptation+1","FlyingSleeves"],"picked":"Perseverance+1","floor":22.0},{"not_picked":["Evaluate","Crescendo+1"],"picked":"DeceiveReality","floor":24.0},{"not_picked":["BattleHymn","Crescendo","EmptyBody"],"picked":"SKIP","floor":25.0},{"not_picked":["EmptyBody","CrushJoints"],"picked":"Sanctity","floor":28}],"player_experience":2042378,"relics_obtained":[{"floor":4.0,"key":"Dream Catcher"},{"floor":7.0,"key":"Matryoshka"},{"floor":9.0,"key":"Lantern"},{"floor":9.0,"key":"FossilizedHelix"},{"floor":13.0,"key":"Runesmith:Locket"},{"floor":24.0,"key":"Oddly Smooth Stone"},{"floor":26.0,"key":"Vajra"},{"floor":28,"key":"Unceasing Top"}],"event_choices":[{"damage_healed":0.0,"max_hp_gain":0.0,"max_hp_loss":6.0,"gold_gain":0.0,"event_name":"Golden Idol","player_choice":"Lose Max HP","floor":2.0,"gold_loss":0.0,"damage_taken":0.0,"relics_obtained":["Golden Idol"]},{"cards_removed":["Strike_P"],"damage_healed":0.0,"max_hp_gain":0.0,"max_hp_loss":0.0,"gold_gain":0.0,"event_name":"Golden Wing","player_choice":"Card Removal","floor":3.0,"gold_loss":0.0,"damage_taken":7.0},{"cards_removed":["Strike_P"],"damage_healed":0.0,"max_hp_gain":0.0,"max_hp_loss":0.0,"gold_gain":0.0,"event_name":"Purifier","player_choice":"Purged","floor":10.0,"gold_loss":0.0,"damage_taken":0.0},{"damage_healed":0.0,"max_hp_gain":0.0,"max_hp_loss":0.0,"gold_gain":0.0,"cards_transformed":["Strike_P"],"event_name":"Transmorgrifier","player_choice":"Transformed","floor":19.0,"gold_loss":0.0,"damage_taken":0.0,"cards_obtained":["EmptyBody"]},{"damage_healed":0.0,"max_hp_gain":0.0,"max_hp_loss":0.0,"gold_gain":0.0,"cards_transformed":["Eruption","Defend_P"],"event_name":"Drug Dealer","player_choice":"Became Test Subject","floor":27.0,"gold_loss":0.0,"damage_taken":0.0,"cards_obtained":["CutThroughFate","WaveOfTheHand"]},{"damage_healed":0,"gold_gain":0,"player_choice":"Fought Bandits","damage_taken":0,"max_hp_gain":0,"max_hp_loss":0,"event_name":"Masked Bandits","floor":29,"gold_loss":0}],"is_beta":false,"boss_relics":[{"not_picked":["SlaversCollar","Sozu"],"picked":"HolyWater"}],"items_purged_floors":[21],"is_endless":false,"potions_floor_spawned":[5,14,24],"killed_by":"Masked Bandits","ascension_level":20}}