{"host":"r4aerl4ckfvw1dw3","time":1614135332,"event":{"mods":["BaseMod","BetterRewards","Minty Spire (QoL Compilation)","Quick Restart","StSLib"],"gold_per_floor":[116,135,61,74,90,115,115,130,130,130,130],"floor_reached":10,"language":"ENG","playtime":300,"items_purged":[],"score":98,"play_id":"ec7c6357-3fa1-4daa-afb2-05c61f71fb2a","local_time":"20210223185532","is_ascension_mode":true,"campfire_choices":[{"floor":7,"key":"REST"}],"circlet_count":0,"master_deck":["Strike_B","Strike_B","Strike_B","Strike_B","Defend_B","Defend_B","Defend_B","Defend_B","Zap","Dualcast","Multi-Cast","Undo","Loop","Ball Lightning","Sweeping Beam"],"relics":["Cracked Core","Toy Ornithopter","Meat on the Bone"],"acts_visited":["Exordium"],"potions_floor_usage":[6,6,6],"damage_taken":[{"damage":0.0,"enemies":"Cultist","floor":1.0,"turns":3.0},{"damage":7.0,"enemies":"Jaw Worm","floor":2.0,"turns":4.0},{"damage":6.0,"enemies":"2 Louse","floor":4.0,"turns":2.0},{"damage":22.0,"enemies":"Exordium Wildlife","floor":5.0,"turns":4.0},{"damage":7,"enemies":"Lagavulin","floor":6,"turns":3},{"damage":8,"enemies":"Blue Slaver","floor":8,"turns":3},{"damage":21,"enemies":"Gremlin Nob","floor":10,"turns":4}],"seed_played":"2139296889840619825","potions_obtained":[{"floor":2.0,"key":"DuplicationPotion"},{"floor":4.0,"key":"PotionOfCapacity"},{"floor":5.0,"key":"EssenceOfDarkness"}],"is_trial":false,"path_per_floor":["M","M","$","M","M","E","R","M","T","E"],"character_chosen":"DEFECT","items_purchased":["Loop"],"campfire_rested":1,"item_purchase_floors":[3],"current_hp_per_floor":[50,43,43,37,15,8,30,22,22,1,1],"gold":130,"neow_bonus":"THREE_RARE_CARDS","is_daily":false,"chose_seed":false,"campfire_upgraded":0,"win_rate":0.0,"timestamp":1614135332,"path_taken":["M","M","$","M","M","E","R","M","T","E"],"items_purchased_type":["Card"],"build_version":"2020-12-22","purchased_purges":0,"victory":false,"max_hp_per_floor":[75,75,75,75,75,75,75,75,75,75,75],"card_choices":[{"not_picked":["Reboot","Fission"],"picked":"Multi-Cast","floor":0.0},{"not_picked":["Redo","Compile Driver","Stack"],"picked":"SKIP","floor":1.0},{"not_picked":["Reinforced Body","Steam"],"picked":"Undo","floor":2.0},{"not_picked":["Steam","Rip and Tear"],"picked":"Ball Lightning","floor":4.0},{"not_picked":["Storm","Streamline"],"picked":"Sweeping Beam","floor":5.0},{"not_picked":["Fusion","Scrape","Force Field"],"picked":"SKIP","floor":6},{"not_picked":["FTL","Hello World","Tempest"],"picked":"SKIP","floor":8}],"player_experience":689084,"relics_obtained":[{"floor":6,"key":"Toy Ornithopter"},{"floor":9,"key":"Meat on the Bone"}],"event_choices":[],"is_beta":false,"boss_relics":[],"items_purged_floors":[],"is_endless":false,"potions_floor_spawned":[2,4,5],"killed_by":"Gremlin Nob","ascension_level":8}}