{"host":"ijtyqc57s6c9mbij","time":1614143735,"event":{"mods":["BaseMod","Colored Map","Downfall","Minty Spire (QoL Compilation)","StSLib"],"gold_per_floor":[99,9,70,87,97,111,111,131,131,131,131,148,162,188,201,298,298,198,217,217,317,317,317,340,352,337,337,337,354,254,254,254,254],"floor_reached":31,"language":"ENG","playtime":2256,"items_purged":["bronze:Strike"],"score":320,"play_id":"20294210-d9fd-47ef-a394-707ddcb52fdc","local_time":"20210223211535","is_ascension_mode":true,"campfire_choices":[{"data":"bronze:Goto","floor":1,"key":"SMITH"},{"floor":11,"key":"RECALL"},{"data":"bronze:Separator","floor":18,"key":"SMITH"},{"data":"bronze:MaxOutput","floor":23,"key":"SMITH"},{"floor":30,"key":"REST"}],"circlet_count":0,"master_deck":["bronze:Strike","bronze:Strike","bronze:Strike","bronze:Defend","bronze:Defend","bronze:Defend","bronze:Defend","bronze:Replicate","bronze:Goto+1","bronze:Separator+1","bronze:MaxOutput+1","bronze:Turbo","bronze:Safeguard","bronze:Optimize","bronze:Spike","bronze:DazingPulse","bronze:Terminator","bronze:Repulsor","bronze:BitShift","bronze:ItsAFeature","bronze:BugBarrage","bronze:Separator+1","RitualDagger","bronze:Optimize+1","bronze:ChildClass","bronze:BuggyMess"],"relics":["bronze:BronzeCore","Ginger","Pantograph","Mango","bronze:ElectromagneticCoil","downfall:HeartBlessingRed","downfall:RedIOU","Oddly Smooth Stone","downfall:HeartBlessingBlue"],"acts_visited":["Exordium","TheCity"],"potions_floor_usage":[9,16],"damage_taken":[{"damage":0,"enemies":"downfall:FleeingMerchant","floor":2,"turns":4},{"damage":35,"enemies":"3 Sentries","floor":3,"turns":9},{"damage":1,"enemies":"Cultist","floor":4,"turns":3},{"damage":8,"enemies":"2 Louse","floor":5,"turns":2},{"damage":0,"enemies":"Small Slimes","floor":6,"turns":3},{"damage":0,"enemies":"Exordium Wildlife","floor":8,"turns":3},{"damage":7,"enemies":"Exordium Wildlife","floor":9,"turns":5},{"damage":8,"enemies":"Blue Slaver","floor":12,"turns":3},{"damage":1,"enemies":"2 Fungi Beasts","floor":13,"turns":4},{"damage":8,"enemies":"3 Sentries","floor":14,"turns":4},{"damage":2,"enemies":"Exordium Wildlife","floor":15,"turns":4},{"damage":19,"enemies":"DF_ARCHETYPE_STREAMLINE","floor":16,"turns":6},{"damage":17,"enemies":"downfall:LooterAlt2","floor":19,"turns":4},{"damage":53,"enemies":"Chosen","floor":25,"turns":8},{"damage":10,"enemies":"downfall:FleeingMerchant","floor":26,"turns":4},{"damage":42,"enemies":"Snecko","floor":29,"turns":8},{"damage":0,"enemies":"3 Cultists","floor":31,"turns":2}],"seed_played":"6963683293682470285","potions_obtained":[{"floor":6,"key":"BlessingOfTheForge"},{"floor":9,"key":"CultistPotion"},{"floor":12,"key":"Swift Potion"},{"floor":14,"key":"FearPotion"},{"floor":16,"key":"Weak Potion"}],"is_trial":false,"path_per_floor":["R","$","?","M","M","M","T","M","?","?","R","M","M","E","M","B",null,"R","M","?","?","?","R","T","M","$","?","T","M","R","M"],"character_chosen":"THE_AUTOMATON","items_purchased":[],"campfire_rested":1,"item_purchase_floors":[],"current_hp_per_floor":[49,49,14,13,5,5,19,19,12,94,94,86,85,84,82,82,101,101,84,78,78,78,78,78,25,15,48,48,6,49,49,49,49],"gold":254,"neow_bonus":"ONE_RARE_RELIC","is_daily":false,"chose_seed":false,"campfire_upgraded":3,"win_rate":0.0,"timestamp":1614143735,"path_taken":["R","?","?","M","M","M","T","M","?","?","R","?","M","E","M","BOSS","R","M","?","?","?","R","T","?","$","?","?","M","R","?"],"items_purchased_type":[],"build_version":"2020-12-22","purchased_purges":1,"victory":false,"max_hp_per_floor":[70,70,70,70,70,70,84,84,84,94,94,94,94,101,101,101,101,101,101,101,101,101,101,101,101,101,101,101,101,111,111,111,111],"card_choices":[{"not_picked":["bronze:Branch","bronze:FineTuning"],"picked":"bronze:Library","floor":2},{"not_picked":["bronze:ForceShield","bronze:Overload"],"picked":"bronze:Separator","floor":3},{"not_picked":["bronze:Separator","bronze:InfiniteBeams"],"picked":"bronze:MaxOutput","floor":4},{"not_picked":["bronze:FineTuning","bronze:DelayedGuard"],"picked":"bronze:Turbo","floor":5},{"not_picked":["bronze:WhirlingStrike","bronze:DigitalCarnage"],"picked":"bronze:Safeguard","floor":6},{"not_picked":["bronze:OilSpill","bronze:BuggyMess"],"picked":"bronze:Optimize","floor":8},{"not_picked":[],"picked":"bronze:Spike","floor":9},{"not_picked":[],"picked":"bronze:DazingPulse","floor":9},{"not_picked":["bronze:GetLatest","bronze:Shell"],"picked":"bronze:Terminator","floor":9},{"not_picked":["bronze:Separator","bronze:BuggyMess"],"picked":"bronze:Repulsor","floor":12},{"not_picked":["bronze:Return","bronze:Terminator"],"picked":"bronze:BitShift","floor":13},{"not_picked":["bronze:CutThrough","bronze:ClassDefault"],"picked":"bronze:ItsAFeature","floor":14},{"not_picked":["bronze:Terminator","bronze:Optimize"],"picked":"bronze:BugBarrage","floor":15},{"not_picked":["bronze:Format","bronze:FindAndReplace"],"picked":"bronze:Hardcode","floor":16},{"not_picked":["bronze:Iterate","bronze:Allocate+1"],"picked":"bronze:Separator+1","floor":19},{"not_picked":["bronze:CutThrough","bronze:Overload"],"picked":"bronze:Optimize+1","floor":25},{"not_picked":["bronze:WhirlingStrike","bronze:Separator"],"picked":"bronze:ChildClass","floor":26},{"not_picked":["bronze:Frontload","bronze:BitShift"],"picked":"bronze:BuggyMess","floor":29}],"player_experience":1042198,"relics_obtained":[{"floor":3,"key":"Pantograph"},{"floor":7,"key":"Mango"},{"floor":14,"key":"Strawberry"},{"floor":28,"key":"Oddly Smooth Stone"}],"event_choices":[{"damage_healed":33,"gold_gain":0,"player_choice":"Heal","damage_taken":0,"max_hp_gain":0,"max_hp_loss":0,"event_name":"The Library","floor":27,"gold_loss":0}],"is_beta":false,"boss_relics":[{"not_picked":["expansioncontent:StudyCardRelic","Tiny House"],"picked":"bronze:ElectromagneticCoil"}],"items_purged_floors":[2],"is_endless":false,"potions_floor_spawned":[6,9,12,14,16],"killed_by":"3 Cultists","ascension_level":3}}