{"host":"9poy283te0bas84o","time":1614145198,"event":{"mods":["BaseMod","Downfall","GifTheSpireLib","HexUI Lib","Hubris","Infinite Spire","Minty Spire (QoL Compilation)","Replay The Spire","StSLib","The Disciple"],"gold_per_floor":[111,130,62,62,62,93,116,149,173,207,207,278,293,316,316,440,440,455,455,455,471,492,535,548,548,548,584,600,600,634,659,659,783,783,802,802,820,820,227,268,268,299,367,700,700,717,55,72,72,172,172,181,181,184,189,189,219,290,324,324,356,356,438,438,506,506,663,663,675,687,687,687,691,716,716,738,814,814,814,883,899,910,910,1061,1061,1144,1144,1234,1234,1234,1337,1426,1426,1472,1591,1708,1708,1823,2012,2012,2246,2246,2410,2510,2030,2174,2174,2341,2341,2518,2518,2695,2079,2224,2251,2424,2424,2740,2740,2975,3235,2559,2749,2932,2932,3130,3130,3130,3130,3374,3610,3869,4178,4178,4178,4278,4644,4653,4962,4152,4252,4252,4270,4270,4578,4578,4602,4925,5307,4784,4784,4773,4773],"floor_reached":152,"language":"ENG","playtime":8529,"items_purged":["Decay","Dualcast","Zap","Strike_B","Strike_B","Defend_B","Defend_B","Defend_B","Chill","Strike_B+1","Gash+1","Gash+1","Glacier+1","Gash+1"],"score":4854,"play_id":"e155a61d-adae-4d2a-9c82-f35d3d97a1bd","local_time":"20210224003958","is_ascension_mode":true,"campfire_choices":[{"floor":11,"key":"REST"},{"data":"Buffer","floor":15,"key":"SMITH"},{"data":"Machine Learning","floor":25,"key":"SMITH"},{"data":"Amplify","floor":29,"key":"SMITH"},{"data":"White Noise","floor":32,"key":"SMITH"},{"floor":41,"key":"RECALL"},{"floor":45,"key":"REST"},{"data":"Capacitor","floor":49,"key":"SMITH"},{"data":"Storm","floor":49,"key":"SMITH"},{"data":"White Noise","floor":78,"key":"SMITH"},{"data":"Electrodynamics","floor":78,"key":"SMITH"},{"data":"Enlightenment","floor":83,"key":"PURGE"},{"data":"Gash","floor":97,"key":"SMITH"},{"data":"Meteor Strike","floor":97,"key":"SMITH"},{"data":"Consume","floor":100,"key":"SMITH"},{"data":"Glacier","floor":100,"key":"SMITH"},{"data":"infinitespire:UltimateForm","floor":109,"key":"SMITH"},{"data":"ReplayTheSpireMod:Chaos Vortex","floor":109,"key":"SMITH"},{"data":"hubris:Ukulele","floor":117,"key":"SMITH"},{"data":"Heatsinks","floor":117,"key":"SMITH"},{"data":"Biased Cognition","floor":125,"key":"SMITH"},{"data":"Amplify","floor":125,"key":"SMITH"},{"data":"Biased Cognition","floor":127,"key":"SMITH"},{"data":"Loop","floor":127,"key":"SMITH"},{"data":"Ball Lightning+1","floor":136,"key":"PURGE"},{"data":"ReplayTheSpireMod:Book of Names","floor":144,"key":"SMITH"},{"data":"ReplayTheSpireMod:Chaos Vortex","floor":144,"key":"SMITH"}],"circlet_count":0,"master_deck":["Heatsinks+1","Capacitor+1","Self Repair+1","Buffer+1","Lockon","Self Repair+1","Meteor Strike+1","Storm+1","infinitespire:Starlight+1","Machine Learning+1","Loop+1","Biased Cognition+1","Amplify+1","Biased Cognition+1","White Noise+1","Thunder Strike+1","Lockon+1","Defragment+1","Storm+1","Creative AI","Electrodynamics+1","White Noise+1","ReplayTheSpireMod:Chaos Vortex+1","Heatsinks+1","infinitespire:UltimateForm+1","hubris:Ukulele+1","Amplify+1","Heatsinks+1","Echo Form","CurseOfTheBell","ReplayTheSpireMod:Book of Names+1","ReplayTheSpireMod:Chaos Vortex+1","Lockon+1","Lockon+1"],"relics":["Cracked Core","Ring of Fury","Ring of Panic","Mummified Hand","Lantern","Replay:Baseball","Carrot","DataDisk","SlaversCollar","Calipers","Nloth\u0027s Gift","Orichalcum","hubris:Metronome","Art of War","hubris:CuriousFeather","Philosopher\u0027s Stone","infinitespire:Golems Mask","Ancient Tea Set","Bag of Preparation","infinitespire:Freezer","Kunai","hubris:MobiusCoin","Replay:Arrowhead","ChewingGum","Golden Idol","Replay:Antivirus Software","infinitespire:FocusingShard","hubris:SoftwareUpdate","FossilizedHelix","Tiny Chest","Black Star","Whetstone","Pen Nib","Blue Candle","infinitespire:BottledMercury","BranchBurnRelic","hubris:Towel","hubris:RGBLights","infinitespire:EvilPickle","Strawberry","Turnip","ReplayTheSpireMod:TigerMarble","Pear","Anchor","PreservedInsect","Quantum Egg","Matryoshka","infinitespire:Lucky Rock","hubris:Backtick","Runic Capacitor","Blood Vial","hubris:SphereOfDissonance","CeramicFish","hubris:BallOfYels","Bag of Marbles","Eternal Feather","TungstenRod","Geode","Pet Ghost","Vajra","ClockworkSouvenir","infinitespire:Beetle Shell","hubris:BundleOfHerbs","ReplayTheSpireMod:Lightbulb","Empty Cage","hubris:DisguiseKit","Question Card","InkBottle","Dead Branch","hubris:Reverence","Nunchaku","Bottled Tornado","Juzu Bracelet","Calling Bell","Blue Doll","Replay:Bottled Eggs","infinitespire:Magic Flask","hubris:SlimyHat","Emotion Chip","Lee\u0027s Waffle","infinitespire:Eraser","Replay:PocketPolymizer","War Paint","infinitespire:ShieldingShard","Regal Pillow","Boot","hubris:TenFootPole","Replay:Bandana","Akabeko"],"acts_visited":["Exordium","TheCity","TheBeyond","Exordium","TheCity","TheBeyond","Exordium","TheCity","TheBeyond"],"potions_floor_usage":[10,16,22,28,152],"damage_taken":[{"damage":0,"enemies":"2 Louse","floor":1,"turns":1},{"damage":0,"enemies":"Cultist","floor":2,"turns":1},{"damage":0,"enemies":"3 Sentries","floor":6,"turns":2},{"damage":0,"enemies":"Small Slimes","floor":7,"turns":2},{"damage":36,"enemies":"Replay:BlueRogue","floor":8,"turns":8},{"damage":9,"enemies":"Gremlin Nob","floor":10,"turns":4},{"damage":4,"enemies":"Gremlin Nob","floor":12,"turns":4},{"damage":6,"enemies":"Exordium Wildlife","floor":13,"turns":2},{"damage":7,"enemies":"Gremlin Gang","floor":14,"turns":5},{"damage":31,"enemies":"The Guardian","floor":16,"turns":8},{"damage":0,"enemies":"Chosen","floor":18,"turns":5},{"damage":2,"enemies":"Shell Parasite","floor":21,"turns":3},{"damage":8,"enemies":"Cultist and Chosen","floor":22,"turns":3},{"damage":16,"enemies":"Nightmare","floor":23,"turns":5},{"damage":28,"enemies":"Shelled Parasite and Fungi","floor":24,"turns":4},{"damage":24,"enemies":"Book of Stabbing","floor":27,"turns":4},{"damage":0,"enemies":"Centurion and Healer","floor":28,"turns":2},{"damage":22,"enemies":"Replay:Snechameleon","floor":30,"turns":3},{"damage":9,"enemies":"Snecko","floor":31,"turns":3},{"damage":0,"enemies":"Collector","floor":33,"turns":5},{"damage":0,"enemies":"3 Shapes","floor":35,"turns":1},{"damage":0,"enemies":"Orb Walker","floor":37,"turns":2},{"damage":10,"enemies":"Giant Head","floor":40,"turns":3},{"damage":54,"enemies":"Nightmare","floor":42,"turns":4},{"damage":0,"enemies":"Transient","floor":46,"turns":4},{"damage":0,"enemies":"Sphere and 2 Shapes","floor":48,"turns":2},{"damage":50,"enemies":"infinitespire:MassOfShapes","floor":50,"turns":2},{"damage":0,"enemies":"2 Louse","floor":52,"turns":1},{"damage":0,"enemies":"Small Slimes","floor":54,"turns":1},{"damage":0,"enemies":"Cultist","floor":55,"turns":1},{"damage":0,"enemies":"Lagavulin","floor":57,"turns":2},{"damage":0,"enemies":"3 Louse","floor":58,"turns":1},{"damage":0,"enemies":"3 Sentries","floor":59,"turns":2},{"damage":0,"enemies":"Gremlin Nob","floor":61,"turns":2},{"damage":0,"enemies":"Lagavulin","floor":63,"turns":2},{"damage":0,"enemies":"Blue Slaver","floor":65,"turns":1},{"damage":0,"enemies":"The Guardian","floor":67,"turns":2},{"damage":0,"enemies":"2 Thieves","floor":69,"turns":2},{"damage":0,"enemies":"Shell Parasite","floor":70,"turns":2},{"damage":0,"enemies":"Snecko","floor":71,"turns":2},{"damage":0,"enemies":"Snake Plant","floor":73,"turns":2},{"damage":0,"enemies":"Book of Stabbing","floor":74,"turns":2},{"damage":0,"enemies":"Slavers","floor":76,"turns":1},{"damage":13,"enemies":"Shelled Parasite and Fungi","floor":81,"turns":2},{"damage":0,"enemies":"3 Cultists","floor":82,"turns":1},{"damage":0,"enemies":"Pondfish","floor":84,"turns":3},{"damage":0,"enemies":"Orb Walker","floor":86,"turns":2},{"damage":0,"enemies":"3 Darklings","floor":88,"turns":1},{"damage":0,"enemies":"Giant Head","floor":91,"turns":2},{"damage":0,"enemies":"4 Shapes","floor":92,"turns":2},{"damage":13,"enemies":"Nightmare","floor":95,"turns":3},{"damage":0,"enemies":"Jaw Worm Horde","floor":96,"turns":2},{"damage":0,"enemies":"Maw","floor":98,"turns":2},{"damage":0,"enemies":"Giant Head","floor":99,"turns":3},{"damage":0,"enemies":"Awakened One","floor":101,"turns":2},{"damage":0,"enemies":"2 Louse","floor":103,"turns":1},{"damage":0,"enemies":"Jaw Worm","floor":106,"turns":1},{"damage":0,"enemies":"Lagavulin","floor":108,"turns":1},{"damage":0,"enemies":"Nightmare","floor":110,"turns":1},{"damage":0,"enemies":"Small Slimes","floor":112,"turns":1},{"damage":0,"enemies":"Blue Slaver","floor":114,"turns":1},{"damage":0,"enemies":"3 Sentries","floor":116,"turns":1},{"damage":0,"enemies":"Fading Forest","floor":118,"turns":2},{"damage":0,"enemies":"Shell Parasite","floor":120,"turns":1},{"damage":0,"enemies":"3 Byrds","floor":121,"turns":1},{"damage":0,"enemies":"Snake Plant","floor":123,"turns":1},{"damage":0,"enemies":"Snecko","floor":124,"turns":2},{"damage":0,"enemies":"3 Cultists","floor":126,"turns":1},{"damage":0,"enemies":"Nightmare","floor":130,"turns":1},{"damage":0,"enemies":"Shelled Parasite and Fungi","floor":131,"turns":1},{"damage":0,"enemies":"Gremlin Leader","floor":132,"turns":1},{"damage":0,"enemies":"Cultist and Chosen","floor":133,"turns":1},{"damage":0,"enemies":"infinitespire:LordOfFortification","floor":137,"turns":5},{"damage":0,"enemies":"Orb Walker","floor":139,"turns":1},{"damage":0,"enemies":"R_Hoarder","floor":145,"turns":1},{"damage":0,"enemies":"Giant Head","floor":148,"turns":2},{"damage":0,"enemies":"3 Shapes","floor":149,"turns":1},{"damage":114,"enemies":"Nightmare_Alpha","floor":152,"turns":2}],"seed_played":"7251079255251385325","potions_obtained":[{"floor":1,"key":"GamblersBrew"},{"floor":2,"key":"champ:CounterPotion"},{"floor":12,"key":"EssenceOfDarkness"},{"floor":13,"key":"SpeedPotion"},{"floor":14,"key":"sneckomod:MuddlingPotion"},{"floor":18,"key":"GamblersBrew"},{"floor":21,"key":"Explosive Potion"},{"floor":27,"key":"Flashbang"},{"floor":30,"key":"FearPotion"},{"floor":33,"key":"EssenceOfSteel"},{"floor":67,"key":"champ:CounterPotion"},{"floor":84,"key":"Block Potion"}],"is_trial":false,"path_per_floor":["M","M","$","?","?","E","M","E","T","E","R","?","M","M","R","B",null,"M","AVR","?","M","M","NM","M","R","T","E","M","R","E","M","R","B",null,"M","?","M","?","$","E","R","NM","T","?","R","M","$","M","R","B",null,"M","?","M","M","?","E","M","E","T","E","AVR","E","?","M","R","B",null,"M","M","M","AVR","M","E","?","E","T","R","?","T","M","M","R","B",null,"M","?","M","?","AVR","E","M","T","T","NM","M","R","M","E","R","B",null,"M","?","$","M","AVR","E","R","NM","T","M","$","M","T","E","R","B",null,"M","M","$","M","M","R","M","R","T","AVR","NM","M","E","M","PTL","PTL","R","B",null,"M","$","?","?","AVR","R","E","T","T","E","M","$","?","NM"],"character_chosen":"DEFECT","items_purchased":["Self Repair","infinitespire:Golems Mask","Storm","Ancient Tea Set","hubris:MobiusCoin","Replay:Arrowhead","Blood Vial","hubris:SphereOfDissonance","Vajra","ClockworkSouvenir","hubris:Ukulele","PowerPotion","PowerPotion","hubris:DisguiseKit","Question Card","hubris:SlimyHat","Emotion Chip","Lee\u0027s Waffle","Replay:Bandana","Akabeko"],"campfire_rested":2,"item_purchase_floors":[3,39,39,39,47,47,105,105,113,113,113,113,113,122,122,140,140,140,150,150],"current_hp_per_floor":[75,75,75,57,57,64,71,42,42,40,62,65,59,66,66,49,69,75,75,75,75,75,75,71,71,71,61,68,68,67,65,65,75,75,75,75,75,75,75,75,75,28,28,28,50,74,74,75,75,32,64,64,69,69,69,49,56,56,63,63,73,73,80,80,80,80,80,80,80,80,80,80,80,80,80,80,80,80,80,80,67,67,67,80,80,80,80,80,80,87,87,87,97,97,84,90,90,97,97,97,97,97,97,97,97,97,97,97,97,97,97,97,97,97,97,97,97,97,97,97,97,97,97,97,97,97,97,97,97,97,97,97,97,97,97,97,97,97,97,104,104,99,99,99,99,99,99,99,99,99,99,0,0],"gold":4773,"neow_bonus":"THREE_ENEMY_KILL","is_daily":false,"chose_seed":false,"campfire_upgraded":22,"win_rate":0.0,"timestamp":1614145198,"path_taken":["M","M","$","?","?","E","?","E","T","E","R","?","M","M","R","BOSS","M","AVR","?","M","M","NM","M","R","T","E","M","R","E","?","R","BOSS","M","?","M","?","$","E","R","NM","T","?","R","M","$","M","R","BOSS","M","?","M","M","?","E","M","E","T","E","AVR","E","?","M","R","BOSS","M","M","M","AVR","M","E","?","E","T","R","?","?","M","?","R","BOSS","M","?","M","?","AVR","E","M","?","T","NM","M","R","?","E","R","BOSS","M","?","$","M","AVR","E","R","NM","T","?","$","M","?","E","R","BOSS","M","M","$","M","M","R","M","R","T","AVR","NM","?","E","M","PTL","PTL","R","BOSS","M","$","?","?","AVR","R","E","?","T","E","M","$","?","NM"],"items_purchased_type":["Card","Relic","Card","Relic","Relic","Relic","Relic","Relic","Relic","Relic","Card","Potion","Potion","Relic","Relic","Relic","Relic","Relic","Relic","Relic"],"build_version":"2020-12-22","purchased_purges":14,"victory":false,"max_hp_per_floor":[75,75,75,75,75,75,75,75,75,75,75,75,75,75,75,75,75,75,75,75,75,75,75,75,75,75,75,75,75,75,75,75,75,75,75,75,75,75,75,75,75,75,75,75,75,75,75,75,75,75,75,75,80,80,80,80,80,80,80,80,80,80,80,80,80,80,80,80,80,80,80,80,80,80,80,80,80,80,80,80,80,80,80,80,80,80,80,80,80,87,87,87,97,97,97,97,97,97,97,97,97,97,97,97,97,97,97,97,97,97,97,97,97,97,97,97,97,97,97,97,97,97,97,97,97,97,97,97,97,97,97,97,97,97,97,97,97,97,97,104,104,99,99,99,99,99,99,99,99,99,99,99,99],"card_choices":[{"not_picked":["Stack","Compile Driver"],"picked":"Heatsinks","floor":1},{"not_picked":["Gash","Leap"],"picked":"Capacitor","floor":2},{"not_picked":["ReplayTheSpireMod:GoodbyeWorld","ReplayTheSpireMod:System Scan"],"picked":"Buffer","floor":6},{"not_picked":["Leap","Barrage"],"picked":"Go for the Eyes","floor":7},{"not_picked":["Stack","Streamline"],"picked":"Lockon","floor":8},{"not_picked":["Leap","ReplaySort"],"picked":"Gash","floor":10},{"not_picked":["FTL","BasicCrystalCard"],"picked":"Chill","floor":12},{"not_picked":["FIFO Queue","Panic Button"],"picked":"Self Repair","floor":13},{"not_picked":["Conserve Battery","ReplayTheSpireMod:GoodbyeWorld"],"picked":"Consume","floor":14},{"not_picked":["Multi-Cast","hubris:DoWhile"],"picked":"Meteor Strike","floor":16},{"not_picked":["Conserve Battery","Hello World"],"picked":"Storm+1","floor":18},{"not_picked":["Steam+1","ReplayTheSpireMod:GoodbyeWorld"],"picked":"Machine Learning","floor":21},{"not_picked":["Panic Button+1","Barrage"],"picked":"Loop","floor":22},{"not_picked":["Stack","Compile Driver+1"],"picked":"Biased Cognition","floor":23},{"not_picked":["ReplayTheSpireMod:Reroute Power+1","Barrage"],"picked":"Gash+1","floor":24},{"not_picked":["Darkness","ReplayTheSpireMod:GoodbyeWorld+1"],"picked":"Amplify","floor":27},{"not_picked":["Steam","Ball Lightning"],"picked":"Gash","floor":28},{"not_picked":["Lockon+1","Ball Lightning"],"picked":"Biased Cognition","floor":30},{"not_picked":["Conserve Battery+1","ReplayTheSpireMod:GoodbyeWorld"],"picked":"White Noise","floor":31},{"not_picked":["All For One","Reboot"],"picked":"Thunder Strike","floor":33},{"not_picked":["Hologram+1","Ball Lightning+1"],"picked":"Lockon+1","floor":35},{"not_picked":["Chrysalis","Purity"],"picked":"Enlightenment","floor":36},{"not_picked":["Leap","Conserve Battery"],"picked":"Defragment","floor":37},{"not_picked":["Core Surge","Fission","Skim+1"],"picked":"SKIP","floor":40},{"not_picked":["Turbo","BootSequence","Leap"],"picked":"SKIP","floor":42},{"not_picked":["Rebound+1","Coolheaded","Aggregate+1"],"picked":"SKIP","floor":46},{"not_picked":["Ball Lightning","BasicCrystalCard","Beam Cell+1"],"picked":"SKIP","floor":48},{"not_picked":["Reboot","Seek"],"picked":"Creative AI","floor":50},{"not_picked":["Turbo","Leap","Steam"],"picked":"SKIP","floor":52},{"not_picked":["Cold Snap","hubris:DoWhile","BasicCrystalCard"],"picked":"SKIP","floor":54},{"not_picked":["Cold Snap","Turbo"],"picked":"Electrodynamics","floor":55},{"not_picked":["Leap","Streamline","Tempest"],"picked":"SKIP","floor":57},{"not_picked":["Rainbow","Streamline","Stack"],"picked":"SKIP","floor":58},{"not_picked":["Rainbow","Streamline","Stack"],"picked":"SKIP","floor":58},{"not_picked":["Capacitor","Beam Cell"],"picked":"hubris:SpecializedCircuitry","floor":59},{"not_picked":["Leap","Blizzard","Darkness"],"picked":"SKIP","floor":61},{"not_picked":["hubris:DoWhile","Turbo","Auto Shields"],"picked":"SKIP","floor":63},{"not_picked":["Undo","Leap"],"picked":"White Noise","floor":65},{"not_picked":["ReplayTheSpireMod:Black Plague","Replay:Fractal Strike"],"picked":"ReplayTheSpireMod:Chaos Vortex","floor":67},{"not_picked":["Heatsinks","Crystallizer","ReplaySort+1"],"picked":"SKIP","floor":69},{"not_picked":["Darkness+1","BasicCrystalCard","Streamline"],"picked":"SKIP","floor":70},{"not_picked":["Sweeping Beam","Cold Snap+1","Hologram"],"picked":"SKIP","floor":71},{"not_picked":["ReplayRNGCard","Gash"],"picked":"Heatsinks+1","floor":73},{"not_picked":["Doom and Gloom","Turbo","Steam"],"picked":"SKIP","floor":74},{"not_picked":["Electrodynamics","Ball Lightning","Machine Learning"],"picked":"SKIP","floor":76},{"not_picked":["Coolheaded","Conserve Battery","Hello World"],"picked":"SKIP","floor":81},{"not_picked":["Cold Snap+1","Streamline","Stack"],"picked":"SKIP","floor":82},{"not_picked":["Go for the Eyes","Beam Cell","Defragment"],"picked":"SKIP","floor":86},{"not_picked":["Coolheaded+1","Leap+1","Static Discharge+1"],"picked":"SKIP","floor":88},{"not_picked":["Reboot","Ball Lightning","Leap"],"picked":"SKIP","floor":91},{"not_picked":["ReplayTheSpireMod:Repulse+1","hubris:SpecializedCircuitry"],"picked":"Gash+1","floor":92},{"not_picked":["Machine Learning","Blizzard+1","Coolheaded+1"],"picked":"SKIP","floor":95},{"not_picked":["Chill","Streamline+1","ReplaySolidLightProjector+1"],"picked":"SKIP","floor":96},{"not_picked":["Panic Button","Force Field+1","Coolheaded+1"],"picked":"SKIP","floor":98},{"not_picked":["BootSequence+1","Recycle","ReplayTheSpireMod:Omega Cannon"],"picked":"SKIP","floor":99},{"not_picked":["BootSequence+1","Recycle","ReplayTheSpireMod:Omega Cannon"],"picked":"SKIP","floor":99},{"not_picked":["Go for the Eyes","Turbo","ReplayTheSpireMod:Reroute Power"],"picked":"SKIP","floor":103},{"not_picked":["Rebound","Coolheaded","Beam Cell"],"picked":"SKIP","floor":106},{"not_picked":["Force Field","FIFO Queue","BasicCrystalCard"],"picked":"SKIP","floor":108},{"not_picked":["Loop","Conserve Battery","ReplaySort"],"picked":"SKIP","floor":110},{"not_picked":["Cold Snap","Sweeping Beam","Go for the Eyes"],"picked":"SKIP","floor":112},{"not_picked":["Go for the Eyes","hubris:PowerSurge","Loop"],"picked":"SKIP","floor":114},{"not_picked":["Glacier","Electrodynamics","Sunder"],"picked":"SKIP","floor":116},{"not_picked":["ReplayRNGCard","Thunder Strike"],"picked":"Amplify","floor":118},{"not_picked":["Coolheaded","Gash","Cold Snap"],"picked":"SKIP","floor":120},{"not_picked":["Coolheaded","Amplify","Panic Button"],"picked":"SKIP","floor":121},{"not_picked":["BasicCrystalCard","Beam Cell+1","ReplayGash","Protect"],"picked":"Ball Lightning+1","floor":123},{"not_picked":["Hello World+1","Sweeping Beam","Lockon+1","Cold Snap","WaveOfTheHand"],"picked":"SKIP","floor":124},{"not_picked":["Reprogram","Leap","Aggregate+1","Turbo","CrushJoints"],"picked":"SKIP","floor":126},{"not_picked":["Amplify","Redo+1","Gash","Replay:BluntJabs"],"picked":"Heatsinks+1","floor":130},{"not_picked":["Rebound","Melter+1","Compile Driver","Force Field","Crescendo"],"picked":"SKIP","floor":131},{"not_picked":["ReplaySort","Streamline","Panic Button","Ball Lightning","Crescendo"],"picked":"SKIP","floor":132},{"not_picked":["ReplaySort+1","Steam","Amplify","Heatsinks+1","Protect"],"picked":"SKIP","floor":133},{"not_picked":["ReplaySort+1","Steam","Amplify","Heatsinks+1","Protect"],"picked":"SKIP","floor":133},{"not_picked":["Fission","Biased Cognition","Thunder Strike","Replay:LoomingThreat"],"picked":"Echo Form","floor":137},{"not_picked":["Darkness","BasicCrystalCard+1","Rebound+1","Force Field","Consecrate"],"picked":"SKIP","floor":139},{"not_picked":["Conserve Battery+1","ReplayTheSpireMod:Omega Cannon","Rainbow","CrushJoints"],"picked":"Lockon+1","floor":145},{"not_picked":["Reboot","Beam Cell","Coolheaded+1","Conclude"],"picked":"Lockon+1","floor":148},{"not_picked":["Leap","Machine Learning","Chaos+1","Cold Snap","Replay:AtTheReady"],"picked":"SKIP","floor":149}],"player_experience":888395,"relics_obtained":[{"floor":5,"key":"Ring of Fury"},{"floor":5,"key":"Ring of Panic"},{"floor":6,"key":"Mummified Hand"},{"floor":8,"key":"Lantern"},{"floor":9,"key":"Replay:Baseball"},{"floor":10,"key":"Carrot"},{"floor":12,"key":"DataDisk"},{"floor":23,"key":"Orichalcum"},{"floor":26,"key":"hubris:Metronome"},{"floor":27,"key":"Art of War"},{"floor":30,"key":"hubris:CuriousFeather"},{"floor":40,"key":"Bag of Preparation"},{"floor":42,"key":"infinitespire:Freezer"},{"floor":43,"key":"Kunai"},{"floor":59,"key":"Replay:Antivirus Software"},{"floor":60,"key":"infinitespire:FocusingShard"},{"floor":61,"key":"hubris:SoftwareUpdate"},{"floor":63,"key":"Tiny Chest"},{"floor":74,"key":"Dead Branch"},{"floor":76,"key":"Pen Nib"},{"floor":76,"key":"Blue Candle"},{"floor":77,"key":"infinitespire:BottledMercury"},{"floor":80,"key":"hubris:RGBLights"},{"floor":91,"key":"Turnip"},{"floor":91,"key":"ReplayTheSpireMod:TigerMarble"},{"floor":93,"key":"Pear"},{"floor":94,"key":"Anchor"},{"floor":95,"key":"PreservedInsect"},{"floor":95,"key":"Quantum Egg"},{"floor":99,"key":"Matryoshka"},{"floor":99,"key":"infinitespire:Lucky Rock"},{"floor":108,"key":"hubris:BallOfYels"},{"floor":108,"key":"Bag of Marbles"},{"floor":110,"key":"Eternal Feather"},{"floor":110,"key":"TungstenRod"},{"floor":111,"key":"Geode"},{"floor":111,"key":"Pet Ghost"},{"floor":115,"key":"infinitespire:Beetle Shell"},{"floor":116,"key":"hubris:BundleOfHerbs"},{"floor":116,"key":"ReplayTheSpireMod:Lightbulb"},{"floor":128,"key":"InkBottle"},{"floor":130,"key":"hubris:Reverence"},{"floor":130,"key":"Nunchaku"},{"floor":132,"key":"Bottled Tornado"},{"floor":132,"key":"Juzu Bracelet"},{"floor":138,"key":"Blue Doll"},{"floor":138,"key":"Replay:Bottled Eggs"},{"floor":138,"key":"infinitespire:Magic Flask"},{"floor":145,"key":"Replay:PocketPolymizer"},{"floor":145,"key":"War Paint"},{"floor":146,"key":"infinitespire:ShieldingShard"},{"floor":147,"key":"Regal Pillow"},{"floor":148,"key":"Boot"},{"floor":148,"key":"hubris:TenFootPole"}],"event_choices":[{"damage_healed":0,"gold_gain":0,"player_choice":"Take Damage","damage_taken":18,"relics_obtained":["Golden Idol"],"max_hp_gain":0,"max_hp_loss":0,"event_name":"Golden Idol","floor":4,"gold_loss":0},{"damage_healed":0,"gold_gain":30,"player_choice":"Searched \u00272\u0027 times","damage_taken":0,"max_hp_gain":0,"max_hp_loss":0,"event_name":"Dead Adventurer","floor":12,"gold_loss":0},{"damage_healed":0,"gold_gain":0,"player_choice":"Traded Relic","damage_taken":0,"relics_obtained":["Nloth\u0027s Gift"],"max_hp_gain":0,"max_hp_loss":0,"event_name":"N\u0027loth","floor":20,"relics_lost":["NeowsBlessing"],"gold_loss":0},{"damage_healed":0,"gold_gain":0,"player_choice":"Memory 1","damage_taken":0,"max_hp_gain":0,"max_hp_loss":0,"event_name":"SensoryStone","floor":36,"gold_loss":0},{"damage_healed":0,"gold_gain":333,"player_choice":"Gave Idol","damage_taken":0,"max_hp_gain":0,"max_hp_loss":0,"event_name":"The Moai Head","floor":44,"relics_lost":["Golden Idol"],"gold_loss":0},{"damage_healed":0,"gold_gain":0,"player_choice":"Donut","damage_taken":0,"max_hp_gain":5,"max_hp_loss":0,"event_name":"Big Fish","floor":53,"gold_loss":0},{"damage_healed":0,"gold_gain":0,"player_choice":"Take Damage","damage_taken":20,"relics_obtained":["Golden Idol"],"max_hp_gain":0,"max_hp_loss":0,"event_name":"Golden Idol","floor":56,"gold_loss":0},{"cards_removed":["Strike_B"],"damage_healed":0,"gold_gain":0,"player_choice":"Card Removal","damage_taken":0,"max_hp_gain":0,"max_hp_loss":0,"event_name":"The Cleric","floor":64,"gold_loss":50},{"damage_healed":0,"gold_gain":0,"player_choice":"Memory 1","damage_taken":0,"max_hp_gain":0,"max_hp_loss":0,"event_name":"SensoryStone","floor":87,"gold_loss":0},{"cards_removed":["Defend_B"],"damage_healed":0,"gold_gain":0,"player_choice":"Purged","damage_taken":0,"max_hp_gain":0,"max_hp_loss":0,"event_name":"Purifier","floor":89,"gold_loss":0},{"damage_healed":0,"gold_gain":100,"player_choice":"Pray","damage_taken":0,"max_hp_gain":0,"max_hp_loss":0,"event_name":"Golden Shrine","floor":104,"gold_loss":0},{"damage_healed":0,"gold_gain":100,"player_choice":"Pray","damage_taken":0,"max_hp_gain":0,"max_hp_loss":0,"event_name":"Golden Shrine","floor":141,"gold_loss":0},{"damage_healed":0,"gold_gain":0,"player_choice":"Max HP","damage_taken":0,"max_hp_gain":0,"max_hp_loss":5,"event_name":"Winding Halls","floor":142,"gold_loss":0},{"cards_removed":["Consume"],"damage_healed":0,"gold_gain":0,"player_choice":"Card Removal","damage_taken":0,"max_hp_gain":0,"max_hp_loss":0,"event_name":"Wheel of Change","floor":151,"gold_loss":0}],"is_beta":false,"boss_relics":[{"not_picked":["Inserter","Cursed Key"],"picked":"SlaversCollar"},{"not_picked":["bronze:MakeshiftBattery","Honey Jar"],"picked":"Philosopher\u0027s Stone"},{"not_picked":["hubris:CrackedHourglass","Replay:Grab Bag"],"picked":"ChewingGum"},{"not_picked":["Tiny House","Sozu"],"picked":"Black Star"},{"not_picked":["hubris:ScarierMask","Replay:Bronze Core","Runic Dome"]},{"not_picked":["hubris:RunicObelisk","hubris:GrandSneckoEye"],"picked":"hubris:Backtick"},{"not_picked":["SacredBark","Runic Pyramid"],"picked":"Empty Cage"},{"not_picked":["hubris:CrackedHourglass","bronze:MakeshiftBattery"],"picked":"Calling Bell"}],"items_purged_floors":[19,39,47,62,72,90,105,107,113,122,129,140,143,150],"is_endless":true,"potions_floor_spawned":[1,2,12,13,14,18,21,27,30,33,37,40,46,59,63,65,67,70,71,73,76,84,86,92,98,99,106,108,123,126,131,132,133,148,149],"killed_by":"Nightmare_Alpha","ascension_level":5}}