{"host":"8yon5n5je7lh4vc0","time":1614185868,"event":{"mods":["AchievementEnabler","BaseMod","BetterRewards","Downfall","Gold Saver","Good Game Mod","Highlight Path","Hubris","Infinite Spire","Minty Spire (QoL Compilation)","Permanent Neow","Quick Restart","Remilia（蕾米莉亚）","Remove Card Discount Mod","Replay The Spire","Shop Mod","Spicy Shops","StSLib","SuperFastMode","TestMod","The Animator","Thieving Mod","UnlockEverythingMod","篝火指南"],"gold_per_floor":[113,113,113,388,403,403,159,189,213,246,261,261,25,25,25,130,130,144,161,161,177,177,202,0,32,32,32,32,67,83,98,29,125,125,136,136,1135,1151,1168,1194,745,756,830,848,860,343,203,203,203,209,209,108,7,38,38],"floor_reached":56,"language":"ZHS","playtime":4935,"items_purged":["Strike_G","Defend_G","Defend_G","Strike_G","Defend_G","Strike_G","Strike_G","Strike_G","CommonCold","testmod-LimitFlipper","Looming Evil","Cloak And Dagger","Beam Cell","Sucker Punch","Caltrops","Acrobatics","ReplayTheSpireMod:Scrap Shanks","Dagger Throw","Noxious Fumes","Well Laid Plans","Blade Dance","Blade Dance"],"score":2377,"play_id":"07bffb57-1a07-456e-93b1-9a27b91e961e","local_time":"20210225005748","is_ascension_mode":true,"campfire_choices":[{"floor":6.0,"key":"REST"},{"floor":15,"key":"REST"},{"floor":28,"key":"RECALL"},{"data":"Night Terror","floor":49,"key":"SMITH"}],"circlet_count":0,"master_deck":["AscendersBane","Defend_G+1","Defend_G+1","Doubt","Leap","Regret","Blur","Cloak And Dagger","Parasite","Footwork","Footwork","Backflip","Flying Knee+1","Backflip","Shame","Cloak And Dagger+1","Parasite","Dodge and Roll","Blur+1","Flying Knee+1","Reflex+1","Outmaneuver","Pride","Night Terror+1","Terror+1","Normality","Normality","Noxious Fumes+1","A Thousand Cuts+1","Normality","Caltrops+1","Panache+1","Blur","ReplayTheSpireMod:Uncanny Aura","Parasite","Regret"],"relics":["Ring of the Snake","testmod-TestBox","REME:ComplimentaryCards","testmod-ConstraintPeriapt","Bag of Preparation","Membership Card","Cauldron","hubris:CuriousFeather","Replay:Ancient Bell","Pet Ghost","ReplayTheSpireMod:CursedCoin","hubris:HerbalPaste","hubris:AstralHammer","ReplayTheSpireMod:TigerMarble","infinitespire:WardingShard","infinitespire:Satchel","Regal Pillow","Pondfish Scales","Ring of Misfortune","Ring of Fangs","testmod-LifeArmor","Toolbox","NlothsMask","testmod-SaigiyounoYou","MutagenicStrength","Prayer Wheel","Replay:Ringing Soul","MerchantsRug","Dream Catcher","Nloth\u0027s Gift","Simple Rune","hubris:EmptyBottle","testmod-NegativeEmotionEnhancer","testmod-TestBox","hubris:Zylophone","testmod-Charity","testmod-Acrobat","Akabeko","Quantum Egg","Replay:Lucky Slots","hubris:BottledRain","ReplayFunnel","Medical Kit","PreservedInsect","HandDrill","hubris:PeanutButter","Strange Spoon","Orrery","Replay:Bandana","Guide Book","Durian"],"acts_visited":["Exordium","TheCity","TheBeyond","TheEnding"],"potions_floor_usage":[21,21,33,33,33,33,33,35,38,40,40,55,55,55,55],"damage_taken":[{"damage":2.0,"enemies":"Cultist","floor":1.0,"turns":2.0},{"damage":6.0,"enemies":"2 Louse","floor":5.0,"turns":2.0},{"damage":17.0,"enemies":"Lagavulin","floor":8.0,"turns":5.0},{"damage":7.0,"enemies":"3 Sentries","floor":10.0,"turns":3.0},{"damage":0.0,"enemies":"Jaw Worm","floor":11.0,"turns":2.0},{"damage":0,"enemies":"Slime Boss","floor":16,"turns":6},{"damage":11,"enemies":"2 Thieves","floor":18,"turns":2},{"damage":0,"enemies":"3 Byrds","floor":19,"turns":1},{"damage":0,"enemies":"Snecko","floor":21,"turns":3},{"damage":0,"enemies":"Gremlin Leader","floor":23,"turns":4},{"damage":0,"enemies":"Slavers","floor":25,"turns":2},{"damage":0,"enemies":"Nightmare","floor":29,"turns":4},{"damage":0,"enemies":"Centurion and Healer","floor":30,"turns":4},{"damage":8,"enemies":"Snake Plant","floor":31,"turns":3},{"damage":2,"enemies":"Collector","floor":33,"turns":7},{"damage":0,"enemies":"3 Shapes","floor":35,"turns":1},{"damage":0,"enemies":"Orb Walker","floor":38,"turns":3},{"damage":0,"enemies":"4 Shapes","floor":39,"turns":1},{"damage":2,"enemies":"Giant Head","floor":40,"turns":7},{"damage":1,"enemies":"Writhing Mass","floor":42,"turns":2},{"damage":0,"enemies":"Sphere and 2 Shapes","floor":44,"turns":1},{"damage":15,"enemies":"Transient","floor":45,"turns":5},{"damage":0,"enemies":"hubris:GrandSnecko","floor":50,"turns":10},{"damage":16,"enemies":"Shield and Spear","floor":54,"turns":5},{"damage":30,"enemies":"The Heart","floor":55,"turns":10}],"seed_played":"-4302487140016636419","potions_obtained":[{"floor":0.0,"key":"Fire Potion"},{"floor":0.0,"key":"Fire Potion"},{"floor":0.0,"key":"Energy Potion"},{"floor":0.0,"key":"LifebloodPotion"},{"floor":0.0,"key":"Venom Potion"},{"floor":1.0,"key":"FairyPotion"},{"floor":11.0,"key":"Energy Potion"},{"floor":21,"key":"BlessingOfTheForge"},{"floor":38,"key":"Milkshake"},{"floor":39,"key":"bronze:BurnAndBuffPotion"}],"is_trial":false,"path_per_floor":["M","?","?","?","M","R","$","E","T","E","M","?","R","?","R","B",null,"M","M","?","M","?","E","R","E","T","?","R","NM","M","M","R","B",null,"M","?","?","M","M","E","$","M","T","M","M","$","R","?","R","B",null,"R","$","E","B",null],"character_chosen":"THE_SILENT","items_purchased":["Bag of Preparation","Membership Card","Cauldron","Pet Ghost","ReplayTheSpireMod:CursedCoin","hubris:HerbalPaste","Dagger Throw","ReplayTheSpireMod:TigerMarble","ClockworkSouvenir","Cloak And Dagger","testmod-SpacePotion","infinitespire:WardingShard","Noxious Fumes","testmod-LifeArmor","Footwork","Backflip","Blade Dance","Toolbox","Replay:Ringing Soul","Dodge and Roll","MerchantsRug","Doom Potion","hubris:EmptyBottle","Cloak And Dagger","testmod-Charity","testmod-Acrobat","Akabeko","Quantum Egg","Replay:Lucky Slots","bronze:BurnAndBuffPotion","hubris:BottledRain","ReplayFunnel","Medical Kit","PreservedInsect","HandDrill","Panache","Blur","hubris:PeanutButter","Strange Spoon","Orrery","Replay:Bandana","Guide Book"],"campfire_rested":2,"item_purchase_floors":[0,0,0,0,0,0,0,7,7,7,7,7,7,13,13,13,13,13,24,24,24,24,32,32,41,41,41,41,41,41,46,46,46,46,46,46,47,47,52,52,53,53],"current_hp_per_floor":[34,27,27,27,26,47,47,44,44,47,55,55,55,55,70,70,70,70,70,70,70,70,70,73,73,73,73,73,76,79,82,85,88,88,92,92,95,96,100,104,107,113,114,117,115,118,121,124,124,141,141,144,147,164,168],"gold":38,"neow_bonus":"","is_daily":false,"chose_seed":false,"campfire_upgraded":1,"win_rate":0.0,"timestamp":1614185868,"path_taken":["M","?","?","?","?","R","?","E","T","E","M","?","R","?","R","BOSS","M","?","?","M","?","E","R","E","T","?","R","NM","?","M","R","BOSS","M","?","?","M","M","E","$","M","T","M","M","?","R","?","R","BOSS","R","$","E","BOSS"],"items_purchased_type":["Relic","Relic","Relic","Relic","Relic","Relic","Card","Relic","Relic","Card","Potion","Relic","Card","Relic","Card","Card","Card","Relic","Relic","Card","Relic","Potion","Relic","Card","Relic","Relic","Relic","Relic","Relic","Potion","Relic","Relic","Relic","Relic","Relic","Card","Card","Relic","Relic","Relic","Relic","Relic"],"build_version":"2020-12-22","purchased_purges":22,"victory":true,"max_hp_per_floor":[70,70,70,70,70,70,70,70,70,70,70,70,70,70,70,70,70,70,70,70,70,70,70,73,73,73,73,73,76,79,82,85,88,88,92,92,95,96,100,104,107,113,114,117,123,126,129,132,132,141,141,144,147,166,179],"card_choices":[{"not_picked":["Deadly Poison","Acrobatics"],"picked":"ReplayTheSpireMod:Scrap Shanks","floor":1.0},{"not_picked":["Acrobatics","Replay:Poison Smokescreen"],"picked":"Blur","floor":5.0},{"not_picked":["Poisoned Stab","ReplayTheSpireMod:Scrap Shanks"],"picked":"Sucker Punch","floor":8.0},{"not_picked":["Dodge and Roll","Backflip"],"picked":"Well Laid Plans","floor":10.0},{"not_picked":["All Out Attack","Expertise"],"picked":"Caltrops","floor":11.0},{"not_picked":["Backflip+1","Expertise+1"],"picked":"Flying Knee+1","floor":18},{"not_picked":["ReplayTheSpireMod:Exploit Weakness","ReplayTheSpireMod:Speed Training"],"picked":"Acrobatics","floor":19},{"not_picked":["Backstab","Hidden Blade"],"picked":"Backflip","floor":21},{"not_picked":["Flying Knee","ReplayTheSpireMod:From All Sides"],"picked":"Cloak And Dagger+1","floor":23},{"not_picked":["ReplayTheSpireMod:Shiv Toss+1","Dash+1","Underhanded Strike"],"picked":"SKIP","floor":25},{"not_picked":["Cloak And Dagger","Escape Plan"],"picked":"Blur+1","floor":29},{"not_picked":["Deadly Poison","Prepared"],"picked":"Flying Knee+1","floor":30},{"not_picked":["Glass Knife","ReplayTheSpireMod:Speed Training","Deadly Poison+1"],"picked":"SKIP","floor":30},{"not_picked":["Expertise+1","Toxin Wave"],"picked":"Reflex+1","floor":31},{"not_picked":["Choke","Footwork"],"picked":"Outmaneuver","floor":31},{"not_picked":["Envenom","Venomology"],"picked":"Night Terror","floor":33},{"not_picked":["Crippling Poison","Poisoned Stab+1"],"picked":"Terror+1","floor":35},{"not_picked":["Prepared+1","Slice+1","hubris:Counter+1"],"picked":"SKIP","floor":35},{"not_picked":["Riddle With Holes","Crippling Poison+1","Backflip"],"picked":"SKIP","floor":38},{"not_picked":["Sucker Punch+1","Slice+1","Masterful Stab"],"picked":"SKIP","floor":38},{"not_picked":["hubris:SlightOfHand+1","ReplayTheSpireMod:Scrap Shanks"],"picked":"Noxious Fumes+1","floor":39},{"not_picked":["hubris:SlightOfHand","Cloak And Dagger","Underhanded Strike+1"],"picked":"SKIP","floor":39},{"not_picked":["Adrenaline","ReplayTheSpireMod:The Works+1"],"picked":"A Thousand Cuts","floor":40},{"not_picked":["Acrobatics","Underhanded Strike+1"],"picked":"Caltrops+1","floor":42},{"not_picked":["Crippling Poison+1","Poison Darts","Deadly Poison+1"],"picked":"SKIP","floor":42},{"not_picked":["Hidden Blade","Heel Hook+1","PiercingWail"],"picked":"SKIP","floor":44},{"not_picked":["Underhanded Strike","Quick Slash+1","Flying Knee"],"picked":"SKIP","floor":44},{"not_picked":["Quick Slash","Terror+1","Backstab+1"],"picked":"SKIP","floor":45},{"not_picked":["Dodge and Roll","Flying Knee+1","Setup"],"picked":"SKIP","floor":45},{"not_picked":["Bouncing Flask","Noxious Fumes","Malaise"],"picked":"SKIP","floor":54}],"player_experience":31350,"relics_obtained":[{"floor":8.0,"key":"infinitespire:Satchel"},{"floor":9.0,"key":"Regal Pillow"},{"floor":10.0,"key":"Pondfish Scales"},{"floor":12.0,"key":"Ring of Misfortune"},{"floor":12.0,"key":"Ring of Fangs"},{"floor":23,"key":"ReplayTheSpireMod:Ninjato"},{"floor":25,"key":"Dream Catcher"},{"floor":29,"key":"Simple Rune"},{"floor":40,"key":"hubris:Zylophone"},{"floor":54,"key":"Durian"}],"event_choices":[{"damage_healed":0.0,"max_hp_gain":0.0,"max_hp_loss":0.0,"gold_gain":0.0,"event_name":"恩洛斯的盘子","player_choice":"Ignored","floor":2.0,"gold_loss":0.0,"damage_taken":7.0},{"damage_healed":0.0,"max_hp_gain":0.0,"max_hp_loss":0.0,"gold_gain":275.0,"event_name":"Golden Shrine","player_choice":"Desecrate","floor":4.0,"gold_loss":0.0,"damage_taken":0.0,"cards_obtained":["Regret"]},{"damage_healed":0.0,"max_hp_gain":0.0,"max_hp_loss":0.0,"gold_gain":0.0,"event_name":"FaceTrader","player_choice":"Trade","floor":14.0,"gold_loss":0.0,"damage_taken":0.0,"relics_obtained":["NlothsMask"]},{"damage_healed":0,"gold_gain":0,"player_choice":"Inject Mutagens","damage_taken":0,"relics_obtained":["MutagenicStrength"],"max_hp_gain":0,"max_hp_loss":0,"event_name":"Drug Dealer","floor":20,"gold_loss":0},{"damage_healed":0,"gold_gain":0,"player_choice":"Stole Relic","damage_taken":0,"relics_obtained":["Prayer Wheel"],"max_hp_gain":0,"max_hp_loss":0,"event_name":"Addict","floor":22,"gold_loss":0,"cards_obtained":["Shame"]},{"damage_healed":0,"gold_gain":0,"player_choice":"Traded Relic","damage_taken":0,"relics_obtained":["Nloth\u0027s Gift"],"max_hp_gain":0,"max_hp_loss":0,"event_name":"N\u0027loth","floor":27,"relics_lost":["ClockworkSouvenir"],"gold_loss":0},{"damage_healed":0,"gold_gain":0,"player_choice":"Swap Relic","damage_taken":0,"relics_obtained":["testmod-TestBox"],"max_hp_gain":0,"max_hp_loss":0,"event_name":"给自己的盒子","floor":36,"relics_lost":["ReplayTheSpireMod:Ninjato"],"gold_loss":0},{"damage_healed":0,"gold_gain":999,"player_choice":"Gold","damage_taken":0,"max_hp_gain":0,"max_hp_loss":0,"event_name":"MindBloom","floor":37,"gold_loss":0,"cards_obtained":["Normality","Normality"]},{"damage_healed":0,"gold_gain":0,"player_choice":"1 cards matched","damage_taken":0,"max_hp_gain":0,"max_hp_loss":0,"event_name":"Match and Keep!","floor":48,"gold_loss":0,"cards_obtained":["ReplayTheSpireMod:Uncanny Aura"]}],"is_beta":false,"boss_relics":[{"not_picked":["Snecko Scales","SacredBark"],"picked":"testmod-SaigiyounoYou"},{"not_picked":["infinitespire:Cupcake","testmod-TimeTraveler"],"picked":"testmod-NegativeEmotionEnhancer"}],"items_purged_floors":[0,0,0,0,0,13,13,13,13,24,32,32,32,32,32,32,41,41,41,41,41,41],"is_endless":false,"potions_floor_spawned":[1,11,16,21,29,31,35,38,39,44],"ascension_level":10}}