{"host":"xwl7b08i4vco8s3a","time":1614129839,"event":{"mods":["BaseMod","Colored Powertips","Downfall","Hermit","Minty Spire (QoL Compilation)","Replay The Spire","StSLib","Wandering Minibosses"],"gold_per_floor":[99,99,110,124,124,124,124,130,30,52,62,62,70,79,85,75,75,75],"floor_reached":16,"language":"ENG","playtime":861,"items_purged":[],"score":106,"play_id":"93700485-c486-4268-96b7-8da9d5e0ec67","local_time":"20210224022359","is_ascension_mode":false,"campfire_choices":[{"floor":1,"key":"RECALL"},{"data":"Guardian:CurlUp","floor":9,"key":"SMITH"},{"floor":12,"key":"REST"}],"circlet_count":0,"master_deck":["Guardian:Strike_Guardian","Guardian:Strike_Guardian","Guardian:Strike_Guardian","Guardian:Strike_Guardian","Guardian:Defend_Guardian","Guardian:Defend_Guardian","Guardian:Defend_Guardian","Guardian:Defend_Guardian","Guardian:CurlUp+1","Guardian:TwinSlam+1","Guardian:Gem_Green","Guardian:TemporalShield+1","Parasite","Guardian:BronzeOrb","Guardian:TemporalStrike","Guardian:TemporalShield","Guardian:TemporalStrike","Guardian:GemFinder"],"relics":["Guardian:ModeShifter","ReplayTheSpireMod:Ninjato","downfall:HeartBlessingRed","Meat on the Bone"],"acts_visited":["Exordium"],"potions_floor_usage":[16,16,16],"damage_taken":[{"damage":5,"enemies":"Jaw Worm","floor":3,"turns":6},{"damage":0,"enemies":"2 Louse","floor":4,"turns":3},{"damage":7,"enemies":"Cultist","floor":5,"turns":7},{"damage":25,"enemies":"Large Slime","floor":8,"turns":8},{"damage":29,"enemies":"3 Sentries","floor":10,"turns":12},{"damage":0,"enemies":"downfall:LooterAlt","floor":11,"turns":3},{"damage":0,"enemies":"2 Fungi Beasts","floor":13,"turns":4},{"damage":0,"enemies":"Lots of Slimes","floor":14,"turns":5},{"damage":0,"enemies":"Exordium Wildlife","floor":15,"turns":3},{"damage":72,"enemies":"WA_ARCHETYPE_RETAIN","floor":16,"turns":13}],"seed_played":"2162149707107116392","potions_obtained":[{"floor":3,"key":"Weak Potion"},{"floor":5,"key":"Reflective Coating"},{"floor":11,"key":"AttackPotion"}],"is_trial":false,"path_per_floor":["R","?","M","M","M","?","T","M","R","E","M","R","M","M","M","B"],"character_chosen":"GUARDIAN","items_purchased":[],"campfire_rested":1,"item_purchase_floors":[],"current_hp_per_floor":[88,88,83,83,76,76,76,51,51,22,34,60,60,60,60,0,0,0],"gold":75,"neow_bonus":"TEN_PERCENT_HP_BONUS","is_daily":false,"chose_seed":false,"campfire_upgraded":1,"win_rate":0.0,"timestamp":1614129839,"path_taken":["R","?","M","M","M","?","T","M","R","E","?","R","M","M","M","BOSS"],"items_purchased_type":[],"build_version":"2020-12-22","purchased_purges":0,"victory":false,"max_hp_per_floor":[88,88,88,88,88,88,88,88,88,88,88,88,88,88,88,88,88,88],"card_choices":[{"not_picked":["Guardian:BronzeArmor","Guardian:PrimingBeam"],"picked":"Guardian:Gem_Green","floor":3},{"not_picked":["Guardian:Gem_Lightblue","Guardian:CrystalBeam","Guardian:PolyBeam"],"picked":"SKIP","floor":4},{"not_picked":["Guardian:Reroute","Guardian:TimeCapacitor"],"picked":"Guardian:TemporalShield","floor":5},{"not_picked":["Guardian:TemporalShield","Guardian:ShieldSpikes","Guardian:Reroute"],"picked":"SKIP","floor":8},{"not_picked":["Guardian:FierceBash","Guardian:FloatingOrbs"],"picked":"Guardian:BronzeOrb","floor":10},{"not_picked":["Guardian:PiercingHide","Guardian:ChargeUp"],"picked":"Guardian:TemporalStrike","floor":11},{"not_picked":["Guardian:Planning","Guardian:ArmoredProtocol"],"picked":"Guardian:TemporalShield","floor":13},{"not_picked":["Guardian:Incinerate","Guardian:Repulse"],"picked":"Guardian:TemporalStrike","floor":14},{"not_picked":["Guardian:Planning","Guardian:WalkerClaw"],"picked":"Guardian:GemFinder","floor":15}],"player_experience":470237,"relics_obtained":[{"floor":7,"key":"ReplayTheSpireMod:Ninjato"},{"floor":10,"key":"Meat on the Bone"}],"event_choices":[],"is_beta":false,"boss_relics":[],"items_purged_floors":[],"is_endless":false,"potions_floor_spawned":[3,5,11,15],"killed_by":"WA_ARCHETYPE_RETAIN","ascension_level":0}}