{"host":"75f7vpxw7p171fvt","time":1614145028,"event":{"mods":["100% Spire Juice","Act Like it!","Arknights","Astrologer","Bard","BaseMod","CapriCore","ChefMod","Clockwork Mod","Communication Mod","Downfall","Duelist Mod","Gensokyo","Gremlin Mod","Jorbs\u0027s Wanderer Trilogy","Minty Spire (QoL Compilation)","Potionbrewer","Reliquary","Robot Space Explorer","Shapeshifter Mod","StS++","StSLib","The Administrix","The Animator","The Blackbeard","The Dragon Tamer","The Gatherer","The Immortal","The Mystic","The Poker Player"],"gold_per_floor":[110,285,57,74,74,6,23,41,65,65,80,80,80],"floor_reached":12,"language":"ENG","playtime":2142,"items_purged":[],"score":70,"play_id":"dc198e40-0afd-4e30-90cd-448ee8d92eeb","local_time":"20210223213708","is_ascension_mode":false,"campfire_choices":[{"floor":10,"key":"REST"}],"circlet_count":0,"master_deck":["Clockwork:Strike","Clockwork:Strike","Clockwork:Strike","Clockwork:Strike+1","Clockwork:Shield","Clockwork:Shield","Clockwork:Shield","Clockwork:Shield","Clockwork:Tinker","Clockwork:WarmUp","Doubt","Clockwork:AssemblyLine","Clockwork:Randomization","Clockwork:SystemScan","Clockwork:QuantumStrike","Clockwork:CraftVarja","Clockwork:ChargingShield","Clockwork:FalseStart"],"relics":["Clockwork:MomentumEngine","Clockwork:GoldenCog","Boot","Clockwork:CopperScales"],"acts_visited":["Exordium"],"potions_floor_usage":[8],"damage_taken":[{"damage":4,"enemies":"Small Slimes","floor":1,"turns":6},{"damage":42,"enemies":"Jaw Worm","floor":4,"turns":10},{"damage":46,"enemies":"Cultist","floor":7,"turns":7},{"damage":0,"enemies":"Large Slime","floor":8,"turns":9},{"damage":14,"enemies":"Exordium Wildlife","floor":11,"turns":9},{"damage":30,"enemies":"Lagavulin","floor":12,"turns":5}],"seed_played":"3817296192582792050","potions_obtained":[{"floor":4,"key":"potionbrewer:AcidPotion"},{"floor":7,"key":"AttackPotion"}],"is_trial":false,"path_per_floor":["M","?","$","M","?","$","M","M","T","R","M","E"],"character_chosen":"CLOCKWORK","items_purchased":["Clockwork:AssemblyLine","Clockwork:Randomization","Clockwork:QuantumStrike"],"campfire_rested":1,"item_purchase_floors":[3,3,6],"current_hp_per_floor":[89,89,89,47,52,52,6,6,6,35,21,0,0],"gold":80,"neow_bonus":"TEN_PERCENT_HP_BONUS","is_daily":false,"chose_seed":false,"campfire_upgraded":0,"win_rate":0.0,"timestamp":1614145028,"path_taken":["M","?","$","M","?","?","M","M","T","R","M","E"],"items_purchased_type":["Card","Card","Card"],"build_version":"2020-12-22","purchased_purges":0,"victory":false,"max_hp_per_floor":[93,93,93,93,98,98,98,98,98,98,98,98,98],"card_choices":[{"not_picked":["Clockwork:ChargingShield","Clockwork:ForgeStrike"],"picked":"Clockwork:CraftCopperScales","floor":1},{"not_picked":["Clockwork:Enhance","Clockwork:ChargingBlade"],"picked":"Clockwork:SystemScan","floor":4},{"not_picked":["Clockwork:StasisBreak","Clockwork:ReserveSystems"],"picked":"Clockwork:CraftVarja","floor":7},{"not_picked":["Clockwork:ReserveSystems","Clockwork:CogToss"],"picked":"Clockwork:ChargingShield","floor":8},{"not_picked":["Clockwork:Scour","Clockwork:Minimalism"],"picked":"Clockwork:FalseStart","floor":11}],"player_experience":15645,"relics_obtained":[{"floor":9,"key":"Boot"}],"event_choices":[{"damage_healed":0,"gold_gain":175,"player_choice":"AGREE","damage_taken":0,"max_hp_gain":0,"max_hp_loss":0,"event_name":"Liars Game","floor":2,"gold_loss":0,"cards_obtained":["Doubt"]},{"damage_healed":0,"gold_gain":0,"player_choice":"Donut","damage_taken":0,"max_hp_gain":5,"max_hp_loss":0,"event_name":"Big Fish","floor":5,"gold_loss":0}],"is_beta":false,"boss_relics":[],"items_purged_floors":[],"is_endless":false,"potions_floor_spawned":[4,7],"killed_by":"Lagavulin","ascension_level":0}}