{"host":"6ahom0dz06olb67e","time":1614138987,"event":{"mods":["BaseMod","Colored Map","Colored Powertips","Minty Spire (QoL Compilation)","Random Character Button","StSLib","The Hierophant"],"gold_per_floor":[111,186,57,74,89,120,134,34,34,34,65,80,94,94,94,94,94],"floor_reached":16,"language":"ENG","playtime":1351,"items_purged":["Strike_R","Strike_R"],"score":112,"play_id":"d4b9951b-759a-43c7-95d5-abae853ff1dd","local_time":"20210223225627","is_ascension_mode":false,"campfire_choices":[{"data":"Entrench","floor":15,"key":"SMITH"}],"circlet_count":0,"master_deck":["Strike_R","Strike_R","Defend_R","Defend_R","Defend_R","Defend_R","Bash","Twin Strike","Iron Wave","Entrench+1","Cleave","Twin Strike","Shrug It Off"],"relics":["Burning Blood","Nunchaku","Blood Vial","Matryoshka"],"acts_visited":["Exordium"],"potions_floor_usage":[11,11,11,16],"damage_taken":[{"damage":3,"enemies":"Small Slimes","floor":1,"turns":3},{"damage":1,"enemies":"Cultist","floor":4,"turns":3},{"damage":2,"enemies":"2 Louse","floor":5,"turns":3},{"damage":14,"enemies":"Gremlin Nob","floor":6,"turns":4},{"damage":10,"enemies":"Looter","floor":7,"turns":2},{"damage":21,"enemies":"Lagavulin","floor":11,"turns":7},{"damage":3,"enemies":"2 Fungi Beasts","floor":12,"turns":3},{"damage":4,"enemies":"Blue Slaver","floor":13,"turns":3},{"damage":24,"enemies":"Slime Boss","floor":16,"turns":8}],"seed_played":"-6936382140530264897","potions_obtained":[{"floor":5,"key":"SteroidPotion"},{"floor":6,"key":"GamblersBrew"},{"floor":7,"key":"HeartOfIron"},{"floor":12,"key":"Weak Potion"}],"is_trial":false,"path_per_floor":["M","?","$","M","M","E","M","$","T","?","E","M","M","$","R","B"],"character_chosen":"IRONCLAD","items_purchased":["Iron Wave"],"campfire_rested":0,"item_purchase_floors":[3],"current_hp_per_floor":[88,80,80,85,88,80,76,76,76,69,56,61,65,65,65,43,43],"gold":94,"neow_bonus":"TEN_PERCENT_HP_BONUS","is_daily":false,"chose_seed":false,"campfire_upgraded":1,"win_rate":0.0,"timestamp":1614138987,"path_taken":["M","?","$","M","M","E","M","?","T","?","E","M","M","$","R","BOSS"],"items_purchased_type":["Card"],"build_version":"2020-12-22","purchased_purges":2,"victory":false,"max_hp_per_floor":[88,88,88,88,88,88,88,88,88,88,88,88,88,88,88,88,88],"card_choices":[{"not_picked":["Headbutt","Sword Boomerang"],"picked":"Twin Strike","floor":1},{"not_picked":["Dual Wield","Disarm","Clash"],"picked":"SKIP","floor":4},{"not_picked":["Wild Strike","Carnage"],"picked":"Entrench","floor":5},{"not_picked":["Perfected Strike","Fire Breathing","Rampage"],"picked":"SKIP","floor":6},{"not_picked":["Battle Trance","Feel No Pain"],"picked":"Cleave","floor":7},{"not_picked":["Havoc","Impervious"],"picked":"Twin Strike","floor":11},{"not_picked":["Flex","Fire Breathing"],"picked":"Shrug It Off","floor":12},{"not_picked":["Metallicize","Sword Boomerang","Body Slam"],"picked":"SKIP","floor":13}],"player_experience":47974,"relics_obtained":[{"floor":6,"key":"Nunchaku"},{"floor":9,"key":"Blood Vial"},{"floor":11,"key":"Matryoshka"}],"event_choices":[{"damage_healed":0,"gold_gain":75,"player_choice":"Touch","damage_taken":8,"max_hp_gain":0,"max_hp_loss":0,"event_name":"FaceTrader","floor":2,"gold_loss":0},{"cards_removed":["Strike_R"],"damage_healed":0,"gold_gain":0,"player_choice":"Card Removal","damage_taken":7,"max_hp_gain":0,"max_hp_loss":0,"event_name":"Golden Wing","floor":10,"gold_loss":0}],"is_beta":false,"boss_relics":[],"items_purged_floors":[3,8],"is_endless":false,"potions_floor_spawned":[5,6,7,12],"killed_by":"Slime Boss","ascension_level":0}}