{"host":"g7mkzn6qfoxkk5sz","time":1614178332,"event":{"mods":["BaseMod","Colored Map","Colored Powertips","Downfall","Minty Spire (QoL Compilation)","StSLib"],"gold_per_floor":[99,109,109,109,284,297,373,373,388,406,406,856,856,889,905,1000,1000,1000,1015,494,509,509,528,553,553,575,575,590,168,68,77,96,208,208,208,219,219,229,229,229,229,229],"floor_reached":40,"language":"ENG","playtime":1612,"items_purged":["Doubt","downfall:Bewildered"],"score":411,"play_id":"7ca41ffa-3102-4278-a8b3-42a06d5bfaa1","local_time":"20210224165212","is_ascension_mode":false,"campfire_choices":[{"data":"hexamod:Sear","floor":1,"key":"SMITH"},{"data":"1","floor":8,"key":"LIFT"},{"data":"2","floor":11,"key":"LIFT"},{"data":"3","floor":13,"key":"LIFT"},{"floor":18,"key":"REST"},{"floor":25,"key":"RECALL"},{"floor":30,"key":"REST"},{"floor":35,"key":"REST"}],"circlet_count":0,"master_deck":["hexamod:Strike+1","hexamod:Strike","hexamod:Strike","hexamod:Strike","hexamod:Defend","hexamod:Defend","hexamod:Defend","hexamod:Defend","hexamod:Sear+1","hexamod:Float","hexamod:SuperheatedStrike+1","hexamod:SwordOfDarkness","hexamod:Firestarter","hexamod:BurningTouch","hexamod:FlamesFromBeyond","hexamod:PhantomCloak","hexamod:GhostOfSpirePresent","hexamod:SpectersWail","hexamod:RainOfEmbers+1","hexamod:Hexaguard","hexamod:SoulSteal","hexamod:Incineration+1","Mayhem","RitualDagger","hexamod:SixthSeal"],"relics":["hexamod:SpiritBrand","Girya","White Beast Statue","Pantograph","Fusion Hammer","Meat on the Bone","ClockworkSouvenir","CeramicFish","Blue Candle","Omamori","downfall:HeartBlessingRed","Busted Crown"],"acts_visited":["Exordium","TheCity","TheBeyond"],"potions_floor_usage":[14,40],"damage_taken":[{"damage":1,"enemies":"Jaw Worm","floor":2,"turns":4},{"damage":0,"enemies":"2 Louse","floor":6,"turns":3},{"damage":0,"enemies":"Cultist","floor":9,"turns":3},{"damage":0,"enemies":"3 Louse","floor":10,"turns":3},{"damage":8,"enemies":"Lagavulin","floor":14,"turns":5},{"damage":2,"enemies":"Large Slime","floor":15,"turns":5},{"damage":42,"enemies":"WA_ARCHETYPE_RETAIN","floor":16,"turns":6},{"damage":11,"enemies":"Spheric Guardian","floor":19,"turns":5},{"damage":3,"enemies":"downfall:FleeingMerchant","floor":20,"turns":4},{"damage":13,"enemies":"Shell Parasite","floor":21,"turns":4},{"damage":11,"enemies":"Cultist and Chosen","floor":23,"turns":5},{"damage":18,"enemies":"Centurion and Healer","floor":26,"turns":3},{"damage":7,"enemies":"Shelled Parasite and Fungi","floor":28,"turns":3},{"damage":3,"enemies":"downfall:FleeingMerchant","floor":29,"turns":4},{"damage":11,"enemies":"Snake Plant","floor":32,"turns":3},{"damage":55,"enemies":"IC_MUSHROOM_ARCHETYPE","floor":33,"turns":7},{"damage":50,"enemies":"3 Darklings","floor":36,"turns":4},{"damage":14,"enemies":"3 Shapes","floor":38,"turns":4},{"damage":47,"enemies":"2 Orb Walkers","floor":40,"turns":4}],"seed_played":"-8000203960532490106","potions_obtained":[{"floor":6,"key":"SneckoOil"},{"floor":9,"key":"SmokeBomb"},{"floor":10,"key":"hexamod:SoulburnPotion"},{"floor":14,"key":"Strength Potion"},{"floor":20,"key":"AttackPotion"},{"floor":21,"key":"Block Potion"},{"floor":26,"key":"CultistPotion"}],"is_trial":false,"path_per_floor":["R","M","?","?","?","M","T","R","M","M","R","?","R","E","M","B",null,"R","M","$","M","?","M","T","R","M","?","M","$","R","?","M","B",null,"R","M","?","M","?","?"],"character_chosen":"THE_SPIRIT","items_purchased":["Meat on the Bone","ClockworkSouvenir","hexamod:Hexaguard","Mayhem","Omamori"],"campfire_rested":3,"item_purchase_floors":[20,20,20,29,29],"current_hp_per_floor":[49,48,48,48,48,48,48,48,48,48,48,48,48,40,38,21,70,70,59,56,43,43,44,44,44,38,33,38,47,68,62,51,27,70,70,32,61,47,47,0,0,0],"gold":229,"neow_bonus":"ONE_RARE_RELIC","is_daily":false,"chose_seed":false,"campfire_upgraded":1,"win_rate":0.0,"timestamp":1614178332,"path_taken":["R","M","?","?","?","M","T","R","?","M","R","?","R","E","M","BOSS","R","M","$","M","?","?","T","R","M","?","M","$","R","?","M","BOSS","R","M","?","M","?","?"],"items_purchased_type":["Relic","Relic","Card","Card","Relic"],"build_version":"2020-12-22","purchased_purges":2,"victory":false,"max_hp_per_floor":[70,70,70,70,70,70,70,70,70,70,70,70,70,70,70,70,70,70,70,70,70,70,70,70,70,70,70,70,70,70,70,70,70,70,70,70,61,61,61,61,61,61],"card_choices":[{"not_picked":["hexamod:FastForward","hexamod:ExtraCrispy"],"picked":"hexamod:SuperheatedStrike","floor":2},{"not_picked":["hexamod:SuperheatedStrike","hexamod:PowerFromBeyond"],"picked":"hexamod:SwordOfDarkness","floor":6},{"not_picked":["hexamod:Hexaguard","hexamod:ShieldOfDarkness"],"picked":"hexamod:Firestarter","floor":9},{"not_picked":["hexamod:Again","hexamod:AdvancingGuard"],"picked":"hexamod:BurningTouch","floor":10},{"not_picked":["hexamod:SuperheatedStrike","hexamod:SixthSeal"],"picked":"hexamod:FlamesFromBeyond","floor":14},{"not_picked":["hexamod:NightmareStrike","hexamod:RecurringNightmare"],"picked":"hexamod:PhantomCloak","floor":15},{"not_picked":["hexamod:UnleashSpirits","hexamod:FifthSeal"],"picked":"hexamod:GhostOfSpirePresent","floor":16},{"not_picked":["hexamod:GhostShield","hexamod:NecessarySacrifice"],"picked":"hexamod:SpectersWail","floor":19},{"not_picked":["hexamod:StepThrough","hexamod:SwordOfDarkness"],"picked":"hexamod:RainOfEmbers+1","floor":20},{"not_picked":["hexamod:GhostShield+1","hexamod:SkipABeat+1"],"picked":"hexamod:SoulSteal","floor":21},{"not_picked":["hexamod:SoulSteal","hexamod:HeatCrush","hexamod:StepThrough"],"picked":"SKIP","floor":23},{"not_picked":["hexamod:SuperheatedStrike","hexamod:HeatCrush"],"picked":"hexamod:Incineration+1","floor":26},{"not_picked":["hexamod:BacktrackSmack","hexamod:InspiringFlames","hexamod:Incineration"],"picked":"SKIP","floor":28},{"not_picked":["hexamod:BacktrackSmack","hexamod:DynamicBlow","hexamod:ThermalTransfer"],"picked":"SKIP","floor":29},{"not_picked":["hexamod:SwordOfDarkness","hexamod:InspiringFlames","hexamod:FastForward"],"picked":"SKIP","floor":32},{"not_picked":["hexamod:TimeOfNeed","hexamod:ForkedFlame"],"picked":"hexamod:SixthSeal","floor":33},{"not_picked":["hexamod:ThermalTransfer+1"],"picked":"SKIP","floor":36},{"not_picked":["hexamod:ThermalTransfer+1"],"picked":"SKIP","floor":36},{"not_picked":["hexamod:NightmareStrike"],"picked":"SKIP","floor":38}],"player_experience":495628,"relics_obtained":[{"floor":7,"key":"White Beast Statue"},{"floor":14,"key":"Pantograph"},{"floor":24,"key":"CeramicFish"}],"event_choices":[{"damage_healed":0,"gold_gain":0,"player_choice":"Fight","damage_taken":0,"max_hp_gain":0,"max_hp_loss":0,"event_name":"Mysterious Sphere","floor":40,"gold_loss":0}],"is_beta":false,"boss_relics":[{"not_picked":["Tiny House","Pandora\u0027s Box"],"picked":"Fusion Hammer"},{"not_picked":["hexamod:IceCube","expansioncontent:StudyCardRelic"],"picked":"Busted Crown"}],"items_purged_floors":[20,29],"is_endless":false,"potions_floor_spawned":[6,9,10,14,15,16,19,20,21,23,26,28,29,32,33,36,38],"killed_by":"2 Orb Walkers","ascension_level":0}}