{"host":"36nosutyzulbwemu","time":1614180085,"event":{"mods":["ATMod(∞¢Ë™Mod)","BaseMod","Lobotomy","Minty Spire (QoL Compilation)","Reimu£®≤©¿ˆ¡È√Œ£©","Reliquary","Replay The Spire","Shop Mod","StSLib","The Servant 0.9.4"],"gold_per_floor":[147,177,234,291,370,370,370],"floor_reached":6,"language":"ZHS","playtime":945,"items_purged":[],"score":80,"play_id":"f7dc89e7-449c-42f0-bafe-a64334ea99d2","local_time":"20210224232125","daily_mods":["Draft","Specialized","Vintage","Allstar","Red Cards","Colorless Cards","Heirloom","Flight","DeadlyEvents","Elite Swarm","Midas"],"is_ascension_mode":true,"campfire_choices":[],"circlet_count":0,"master_deck":["Demon Form","Wraith Form v2","Echo Form","DevaForm","FlawlessForm","Entrench","Entrench","Entrench","Entrench","Entrench","Replay:Bootleg Shield Generator","Twin Strike","AirStrike:ReiMu","Armaments","LearningPray:ReiMu","Shrug It Off","RainPray2:ReiMu+1","Uppercut","Gathering:ReiMu","SubAcupoint:ReiMu","Spot Weakness","Thunderclap","OrbThrow:ReiMu","Enchanting:ReiMu","Jack Of All Trades+1"],"relics":["Unceasing Top","replay:Trail_Library","AT_ATBox","Salt:ReiMu","reliquary:Sod","reliquary:Buckler","Ornamental Fan","Replay:Mystery Machine"],"acts_visited":["Exordium"],"potions_floor_usage":[2,4],"damage_taken":[{"damage":0,"enemies":"Cultist","floor":1,"turns":5},{"damage":11,"enemies":"2 Louse","floor":2,"turns":4},{"damage":4,"enemies":"Small Slimes","floor":3,"turns":2},{"damage":26,"enemies":"Exordium Thugs","floor":4,"turns":6},{"damage":11,"enemies":"3 Sentries","floor":6,"turns":4}],"seed_played":"7187763277717728637","potions_obtained":[{"floor":1,"key":"Languid Potion"},{"floor":3,"key":"LiquidFlight:ReiMu"}],"is_trial":true,"path_per_floor":["M","M","M","M","?","E"],"character_chosen":"REIMU","items_purchased":[],"campfire_rested":0,"item_purchase_floors":[],"current_hp_per_floor":[59,48,44,18,18,7,7],"gold":370,"neow_bonus":"","is_daily":false,"chose_seed":false,"campfire_upgraded":0,"win_rate":0.0,"timestamp":1614180085,"path_taken":["M","M","M","M","?","E"],"items_purchased_type":[],"build_version":"2020-12-22","purchased_purges":0,"victory":false,"max_hp_per_floor":[65,65,65,65,65,65,65],"card_choices":[{"not_picked":["Sword Boomerang","Defy Death"],"picked":"Replay:Bootleg Shield Generator","floor":0},{"not_picked":["Body Slam","TightArray:ReiMu"],"picked":"Twin Strike","floor":0},{"not_picked":["WonderfulDomain:ReiMu","Wild Strike"],"picked":"AirStrike:ReiMu","floor":0},{"not_picked":["SafetyPray:ReiMu","Intuition:ReiMu"],"picked":"Armaments","floor":0},{"not_picked":["WonderfulDomain:ReiMu","Jack Of All Trades"],"picked":"LearningPray:ReiMu","floor":0},{"not_picked":["Shockwave","Replay:Undeath\u0027s Touch"],"picked":"Shrug It Off","floor":0},{"not_picked":["Massacre","Entrench"],"picked":"RainPray2:ReiMu","floor":0},{"not_picked":["Dropkick","Sword Boomerang"],"picked":"Uppercut","floor":0},{"not_picked":["Thunderclap","ReplayTheSpireMod:Strike From Hell"],"picked":"Gathering:ReiMu","floor":0},{"not_picked":["Cleave","Body Slam"],"picked":"SubAcupoint:ReiMu","floor":0},{"not_picked":["ReplayTheSpireMod:Trickstab","Headbutt"],"picked":"Spot Weakness","floor":0},{"not_picked":["Clash","EmergencyTakeOff:ReiMu"],"picked":"Thunderclap","floor":0},{"not_picked":["Finesse","RainPray2:ReiMu"],"picked":"OrbThrow:ReiMu","floor":0},{"not_picked":["ReplayTheSpireMod:Limb From Limb","Reckless Charge"],"picked":"Enchanting:ReiMu","floor":0},{"not_picked":["Second Wind","Intuition:ReiMu"],"picked":"Jack Of All Trades","floor":0}],"player_experience":459902,"relics_obtained":[{"floor":1,"key":"reliquary:Sod"},{"floor":2,"key":"reliquary:Buckler"},{"floor":3,"key":"Ornamental Fan"},{"floor":4,"key":"Replay:Mystery Machine"}],"event_choices":[{"damage_healed":0,"gold_gain":79,"player_choice":"Gained Gold","damage_taken":0,"max_hp_gain":0,"max_hp_loss":0,"event_name":"Golden Wing","floor":5,"gold_loss":0}],"is_beta":false,"boss_relics":[],"items_purged_floors":[],"is_endless":false,"potions_floor_spawned":[1,3],"killed_by":"3 Sentries","ascension_level":9}}