{"host":"emzatosnsokm6754","time":1614149703,"event":{"mods":["Act Like it!","BaseMod","Bossed Relics","Colored Powertips","Energized Spire","Minty Spire (QoL Compilation)","Rare Cards Sparkle","Replay The Spire","Ruina","StSLib","The Cursed","The Gatherer","The Hierophant","The Servant 0.9.4"],"gold_per_floor":[109,109,119,119,119,119,130,149,195,208,224,224,77,90,90,186,186,203,8,8,89,109,141,141,151,151,184,196,196,208,235,235,332,332,343,292,308,308,325,351,401,414,439,439,449,449,496,511,511,511],"floor_reached":51,"language":"ENG","playtime":2881,"items_purged":["Strike_S"],"score":706,"play_id":"1b8678eb-a4ef-4487-924a-30d2553ad7ee","local_time":"20210224195503","is_ascension_mode":false,"campfire_choices":[{"data":"FastForward","floor":6,"key":"SMITH"},{"data":"Reset","floor":12,"key":"SMITH"},{"data":"Defy","floor":15,"key":"SMITH"},{"data":"ruina:FalseThrone","floor":29,"key":"SMITH"},{"data":"TheWorld","floor":32,"key":"SMITH"},{"data":"Apotheosis","floor":46,"key":"SMITH"},{"data":"TheWorld","floor":49,"key":"SMITH"}],"circlet_count":0,"master_deck":["Strike_S","Strike_S","Strike_S","Defend_S","Defend_S+1","Defend_S+1","Defend_S","KidneyShot","Spin","FastForward+1","SpecialFormula","Spin","Unruled","Reset+1","SpecialFormula","TheWorld+1","SpecialFormula","BottledTime","Advance","Dilation","Defy+1","ForgedInTime","Spin+1","DoubleEdge","Defy","ruina:FalseThrone+1","Unruled","Defy+1","Hightail","Spin+1","TheWorld+1","BottledTime+1","Apotheosis+1","BottledTime+1","LightFlow","Defy","Defy"],"relics":["Uniform","Regal Pillow","Pen Nib","Orrery","Philosopher\u0027s Stone","Membership Card","The Courier","Bronze Scales","War Paint","energizedSpire:OgreHead","ReplayTheSpireMod:ShopPack","ReplayTheSpireMod:TigerMarble","Calipers","Omamori","ReplayTheSpireMod:Ring of Collecting","Meat on the Bone"],"acts_visited":["Exordium","ruina:Briah","TheBeyond"],"potions_floor_usage":[18,33,50,50],"damage_taken":[{"damage":1,"enemies":"2 Louse","floor":1,"turns":3},{"damage":3,"enemies":"Jaw Worm","floor":3,"turns":4},{"damage":0,"enemies":"Cultist","floor":7,"turns":4},{"damage":0,"enemies":"2 Fungi Beasts","floor":8,"turns":3},{"damage":10,"enemies":"Lots of Slimes","floor":10,"turns":3},{"damage":0,"enemies":"3 Louse","floor":11,"turns":3},{"damage":10,"enemies":"Exordium Thugs","floor":14,"turns":4},{"damage":8,"enemies":"Fading Forest","floor":16,"turns":11},{"damage":1,"enemies":"ruina:BadWolf","floor":18,"turns":8},{"damage":23,"enemies":"ruina:3_Bats","floor":22,"turns":5},{"damage":21,"enemies":"ruina:ServantOfWrath","floor":23,"turns":6},{"damage":0,"enemies":"ruina:Woodsman","floor":25,"turns":4},{"damage":55,"enemies":"ruina:RoadHome","floor":27,"turns":3},{"damage":13,"enemies":"ruina:KnightOfDespair","floor":28,"turns":5},{"damage":0,"enemies":"ruina:3_Scarecrows","floor":30,"turns":4},{"damage":23,"enemies":"ruina:Mountain","floor":31,"turns":7},{"damage":0,"enemies":"ruina:JesterOfNihil","floor":33,"turns":9},{"damage":0,"enemies":"3 Darklings","floor":35,"turns":4},{"damage":15,"enemies":"3 Shapes","floor":37,"turns":5},{"damage":5,"enemies":"Writhing Mass","floor":39,"turns":3},{"damage":0,"enemies":"Nemesis","floor":40,"turns":5},{"damage":0,"enemies":"Mind Bloom Boss Battle","floor":41,"turns":3},{"damage":0,"enemies":"Jaw Worm Horde","floor":42,"turns":2},{"damage":0,"enemies":"Transient","floor":45,"turns":5},{"damage":4,"enemies":"Spire Growth","floor":48,"turns":2},{"damage":2,"enemies":"Donu and Deca","floor":50,"turns":6}],"seed_played":"4807288715585599312","potions_obtained":[{"floor":8,"key":"Elixir"},{"floor":10,"key":"BlessingOfTheForge"},{"floor":11,"key":"Block Potion"},{"floor":22,"key":"GamblersBrew"},{"floor":25,"key":"SteroidPotion"},{"floor":37,"key":"Milkshake"},{"floor":40,"key":"SkillPotion"},{"floor":41,"key":"PowerPotion"}],"is_trial":false,"path_per_floor":["M","?","M","?","?","R","M","M","T","M","M","R","$","M","R","B",null,"M","$","?","?","M","E","?","M","T","E","M","R","M","E","R","B",null,"M","$","M","?","M","E","?","M","T","?","M","R","?","M","R","B",null],"character_chosen":"THE_SERVANT","items_purchased":["Orrery","Membership Card","ReplayTheSpireMod:ShopPack"],"campfire_rested":0,"item_purchase_floors":[13,19,36],"current_hp_per_floor":[64,57,54,54,54,54,59,59,59,54,54,54,54,59,59,57,65,65,65,65,65,56,49,49,65,65,25,37,37,52,59,59,65,65,65,65,65,62,62,62,62,62,62,62,62,62,62,62,62,62],"gold":511,"neow_bonus":"RANDOM_EVENT","is_daily":false,"chose_seed":false,"campfire_upgraded":7,"win_rate":0.0,"timestamp":1614149703,"path_taken":["M","?","M","?","?","R","M","M","T","M","?","R","$","M","R","BOSS","M","$","?","?","M","E","?","M","T","E","M","R","?","E","R","BOSS","M","$","M","?","M","E","?","M","T","?","M","R","?","?","R","BOSS"],"items_purchased_type":["Relic","Relic","Relic"],"build_version":"2020-12-22","purchased_purges":1,"victory":true,"max_hp_per_floor":[65,65,65,65,65,65,65,65,65,65,65,65,65,65,65,65,65,65,65,65,65,65,65,65,65,65,65,65,65,65,65,65,65,65,65,65,65,62,62,62,62,62,62,62,62,62,62,62,62,62],"card_choices":[{"not_picked":["Starlight","Replace"],"picked":"FastForward","floor":1},{"not_picked":["BestPractice","Foresight"],"picked":"SpecialFormula","floor":3},{"not_picked":["Gouge","Potential"],"picked":"Spin","floor":7},{"not_picked":["Foresight","FastForward"],"picked":"Unruled","floor":8},{"not_picked":["Barrier","ShatteredReality"],"picked":"Reset","floor":10},{"not_picked":["SurpressingFire","InstantArmor"],"picked":"SpecialFormula","floor":11},{"not_picked":["Defy","Ricochet"],"picked":"TheWorld","floor":13},{"not_picked":["MurderousAura","FastForward"],"picked":"SpecialFormula","floor":13},{"not_picked":["ShatteredReality","Desolation"],"picked":"BottledTime","floor":13},{"not_picked":["Starlight","WasteNot"],"picked":"Advance","floor":13},{"not_picked":["Potential","ShatteredReality"],"picked":"Dilation","floor":13},{"not_picked":["Shuttle","Starlight"],"picked":"Defy","floor":14},{"not_picked":["Initiator","Deny"],"picked":"ForgedInTime","floor":16},{"not_picked":["RealityMarble","BestPractice"],"picked":"Spin+1","floor":18},{"not_picked":["Foresight","Comet"],"picked":"DoubleEdge","floor":22},{"not_picked":["ShiftingGears+1","Collapse+1"],"picked":"Defy","floor":23},{"not_picked":["Shuttle","Reset"],"picked":"Unruled","floor":25},{"not_picked":["Starlight","Misdirection"],"picked":"Defy","floor":27},{"not_picked":["Snipe","Misdirection"],"picked":"Hightail","floor":28},{"not_picked":["Reset","Misdirection+1","Alleviate+1"],"picked":"SKIP","floor":30},{"not_picked":["Advance","ReturningBlade"],"picked":"Spin+1","floor":31},{"not_picked":["PendulumOfEternity","Sunlight"],"picked":"TheWorld","floor":33},{"not_picked":["Ricochet+1","Rearm"],"picked":"BottledTime+1","floor":35},{"not_picked":["Sadistic Nature","Master of Strategy"],"picked":"Apotheosis","floor":36},{"not_picked":["Ricochet+1","Defy"],"picked":"BottledTime+1","floor":37},{"not_picked":["Gouge","BottledTime+1","Contraction"],"picked":"SKIP","floor":39},{"not_picked":["Unruled+1","ShatteredReality+1"],"picked":"LightFlow","floor":40},{"not_picked":["Alleviate","Shuttle","Replace"],"picked":"SKIP","floor":42},{"not_picked":["Desolation+1","Shuttle+1","Moondial+1"],"picked":"SKIP","floor":45},{"not_picked":["Deadline","ShiftingGears"],"picked":"Defy","floor":47},{"not_picked":["Starlight","BestPractice+1"],"picked":"Defy","floor":48}],"player_experience":229734,"relics_obtained":[{"floor":9,"key":"Pen Nib"},{"floor":23,"key":"The Courier"},{"floor":27,"key":"Bronze Scales"},{"floor":31,"key":"War Paint"},{"floor":40,"key":"ReplayTheSpireMod:TigerMarble"},{"floor":41,"key":"Calipers"},{"floor":43,"key":"Omamori"},{"floor":44,"key":"ReplayTheSpireMod:Ring of Collecting"},{"floor":47,"key":"Meat on the Bone"}],"event_choices":[{"damage_healed":0,"gold_gain":0,"cards_transformed":["Exchange"],"player_choice":"Change","damage_taken":0,"max_hp_gain":0,"max_hp_loss":0,"event_name":"Living Wall","floor":0,"gold_loss":0,"cards_obtained":["Spin"]},{"damage_healed":0,"gold_gain":0,"player_choice":"Success","damage_taken":7,"relics_obtained":["Regal Pillow"],"max_hp_gain":0,"max_hp_loss":0,"event_name":"Scrap Ooze","floor":2,"gold_loss":0},{"damage_healed":0,"gold_gain":0,"player_choice":"Bought 0 Potions","damage_taken":0,"max_hp_gain":0,"max_hp_loss":0,"event_name":"The Woman in Blue","floor":5,"gold_loss":0},{"damage_healed":0,"gold_gain":0,"player_choice":"Max HP","damage_taken":0,"max_hp_gain":0,"max_hp_loss":3,"event_name":"Winding Halls","floor":38,"gold_loss":0},{"damage_healed":0,"gold_gain":0,"player_choice":"Fight","damage_taken":0,"max_hp_gain":0,"max_hp_loss":0,"event_name":"MindBloom","floor":41,"gold_loss":0}],"is_beta":false,"boss_relics":[{"not_picked":["energizedSpire:CursedPentagram","Fusion Hammer"],"picked":"Philosopher\u0027s Stone"},{"not_picked":["Replay:Wanted Poster","ChewingGum"],"picked":"energizedSpire:OgreHead"}],"items_purged_floors":[19],"is_endless":false,"potions_floor_spawned":[8,10,11,22,25,30,37,40,41,45],"ascension_level":0}}