{"host":"edxvja3o9k759ope","time":1614131641,"event":{"mods":["BaseMod","Bestiary","Minty Spire (QoL Compilation)","Relic Stats","Slay the Relics Exporter","StSLib"],"gold_per_floor":[111,36,54,73,86,86,112,127,127,162,162,192,205,222,222,300,300,240,106,106,106,21,21,0,0,0,0,0,0,0,0,0,0,0,0,0,0,0],"floor_reached":37,"language":"ENG","playtime":1934,"items_purged":["Strike_R","Strike_R"],"score":775,"play_id":"bde455ed-eec3-4dd8-9ea0-0dfa5becacaa","local_time":"20210223195401","is_ascension_mode":true,"campfire_choices":[{"data":"Pommel Strike","floor":6,"key":"SMITH"},{"floor":15,"key":"REST"},{"floor":25,"key":"REST"},{"data":"Limit Break","floor":27,"key":"SMITH"},{"data":"Demon Form","floor":29,"key":"SMITH"},{"floor":32,"key":"REST"}],"circlet_count":0,"master_deck":["AscendersBane","Strike_R","Strike_R","Strike_R","Defend_R","Defend_R","Defend_R","Defend_R","Bash","Shrug It Off","Pommel Strike+1","Clothesline","Brutality","Seeing Red","Metallicize","Whirlwind+1","Demon Form+1","Heavy Blade+1","Twin Strike+1","Limit Break+1","Headbutt+1","Inflame","Body Slam+1","Evolve+1","Body Slam+1","Blood for Blood+1","Limit Break","Wild Strike+1","Heavy Blade+1"],"relics":["Burning Blood","NeowsBlessing","Blood Vial","Molten Egg 2","Sundial","Ornamental Fan","White Beast Statue","Ectoplasm","Ancient Tea Set","Ice Cream","Kunai","Darkstone Periapt","Oddly Smooth Stone","SlaversCollar"],"acts_visited":["Exordium","TheCity","TheBeyond"],"potions_floor_usage":[7,10,10,14,18,18,21,23,23,28,30,35,36,37],"damage_taken":[{"damage":0,"enemies":"Small Slimes","floor":1,"turns":1},{"damage":0,"enemies":"Jaw Worm","floor":3,"turns":1},{"damage":0,"enemies":"Cultist","floor":4,"turns":1},{"damage":27,"enemies":"Lots of Slimes","floor":5,"turns":6},{"damage":19,"enemies":"Gremlin Nob","floor":7,"turns":4},{"damage":9,"enemies":"Blue Slaver","floor":8,"turns":5},{"damage":8,"enemies":"Lagavulin","floor":10,"turns":7},{"damage":22,"enemies":"Gremlin Nob","floor":12,"turns":5},{"damage":0,"enemies":"Gremlin Gang","floor":13,"turns":1},{"damage":13,"enemies":"Exordium Thugs","floor":14,"turns":4},{"damage":22,"enemies":"Slime Boss","floor":16,"turns":5},{"damage":8,"enemies":"2 Thieves","floor":18,"turns":3},{"damage":20,"enemies":"Spheric Guardian","floor":20,"turns":4},{"damage":18,"enemies":"Snake Plant","floor":21,"turns":4},{"damage":50,"enemies":"Book of Stabbing","floor":23,"turns":5},{"damage":21,"enemies":"Centurion and Healer","floor":28,"turns":5},{"damage":14,"enemies":"Slavers","floor":30,"turns":5},{"damage":17,"enemies":"Automaton","floor":33,"turns":6},{"damage":19,"enemies":"Orb Walker","floor":35,"turns":3},{"damage":40,"enemies":"3 Darklings","floor":36,"turns":5},{"damage":33,"enemies":"Maw","floor":37,"turns":4}],"seed_played":"1336324484225396550","potions_obtained":[{"floor":4,"key":"EssenceOfSteel"},{"floor":5,"key":"DistilledChaos"},{"floor":7,"key":"SpeedPotion"},{"floor":13,"key":"PowerPotion"},{"floor":14,"key":"Fire Potion"},{"floor":16,"key":"Weak Potion"},{"floor":18,"key":"BloodPotion"},{"floor":20,"key":"Regen Potion"},{"floor":21,"key":"LiquidBronze"},{"floor":23,"key":"AttackPotion"},{"floor":28,"key":"Weak Potion"},{"floor":30,"key":"Fire Potion"},{"floor":33,"key":"ElixirPotion"},{"floor":35,"key":"LiquidMemories"},{"floor":36,"key":"SkillPotion"}],"is_trial":false,"path_per_floor":["M","$","M","M","M","R","E","M","T","E","?","E","M","M","R","B",null,"M","$","M","M","?","E","?","R","T","R","M","R","E","T","R","B",null,"M","M","M"],"character_chosen":"IRONCLAD","items_purchased":["Inflame"],"campfire_rested":3,"item_purchase_floors":[19],"current_hp_per_floor":[74,74,75,75,54,54,41,40,40,40,28,14,22,17,39,25,63,63,63,51,50,50,23,23,45,45,45,32,32,26,26,48,39,66,55,23,0,0],"gold":0,"neow_bonus":"THREE_ENEMY_KILL","is_daily":false,"chose_seed":false,"campfire_upgraded":3,"win_rate":0.0,"timestamp":1614131641,"path_taken":["M","$","M","M","M","R","E","M","T","E","?","E","M","M","R","BOSS","M","$","M","M","?","E","?","R","T","R","M","R","E","?","R","BOSS","M","?","M"],"items_purchased_type":["Card"],"build_version":"2020-12-22","purchased_purges":2,"victory":false,"max_hp_per_floor":[75,75,75,75,75,75,75,75,75,75,75,75,75,75,75,75,75,75,75,75,75,75,75,75,75,75,75,75,75,75,75,75,75,75,75,75,75,75],"relic_stats":{"Blood Vial":32,"Darkstone Periapt":0,"counters":[21,84],"Sundial":[6],"Ornamental Fan":[52],"Ectoplasm":343,"Kunai":[11],"obtain_stats":[{"Ice Cream":23,"Darkstone Periapt":30,"NeowsBlessing":0,"Oddly Smooth Stone":31,"Ancient Tea Set":22,"Burning Blood":0,"White Beast Statue":12,"Blood Vial":7,"SlaversCollar":34,"Sundial":10,"Ornamental Fan":11,"Molten Egg 2":9,"Ectoplasm":17,"Kunai":26},{"Ice Cream":15,"Darkstone Periapt":17,"NeowsBlessing":0,"Oddly Smooth Stone":17,"Ancient Tea Set":14,"Burning Blood":0,"White Beast Statue":8,"Blood Vial":5,"SlaversCollar":18,"Sundial":7,"Ornamental Fan":7,"Molten Egg 2":6,"Ectoplasm":11,"Kunai":15},{"Ice Cream":56,"Darkstone Periapt":66,"NeowsBlessing":0,"Oddly Smooth Stone":66,"Ancient Tea Set":51,"Burning Blood":0,"White Beast Statue":30,"Blood Vial":13,"SlaversCollar":72,"Sundial":25,"Ornamental Fan":25,"Molten Egg 2":18,"Ectoplasm":40,"Kunai":56}],"Burning Blood":109},"card_choices":[{"not_picked":["Clothesline","Dropkick"],"picked":"Shrug It Off","floor":1},{"not_picked":["Second Wind","Thunderclap"],"picked":"Pommel Strike","floor":3},{"not_picked":["Rupture","Heavy Blade"],"picked":"Clothesline","floor":4},{"not_picked":["Warcry","Metallicize"],"picked":"Brutality","floor":5},{"not_picked":["Perfected Strike","Sword Boomerang"],"picked":"Seeing Red","floor":7},{"not_picked":["Flex","Armaments"],"picked":"Metallicize","floor":8},{"not_picked":["Rupture","Burning Pact"],"picked":"Whirlwind+1","floor":10},{"not_picked":["Havoc","Body Slam+1"],"picked":"Demon Form","floor":12},{"not_picked":["Twin Strike+1","True Grit"],"picked":"Heavy Blade+1","floor":13},{"not_picked":["Second Wind","Dark Embrace"],"picked":"Twin Strike+1","floor":14},{"not_picked":["Offering","Exhume"],"picked":"Limit Break","floor":16},{"not_picked":["Evolve","Entrench"],"picked":"Headbutt+1","floor":18},{"not_picked":["Anger+1","Armaments"],"picked":"Body Slam+1","floor":20},{"not_picked":["Perfected Strike+1","Combust"],"picked":"Evolve+1","floor":21},{"not_picked":["Combust","Bludgeon+1"],"picked":"Body Slam+1","floor":23},{"not_picked":["Anger+1","Wild Strike+1"],"picked":"Blood for Blood+1","floor":28},{"not_picked":["Metallicize","Dark Embrace+1","Second Wind"],"picked":"SKIP","floor":30},{"not_picked":["Juggernaut","Berserk"],"picked":"Limit Break","floor":33},{"not_picked":["Ghostly Armor","Perfected Strike+1"],"picked":"Wild Strike+1","floor":35},{"not_picked":["Perfected Strike+1","Armaments+1"],"picked":"Heavy Blade+1","floor":36}],"player_experience":837237,"relics_obtained":[{"floor":7,"key":"Blood Vial"},{"floor":9,"key":"Molten Egg 2"},{"floor":10,"key":"Sundial"},{"floor":12,"key":"White Beast Statue"},{"floor":23,"key":"Ice Cream"},{"floor":26,"key":"Kunai"},{"floor":30,"key":"Darkstone Periapt"},{"floor":31,"key":"Oddly Smooth Stone"}],"event_choices":[{"damage_healed":0,"gold_gain":0,"player_choice":"Success","damage_taken":12,"relics_obtained":["Ornamental Fan"],"max_hp_gain":0,"max_hp_loss":0,"event_name":"Scrap Ooze","floor":11,"gold_loss":0},{"damage_healed":0,"gold_gain":0,"player_choice":"Obtained Relic","damage_taken":0,"relics_obtained":["Ancient Tea Set"],"max_hp_gain":0,"max_hp_loss":0,"event_name":"Addict","floor":22,"gold_loss":85},{"damage_healed":0,"gold_gain":0,"player_choice":"Paid Fearfully","damage_taken":0,"max_hp_gain":0,"max_hp_loss":0,"event_name":"Masked Bandits","floor":24,"gold_loss":21}],"is_beta":false,"boss_relics":[{"not_picked":["Sozu","Pandora\u0027s Box"],"picked":"Ectoplasm"},{"not_picked":["Runic Cube","Cursed Key"],"picked":"SlaversCollar"}],"items_purged_floors":[2,19],"is_endless":false,"potions_floor_spawned":[4,5,7,13,14,16,18,20,21,23,28,30,33,35,36],"killed_by":"Maw","ascension_level":14}}