{"host":"6bsan6hkua32tfq7","time":1614166580,"event":{"mods":["BaseMod","Better Third Choice","Colored Map","Highlight Path","Minty Spire (QoL Compilation)","StSLib"],"gold_per_floor":[109,123,123,123,46,46,63,113,113,126,126,146,146,180,180,254,254,270,33,33,46,46,46,60,60,60,74,104,104,123,137,137,212,212,231,67,81,100,100,100,110,32,32,32,32],"floor_reached":44,"language":"ENG","playtime":1325,"items_purged":["Strike_B"],"score":860,"play_id":"1c814eb8-40f8-415c-bd1f-0b9988b42d65","local_time":"20210224123620","is_ascension_mode":true,"campfire_choices":[{"data":"Defragment","floor":6.0,"key":"SMITH"},{"data":"Sunder","floor":11.0,"key":"SMITH"},{"data":"Dualcast","floor":13.0,"key":"SMITH"},{"data":"Zap","floor":15.0,"key":"SMITH"},{"data":"Electrodynamics","floor":23.0,"key":"SMITH"},{"data":"Go for the Eyes","floor":25.0,"key":"SMITH"},{"floor":29,"key":"REST"},{"data":"Thunder Strike","floor":32,"key":"SMITH"},{"floor":40,"key":"REST"}],"circlet_count":0,"master_deck":["AscendersBane","Zap+1","Dualcast+1","Sweeping Beam","Ball Lightning","Sunder+1","Defragment+1","Coolheaded","Glacier","Steam","Electrodynamics+1","Streamline","Go for the Eyes+1","Go for the Eyes","Thunder Strike+1","Buffer","Meteor Strike","Defragment","Steam","Auto Shields","Buffer","Biased Cognition","Coolheaded+1","Buffer"],"relics":["Cracked Core","WingedGreaves","Orichalcum","SlaversCollar","DataDisk","PreservedInsect","Sundial","Pandora\u0027s Box","Medical Kit"],"acts_visited":["Exordium","TheCity","TheBeyond"],"potions_floor_usage":[33,35,38,38,41,41],"damage_taken":[{"damage":5.0,"enemies":"2 Louse","floor":1.0,"turns":2.0},{"damage":9.0,"enemies":"Jaw Worm","floor":2.0,"turns":3.0},{"damage":1.0,"enemies":"Cultist","floor":7.0,"turns":3.0},{"damage":13.0,"enemies":"Exordium Wildlife","floor":10.0,"turns":4.0},{"damage":9.0,"enemies":"Red Slaver","floor":12.0,"turns":2.0},{"damage":16.0,"enemies":"3 Sentries","floor":14.0,"turns":7.0},{"damage":23.0,"enemies":"Slime Boss","floor":16.0,"turns":8.0},{"damage":18.0,"enemies":"Chosen","floor":18.0,"turns":5.0},{"damage":12.0,"enemies":"3 Byrds","floor":21.0,"turns":3.0},{"damage":4.0,"enemies":"Snake Plant","floor":24.0,"turns":4.0},{"damage":0.0,"enemies":"Cultist and Chosen","floor":27.0,"turns":4.0},{"damage":21,"enemies":"Book of Stabbing","floor":28,"turns":4},{"damage":0,"enemies":"3 Cultists","floor":30,"turns":3},{"damage":14,"enemies":"Shelled Parasite and Fungi","floor":31,"turns":5},{"damage":47,"enemies":"Automaton","floor":33,"turns":8},{"damage":36,"enemies":"3 Darklings","floor":35,"turns":3},{"damage":12,"enemies":"Orb Walker","floor":37,"turns":6},{"damage":9,"enemies":"Spire Growth","floor":38,"turns":6},{"damage":6,"enemies":"3 Darklings","floor":41,"turns":3},{"damage":33,"enemies":"Jaw Worm Horde","floor":44,"turns":4}],"seed_played":"-2994503661410712649","potions_obtained":[{"floor":2.0,"key":"Weak Potion"},{"floor":7.0,"key":"GamblersBrew"},{"floor":16.0,"key":"LiquidBronze"},{"floor":28,"key":"DuplicationPotion"},{"floor":30,"key":"BlessingOfTheForge"},{"floor":31,"key":"LiquidMemories"},{"floor":33,"key":"Fruit Juice"},{"floor":37,"key":"AttackPotion"},{"floor":39,"key":"SteroidPotion"},{"floor":39,"key":"EssenceOfDarkness"}],"is_trial":false,"path_per_floor":["M","M","?","?","$","R","M","?","T","M","R","M","R","E","R","B",null,"M","$","?","M","?","R","M","R","T","M","E","R","M","M","R","B",null,"M","$","M","M","?","R","M","$","T","M"],"character_chosen":"DEFECT","items_purchased":["Defragment","DataDisk","Medical Kit","Buffer"],"campfire_rested":2,"item_purchase_floors":[5,19,36,42],"current_hp_per_floor":[59,50,71,71,71,71,70,70,70,57,57,48,48,32,32,9,56,38,38,38,26,71,71,67,67,67,67,46,67,67,53,53,6,55,24,24,12,3,3,25,19,19,19,0,0],"gold":32,"neow_bonus":"TRANSFORM_CARD","is_daily":false,"chose_seed":false,"campfire_upgraded":7,"win_rate":0.0,"timestamp":1614166580,"path_taken":["M","M","?","?","?","R","M","?","T","M","R","M","R","E","R","BOSS","M","$","?","M","?","R","M","R","T","M","E","R","?","M","R","BOSS","M","$","?","M","?","R","?","$","T","M"],"items_purchased_type":["Card","Relic","Relic","Card"],"build_version":"2020-12-22","purchased_purges":1,"victory":false,"max_hp_per_floor":[71,71,71,71,71,71,71,71,71,71,71,71,71,71,71,71,71,71,71,71,71,71,71,71,71,71,71,71,71,71,71,71,71,71,76,76,76,76,76,76,76,76,76,76,76],"card_choices":[{"not_picked":["Barrage","Static Discharge"],"picked":"Ball Lightning","floor":1.0},{"not_picked":["Go for the Eyes","Chill"],"picked":"Sunder","floor":2.0},{"not_picked":["Heatsinks","Skim"],"picked":"Coolheaded","floor":7.0},{"not_picked":["Barrage","Leap","Sweeping Beam"],"picked":"SKIP","floor":10.0},{"not_picked":["Coolheaded","Loop"],"picked":"Glacier","floor":12.0},{"not_picked":["Compile Driver","Turbo"],"picked":"Steam","floor":14.0},{"not_picked":["Core Surge","Fission"],"picked":"Electrodynamics","floor":16.0},{"not_picked":["Chaos","Reprogram"],"picked":"Streamline","floor":18.0},{"not_picked":["White Noise","Ball Lightning"],"picked":"Go for the Eyes","floor":21.0},{"not_picked":["Static Discharge","Capacitor","Rebound"],"picked":"SKIP","floor":24.0},{"not_picked":["Genetic Algorithm","Force Field"],"picked":"Go for the Eyes","floor":27},{"not_picked":["Hologram","Tempest"],"picked":"Thunder Strike","floor":28},{"not_picked":["Barrage","Consume","Rip and Tear"],"picked":"SKIP","floor":30},{"not_picked":["Barrage","Consume","Rip and Tear"],"picked":"SKIP","floor":30},{"not_picked":["Force Field+1","Go for the Eyes","Recycle"],"picked":"SKIP","floor":31},{"not_picked":["Force Field+1","Go for the Eyes","Recycle"],"picked":"SKIP","floor":31},{"not_picked":["Fission","Multi-Cast"],"picked":"Buffer","floor":33},{"not_picked":["Redo","Rebound","FTL"],"picked":"SKIP","floor":35},{"not_picked":["Hologram","Redo","Fusion+1"],"picked":"SKIP","floor":37},{"not_picked":["Skim+1","Stack+1","Heatsinks"],"picked":"SKIP","floor":38},{"not_picked":["Rebound","Barrage+1"],"picked":"Coolheaded+1","floor":41}],"player_experience":5454030,"relics_obtained":[{"floor":9.0,"key":"WingedGreaves"},{"floor":14.0,"key":"Orichalcum"},{"floor":26.0,"key":"PreservedInsect"},{"floor":28,"key":"Sundial"}],"event_choices":[{"damage_healed":23.0,"max_hp_gain":0.0,"max_hp_loss":0.0,"gold_gain":0.0,"event_name":"Big Fish","player_choice":"Banana","floor":3.0,"gold_loss":0.0,"damage_taken":0.0},{"damage_healed":0.0,"max_hp_gain":0.0,"max_hp_loss":0.0,"gold_gain":0.0,"event_name":"betterThird:BetterSerpent","player_choice":"Ignored","floor":4.0,"gold_loss":0.0,"damage_taken":123.0},{"damage_healed":0.0,"max_hp_gain":0.0,"max_hp_loss":0.0,"gold_gain":50.0,"event_name":"Golden Shrine","player_choice":"Pray","floor":8.0,"gold_loss":0.0,"damage_taken":0.0},{"damage_healed":0.0,"max_hp_gain":0.0,"max_hp_loss":0.0,"gold_gain":0.0,"event_name":"Vampires","player_choice":"Ignored","floor":20.0,"gold_loss":0.0,"damage_taken":0.0},{"damage_healed":45.0,"max_hp_gain":0.0,"max_hp_loss":0.0,"gold_gain":0.0,"event_name":"Wheel of Change","player_choice":"Full Heal","floor":22.0,"gold_loss":0.0,"damage_taken":0.0},{"damage_healed":0,"gold_gain":0,"player_choice":"Got Potions","damage_taken":0,"max_hp_gain":0,"max_hp_loss":0,"event_name":"Lab","floor":39,"gold_loss":0}],"is_beta":false,"boss_relics":[{"not_picked":["Snecko Eye","Runic Dome"],"picked":"SlaversCollar"},{"not_picked":["Empty Cage","Velvet Choker"],"picked":"Pandora\u0027s Box"}],"items_purged_floors":[19],"is_endless":false,"potions_floor_spawned":[2,7,16,28,30,31,33,37],"killed_by":"Jaw Worm Horde","ascension_level":20}}