{"host":"dhv3u8yhd2rnugsp","time":1614125717,"event":{"mods":["100% Spire Juice","BaseMod","Block Reminder","Colored Map","Googly Eyes","Highlight Path","Minty Spire (QoL Compilation)","Permanent Neow","Quick Restart","Random Character Button","StSLib"],"gold_per_floor":[111,124,138,138,150,150,170,170,170,170,170],"floor_reached":10,"language":"ENG","playtime":358,"items_purged":[],"score":120,"play_id":"9f2b99c4-bdfb-4b4e-855c-4d40d0ce3bc7","local_time":"20210223181517","is_ascension_mode":true,"campfire_choices":[{"data":"Skewer","floor":6,"key":"SMITH"},{"data":"Dagger Spray","floor":8,"key":"SMITH"}],"circlet_count":0,"master_deck":["AscendersBane","Strike_G","Strike_G","Strike_G","Strike_G","Strike_G","Defend_G","Defend_G","Defend_G","Defend_G","Defend_G","Survivor","Neutralize","Dagger Spray+1","Cloak And Dagger","Skewer+1","Backflip"],"relics":["SacredBark","Bottled Lightning"],"acts_visited":["Exordium"],"potions_floor_usage":[5,7],"damage_taken":[{"damage":0,"enemies":"Cultist","floor":1,"turns":4},{"damage":0,"enemies":"2 Louse","floor":2,"turns":2},{"damage":11,"enemies":"Jaw Worm","floor":3,"turns":4},{"damage":23,"enemies":"Gremlin Gang","floor":5,"turns":6},{"damage":7,"enemies":"Lots of Slimes","floor":7,"turns":4},{"damage":26,"enemies":"Lagavulin","floor":10,"turns":6}],"seed_played":"2976204976354920117","potions_obtained":[{"floor":2,"key":"Weak Potion"},{"floor":5,"key":"DistilledChaos"}],"is_trial":false,"path_per_floor":["M","M","M","?","M","R","M","R","T","E"],"character_chosen":"THE_SILENT","items_purchased":[],"campfire_rested":0,"item_purchase_floors":[],"current_hp_per_floor":[59,59,48,53,30,30,23,23,23,0,0],"gold":170,"neow_bonus":"BOSS_RELIC","is_daily":false,"chose_seed":false,"campfire_upgraded":2,"win_rate":0.0,"timestamp":1614125717,"path_taken":["M","M","?","?","M","R","M","R","T","E"],"items_purchased_type":[],"build_version":"2020-12-22","purchased_purges":0,"victory":false,"max_hp_per_floor":[66,66,66,71,71,71,71,71,71,71,71],"card_choices":[{"not_picked":["Prepared","Blur"],"picked":"Dagger Spray","floor":1},{"not_picked":["Dagger Spray","Dodge and Roll","Bane"],"picked":"SKIP","floor":2},{"not_picked":["Concentrate","Night Terror"],"picked":"Cloak And Dagger","floor":3},{"not_picked":["Flechettes","Caltrops"],"picked":"Skewer","floor":5},{"not_picked":["Slice","Crippling Poison"],"picked":"Backflip","floor":7}],"player_experience":1674674,"relics_obtained":[{"floor":9,"key":"Bottled Lightning"}],"event_choices":[{"damage_healed":0,"gold_gain":0,"player_choice":"Donut","damage_taken":0,"max_hp_gain":5,"max_hp_loss":0,"event_name":"Big Fish","floor":4,"gold_loss":0}],"is_beta":false,"boss_relics":[],"items_purged_floors":[],"is_endless":false,"potions_floor_spawned":[2,5],"killed_by":"Lagavulin","ascension_level":20}}