{"host":"xltl1aroowo69o4n","time":1614195101,"event":{"mods":["BaseMod","Colored Map","Colored Powertips","Downfall","Koishi","Marisa????????","Minty Spire (QoL Compilation)","Replay The Spire","StSLib","The Cursed","The Hierophant","The Mystic","The Necromancer","The Servant 0.9.4"],"gold_per_floor":[99,112,130,230,405,431,431,431,431,447,447,247,275,286,301,397,397,297,311,326,35,35,66,66,66,80,92,77,103,115,115,127,127,127],"floor_reached":33,"language":"ENG","playtime":1921,"items_purged":["Doubt"],"score":479,"play_id":"cb559610-b6c8-4ed5-946a-4c7c21d7792c","local_time":"20210224143141","is_ascension_mode":true,"campfire_choices":[{"floor":1,"key":"RECALL"},{"floor":9,"key":"REST"},{"floor":12,"key":"REST"},{"data":"Koishi:Untouchable","floor":18,"key":"SMITH"},{"data":"Koishi:PerfectMindControl","floor":25,"key":"SMITH"}],"circlet_count":0,"master_deck":["Koishi:BasicStrike+1","Koishi:BasicStrike+1","Koishi:BasicStrike+1","Koishi:BasicStrike+1","Koishi:BasicDefend+1","Koishi:BasicDefend+1","Koishi:BasicDefend+1","Koishi:BasicDefend+1","Koishi:Provoke","Koishi:HauntingSlash+1","Koishi:SpiritedAway","Koishi:SpiritedAway","Koishi:BloodcurdlingScream","Koishi:BramblyRoseGarden","Parasite","Koishi:PerfectMindControl+1","Koishi:DreadfulBlow","Koishi:Untouchable+1","Koishi:ImGoingToCallYouNow","TheCursedMod:Dregs","Clumsy","Decay","Koishi:CatchAndRose","Koishi:JumpScare","Koishi:Jaunt","Pain","Koishi:UnansweredLove+1","Koishi:JumpScare+1","Koishi:RacingHeart","Koishi:HeartStoppingHorror","Koishi:BloodcurdlingScream","Koishi:HeartAttack+1","Koishi:UnansweredLove+1","Koishi:RacingHeart"],"relics":["Koishi:ImaginaryFriend","Bird Faced Urn","downfall:HeartBlessingRed","downfall:HeartBlessingBlue","Dream Catcher","Replay:Ancient Bell","Happy Flower","Koishi:TeethAndClaws","Calipers","downfall:HeartBlessingGreen","ReplayTheSpireMod:CursedCoin","Ornamental Fan","Darkstone Periapt","Incense Burner","Tiny Chest"],"acts_visited":["Exordium","TheCity"],"potions_floor_usage":[13,16,23,23,26,33,33,33],"damage_taken":[{"damage":5,"enemies":"2 Louse","floor":2,"turns":3},{"damage":9,"enemies":"Jaw Worm","floor":3,"turns":5},{"damage":53,"enemies":"Gremlin Nob","floor":6,"turns":6},{"damage":4,"enemies":"Small Slimes","floor":10,"turns":2},{"damage":24,"enemies":"Lagavulin","floor":13,"turns":8},{"damage":7,"enemies":"2 Fungi Beasts","floor":14,"turns":5},{"damage":6,"enemies":"Blue Slaver","floor":15,"turns":4},{"damage":11,"enemies":"SI_SHIV_ARCHETYPE","floor":16,"turns":10},{"damage":12,"enemies":"Shell Parasite","floor":19,"turns":7},{"damage":7,"enemies":"Centurion and Healer","floor":20,"turns":8},{"damage":0,"enemies":"downfall:FleeingMerchant","floor":21,"turns":4},{"damage":13,"enemies":"Slavers","floor":23,"turns":8},{"damage":15,"enemies":"Shelled Parasite and Fungi","floor":26,"turns":9},{"damage":19,"enemies":"Snake Plant","floor":27,"turns":4},{"damage":0,"enemies":"downfall:FleeingMerchant","floor":28,"turns":4},{"damage":0,"enemies":"Gremlin Leader","floor":29,"turns":7},{"damage":30,"enemies":"3 Cultists","floor":30,"turns":6},{"damage":14,"enemies":"Centurion and Healer","floor":32,"turns":7},{"damage":86,"enemies":"DF_ARCHETYPE_CLAW","floor":33,"turns":10}],"seed_played":"-8439139231882496919","potions_obtained":[{"floor":2,"key":"DuplicationPotion"},{"floor":13,"key":"Explosive Potion"},{"floor":14,"key":"BlessingOfTheForge"},{"floor":22,"key":"AttackPotion"},{"floor":22,"key":"Languid Potion"},{"floor":23,"key":"champ:CounterPotion"},{"floor":26,"key":"Fruit Juice"},{"floor":29,"key":"Reflective Coating"}],"is_trial":false,"path_per_floor":["R_BF","M","M","?","?","E","T","?","R","M","?","R","E","M","M","B",null,"R","M","M","$","?","E","T","R","M","M","$","E","M","?","M","B"],"character_chosen":"KOISHI","items_purchased":["ReplayTheSpireMod:CursedCoin","Koishi:UnansweredLove+1","Ornamental Fan","SkillPotion"],"campfire_rested":2,"item_purchase_floors":[21,21,21,21],"current_hp_per_floor":[66,62,55,55,55,4,4,4,23,19,35,67,53,48,45,44,76,76,76,76,76,76,69,69,69,81,74,78,81,67,67,71,0,0],"gold":127,"neow_bonus":"TEN_PERCENT_HP_BONUS","is_daily":false,"chose_seed":false,"campfire_upgraded":2,"win_rate":0.0,"timestamp":1614195101,"path_taken":["R_BF","M","M","?","?","E","T","?","R","M","?","R","E","?","M","BOSS","R","M","M","$","?","E","T","R","M","M","?","E","M","?","M","BOSS"],"items_purchased_type":["Relic","Card","Relic","Potion"],"build_version":"2020-12-13","purchased_purges":1,"victory":false,"max_hp_per_floor":[66,66,66,66,66,66,66,66,66,66,66,76,76,76,76,76,76,76,76,76,76,76,76,76,76,81,81,81,81,81,81,81,81,81],"card_choices":[{"not_picked":["Koishi:FreudianInstinct","Koishi:UnansweredLove"],"picked":"Koishi:SpiritedAway","floor":2},{"not_picked":["Koishi:ReflexRadar","Koishi:SubconsciousSweep"],"picked":"Koishi:SpiritedAway","floor":3},{"not_picked":["Koishi:Jaunt","Koishi:ReleaseOfTheId"],"picked":"Koishi:BloodcurdlingScream","floor":6},{"not_picked":["Koishi:FourthEye","Koishi:SubconsciousSweep"],"picked":"Koishi:BramblyRoseGarden","floor":10},{"not_picked":["Koishi:JumpScare","Koishi:PredatoryInstincts"],"picked":"Koishi:PerfectMindControl","floor":13},{"not_picked":["Koishi:SubterraneanRose","Koishi:ParalyzingFear"],"picked":"Koishi:DreadfulBlow","floor":14},{"not_picked":["Koishi:DreadfulBlow","Koishi:SprinkleStarAndHeart"],"picked":"Koishi:Untouchable","floor":15},{"not_picked":["Koishi:FadingMemory","Koishi:ConditionedTeleport"],"picked":"Koishi:ImGoingToCallYouNow","floor":16},{"not_picked":["Parasite","Voices"],"picked":"TheCursedMod:Dregs","floor":17},{"not_picked":["CurseOfTheBell","downfall:Icky"],"picked":"Clumsy","floor":17},{"not_picked":["downfall:Haunted","Normality"],"picked":"Decay","floor":17},{"not_picked":["Koishi:PhantomBarrier","Koishi:FreudianInstinct+1"],"picked":"Koishi:CatchAndRose","floor":19},{"not_picked":["Koishi:ApparitionsStalkTheNight","Koishi:DanmakuParanoia"],"picked":"Koishi:JumpScare","floor":20},{"not_picked":["Koishi:ReleaseOfTheId","Koishi:SubconsciousSweep+1"],"picked":"Koishi:Jaunt","floor":21},{"not_picked":["Koishi:Bloodlust","Koishi:YoukaiPolygraph"],"picked":"Koishi:JumpScare+1","floor":23},{"not_picked":["Koishi:TraumaticStroke+1","Koishi:HeartfeltFancy"],"picked":"Koishi:RacingHeart","floor":26},{"not_picked":["Koishi:Jaunt","Koishi:EmbryosDream+1"],"picked":"Koishi:HeartStoppingHorror","floor":27},{"not_picked":["Koishi:EmbersOfLove","Koishi:PhantomStrike"],"picked":"Koishi:BloodcurdlingScream","floor":28},{"not_picked":["Koishi:SpiritedAway","Koishi:UnansweredLove"],"picked":"Koishi:HeartAttack+1","floor":29},{"not_picked":["Koishi:RorschachInDanmaku+1","Koishi:UnconsciousUprising+1"],"picked":"Koishi:UnansweredLove+1","floor":30},{"not_picked":["Koishi:BloodcurdlingScream+1","Koishi:UnansweredLove+1"],"picked":"Koishi:RacingHeart","floor":32}],"player_experience":279049,"relics_obtained":[{"floor":6,"key":"Bird Faced Urn"},{"floor":13,"key":"Dream Catcher"},{"floor":23,"key":"Darkstone Periapt"},{"floor":24,"key":"Incense Burner"},{"floor":29,"key":"Tiny Chest"}],"event_choices":[{"damage_healed":0,"gold_gain":0,"player_choice":"Grow","damage_taken":0,"max_hp_gain":0,"max_hp_loss":0,"event_name":"Living Wall","floor":8,"gold_loss":0,"cards_upgraded":["Koishi:HauntingSlash"]},{"damage_healed":16,"gold_gain":0,"player_choice":"Healed and dodged fight","damage_taken":0,"max_hp_gain":0,"max_hp_loss":0,"event_name":"Mushrooms","floor":11,"gold_loss":0,"cards_obtained":["Parasite"]},{"damage_healed":0,"gold_gain":0,"player_choice":"Got Potions","damage_taken":0,"max_hp_gain":0,"max_hp_loss":0,"event_name":"Lab","floor":22,"gold_loss":0},{"damage_healed":0,"gold_gain":0,"player_choice":"Simplicity","damage_taken":0,"max_hp_gain":0,"max_hp_loss":0,"event_name":"Back to Basics","floor":31,"gold_loss":0,"cards_upgraded":["Koishi:BasicStrike","Koishi:BasicStrike","Koishi:BasicStrike","Koishi:BasicStrike","Koishi:BasicDefend","Koishi:BasicDefend","Koishi:BasicDefend","Koishi:BasicDefend"]}],"is_beta":false,"boss_relics":[{"not_picked":["Replay:Drink Me","Tiny House"],"picked":"Replay:Ancient Bell"},{"not_picked":["Koishi:AHoleWhereASisterShouldBe","Koishi:BloodstainedWhiteRose"],"picked":"Happy Flower"},{"not_picked":["White Beast Statue","Shuriken"],"picked":"Koishi:TeethAndClaws"},{"not_picked":["Girya","Mango"],"picked":"Calipers"}],"items_purged_floors":[21],"is_endless":false,"potions_floor_spawned":[2,13,14,23,26,29,30],"killed_by":"DF_ARCHETYPE_CLAW","ascension_level":2}}