{"host":"moyu2usvupazbbzc","time":1614182247,"event":{"mods":["2.2 Compatiblity","A Magickal Journey","Act Like it!","Bartender","BaseMod","BetterRewards","Colored Map","Colored Powertips","DeckTracker","Downfall","Elementarium","GifTheSpireLib","Ironclad Rager","Jedi Mod","Minty Spire (QoL Compilation)","Potionbrewer","Replay The Spire","Shop Mod","StSLib","Td1madao Mod","The Animator","The Cursed","The Exalted","The Florist","The Forsaken","The Hayseed","The Hierophant","The Judge","The Juggle","The Mystic","The Problem Sleuth","The Saiyan","The Servant 0.9.4","The Showman","The Trickster","The Wild Card","TheFirefly"],"gold_per_floor":[99,118,118,118,137,150,150,169,188,188,188,188,208,225,238,338,338,338,349,366,377,367,367,394,409,409,409,409,409],"floor_reached":27,"language":"ENG","playtime":986,"items_purged":[],"score":209,"play_id":"db9d1abe-e91a-42b5-ade6-4d912e9c83ed","local_time":"20210224235727","is_ascension_mode":false,"campfire_choices":[{"data":"Slimebound:Split","floor":1,"key":"SMITH"},{"data":"Slimebound:SplitSpecialist","floor":11,"key":"SMITH"},{"data":"Slimebound:MinionMaster","floor":18,"key":"SMITH"},{"floor":23,"key":"REST"},{"data":"Slimebound:Recollect","floor":26,"key":"SMITH"}],"circlet_count":0,"master_deck":["Slimebound:Strike_Slimebound","Slimebound:Strike_Slimebound","Slimebound:Strike_Slimebound","Slimebound:Tackle","Slimebound:Defend_Slimebound","Slimebound:Defend_Slimebound","Slimebound:Defend_Slimebound","Slimebound:Defend_Slimebound","Slimebound:Split+1","Slimebound:CorrosiveSpit+1","Slimebound:SplitAcid+1","Slimebound:ItLooksTasty","Slimebound:Recollect+1","Slimebound:LeechLife+1","Slimebound:SplitSpecialist+1","Slimebound:SamplingLick","Slimebound:RallyTheTroops","Slimebound:SplitBruiser","Slimebound:MinionMaster+1","Slimebound:DivideAndConquer+1","Slimebound:HungryTackle+1","Slimebound:PressTheAttack+1","Elementarium:GildedEssence","Slimebound:PressTheAttack+1"],"relics":["m_BurningSludge","Kunai","Choco_Feather","theForsaken:PaleLantern","Potion Belt"],"acts_visited":["Exordium","Exordium"],"potions_floor_usage":[9,10,16,19,20,21,25,25],"damage_taken":[{"damage":0,"enemies":"Small Slimes","floor":2,"turns":3},{"damage":6,"enemies":"Jaw Worm","floor":5,"turns":3},{"damage":3,"enemies":"Cultist","floor":6,"turns":3},{"damage":4,"enemies":"2 Fungi Beasts","floor":8,"turns":2},{"damage":12,"enemies":"Blue Slaver","floor":9,"turns":4},{"damage":14,"enemies":"Exordium Thugs","floor":13,"turns":4},{"damage":9,"enemies":"Exordium Wildlife","floor":14,"turns":4},{"damage":8,"enemies":"2 Fungi Beasts","floor":15,"turns":2},{"damage":7,"enemies":"SI_SHIV_ARCHETYPE","floor":16,"turns":6},{"damage":3,"enemies":"Elementarium:VoidCorruption","floor":19,"turns":3},{"damage":8,"enemies":"Elementarium:2_ELEMENTALS","floor":20,"turns":3},{"damage":32,"enemies":"Elementarium:VoidBeast","floor":21,"turns":4},{"damage":21,"enemies":"Elementarium:Hydrostalker","floor":25,"turns":6}],"seed_played":"-7547362725750687829","potions_obtained":[{"floor":5,"key":"potionbrewer:BlacksmithPotion"},{"floor":8,"key":"Reflective Coating"},{"floor":13,"key":"Guardian:BlockOnCardUsePotion"},{"floor":14,"key":"potionbrewer:CleansingPotion"},{"floor":16,"key":"Fire Potion"},{"floor":19,"key":"Fire Potion"},{"floor":21,"key":"potionbrewer:SplittingPotion"}],"is_trial":false,"path_per_floor":["R","M","?","?","M","M","T","M","M","?","R","T","M","M","M","B",null,"R","M","M","M","?","R","T","M","R","?"],"character_chosen":"SLIMEBOUND","items_purchased":[],"campfire_rested":1,"item_purchase_floors":[],"current_hp_per_floor":[65,65,65,65,65,65,65,65,59,59,59,59,55,52,50,49,65,65,64,58,28,28,47,47,32,32,0,0,0],"gold":409,"neow_bonus":"UPGRADE_CARD","is_daily":false,"chose_seed":false,"campfire_upgraded":4,"win_rate":0.0,"timestamp":1614182247,"path_taken":["R","M","?","?","?","M","T","M","M","?","R","?","?","M","M","BOSS","R","M","M","M","?","R","T","M","R","?"],"items_purchased_type":[],"build_version":"2020-12-22","purchased_purges":0,"victory":false,"max_hp_per_floor":[65,65,65,65,65,65,65,65,65,65,65,65,65,65,65,65,65,65,65,65,65,65,65,65,65,65,65,65,65],"card_choices":[{"not_picked":["Slimebound:HauntingLick","Slimebound:RollThrough"],"picked":"Slimebound:SplitAcid","floor":2},{"not_picked":["Slimebound:LivingWall","Slimebound:AcidTongue"],"picked":"Slimebound:ItLooksTasty","floor":5},{"not_picked":["Slimebound:SpikyOuterGoop","Slimebound:RollThrough"],"picked":"Slimebound:Recollect","floor":6},{"not_picked":["Slimebound:SplitAcid","Sword Boomerang"],"picked":"Slimebound:LeechLife","floor":8},{"not_picked":["Slimebound:SlimeTap","Slimebound:HauntingLick"],"picked":"Slimebound:SplitSpecialist","floor":9},{"not_picked":["Slimebound:HauntingLick","Twin Strike"],"picked":"Slimebound:SamplingLick","floor":13},{"not_picked":["Slimebound:SplitMire","Slimebound:LeechingTouch"],"picked":"Slimebound:RallyTheTroops","floor":14},{"not_picked":["Slimebound:RollThrough","Slimebound:LeechingTouch"],"picked":"Slimebound:SplitBruiser","floor":15},{"not_picked":["Slimebound:MassFeed","Slimebound:DouseInSlime"],"picked":"Slimebound:MinionMaster","floor":16},{"not_picked":["Slimebound:ForwardTackle","Slimebound:LeechingTouch"],"picked":"Slimebound:DivideAndConquer+1","floor":19},{"not_picked":["Slimebound:FinishingTackle+1","Slimebound:ItLooksTasty"],"picked":"Slimebound:HungryTackle+1","floor":20},{"not_picked":["Slimebound:SamplingLick","Slimebound:SlimeSpikes"],"picked":"Slimebound:PressTheAttack+1","floor":21},{"not_picked":["Slimebound:Prepare","Slimebound:ProtectTheBoss"],"picked":"Slimebound:PressTheAttack+1","floor":25}],"player_experience":963137,"relics_obtained":[{"floor":7,"key":"Kunai"},{"floor":12,"key":"Choco_Feather"},{"floor":24,"key":"Potion Belt"}],"event_choices":[{"damage_healed":0,"gold_gain":0,"player_choice":"Toss","damage_taken":0,"max_hp_gain":0,"max_hp_loss":0,"event_name":"Elementarium:OnrushingOffering","floor":22,"gold_loss":10,"cards_obtained":["Elementarium:GildedEssence"]}],"is_beta":false,"boss_relics":[{"not_picked":["Runic Pyramid","bronze:MakeshiftBattery"],"picked":"theForsaken:PaleLantern"}],"items_purged_floors":[],"is_endless":false,"potions_floor_spawned":[5,8,13,14,16,19,21],"ascension_level":0}}