{"host":"en4narc5947t7k9n","time":1614203676,"event":{"mods":["AchievementEnabler","BaseMod","Colored Map","Minty Spire (QoL Compilation)","SuperFastMode"],"gold_per_floor":[118,128,128,139,139,169,19,19,67,145,159,2,36,49,49,152,152,162,162,14,33,48,48,77,96,96,128,141,66,165,179,179,179,179],"floor_reached":33,"language":"KOR","playtime":1401,"items_purged":["Strike_R"],"score":297,"play_id":"791c66b7-4020-40a6-84e2-736f6d031ead","local_time":"20210225065436","is_ascension_mode":false,"campfire_choices":[{"data":"Shockwave","floor":8,"key":"SMITH"},{"floor":15,"key":"RECALL"},{"data":"Bandage Up","floor":23,"key":"SMITH"},{"data":"Infernal Blade","floor":32,"key":"SMITH"}],"circlet_count":0,"master_deck":["Strike_R","Strike_R+1","Strike_R","Defend_R","Defend_R","Defend_R","Defend_R","Bash","Blood for Blood+1","Flex","Shockwave+1","Sentinel","Sever Soul","Anger","Impervious","Second Wind","Reaper","Havoc+1","Bandage Up+1","Bloodletting+1","Flex+1","Infernal Blade+1","Entrench+1","Clash","Pommel Strike+1","Impervious+1"],"relics":["Black Blood","Blood Vial","HornCleat","Omamori","Vajra","Question Card","Sling","Happy Flower","Toxic Egg 2","InkBottle"],"acts_visited":["Exordium","TheCity"],"potions_floor_usage":[6,27,31,33],"damage_taken":[{"damage":12,"enemies":"Small Slimes","floor":1,"turns":6},{"damage":0,"enemies":"2 Louse","floor":2,"turns":4},{"damage":0,"enemies":"Cultist","floor":4,"turns":3},{"damage":27,"enemies":"Gremlin Nob","floor":6,"turns":5},{"damage":3,"enemies":"Red Slaver","floor":11,"turns":3},{"damage":26,"enemies":"Lagavulin","floor":13,"turns":6},{"damage":0,"enemies":"Exordium Wildlife","floor":14,"turns":3},{"damage":21,"enemies":"Hexaghost","floor":16,"turns":9},{"damage":38,"enemies":"Spheric Guardian","floor":18,"turns":6},{"damage":6,"enemies":"Chosen","floor":21,"turns":3},{"damage":30,"enemies":"Centurion and Healer","floor":22,"turns":7},{"damage":18,"enemies":"Book of Stabbing","floor":24,"turns":5},{"damage":30,"enemies":"Shelled Parasite and Fungi","floor":25,"turns":6},{"damage":75,"enemies":"Slavers","floor":27,"turns":7},{"damage":12,"enemies":"Snake Plant","floor":28,"turns":5},{"damage":3,"enemies":"Cultist and Chosen","floor":31,"turns":4},{"damage":82,"enemies":"Automaton","floor":33,"turns":6}],"seed_played":"-2497417795259304830","potions_obtained":[{"floor":2,"key":"SmokeBomb"},{"floor":4,"key":"ColorlessPotion"},{"floor":14,"key":"Ancient Potion"},{"floor":16,"key":"Ancient Potion"},{"floor":18,"key":"Weak Potion"},{"floor":21,"key":"EntropicBrew"},{"floor":27,"key":"Swift Potion"}],"is_trial":false,"path_per_floor":["M","M","?","M","?","E","$","R","T","?","M","$","E","M","R","B",null,"M","?","$","M","M","R","E","M","T","E","M","$","?","M","R","B"],"character_chosen":"IRONCLAD","items_purchased":["Omamori","Vajra","Sling"],"campfire_rested":0,"item_purchase_floors":[7,12,20],"current_hp_per_floor":[74,80,64,70,58,39,39,39,39,39,44,44,26,34,34,21,80,54,42,42,61,62,62,74,66,66,23,36,36,36,63,63,0,0],"gold":179,"neow_bonus":"TRANSFORM_CARD","is_daily":false,"chose_seed":false,"campfire_upgraded":3,"win_rate":0.0,"timestamp":1614203676,"path_taken":["M","M","?","M","?","E","$","R","T","?","M","$","E","M","R","BOSS","M","?","?","?","M","R","E","M","T","E","M","$","?","M","R","BOSS"],"items_purchased_type":["Relic","Relic","Relic"],"build_version":"2020-12-22","purchased_purges":1,"victory":false,"max_hp_per_floor":[80,80,80,80,80,80,80,80,80,80,80,80,80,80,80,80,80,80,80,80,80,80,80,80,80,80,80,80,80,80,80,80,80,80],"card_choices":[{"not_picked":["Body Slam","Headbutt"],"picked":"Flex","floor":1},{"not_picked":["Headbutt","True Grit"],"picked":"Shockwave","floor":2},{"not_picked":["Reckless Charge","Body Slam"],"picked":"Sentinel","floor":4},{"not_picked":["Clothesline","True Grit"],"picked":"Sever Soul","floor":6},{"not_picked":["Warcry","Thunderclap"],"picked":"Anger","floor":11},{"not_picked":["Anger","Juggernaut"],"picked":"Impervious","floor":13},{"not_picked":["Wild Strike","Havoc","Headbutt"],"picked":"Second Wind","floor":14},{"not_picked":["Exhume","Limit Break","Corruption"],"picked":"Reaper","floor":16},{"not_picked":["Whirlwind+1","Pommel Strike+1","Wild Strike+1"],"picked":"Havoc+1","floor":18},{"not_picked":["Uppercut","Pommel Strike+1","Havoc+1"],"picked":"Bloodletting+1","floor":21},{"not_picked":["True Grit","Perfected Strike","Cleave"],"picked":"Flex+1","floor":22},{"not_picked":["Havoc","Rage","Body Slam"],"picked":"Infernal Blade","floor":24},{"not_picked":["Blood for Blood","Dual Wield","Cleave"],"picked":"Entrench+1","floor":25},{"not_picked":["Sever Soul+1","Iron Wave+1","Combust+1"],"picked":"Clash","floor":27},{"not_picked":["Wild Strike","Searing Blow","Cleave"],"picked":"Pommel Strike+1","floor":28},{"not_picked":["Shockwave+1","Headbutt","Pummel+1"],"picked":"Impervious+1","floor":31}],"player_experience":211326,"relics_obtained":[{"floor":6,"key":"HornCleat"},{"floor":13,"key":"Question Card"},{"floor":24,"key":"Happy Flower"},{"floor":26,"key":"Toxic Egg 2"},{"floor":27,"key":"InkBottle"}],"event_choices":[{"damage_healed":0,"gold_gain":0,"player_choice":"Entered Light","damage_taken":16,"max_hp_gain":0,"max_hp_loss":0,"event_name":"Shining Light","floor":3,"gold_loss":0,"cards_upgraded":["Strike_R","Blood for Blood"]},{"damage_healed":0,"gold_gain":0,"player_choice":"Success","damage_taken":12,"relics_obtained":["Blood Vial"],"max_hp_gain":0,"max_hp_loss":0,"event_name":"Scrap Ooze","floor":5,"gold_loss":0},{"damage_healed":0,"gold_gain":78,"player_choice":"Gained Gold","damage_taken":0,"max_hp_gain":0,"max_hp_loss":0,"event_name":"Golden Wing","floor":10,"gold_loss":0},{"damage_healed":0,"gold_gain":0,"player_choice":"CARD ","damage_taken":12,"max_hp_gain":0,"max_hp_loss":0,"event_name":"Knowing Skull","floor":19,"potions_obtained":[],"gold_loss":0,"cards_obtained":["Bandage Up"]},{"damage_healed":0,"gold_gain":99,"player_choice":"Stole From Cult","damage_taken":0,"max_hp_gain":0,"max_hp_loss":0,"event_name":"Nest","floor":30,"gold_loss":0}],"is_beta":false,"boss_relics":[{"not_picked":["Sozu","Ectoplasm"],"picked":"Black Blood"}],"items_purged_floors":[29],"is_endless":false,"potions_floor_spawned":[2,4,14,16,18,21,27],"killed_by":"Automaton","ascension_level":0}}