{"host":"iv24d026eac8pm4e","time":1614189764,"event":{"mods":["BaseMod","Minty Spire (QoL Compilation)"],"gold_per_floor":[111,129,129,144,144,144,167,188,265,281,320,320,339,339,339,433,433,446,446,76,96,96,96,117,117,141,141,154,197,217,342,342,436,436,449,449,468,499,499,499,532,556,628,628,114,166,200,243,243,243,243,243,243,20,69,69],"floor_reached":57,"language":"ENG","playtime":4439,"items_purged":["Defend_G","Defend_G","Strike_G+1"],"score":3024,"play_id":"f8316071-436f-4fe4-bed5-bb4997e23c74","local_time":"20210224100244","is_ascension_mode":true,"campfire_choices":[{"floor":6,"key":"REST"},{"data":"Blade Dance","floor":12,"key":"SMITH"},{"data":"Concentrate","floor":15,"key":"SMITH"},{"data":"Terror","floor":23,"key":"SMITH"},{"floor":27,"key":"REST"},{"floor":32,"key":"REST"},{"data":"Catalyst","floor":40,"key":"SMITH"},{"floor":44,"key":"RECALL"},{"data":"Venomology","floor":49,"key":"SMITH"},{"data":"Adrenaline","floor":53,"key":"SMITH"}],"circlet_count":0,"master_deck":["AscendersBane","Defend_G","Neutralize","Poisoned Stab","Blade Dance+1","Terror+1","Leg Sweep","Dagger Spray+1","PiercingWail","Envenom+1","Concentrate+1","After Image+1","Venomology+1","Bane+1","Cloak And Dagger+1","RitualDagger","Infinite Blades+1","Finisher","Well Laid Plans+1","Necronomicurse","Accuracy+1","Noxious Fumes+1","Wraith Form v2+1","Caltrops+1","Adrenaline+1","Catalyst+1","PiercingWail","Calculated Gamble","Venomology+1","Blade Dance+1","Prepared+1"],"relics":["Ring of the Serpent","Golden Idol","Dead Branch","Frozen Egg 2","Whetstone","Astrolabe","Membership Card","Lantern","Necronomicon","Happy Flower","Pocketwatch","Darkstone Periapt","Unceasing Top","CeramicFish","Eternal Feather","TungstenRod","Mango","Sling","The Specimen","Regal Pillow","Kunai","InkBottle"],"acts_visited":["Exordium","TheCity","TheBeyond","TheEnding"],"potions_floor_usage":[11,11,21,21,28,29,30,30,31,35,37,38,41,42,42,42,47,47,48,48,48,50,51,51,51,55,55,56,56,56],"damage_taken":[{"damage":4,"enemies":"Small Slimes","floor":1,"turns":5},{"damage":6,"enemies":"2 Louse","floor":2,"turns":4},{"damage":1,"enemies":"Cultist","floor":4,"turns":3},{"damage":1,"enemies":"Looter","floor":7,"turns":3},{"damage":1,"enemies":"Exordium Wildlife","floor":8,"turns":4},{"damage":0,"enemies":"Large Slime","floor":10,"turns":4},{"damage":0,"enemies":"3 Sentries","floor":11,"turns":3},{"damage":1,"enemies":"Looter","floor":13,"turns":2},{"damage":0,"enemies":"Slime Boss","floor":16,"turns":3},{"damage":0,"enemies":"Chosen","floor":18,"turns":3},{"damage":0,"enemies":"Spheric Guardian","floor":21,"turns":3},{"damage":16,"enemies":"Snake Plant","floor":24,"turns":5},{"damage":0,"enemies":"Sentry and Sphere","floor":28,"turns":4},{"damage":0,"enemies":"Gremlin Leader","floor":29,"turns":6},{"damage":7,"enemies":"Cultist and Chosen","floor":30,"turns":5},{"damage":9,"enemies":"Colosseum Slavers","floor":31,"turns":4},{"damage":4,"enemies":"Colosseum Nobs","floor":31,"turns":3},{"damage":10,"enemies":"Automaton","floor":33,"turns":8},{"damage":0,"enemies":"3 Shapes","floor":35,"turns":4},{"damage":1,"enemies":"3 Darklings","floor":37,"turns":4},{"damage":0,"enemies":"Mind Bloom Boss Battle","floor":38,"turns":5},{"damage":30,"enemies":"Reptomancer","floor":41,"turns":5},{"damage":0,"enemies":"Sphere and 2 Shapes","floor":42,"turns":3},{"damage":0,"enemies":"Nemesis","floor":46,"turns":5},{"damage":0,"enemies":"Maw","floor":47,"turns":5},{"damage":23,"enemies":"Giant Head","floor":48,"turns":5},{"damage":15,"enemies":"Time Eater","floor":50,"turns":9},{"damage":13,"enemies":"Donu and Deca","floor":51,"turns":7},{"damage":31,"enemies":"Shield and Spear","floor":55,"turns":5},{"damage":97,"enemies":"The Heart","floor":56,"turns":8}],"seed_played":"57119474398468566","potions_obtained":[{"floor":2,"key":"BlessingOfTheForge"},{"floor":7,"key":"PowerPotion"},{"floor":13,"key":"AttackPotion"},{"floor":21,"key":"Fruit Juice"},{"floor":28,"key":"Strength Potion"},{"floor":48,"key":"Ancient Potion"}],"is_trial":false,"path_per_floor":["M","M","?","M","?","R","M","M","T","M","E","R","M","?","R","B",null,"M","?","$","M","?","R","M","?","T","R","M","E","M","?","R","B",null,"M","?","M","?","?","R","E","M","T","R","$","E","M","E","R","B","B",null,"R","$","E","B",null],"character_chosen":"THE_SILENT","items_purchased":["Membership Card","Lantern","Infinite Blades+1","Finisher","TungstenRod","Mango","Sling","FairyPotion","Kunai","Swift Potion"],"campfire_rested":3,"item_purchase_floors":[20,20,20,20,45,45,45,45,54,54],"current_hp_per_floor":[61,55,30,29,18,39,38,37,37,37,37,37,36,29,29,29,61,61,55,55,60,39,39,23,23,23,46,46,46,39,26,49,39,68,68,68,67,67,67,67,37,37,37,55,69,69,69,46,64,49,36,77,91,91,60,27],"gold":69,"neow_bonus":"TEN_PERCENT_HP_BONUS","is_daily":false,"chose_seed":false,"campfire_upgraded":6,"win_rate":0.0,"timestamp":1614189764,"path_taken":["M","M","?","M","?","R","M","M","T","M","E","R","M","?","R","BOSS","M","?","$","M","?","R","M","?","T","R","M","E","M","?","R","BOSS","M","?","M","?","?","R","E","?","T","R","$","E","M","E","R","BOSS","BOSS","R","$","E","BOSS"],"items_purchased_type":["Relic","Relic","Card","Card","Relic","Relic","Relic","Potion","Relic","Potion"],"build_version":"2020-12-22","purchased_purges":3,"victory":true,"max_hp_per_floor":[72,72,72,72,72,72,72,72,72,72,72,72,72,72,72,72,72,72,72,72,77,77,77,77,77,77,77,77,77,77,77,77,77,77,77,77,77,77,77,77,77,77,77,77,91,91,91,91,91,91,91,91,91,91,91,91],"card_choices":[{"not_picked":["Deflect","Heel Hook"],"picked":"Poisoned Stab","floor":1},{"not_picked":["Bane","Poisoned Stab"],"picked":"Blade Dance","floor":2},{"not_picked":["Slice","Dagger Throw"],"picked":"Terror","floor":4},{"not_picked":["Slice","Acrobatics"],"picked":"Leg Sweep","floor":7},{"not_picked":["Underhanded Strike","Masterful Stab"],"picked":"Dagger Spray","floor":8},{"not_picked":["Flying Knee","Expertise"],"picked":"PiercingWail","floor":10},{"not_picked":["Bouncing Flask","Underhanded Strike"],"picked":"Envenom+1","floor":11},{"not_picked":["Acrobatics","PiercingWail"],"picked":"Concentrate","floor":13},{"not_picked":["Wraith Form v2+1","Tools of the Trade+1"],"picked":"After Image+1","floor":16},{"not_picked":["Underhanded Strike","Tactician","Deflect"],"picked":"SKIP","floor":18},{"not_picked":["Flying Knee","Crippling Poison"],"picked":"Well Laid Plans+1","floor":21},{"not_picked":["Dagger Throw+1","Sucker Punch+1"],"picked":"Accuracy+1","floor":24},{"not_picked":["Dodge and Roll","Bane","Deflect"],"picked":"SKIP","floor":28},{"not_picked":["Quick Slash","Masterful Stab"],"picked":"Noxious Fumes+1","floor":29},{"not_picked":["Cloak And Dagger","Underhanded Strike"],"picked":"Wraith Form v2+1","floor":30},{"not_picked":["Deflect","Blade Dance"],"picked":"Caltrops+1","floor":31},{"not_picked":["Malaise","Corpse Explosion"],"picked":"Adrenaline","floor":33},{"not_picked":["Deadly Poison","Dagger Throw"],"picked":"Catalyst","floor":35},{"not_picked":["Dagger Throw","Prepared"],"picked":"PiercingWail","floor":37},{"not_picked":["Masterful Stab+1","Well Laid Plans+1"],"picked":"Calculated Gamble","floor":38},{"not_picked":["Bouncing Flask","Calculated Gamble","Eviscerate"],"picked":"SKIP","floor":41},{"not_picked":["Dagger Throw","All Out Attack","Sucker Punch"],"picked":"SKIP","floor":42},{"not_picked":["Deadly Poison","Underhanded Strike"],"picked":"Venomology","floor":46},{"not_picked":["Prepared","Poisoned Stab"],"picked":"Blade Dance+1","floor":47},{"not_picked":["Cloak And Dagger+1","Expertise","Caltrops+1"],"picked":"SKIP","floor":48},{"not_picked":["Slice","Flying Knee"],"picked":"Prepared+1","floor":55}],"player_experience":2616095,"relics_obtained":[{"floor":9,"key":"Frozen Egg 2"},{"floor":11,"key":"Whetstone"},{"floor":22,"key":"Necronomicon"},{"floor":29,"key":"Happy Flower"},{"floor":31,"key":"Pocketwatch"},{"floor":31,"key":"Darkstone Periapt"},{"floor":38,"key":"Unceasing Top"},{"floor":41,"key":"CeramicFish"},{"floor":43,"key":"Eternal Feather"},{"floor":46,"key":"The Specimen"},{"floor":48,"key":"Regal Pillow"},{"floor":55,"key":"InkBottle"}],"event_choices":[{"damage_healed":0,"gold_gain":0,"player_choice":"Take Damage","damage_taken":25,"relics_obtained":["Golden Idol"],"max_hp_gain":0,"max_hp_loss":0,"event_name":"Golden Idol","floor":3,"gold_loss":0},{"damage_healed":0,"gold_gain":0,"player_choice":"Success","damage_taken":11,"relics_obtained":["Dead Branch"],"max_hp_gain":0,"max_hp_loss":0,"event_name":"Scrap Ooze","floor":5,"gold_loss":0},{"cards_removed":["Strike_G"],"damage_healed":0,"gold_gain":0,"player_choice":"Card Removal","damage_taken":7,"max_hp_gain":0,"max_hp_loss":0,"event_name":"Golden Wing","floor":14,"gold_loss":0},{"damage_healed":0,"gold_gain":0,"player_choice":"Joined the Cult","damage_taken":6,"max_hp_gain":0,"max_hp_loss":0,"event_name":"Nest","floor":19,"gold_loss":0,"cards_obtained":["RitualDagger"]},{"damage_healed":0,"gold_gain":0,"player_choice":"Obtained Book","damage_taken":21,"max_hp_gain":0,"max_hp_loss":0,"event_name":"Cursed Tome","floor":22,"gold_loss":0},{"cards_removed":["Defend_G"],"damage_healed":0,"gold_gain":0,"player_choice":"Elegance","damage_taken":0,"max_hp_gain":0,"max_hp_loss":0,"event_name":"Back to Basics","floor":25,"gold_loss":0},{"damage_healed":0,"gold_gain":0,"player_choice":"Fight","damage_taken":0,"max_hp_gain":0,"max_hp_loss":0,"event_name":"Colosseum","floor":31,"gold_loss":0},{"damage_healed":0,"gold_gain":0,"player_choice":"Fought Nobs","damage_taken":0,"max_hp_gain":0,"max_hp_loss":0,"event_name":"Colosseum","floor":31,"gold_loss":0},{"cards_removed":["Survivor"],"damage_healed":0,"gold_gain":0,"player_choice":"Removed Skill","damage_taken":0,"max_hp_gain":0,"max_hp_loss":0,"event_name":"Falling","floor":36,"gold_loss":0},{"damage_healed":0,"gold_gain":0,"player_choice":"Fight","damage_taken":0,"max_hp_gain":0,"max_hp_loss":0,"event_name":"MindBloom","floor":38,"gold_loss":0},{"cards_removed":["Defend_G"],"damage_healed":0,"gold_gain":0,"player_choice":"Offered Basic","damage_taken":0,"max_hp_gain":0,"max_hp_loss":0,"event_name":"Bonfire Elementals","floor":39,"gold_loss":0}],"is_beta":false,"boss_relics":[{"not_picked":["HoveringKite","Empty Cage"],"picked":"Astrolabe"},{"not_picked":["SacredBark","Velvet Choker"],"picked":"Ring of the Serpent"}],"items_purged_floors":[20,45,54],"is_endless":false,"potions_floor_spawned":[2,7,10,13,21,24,28,38,46,47,48],"ascension_level":20}}