{"host":"t6r1isv2bex5ovch","time":1614146106,"event":{"mods":["AchievementEnabler","Act Like it!","Aspiration","BaseMod","Better Altar","Better Match","Better Note","Better Sensory Stone","Better Skull","Better Third Choice","Better Vampires","Bossed Relics","Colored Powertips","Displayed Cursed Tome","Evolution","Fox Events","Hubris","Minty Spire (QoL Compilation)","Reliquary","Ruina","StSLib"],"gold_per_floor":[112,131,56,71,82,108,108,108,108,108,108,108],"floor_reached":11,"language":"ENG","playtime":495,"items_purged":["Strike_B"],"score":88,"play_id":"ac22d9d2-e5ed-4a41-9fb7-78c6d89052b6","local_time":"20210224165506","is_ascension_mode":true,"campfire_choices":[{"floor":7,"key":"RECALL"},{"data":"Zap","floor":10,"key":"SMITH"}],"circlet_count":0,"master_deck":["Strike_B","Strike_B","Strike_B","Defend_B","Defend_B","Defend_B","Defend_B","Zap+1","Dualcast","Conserve Battery","Ball Lightning","Creative AI","Redo"],"relics":["Cracked Core","EVO:Axolotl","aspiration:Lifesprig","hubris:Icosahedron"],"acts_visited":["Exordium"],"potions_floor_usage":[],"damage_taken":[{"damage":11.0,"enemies":"Jaw Worm","floor":1.0,"turns":4.0},{"damage":5.0,"enemies":"2 Louse","floor":2.0,"turns":3.0},{"damage":4.0,"enemies":"Small Slimes","floor":4.0,"turns":3.0},{"damage":8,"enemies":"Exordium Wildlife","floor":5,"turns":4},{"damage":47,"enemies":"3 Sentries","floor":6,"turns":7},{"damage":10,"enemies":"Gremlin Nob","floor":11,"turns":1}],"seed_played":"7952116932830807816","potions_obtained":[{"floor":2.0,"key":"Weak Potion"},{"floor":6,"key":"SpeedPotion"}],"is_trial":false,"path_per_floor":["M","M","$","M","M","E","R","?","T","R","E"],"character_chosen":"DEFECT","items_purchased":[],"campfire_rested":0,"item_purchase_floors":[],"current_hp_per_floor":[71,66,66,62,54,7,7,7,7,7,0,0],"gold":108,"neow_bonus":"TEN_PERCENT_HP_BONUS","is_daily":false,"chose_seed":false,"campfire_upgraded":1,"win_rate":0.0,"timestamp":1614146106,"path_taken":["M","M","$","M","M","E","R","?","T","R","E"],"items_purchased_type":[],"build_version":"2020-12-22","purchased_purges":1,"victory":false,"max_hp_per_floor":[82,82,82,82,82,82,82,82,82,82,82,82],"card_choices":[{"not_picked":["Ball Lightning","Steam"],"picked":"Conserve Battery","floor":1.0},{"not_picked":["Conserve Battery","Redo"],"picked":"Ball Lightning","floor":2.0},{"not_picked":["Barrage","Turbo"],"picked":"Creative AI","floor":4.0},{"not_picked":["Stack","Streamline","Redo"],"picked":"SKIP","floor":5},{"not_picked":["Stack","Streamline"],"picked":"Redo","floor":5},{"not_picked":["Leap","Scrape","Go for the Eyes"],"picked":"SKIP","floor":6}],"player_experience":400459,"relics_obtained":[{"floor":6,"key":"aspiration:Lifesprig"}],"event_choices":[],"is_beta":false,"boss_relics":[],"items_purged_floors":[3],"is_endless":false,"potions_floor_spawned":[2,6],"killed_by":"Gremlin Nob","ascension_level":4}}