{"host":"75f7vpxw7p171fvt","time":1614155247,"event":{"mods":["100% Spire Juice","Act Like it!","Arknights","Astrologer","Bard","BaseMod","CapriCore","ChefMod","Clockwork Mod","Communication Mod","Downfall","Duelist Mod","Gensokyo","Gremlin Mod","Jorbs\u0027s Wanderer Trilogy","Minty Spire (QoL Compilation)","Potionbrewer","Reliquary","Robot Space Explorer","Shapeshifter Mod","StS++","StSLib","The Administrix","The Animator","The Blackbeard","The Dragon Tamer","The Gatherer","The Immortal","The Mystic","The Poker Player"],"gold_per_floor":[99,114,114,114,126,136,162,337,237,313,326,46,78,97,111,214,214,114,130,130,130,148,179,179,179,179,179],"floor_reached":25,"language":"ENG","playtime":3262,"items_purged":[],"score":253,"play_id":"f5326982-63ea-4d40-945f-faf6f05c4f80","local_time":"20210224002727","is_ascension_mode":false,"campfire_choices":[{"floor":1,"key":"RECALL"},{"data":"hexamod:Float","floor":9,"key":"SMITH"},{"data":"hexamod:FastForward","floor":18,"key":"SMITH"}],"circlet_count":0,"master_deck":["hexamod:Strike","hexamod:Strike","hexamod:Strike+1","hexamod:Strike+1","hexamod:Defend","hexamod:Defend","hexamod:Defend","hexamod:Defend+1","hexamod:Sear","hexamod:Float+1","hexamod:HeatCrush","hexamod:GhostOfSpirePast","hexamod:GhostLash","Doubt","hexamod:HauntingEcho","hexamod:FirstSeal","hexamod:HexaLevel","expansioncontent:StudyTheSpire+1","hexamod:FastForward+1","hexamod:FifthSeal","hexamod:ThirdSeal","hexamod:PhantomCloak","hexamod:TimeWarp","hexamod:TimeOfNeed","hexamod:SecondSeal","hexamod:EtherealExpedition","hexamod:RecurringNightmare","hexamod:SixthSeal","Pain","hexamod:ExtraCrispy+1","hexamod:UnleashSpirits","hexamod:GhostShield","hexamod:BurningTouch+1"],"relics":["hexamod:SpiritBrand","reliquary:IridiumChain","potionbrewer:Torch","downfall:HeartBlessingRed","StSpp:WoodenStick","reliquary:KinkedSpring","downfall:HeartBlessingBlue","WarpedTongs","reliquary:Sod"],"acts_visited":["Exordium","TheCity"],"potions_floor_usage":[16,16,23],"damage_taken":[{"damage":0,"enemies":"2 Louse","floor":2,"turns":3},{"damage":2,"enemies":"Jaw Worm","floor":5,"turns":3},{"damage":1,"enemies":"Cultist","floor":6,"turns":3},{"damage":0,"enemies":"Large Slime","floor":11,"turns":4},{"damage":0,"enemies":"downfall:FleeingMerchant","floor":12,"turns":4},{"damage":46,"enemies":"3 Sentries","floor":13,"turns":9},{"damage":18,"enemies":"Exordium Wildlife","floor":14,"turns":5},{"damage":5,"enemies":"Gremlin Gang","floor":15,"turns":5},{"damage":16,"enemies":"IC_STATUS_ARCHETYPE","floor":16,"turns":8},{"damage":16,"enemies":"Shell Parasite","floor":19,"turns":4},{"damage":20,"enemies":"3 Byrds","floor":22,"turns":5},{"damage":29,"enemies":"Snake Plant","floor":23,"turns":4},{"damage":46,"enemies":"Gremlin Leader","floor":25,"turns":2}],"seed_played":"7465989100095777666","potions_obtained":[{"floor":6,"key":"sneckomod:MuddlingPotion"},{"floor":13,"key":"potionbrewer:CleansingPotion"},{"floor":14,"key":"AttackPotion"},{"floor":15,"key":"Explosive Potion"},{"floor":16,"key":"FearPotion"},{"floor":22,"key":"potionbrewer:HastePotion"}],"is_trial":false,"path_per_floor":["R","M","?","?","M","M","T","?","R","T","M","$","E","M","M","B",null,"R","M","?","?","M","M","T","E"],"character_chosen":"THE_SPIRIT","items_purchased":["hexamod:HexaLevel","expansioncontent:StudyTheSpire+1"],"campfire_rested":0,"item_purchase_floors":[12,12],"current_hp_per_floor":[77,77,77,65,63,62,62,62,62,62,62,62,23,19,21,12,77,87,71,71,71,65,43,43,0,0,0],"gold":179,"neow_bonus":"TEN_PERCENT_HP_BONUS","is_daily":false,"chose_seed":false,"campfire_upgraded":2,"win_rate":0.0,"timestamp":1614155247,"path_taken":["R","M","?","?","M","M","T","?","R","?","M","$","E","?","M","BOSS","R","M","?","?","M","M","T","E"],"items_purchased_type":["Card","Card"],"build_version":"2020-12-22","purchased_purges":0,"victory":false,"max_hp_per_floor":[77,77,77,77,77,77,77,77,77,77,77,77,77,77,77,77,77,87,87,87,87,87,87,87,87,87,87],"card_choices":[{"not_picked":["hexamod:Firestarter","hexamod:GhostShield"],"picked":"hexamod:HeatCrush","floor":2},{"not_picked":["hexamod:SoulSteal","hexamod:RecurringNightmare"],"picked":"hexamod:GhostOfSpirePast","floor":5},{"not_picked":["hexamod:NightmareGuise","hexamod:ThermalTransfer"],"picked":"hexamod:GhostLash","floor":6},{"not_picked":["hexamod:GhostLash","hexamod:Hexaguard"],"picked":"hexamod:HauntingEcho","floor":11},{"not_picked":["hexamod:ThermalTransfer","hexamod:EmpoweredFlame"],"picked":"hexamod:FirstSeal","floor":12},{"not_picked":["hexamod:GhostShield","hexamod:RainOfEmbers"],"picked":"hexamod:FastForward","floor":13},{"not_picked":["hexamod:RainOfEmbers","hexamod:AdvancingGuard"],"picked":"hexamod:FifthSeal","floor":14},{"not_picked":["hexamod:FourthSeal","hexamod:FirstSeal"],"picked":"hexamod:ThirdSeal","floor":15},{"not_picked":["hexamod:GhostLash","hexamod:HeatCrush"],"picked":"hexamod:PhantomCloak","floor":15},{"not_picked":["hexamod:HexaLevel","hexamod:GhostflameInferno"],"picked":"hexamod:TimeWarp","floor":16},{"not_picked":["hexamod:TimeWarp","hexamod:UnleashSpirits"],"picked":"hexamod:TimeOfNeed","floor":16},{"not_picked":["hexamod:FirstSeal","hexamod:ThirdSeal"],"picked":"hexamod:SecondSeal","floor":19},{"not_picked":["hexamod:SwordOfDarkness","hexamod:GhostLash"],"picked":"hexamod:EtherealExpedition","floor":19},{"not_picked":["hexamod:ShieldOfDarkness+1","hexamod:GhostLash"],"picked":"hexamod:RecurringNightmare","floor":19},{"not_picked":["hexamod:ShieldOfDarkness","hexamod:Rewind"],"picked":"hexamod:SixthSeal","floor":19},{"not_picked":["hexamod:NightmareGuise","hexamod:ThermalTransfer"],"picked":"hexamod:ExtraCrispy+1","floor":22},{"not_picked":["hexamod:BurningTouch","hexamod:ShieldOfDarkness+1"],"picked":"hexamod:UnleashSpirits","floor":23},{"not_picked":["hexamod:InspiringFlames+1","hexamod:ExtraCrispy+1"],"picked":"hexamod:GhostShield","floor":23},{"not_picked":["hexamod:FirstSeal","hexamod:Firestarter"],"picked":"hexamod:BurningTouch+1","floor":23}],"player_experience":24486,"relics_obtained":[{"floor":7,"key":"potionbrewer:Torch"},{"floor":13,"key":"StSpp:WoodenStick"},{"floor":24,"key":"reliquary:Sod"}],"event_choices":[{"damage_healed":0,"gold_gain":0,"player_choice":"Success","damage_taken":12,"relics_obtained":["reliquary:IridiumChain"],"max_hp_gain":0,"max_hp_loss":0,"event_name":"Scrap Ooze","floor":4,"gold_loss":0},{"damage_healed":0,"gold_gain":0,"player_choice":"Rummage","damage_taken":0,"relics_obtained":["WarpedTongs"],"max_hp_gain":0,"max_hp_loss":0,"event_name":"Accursed Blacksmith","floor":21,"gold_loss":0,"cards_obtained":["Pain"]}],"is_beta":false,"boss_relics":[{"not_picked":["SacredBark","bronze:MakeshiftBattery"],"picked":"reliquary:KinkedSpring"}],"items_purged_floors":[],"is_endless":false,"potions_floor_spawned":[6,13,14,15,16,22],"killed_by":"Gremlin Leader","ascension_level":0}}