{"host":"0qulokkk26x4i6bu","time":1614197306,"event":{"mods":["BaseMod","Bestiary","Block Reminder","DeckTracker","Minty Spire (QoL Compilation)","Relic Stats"],"gold_per_floor":[118,118,20,20,36,65,85,85,85,99,119,44,69,88,88,183,183,196,214,214,87,87,117,117,130,130,144,171,184,218,218,218,314,314,332,332,344,364,364,364],"floor_reached":39,"language":"ENG","playtime":2206,"items_purged":["Strike_P"],"score":527,"play_id":"881d4afd-2b38-431d-a5a2-d2e5e5639d91","local_time":"20210224120826","is_ascension_mode":true,"campfire_choices":[{"data":"JustLucky","floor":8,"key":"SMITH"},{"data":"Tantrum","floor":15,"key":"SMITH"},{"data":"TalkToTheHand","floor":24,"key":"SMITH"},{"data":"CutThroughFate","floor":32,"key":"SMITH"}],"circlet_count":0,"master_deck":["Defend_P","Defend_P","Defend_P","Eruption","Vigilance","JustLucky+1","ThirdEye","CutThroughFate+1","Tantrum+1","ClearTheMind","Protect","Adaptation","JustLucky","Vault","Protect","Blasphemy","Evaluate+1","CutThroughFate","TalkToTheHand+1","Trip","Bite","Bite","Bite","Bite","Bite","FlurryOfBlows","FlurryOfBlows+1","Conclude","Meditate","Weave","MasterReality","Consecrate+1"],"relics":["PureWater","NeowsBlessing","The Courier","Unceasing Top","Shuriken","HornCleat","Runic Pyramid","Nilry\u0027s Codex","Ancient Tea Set","Mercury Hourglass","Bronze Scales","Omamori","Bottled Flame","VioletLotus"],"acts_visited":["Exordium","TheCity","TheBeyond"],"potions_floor_usage":[33,33,33,33,38],"damage_taken":[{"damage":0,"enemies":"2 Louse","floor":1,"turns":1},{"damage":0,"enemies":"Small Slimes","floor":5,"turns":1},{"damage":0,"enemies":"Gremlin Nob","floor":6,"turns":1},{"damage":0,"enemies":"Jaw Worm","floor":7,"turns":2},{"damage":0,"enemies":"Exordium Thugs","floor":10,"turns":3},{"damage":5,"enemies":"Exordium Wildlife","floor":11,"turns":4},{"damage":15,"enemies":"3 Sentries","floor":13,"turns":5},{"damage":0,"enemies":"Large Slime","floor":14,"turns":2},{"damage":6,"enemies":"Hexaghost","floor":16,"turns":5},{"damage":6,"enemies":"2 Thieves","floor":18,"turns":5},{"damage":0,"enemies":"Shell Parasite","floor":19,"turns":3},{"damage":5,"enemies":"Gremlin Leader","floor":23,"turns":5},{"damage":0,"enemies":"Snake Plant","floor":25,"turns":2},{"damage":17,"enemies":"Centurion and Healer","floor":27,"turns":3},{"damage":8,"enemies":"Book of Stabbing","floor":28,"turns":4},{"damage":7,"enemies":"Chosen and Byrds","floor":29,"turns":3},{"damage":21,"enemies":"Slavers","floor":30,"turns":4},{"damage":11,"enemies":"Collector","floor":33,"turns":6},{"damage":8,"enemies":"Orb Walker","floor":35,"turns":2},{"damage":20,"enemies":"3 Shapes","floor":37,"turns":3},{"damage":24,"enemies":"Spire Growth","floor":38,"turns":4},{"damage":14,"enemies":"Writhing Mass","floor":39,"turns":1}],"seed_played":"-7709990222811658177","potions_obtained":[{"floor":1,"key":"EntropicBrew"},{"floor":10,"key":"Energy Potion"},{"floor":16,"key":"Regen Potion"},{"floor":33,"key":"Weak Potion"}],"is_trial":false,"path_per_floor":["M","?","$","?","M","E","M","R","T","M","M","$","E","M","R","B",null,"M","M","?","$","?","E","R","M","T","M","E","M","E","T","R","B",null,"M","?","M","M","M"],"character_chosen":"WATCHER","items_purchased":["ThirdEye","Adaptation","JustLucky","TalkToTheHand","Trip"],"campfire_rested":0,"item_purchase_floors":[3,12,12,21,21],"current_hp_per_floor":[72,65,65,58,58,58,58,58,58,58,53,53,38,38,38,32,72,66,66,50,50,50,50,50,50,50,37,31,28,13,13,13,22,50,42,42,26,10,0,0],"gold":364,"neow_bonus":"THREE_ENEMY_KILL","is_daily":false,"chose_seed":false,"campfire_upgraded":4,"win_rate":0.0,"timestamp":1614197306,"path_taken":["M","?","$","?","?","E","M","R","T","M","M","?","E","M","R","BOSS","M","M","?","$","?","E","R","M","T","M","E","M","E","?","R","BOSS","M","?","M","M","M"],"items_purchased_type":["Card","Card","Card","Card","Card"],"build_version":"2020-12-22","purchased_purges":1,"victory":false,"max_hp_per_floor":[72,72,72,72,72,72,72,72,72,72,72,72,72,72,72,72,72,72,72,72,72,50,50,50,50,50,50,50,50,50,50,50,50,50,50,50,50,50,50,50],"relic_stats":{"counters":[22,69],"Shuriken":[30],"Bronze Scales":[60],"VioletLotus":[0],"obtain_stats":[{"NeowsBlessing":0,"Nilry\u0027s Codex":20,"The Courier":2,"Omamori":30,"Ancient Tea Set":23,"Mercury Hourglass":26,"Bottled Flame":31,"HornCleat":13,"Shuriken":9,"Bronze Scales":28,"VioletLotus":34,"PureWater":0,"Unceasing Top":6,"Runic Pyramid":17},{"NeowsBlessing":0,"Nilry\u0027s Codex":11,"The Courier":1,"Omamori":17,"Ancient Tea Set":12,"Mercury Hourglass":13,"Bottled Flame":17,"HornCleat":7,"Shuriken":4,"Bronze Scales":15,"VioletLotus":18,"PureWater":0,"Unceasing Top":3,"Runic Pyramid":9},{"NeowsBlessing":0,"Nilry\u0027s Codex":32,"The Courier":1,"Omamori":53,"Ancient Tea Set":37,"Mercury Hourglass":39,"Bottled Flame":53,"HornCleat":17,"Shuriken":5,"Bronze Scales":46,"VioletLotus":59,"PureWater":0,"Unceasing Top":3,"Runic Pyramid":24}],"Unceasing Top":[1],"Mercury Hourglass":[133]},"card_choices":[{"not_picked":["Nirvana","Collect"],"picked":"JustLucky","floor":1},{"not_picked":["PathToVictory","ForeignInfluence"],"picked":"CutThroughFate","floor":5},{"not_picked":["CrushJoints","PathToVictory"],"picked":"Tantrum","floor":6},{"not_picked":["CutThroughFate","JustLucky","WreathOfFlame"],"picked":"SKIP","floor":7},{"not_picked":["PathToVictory","Collect"],"picked":"ClearTheMind","floor":10},{"not_picked":["Consecrate","EmptyFist"],"picked":"Protect","floor":11},{"not_picked":["Perseverance","Conclude"],"picked":"Vault","floor":13},{"not_picked":["LikeWater","FollowUp"],"picked":"Protect","floor":14},{"not_picked":["DevaForm","DeusExMachina"],"picked":"Blasphemy","floor":16},{"not_picked":["SashWhip","Crescendo"],"picked":"Evaluate+1","floor":18},{"not_picked":["EmptyFist+1","ThirdEye"],"picked":"CutThroughFate","floor":19},{"not_picked":["WindmillStrike","Tantrum"],"picked":"FlurryOfBlows","floor":23},{"not_picked":["Halt","SandsOfTime+1"],"picked":"FlurryOfBlows+1","floor":25},{"not_picked":["LikeWater","Establishment"],"picked":"Conclude","floor":27},{"not_picked":["CutThroughFate","CrushJoints","ThirdEye"],"picked":"SKIP","floor":28},{"not_picked":["WreathOfFlame+1","CrushJoints"],"picked":"Meditate","floor":29},{"not_picked":["PathToVictory+1","Prostrate"],"picked":"Weave","floor":30},{"not_picked":["Blasphemy","DeusExMachina"],"picked":"MasterReality","floor":33},{"not_picked":["FlurryOfBlows","ClearTheMind+1","Crescendo"],"picked":"SKIP","floor":35},{"not_picked":["SashWhip","EmptyBody"],"picked":"Consecrate+1","floor":37},{"not_picked":["ClearTheMind","EmptyMind+1","EmptyFist+1"],"picked":"SKIP","floor":38}],"player_experience":94112,"relics_obtained":[{"floor":6,"key":"Unceasing Top"},{"floor":9,"key":"Shuriken"},{"floor":13,"key":"HornCleat"},{"floor":20,"key":"Nilry\u0027s Codex"},{"floor":23,"key":"Ancient Tea Set"},{"floor":26,"key":"Mercury Hourglass"},{"floor":28,"key":"Bronze Scales"},{"floor":30,"key":"Omamori"},{"floor":31,"key":"Bottled Flame"}],"event_choices":[{"damage_healed":0,"gold_gain":0,"player_choice":"Success","damage_taken":7,"relics_obtained":["The Courier"],"max_hp_gain":0,"max_hp_loss":0,"event_name":"Scrap Ooze","floor":2,"gold_loss":0},{"cards_removed":["Defend_P"],"damage_healed":0,"gold_gain":0,"player_choice":"Card Removal","damage_taken":7,"max_hp_gain":0,"max_hp_loss":0,"event_name":"Golden Wing","floor":4,"gold_loss":0},{"damage_healed":0,"gold_gain":0,"player_choice":"Obtained Book","damage_taken":16,"max_hp_gain":0,"max_hp_loss":0,"event_name":"Cursed Tome","floor":20,"gold_loss":0},{"damage_healed":0,"gold_gain":0,"player_choice":"Became a vampire","damage_taken":0,"max_hp_gain":0,"max_hp_loss":22,"event_name":"Vampires","floor":22,"gold_loss":0,"cards_obtained":["Bite","Bite","Bite","Bite","Bite"]},{"damage_healed":0,"gold_gain":0,"player_choice":"Ignored","damage_taken":0,"max_hp_gain":0,"max_hp_loss":0,"event_name":"Tomb of Lord Red Mask","floor":36,"gold_loss":0}],"is_beta":false,"boss_relics":[{"not_picked":["Coffee Dripper","Tiny House"],"picked":"Runic Pyramid"},{"not_picked":["Calling Bell","SacredBark"],"picked":"VioletLotus"}],"items_purged_floors":[3],"is_endless":false,"potions_floor_spawned":[1,10,16,25,27,28,33,37],"killed_by":"Writhing Mass","ascension_level":1}}