{"host":"4c7m9tuvqombcnjj","time":1614173346,"event":{"mods":["100% Spire Juice","ATMod(∞¢Ë™Mod)","Act Like it!","Aspiration","Astrologer","BaseMod","Chen","Conspire","Dota2Spire","Downfall","Gensokyo","GungeonMod","Hallownest","HololiveMod","Jedi Mod","Jorbs\u0027s Wanderer Trilogy","Koishi","KomeijiMod","Lobotomy","LobotomyExtend","Marisa£®ÏF”Í°°ƒß¿Ì…≥£©","Minty Spire (QoL Compilation)","MostiFishMod","Prisma Mod","Quarter Circle Forward PUNCH!","Reimu£®≤©¿ˆ¡È√Œ£©","Reliquary","Remilia£®¿Ÿ√◊¿Ú—«£©","Replay The Spire","RumiaBox-¬∂√◊Ê´µƒ…Ò√ÿ∫–◊”","Smile Girya","StSLib","TestMod","The Alterego","The Animator","The Bug Knight","The Construct","The Cursed","The Hierophant","The Jungle","The Runesmith","WarShipGirlsR/’ΩΩ¢…Ÿ≈ÆR mod","Youmu£®ªÍ∆«—˝√Œ£©","Yuri Mod","Yuyuko","[IsaacMod]“‘»ˆº‚À˛","°æπ¶ƒ‹Mod°øªÏ„Á÷Æª∑–ﬁ∏¥≤π∂°","°æ“≈ŒÔø®≈∆°øREMEMod"],"gold_per_floor":[215,215,21,61,77,77,6,6,6,6,40,56,19,49,49,153,153,169,183,27,27,27,44,76,76,148,348,366,398,350,358,358,457,457,468,486,149,162,162,173,173,173,173,173,189,189,189,42,42,42,42],"floor_reached":50,"language":"ZHS","playtime":3200,"items_purged":[],"score":1026,"play_id":"20a92d07-820c-4df1-b231-3c6af9a4ed14","local_time":"20210224212906","is_ascension_mode":false,"campfire_choices":[{"floor":6,"key":"RECALL"},{"data":"Deathly Ground","floor":8,"key":"SMITH"},{"data":"Home of Suicide","floor":15,"key":"SMITH"},{"data":"Phantom Gift","floor":25,"key":"SMITH"},{"data":"AT_FocusSwordFire","floor":32,"key":"SMITH"},{"data":"Fondling of Papilio","floor":41,"key":"SMITH"},{"data":"Dying Butterflies","floor":44,"key":"SMITH"},{"data":"Death Dancing","floor":47,"key":"SMITH"},{"data":"Mirror of Mind","floor":49,"key":"SMITH"}],"circlet_count":0,"master_deck":["AT_FocusSwordFire+1","TalkToTheHand","Phantom Gift","Sweet of Phantom","Linger over Flower","Death Dancing","Infinite Reviving+1","Dream of Spring","Living to Die","Scenery of Papilio","Infinite Reviving","Unfulfilling Attachment","Explore Ghostdom","Remain Here","Home of Suicide+1","Revive The Butterflies","Sakura Sakura","Revive The Butterflies","Elegance","Bloom","Unknown Petal","Dying Butterflies","Unfulfilling Attachment","Open The Fan+1","Dying Butterflies+1","Death Dancing","Phantom Gift+1","Fondling of Papilio+1","Triple Snow","Triple Snow+1","Dancing Butterflies","Spear of Papilio","The Way to Death","Death Dancing+1","Ghostdom Sakura+1","Phantom Butterflies+1","Fondling of Papilio+1","City of Death+1","Butterflies Rainbow+1","Sweet of Phantom+1","Mirror of Mind+1"],"relics":["Coronal","Yuyuko\u0027s fan","HushsDoor","REME_ComplimentaryCards","DaveBox","testmod-TestBox","AT_ATBox","testmod-IntensifyImprint","ArrowTower","GuppysTail","SynthV:TestCard","testmod-Register","SumBook","Toy Ornithopter","Juzu Bracelet","Hololive_LightStick","ChiXiaoBlade","Incubus","DemoMod:ClearGuonStone","Baka2","Dota2Spire:LotusOrb","reliquary:PurpleTingedLeaf","Ancient Tea Set","GodSword3","GuppysPaw","FeatherPendant","qcfpunch:Broken_Tusk","AT_BladeRuinedKing","Runesmith:AutoHammer","Onion Ring","BirthdayGift-Icosahedron"],"acts_visited":["Gensokyo:Gensokyo","TheCity","Gensokyo:Gensokyoest"],"potions_floor_usage":[14,31,33,48,50,50],"damage_taken":[{"damage":2,"enemies":"Gensokyo:3_Fairies","floor":1,"turns":2},{"damage":2,"enemies":"Gensokyo:2_Kodama","floor":4,"turns":2},{"damage":1,"enemies":"Gensokyo:2_Kodama","floor":5,"turns":1},{"damage":3,"enemies":"Gensokyo:Mamizou","floor":11,"turns":3},{"damage":1,"enemies":"Gensokyo:Python","floor":12,"turns":1},{"damage":9,"enemies":"conspire:MimicChest","floor":14,"turns":3},{"damage":0,"enemies":"Gensokyo:Kokoro","floor":16,"turns":2},{"damage":0,"enemies":"3 Byrds","floor":18,"turns":2},{"damage":0,"enemies":"2 Thieves","floor":19,"turns":2},{"damage":0,"enemies":"conspire:Head Lice","floor":23,"turns":2},{"damage":0,"enemies":"Hiden Room Battle","floor":24,"turns":1},{"damage":0,"enemies":"Snecko","floor":28,"turns":1},{"damage":3,"enemies":"conspire:SneckoGhost","floor":29,"turns":3},{"damage":0,"enemies":"conspire:HollyBat","floor":30,"turns":7},{"damage":8,"enemies":"Snake Plant","floor":31,"turns":2},{"damage":0,"enemies":"Collector","floor":33,"turns":2},{"damage":0,"enemies":"Gensokyo:3_Boulders","floor":35,"turns":2},{"damage":0,"enemies":"Gensokyo:3_Bats","floor":36,"turns":2},{"damage":0,"enemies":"Gensokyo:SeedOfUnknown","floor":38,"turns":1},{"damage":3,"enemies":"Gensokyo:AtlasGolem","floor":40,"turns":2},{"damage":9,"enemies":"Gensokyo:4_Bats","floor":45,"turns":2},{"damage":0,"enemies":"Gensokyo:Scarlet_Devils","floor":50,"turns":11}],"seed_played":"3584571854356817668","potions_obtained":[{"floor":1,"key":"Fire Potion"},{"floor":12,"key":"SpeedPotion"},{"floor":14,"key":"SpeedPotion"},{"floor":16,"key":"ZuzhouPotion:ReiMu"},{"floor":18,"key":"PowerPotion"},{"floor":19,"key":"testmod-TestPotion"},{"floor":28,"key":"testmod-SpacePotion"},{"floor":31,"key":"construct:ShiftPotion"},{"floor":33,"key":"Fire Potion"},{"floor":36,"key":"REME_GoldPotion"}],"is_trial":false,"path_per_floor":["M","?","COS","?","M","R","$","R","T","$","E","M","$","?","R","B",null,"M","M","$","?","?","E","?","R","T","?","M","E","M","M","R","B",null,"M","M","$","M","?","M","R","?","T","R","M","?","R","COS","R","B"],"character_chosen":"YUYOKO","items_purchased":["Death Dancing","Unknown Petal","Incubus","DemoMod:ClearGuonStone","Death Dancing","qcfpunch:Broken_Tusk","AT_BladeRuinedKing","Fondling of Papilio"],"campfire_rested":0,"item_purchase_floors":[7,13,17,20,34,37,37,37],"current_hp_per_floor":[38,38,38,38,39,39,39,39,39,39,46,47,47,67,67,70,50,50,50,50,50,50,50,50,50,50,50,50,47,50,47,47,50,48,48,48,48,48,33,37,37,37,37,37,30,30,30,35,35,51,51],"gold":42,"neow_bonus":"HUNDRED_GOLD","is_daily":false,"chose_seed":false,"campfire_upgraded":8,"win_rate":0.0,"timestamp":1614173346,"path_taken":["M","?","COS","?","M","R","?","R","T","?","E","M","$","?","R","BOSS","M","M","$","?","?","E","?","R","T","?","M","E","M","M","R","BOSS","M","M","$","M","?","M","R","?","T","R","M","?","R","COS","R","BOSS"],"items_purchased_type":["Card","Card","Relic","Relic","Card","Relic","Relic","Card"],"build_version":"2020-12-22","purchased_purges":0,"victory":false,"max_hp_per_floor":[40,40,40,70,70,70,70,70,70,70,70,70,70,70,70,70,50,50,50,50,50,50,50,50,50,50,50,50,50,50,50,50,50,48,48,48,48,48,48,51,51,51,51,51,51,51,51,51,51,51,51],"card_choices":[{"not_picked":[],"picked":"Bomb","floor":0},{"not_picked":["Trap Lamp","Unborn Light"],"picked":"Phantom Gift","floor":1},{"not_picked":["Immigrant Phantom","Stifle","Full Moon","End of Faramita"],"picked":"Sweet of Phantom","floor":4},{"not_picked":["Reverse The Screen","Nihility","Trap Lamp","Sakura Sakura"],"picked":"Linger over Flower","floor":5},{"not_picked":["Redemption of Death","Final of Final","Unreal","Childlike"],"picked":"Elegance","floor":11},{"not_picked":["Dark Wind","Cerasus Subhirtella","Monster Cherry Tree","Unknown Petal"],"picked":"Bloom","floor":12},{"not_picked":["Gone","Gauzy Sakura","Gather the Spring","Serene Spring"],"picked":"Dying Butterflies","floor":14},{"not_picked":["Sakura Sakura","Living to Die","Dying Dream","Ticket to Heaven"],"picked":"Unfulfilling Attachment","floor":16},{"not_picked":["Lunch","Immigrant Phantom","Gone+1","End of Faramita+1"],"picked":"Open The Fan+1","floor":18},{"not_picked":["Gone","Become Phantom+1","Chase The Sukhavati","All Wander"],"picked":"Dying Butterflies","floor":19},{"not_picked":["Postpone Bloom+1","Become Phantom","Ghostdom Sakura","Gather the Spring+1"],"picked":"Death Dancing","floor":23},{"not_picked":["Gather the Spring+1","Song of Papilio","Serene Spring","Home of Suicide"],"picked":"Phantom Gift","floor":24},{"not_picked":["All Wander","Song of Papilio","Dark Wind","Death Dancing+1"],"picked":"Fondling of Papilio+1","floor":28},{"not_picked":["Unstable Ward","Childlike","Suicide","Sakura Sakura"],"picked":"Triple Snow","floor":29},{"not_picked":["Redemption of Death","Childlike","The Forgotten Winter","All Wander"],"picked":"Dancing Butterflies","floor":30},{"not_picked":["Showy Withering+1","Monster Cherry Tree+1","All Wander","Dying Sakura+1"],"picked":"Spear of Papilio","floor":31},{"not_picked":["Mirror of Mind","Supernatural Nether","Ghastly Dream","Infinite Reviving"],"picked":"The Way to Death","floor":33},{"not_picked":["Bloom+1","All Wander+1","Postpone Bloom+1","The Forgotten Winter+1"],"picked":"Ghostdom Sakura+1","floor":35},{"not_picked":["Phantom Gift","Steamed Phantom","Song of Papilio+1","Gone"],"picked":"Phantom Butterflies+1","floor":36},{"not_picked":["All Wander","Sakura Ward+1","Wandering Soul+1","Open The Fan"],"picked":"City of Death+1","floor":38},{"not_picked":["Phantom Gift+1","Dancing Butterflies+1","Trap Lamp","Stifle+1"],"picked":"Butterflies Rainbow+1","floor":40},{"not_picked":["Redemption of Death","City of Death","Linger over Flower","Steamed Phantom+1"],"picked":"Sweet of Phantom+1","floor":45},{"not_picked":[],"picked":"Mirror of Mind","floor":46}],"player_experience":105755,"relics_obtained":[{"floor":1,"key":"SynthV:TestCard"},{"floor":1,"key":"Baka"},{"floor":9,"key":"SumBook"},{"floor":11,"key":"Toy Ornithopter"},{"floor":14,"key":"Hololive_LightStick"},{"floor":23,"key":"Baka2"},{"floor":23,"key":"Dota2Spire:LotusOrb"},{"floor":24,"key":"reliquary:PurpleTingedLeaf"},{"floor":24,"key":"Ancient Tea Set"},{"floor":26,"key":"GodSword3"},{"floor":29,"key":"GuppysPaw"},{"floor":43,"key":"Onion Ring"}],"event_choices":[{"damage_healed":0,"gold_gain":0,"player_choice":"Ignored","damage_taken":0,"max_hp_gain":0,"max_hp_loss":0,"event_name":"Vampires","floor":21,"gold_loss":0},{"damage_healed":0,"gold_gain":0,"player_choice":"Fight","damage_taken":0,"max_hp_gain":0,"max_hp_loss":0,"event_name":"HidenRoomEvent","floor":24,"gold_loss":0},{"damage_healed":0,"gold_gain":200,"player_choice":"Gold","damage_taken":0,"max_hp_gain":0,"max_hp_loss":0,"event_name":"Wheel of Change","floor":27,"gold_loss":0}],"is_beta":false,"boss_relics":[{"not_picked":["REME_DuelDisc","ChampionBelt"],"picked":"ChiXiaoBlade"},{"not_picked":[]},{"not_picked":["Hololive_Finger","aspiration:RunicSpoon"],"picked":"FeatherPendant"},{"not_picked":[]}],"items_purged_floors":[],"is_endless":false,"potions_floor_spawned":[1,12,14,16,18,19,28,31,33,36,45],"killed_by":"Gensokyo:Scarlet_Devils","ascension_level":0}}