{"host":"zdahj580pq9zy75i","time":1614208454,"event":{"mods":["AchievementEnabler","BaseMod","Bestiary","Colored Map","Minty Spire (QoL Compilation)","Relic Stats","StSLib","ojb\u0027s Info Mod: The sequel"],"gold_per_floor":[365,381,61,73,73,102,102,102,102],"floor_reached":8,"language":"ENG","playtime":333,"items_purged":["Strike_R"],"score":112,"play_id":"4845070e-ac89-4160-9f1f-a7131b4a93ae","local_time":"20210224181414","is_ascension_mode":true,"campfire_choices":[{"floor":7,"key":"REST"}],"circlet_count":0,"master_deck":["AscendersBane","Strike_R","Strike_R","Strike_R","Strike_R+1","Defend_R","Defend_R+1","Defend_R+1","Defend_R+1","Bash","Iron Wave","Anger","Fire Breathing"],"relics":["Burning Blood","Membership Card","War Paint","Akabeko"],"acts_visited":["Exordium"],"potions_floor_usage":[4,6],"damage_taken":[{"damage":5,"enemies":"2 Louse","floor":1,"turns":5},{"damage":10,"enemies":"Small Slimes","floor":2,"turns":4},{"damage":2,"enemies":"Jaw Worm","floor":4,"turns":3},{"damage":28,"enemies":"Gremlin Nob","floor":6,"turns":4},{"damage":36,"enemies":"Lagavulin","floor":8,"turns":6}],"seed_played":"-6237814411191957394","potions_obtained":[{"floor":2,"key":"Fruit Juice"},{"floor":4,"key":"BlessingOfTheForge"}],"is_trial":false,"path_per_floor":["M","M","$","M","?","E","R","E"],"character_chosen":"IRONCLAD","items_purchased":["Membership Card","AttackPotion","War Paint"],"campfire_rested":1,"item_purchase_floors":[3,3,3],"current_hp_per_floor":[51,47,47,56,32,10,34,0,0],"gold":102,"neow_bonus":"TWO_FIFTY_GOLD","is_daily":false,"chose_seed":false,"campfire_upgraded":0,"win_rate":0.0,"timestamp":1614208454,"path_taken":["M","M","$","M","?","E","R","E"],"items_purchased_type":["Relic","Potion","Relic"],"build_version":"2020-12-22","purchased_purges":1,"victory":false,"max_hp_per_floor":[75,75,75,80,80,80,80,80,80],"relic_stats":{"counters":[5,22],"War Paint":["Defend_R","Defend_R"],"obtain_stats":[{"Membership Card":3,"War Paint":3,"Burning Blood":0,"Akabeko":6},{"Membership Card":2,"War Paint":2,"Burning Blood":0,"Akabeko":4},{"Membership Card":9,"War Paint":9,"Burning Blood":0,"Akabeko":16}],"Burning Blood":24},"card_choices":[{"not_picked":["Armaments","Wild Strike"],"picked":"Iron Wave","floor":1},{"not_picked":["Clash","Shockwave"],"picked":"Anger","floor":2},{"not_picked":["Body Slam","Clash"],"picked":"Fire Breathing","floor":4},{"not_picked":["Searing Blow","Second Wind","Bloodletting"],"picked":"SKIP","floor":6}],"player_experience":804524,"relics_obtained":[{"floor":6,"key":"Akabeko"}],"event_choices":[{"damage_healed":0,"gold_gain":0,"player_choice":"Entered Light","damage_taken":24,"max_hp_gain":0,"max_hp_loss":0,"event_name":"Shining Light","floor":5,"gold_loss":0,"cards_upgraded":["Strike_R","Defend_R"]}],"is_beta":false,"boss_relics":[],"items_purged_floors":[3],"is_endless":false,"potions_floor_spawned":[2,4],"killed_by":"Lagavulin","ascension_level":20}}