{"host":"19r1ww88x2tc73i0","time":1614160435,"event":{"mods":["BaseMod","BetterRewards","Colored Map","Minty Spire (QoL Compilation)","Relic Stats","StSLib","SuperFastMode","slay the spire mod where everything is the same but ironclad has a cowboy hat"],"gold_per_floor":[111,13,23,40,50,50,75,87,87,115,131,141,141,141,141,215,215,225,235,248,267,267,267,267,287,360,380,380,380],"floor_reached":28,"language":"ENG","playtime":589,"items_purged":["Strike_R"],"score":522,"play_id":"a4b5431c-7ed8-4795-aaab-fe65242a00b9","local_time":"25640224165355","is_ascension_mode":true,"campfire_choices":[{"data":"Immolate","floor":6.0,"key":"SMITH"},{"data":"Whirlwind","floor":15.0,"key":"SMITH"},{"data":"RitualDagger","floor":23,"key":"SMITH"}],"circlet_count":0,"master_deck":["AscendersBane","Strike_R","Strike_R","Strike_R","Strike_R","Defend_R","Defend_R","Defend_R","Defend_R","Bash","Flex","Bloodletting","Sword Boomerang","Immolate+1","Thunderclap","Pommel Strike","Offering","Whirlwind+1","Corruption","Inflame","Feel No Pain","RitualDagger+1","Pummel"],"relics":["Burning Blood","Brimstone","Shuriken","Pen Nib","Red Skull","Art of War","PreservedInsect","Pear","Coffee Dripper","The Courier"],"acts_visited":["Exordium","TheCity"],"potions_floor_usage":[20,25,25],"damage_taken":[{"damage":8.0,"enemies":"Cultist","floor":1.0,"turns":3.0},{"damage":9.0,"enemies":"2 Louse","floor":3.0,"turns":4.0},{"damage":12.0,"enemies":"Jaw Worm","floor":4.0,"turns":3.0},{"damage":20.0,"enemies":"Large Slime","floor":5.0,"turns":4.0},{"damage":6.0,"enemies":"3 Sentries","floor":7.0,"turns":2.0},{"damage":3.0,"enemies":"Exordium Wildlife","floor":8.0,"turns":1.0},{"damage":0.0,"enemies":"Gremlin Nob","floor":10.0,"turns":2.0},{"damage":2.0,"enemies":"Exordium Thugs","floor":11.0,"turns":2.0},{"damage":11.0,"enemies":"Looter","floor":12.0,"turns":2.0},{"damage":29.0,"enemies":"The Guardian","floor":16.0,"turns":5.0},{"damage":17.0,"enemies":"Shell Parasite","floor":18.0,"turns":2.0},{"damage":20.0,"enemies":"2 Thieves","floor":19.0,"turns":2.0},{"damage":3,"enemies":"Snake Plant","floor":20,"turns":2},{"damage":18,"enemies":"Snecko","floor":21,"turns":3},{"damage":7,"enemies":"Chosen and Byrds","floor":25,"turns":3},{"damage":3,"enemies":"Cultist and Chosen","floor":27,"turns":3},{"damage":0,"enemies":"Slavers","floor":28,"turns":1}],"seed_played":"-8383877127621048188","potions_obtained":[{"floor":3.0,"key":"BlessingOfTheForge"},{"floor":5.0,"key":"AttackPotion"},{"floor":11.0,"key":"Dexterity Potion"},{"floor":20,"key":"ElixirPotion"}],"is_trial":false,"path_per_floor":["M","?","M","M","M","R","E","M","T","E","M","M","$","?","R","B",null,"M","M","M","M","?","R","?","M","T","M","E"],"character_chosen":"IRONCLAD","items_purchased":["Brimstone","Shuriken","Pen Nib","Flex"],"campfire_rested":0,"item_purchase_floors":[0,0,0,0],"current_hp_per_floor":[66,66,63,57,43,43,43,46,46,62,66,61,61,61,61,38,73,62,48,51,39,33,33,8,7,7,10,10,10],"gold":380,"neow_bonus":"","is_daily":false,"chose_seed":false,"campfire_upgraded":3,"win_rate":0.0,"timestamp":1614160435,"path_taken":["M","?","M","M","M","R","E","M","T","E","?","M","$","?","R","BOSS","M","M","M","M","?","R","?","M","T","M","E"],"items_purchased_type":["Relic","Relic","Relic","Card"],"build_version":"2020-12-22","purchased_purges":1,"victory":false,"max_hp_per_floor":[75,75,75,75,75,75,75,75,75,85,85,85,85,85,85,85,85,85,85,85,85,85,85,90,90,90,90,90,90],"relic_stats":{"counters":[17,44],"Shuriken":[7],"Pen Nib":[7],"PreservedInsect":63,"Art of War":[1],"obtain_stats":[{"Pear":10,"Brimstone":0,"Shuriken":0,"Pen Nib":0,"PreservedInsect":9,"The Courier":26,"Art of War":7,"Coffee Dripper":17,"Burning Blood":0,"Red Skull":2},{"Pear":7,"Brimstone":0,"Shuriken":0,"Pen Nib":0,"PreservedInsect":6,"The Courier":15,"Art of War":5,"Coffee Dripper":10,"Burning Blood":0,"Red Skull":1},{"Pear":19,"Brimstone":0,"Shuriken":0,"Pen Nib":0,"PreservedInsect":17,"The Courier":40,"Art of War":16,"Coffee Dripper":28,"Burning Blood":0,"Red Skull":3}],"Burning Blood":96},"card_choices":[{"not_picked":["Warcry","Searing Blow","Headbutt"],"picked":"SKIP","floor":1.0},{"not_picked":["True Grit","Heavy Blade"],"picked":"Bloodletting","floor":3.0},{"not_picked":["Shockwave","Havoc"],"picked":"Sword Boomerang","floor":4.0},{"not_picked":["Carnage","Clothesline"],"picked":"Immolate","floor":5.0},{"not_picked":["Sentinel","Dual Wield"],"picked":"Thunderclap","floor":7.0},{"not_picked":["Twin Strike","Body Slam"],"picked":"Pommel Strike","floor":8.0},{"not_picked":["Rupture","Twin Strike"],"picked":"Offering","floor":10.0},{"not_picked":["Sever Soul","True Grit"],"picked":"Whirlwind","floor":11.0},{"not_picked":["Wild Strike","Whirlwind","Evolve"],"picked":"SKIP","floor":12.0},{"not_picked":["Armaments","Reckless Charge"],"picked":"Inflame","floor":18.0},{"not_picked":["Intimidate","Heavy Blade"],"picked":"Feel No Pain","floor":19.0},{"not_picked":["Wild Strike+1","Cleave","Iron Wave"],"picked":"SKIP","floor":20},{"not_picked":["Thunderclap","Wild Strike","Reckless Charge"],"picked":"SKIP","floor":21},{"not_picked":["Sever Soul","Ghostly Armor"],"picked":"Pummel","floor":25},{"not_picked":["Metallicize","Perfected Strike","Twin Strike"],"picked":"SKIP","floor":27}],"player_experience":1158007,"relics_obtained":[{"floor":7.0,"key":"Art of War"},{"floor":9.0,"key":"PreservedInsect"},{"floor":10.0,"key":"Pear"},{"floor":26,"key":"The Courier"}],"event_choices":[{"damage_healed":0.0,"max_hp_gain":0.0,"max_hp_loss":0.0,"gold_gain":0.0,"event_name":"WeMeetAgain","player_choice":"Paid Gold","floor":2.0,"gold_loss":98.0,"damage_taken":0.0,"relics_obtained":["Red Skull"]},{"damage_healed":0.0,"max_hp_gain":0.0,"max_hp_loss":0.0,"gold_gain":0.0,"event_name":"Match and Keep!","player_choice":"1 cards matched","floor":14.0,"gold_loss":0.0,"damage_taken":0.0,"cards_obtained":["Corruption"]},{"damage_healed":0,"gold_gain":0,"player_choice":"Joined the Cult","damage_taken":6,"max_hp_gain":0,"max_hp_loss":0,"event_name":"Nest","floor":22,"gold_loss":0,"cards_obtained":["RitualDagger"]},{"damage_healed":0,"gold_gain":0,"player_choice":"Shed Blood","damage_taken":30,"max_hp_gain":5,"max_hp_loss":0,"event_name":"Forgotten Altar","floor":24,"gold_loss":0}],"is_beta":false,"boss_relics":[{"not_picked":["SlaversCollar","Runic Pyramid"],"picked":"Coffee Dripper"}],"items_purged_floors":[0],"is_endless":false,"potions_floor_spawned":[3,5,11,16,18,19,20],"killed_by":"Slavers","ascension_level":20}}