{"host":"bikm2o78umlg9iwk","time":1614181885,"event":{"mods":["AchievementEnabler","BaseMod","Colored Map","Colored Powertips","Googly Eyes","Highlight Path","Minty Spire (QoL Compilation)","Quick Restart","Relic Stats"],"gold_per_floor":[119,135,153,41,41,41,66,66,91,111,123,123,140,166,166,243,243,253,253,263,263,3,34,34,34,34,45,45,45,55,78,78,78,78],"floor_reached":33,"language":"ENG","playtime":5395,"items_purged":["Strike_B","Multi-Cast+1"],"score":561,"play_id":"61167c29-bb95-4f49-95ca-b140767e5f29","local_time":"20210224165125","is_ascension_mode":true,"campfire_choices":[{"data":"Doom and Gloom","floor":6.0,"key":"SMITH"},{"data":"Defragment","floor":8.0,"key":"SMITH"},{"floor":12.0,"key":"REST"},{"data":"Creative AI","floor":15.0,"key":"SMITH"},{"floor":24.0,"key":"REST"},{"data":"Hologram","floor":28,"key":"SMITH"},{"floor":32,"key":"REST"}],"circlet_count":0,"master_deck":["AscendersBane","Defend_B","Defend_B","Defend_B","Defend_B","Zap","Dualcast","Conserve Battery","Defragment+1","Sweeping Beam","Doom and Gloom+1","Steam","Hologram+1","Cold Snap","Creative AI+1","Core Surge+1","Turbo+1","Hologram+1","Undo+1","Stack+1","Bite+1","Bite","Bite","Bite","Bite","Heatsinks+1"],"relics":["Cracked Core","FaceOfCleric","Vajra","Bronze Scales","Ginger","Astrolabe","Whetstone","Peace Pipe","Frozen Egg 2","Tiny Chest"],"acts_visited":["Exordium","TheCity"],"potions_floor_usage":[30],"damage_taken":[{"damage":0.0,"enemies":"2 Louse","floor":1.0,"turns":2.0},{"damage":0.0,"enemies":"Cultist","floor":2.0,"turns":3.0},{"damage":8.0,"enemies":"Small Slimes","floor":3.0,"turns":4.0},{"damage":29.0,"enemies":"Gremlin Nob","floor":7.0,"turns":4.0},{"damage":5.0,"enemies":"3 Louse","floor":10.0,"turns":3.0},{"damage":3.0,"enemies":"Exordium Wildlife","floor":11.0,"turns":3.0},{"damage":10.0,"enemies":"Large Slime","floor":13.0,"turns":5.0},{"damage":14.0,"enemies":"Lagavulin","floor":14.0,"turns":6.0},{"damage":22.0,"enemies":"Slime Boss","floor":16.0,"turns":6.0},{"damage":13.0,"enemies":"Spheric Guardian","floor":18.0,"turns":5.0},{"damage":14.0,"enemies":"2 Thieves","floor":20.0,"turns":4.0},{"damage":37.0,"enemies":"Book of Stabbing","floor":23.0,"turns":6.0},{"damage":13,"enemies":"Chosen and Byrds","floor":27,"turns":5},{"damage":29,"enemies":"Snake Plant","floor":30,"turns":4},{"damage":27,"enemies":"Champ","floor":33,"turns":6}],"seed_played":"-6072928684665864380","potions_obtained":[{"floor":2.0,"key":"LiquidBronze"},{"floor":10.0,"key":"EssenceOfSteel"},{"floor":13.0,"key":"FocusPotion"},{"floor":16.0,"key":"Fire Potion"},{"floor":18.0,"key":"Swift Potion"},{"floor":27,"key":"GamblersBrew"},{"floor":30,"key":"BlessingOfTheForge"}],"is_trial":false,"path_per_floor":["M","M","M","$","?","R","E","R","T","M","M","R","M","E","R","B",null,"M","?","M","?","$","E","R","$","T","M","R","?","M","T","R","B"],"character_chosen":"DEFECT","items_purchased":["Doom and Gloom","Whetstone"],"campfire_rested":3,"item_purchase_floors":[4,22],"current_hp_per_floor":[71,71,63,63,63,63,35,35,35,31,29,53,44,31,31,10,66,54,54,41,41,41,13,31,31,31,30,30,30,7,7,25,0,0],"gold":78,"neow_bonus":"TEN_PERCENT_HP_BONUS","is_daily":false,"chose_seed":false,"campfire_upgraded":4,"win_rate":0.0,"timestamp":1614181885,"path_taken":["M","M","M","$","?","R","E","R","T","M","?","R","M","E","R","BOSS","M","?","M","?","$","E","R","?","T","M","R","?","?","?","R","BOSS"],"items_purchased_type":["Card","Relic"],"build_version":"2020-12-22","purchased_purges":2,"victory":false,"max_hp_per_floor":[78,78,78,78,78,78,79,79,79,80,81,81,82,83,83,84,84,85,85,86,60,60,61,61,61,61,62,62,62,63,63,63,63,63],"relic_stats":{"Peace Pipe":0,"FaceOfCleric":11,"counters":[15,66],"Bronze Scales":[158],"Astrolabe":["Turbo","Multi-Cast","Hologram"],"Tiny Chest":0,"Ginger":[7],"Whetstone":["Bite","Core Surge"],"obtain_stats":[{"Peace Pipe":23,"FaceOfCleric":5,"Bronze Scales":9,"Astrolabe":17,"Vajra":7,"Tiny Chest":31,"Ginger":14,"Whetstone":22,"Frozen Egg 2":26,"Cracked Core":0},{"Peace Pipe":12,"FaceOfCleric":3,"Bronze Scales":4,"Astrolabe":9,"Vajra":4,"Tiny Chest":14,"Ginger":8,"Whetstone":11,"Frozen Egg 2":12,"Cracked Core":0},{"Peace Pipe":51,"FaceOfCleric":9,"Bronze Scales":13,"Astrolabe":36,"Vajra":13,"Tiny Chest":60,"Ginger":30,"Whetstone":45,"Frozen Egg 2":51,"Cracked Core":0}]},"card_choices":[{"not_picked":["Stack","Auto Shields"],"picked":"Conserve Battery","floor":1.0},{"not_picked":["Conserve Battery","Hello World"],"picked":"Defragment","floor":2.0},{"not_picked":["Reinforced Body","Gash"],"picked":"Sweeping Beam","floor":3.0},{"not_picked":["Recycle","Undo"],"picked":"Steam","floor":7.0},{"not_picked":["Steam","Gash","Chaos"],"picked":"SKIP","floor":10.0},{"not_picked":["Redo","Skim"],"picked":"Hologram","floor":11.0},{"not_picked":["Streamline","Reprogram"],"picked":"Cold Snap","floor":13.0},{"not_picked":["Recycle","Skim"],"picked":"Creative AI","floor":14.0},{"not_picked":["Machine Learning","Creative AI"],"picked":"Core Surge","floor":16.0},{"not_picked":["Tempest","Hello World+1"],"picked":"Undo+1","floor":18.0},{"not_picked":["Blizzard+1","Redo"],"picked":"Stack+1","floor":20.0},{"not_picked":["Turbo","Rip and Tear","Conserve Battery"],"picked":"SKIP","floor":23.0},{"not_picked":["Hello World+1","Capacitor+1","Redo"],"picked":"SKIP","floor":27},{"not_picked":["Rip and Tear","Static Discharge+1"],"picked":"Heatsinks+1","floor":30}],"player_experience":1678810,"relics_obtained":[{"floor":7.0,"key":"Vajra"},{"floor":9.0,"key":"Bronze Scales"},{"floor":14.0,"key":"Ginger"},{"floor":23.0,"key":"Peace Pipe"},{"floor":26.0,"key":"Frozen Egg 2"},{"floor":31,"key":"Tiny Chest"}],"event_choices":[{"damage_healed":0.0,"max_hp_gain":0.0,"max_hp_loss":0.0,"gold_gain":0.0,"event_name":"FaceTrader","player_choice":"Trade","floor":5.0,"gold_loss":0.0,"damage_taken":0.0,"relics_obtained":["FaceOfCleric"]},{"damage_healed":0.0,"max_hp_gain":0.0,"max_hp_loss":0.0,"gold_gain":0.0,"event_name":"The Mausoleum","player_choice":"Ignored","floor":19.0,"gold_loss":0.0,"damage_taken":0.0},{"damage_healed":0.0,"max_hp_gain":0.0,"max_hp_loss":26.0,"gold_gain":0.0,"event_name":"Vampires","player_choice":"Became a vampire","floor":21.0,"gold_loss":0.0,"damage_taken":0.0,"cards_obtained":["Bite","Bite","Bite","Bite","Bite"]},{"damage_healed":0,"gold_gain":0,"player_choice":"Ignored","damage_taken":0,"max_hp_gain":0,"max_hp_loss":0,"event_name":"Ghosts","floor":29,"gold_loss":0}],"is_beta":false,"boss_relics":[{"not_picked":["SlaversCollar","Empty Cage"],"picked":"Astrolabe"}],"items_purged_floors":[4,22],"is_endless":false,"potions_floor_spawned":[2,10,13,16,18,27,30],"killed_by":"Champ","ascension_level":19}}