{"host":"2l5k2wp87eek7qja","time":1614183783,"event":{"mods":["BaseMod","Colored Map","Minty Spire (QoL Compilation)","Relic Stats"],"gold_per_floor":[117,135,146,221,53,79,29,29,108,108,108,119,119,138,138,209,209,229,229,229,31,57,57,91,107,134,234,234,267,267,281,281,357,357,374,374,274,290,304,330,330,365,392,429,429,439,439,439],"floor_reached":47,"language":"ENG","playtime":2268,"items_purged":["Strike_G","Strike_G+1"],"score":1348,"play_id":"f55fedbc-eb5e-4522-9cc6-1e40f8f5b01e","local_time":"20210224182303","is_ascension_mode":true,"campfire_choices":[{"data":"Blade Dance","floor":8.0,"key":"SMITH"},{"data":"Blade Dance","floor":10.0,"key":"SMITH"},{"data":"Accuracy","floor":13.0,"key":"SMITH"},{"data":"Cloak And Dagger","floor":15.0,"key":"SMITH"},{"data":"Cloak And Dagger","floor":23,"key":"SMITH"},{"data":"Adrenaline","floor":30,"key":"SMITH"},{"data":"Prepared","floor":32,"key":"SMITH"},{"data":"Blade Dance","floor":41,"key":"SMITH"},{"floor":45,"key":"RECALL"}],"circlet_count":0,"master_deck":["AscendersBane","Strike_G+1","Strike_G+1","Defend_G+1","Defend_G+1","Defend_G+1","Defend_G+1","Defend_G+1","Survivor+1","Neutralize+1","Blade Dance+1","Dagger Spray","Accuracy+1","Cloak And Dagger+1","Blade Dance+1","Expertise","After Image","CurseOfTheBell","Ghostly","Ghostly","Ghostly","Cloak And Dagger+1","Prepared+1","Adrenaline+1","Acrobatics","Blade Dance+1","Backflip+1"],"relics":["Ring of the Snake","Blood Vial","Ornamental Fan","Calling Bell","MealTicket","Pantograph","TungstenRod","Bronze Scales","Red Mask","Question Card","War Paint","Girya","InkBottle","Thread and Needle","WristBlade","CeramicFish","StoneCalendar","Regal Pillow"],"acts_visited":["Exordium","TheCity","TheBeyond"],"potions_floor_usage":[18,39,40,44],"damage_taken":[{"damage":6.0,"enemies":"Jaw Worm","floor":1.0,"turns":6.0},{"damage":3.0,"enemies":"Small Slimes","floor":2.0,"turns":5.0},{"damage":0.0,"enemies":"Cultist","floor":3.0,"turns":3.0},{"damage":27.0,"enemies":"Gremlin Nob","floor":6.0,"turns":4.0},{"damage":0.0,"enemies":"Large Slime","floor":12.0,"turns":3.0},{"damage":3.0,"enemies":"3 Louse","floor":14.0,"turns":2.0},{"damage":3.0,"enemies":"The Guardian","floor":16.0,"turns":13.0},{"damage":7,"enemies":"2 Thieves","floor":18,"turns":3},{"damage":5,"enemies":"Masked Bandits","floor":22,"turns":5},{"damage":3,"enemies":"Gremlin Leader","floor":24,"turns":5},{"damage":4,"enemies":"Shell Parasite","floor":25,"turns":3},{"damage":0,"enemies":"Colosseum Slavers","floor":27,"turns":5},{"damage":0,"enemies":"Colosseum Nobs","floor":27,"turns":3},{"damage":0,"enemies":"Book of Stabbing","floor":29,"turns":5},{"damage":0,"enemies":"Snake Plant","floor":31,"turns":3},{"damage":0,"enemies":"Collector","floor":33,"turns":11},{"damage":0,"enemies":"3 Shapes","floor":35,"turns":3},{"damage":0,"enemies":"3 Darklings","floor":38,"turns":4},{"damage":0,"enemies":"Writhing Mass","floor":39,"turns":7},{"damage":0,"enemies":"Nemesis","floor":40,"turns":5},{"damage":0,"enemies":"Giant Head","floor":42,"turns":5},{"damage":5,"enemies":"Reptomancer","floor":44,"turns":6},{"damage":0,"enemies":"Spire Growth","floor":46,"turns":3},{"damage":35,"enemies":"Transient","floor":47,"turns":5}],"seed_played":"5807389746511533505","potions_obtained":[{"floor":2.0,"key":"AttackPotion"},{"floor":12.0,"key":"DuplicationPotion"},{"floor":14.0,"key":"Fruit Juice"},{"floor":22,"key":"Energy Potion"},{"floor":24,"key":"Weak Potion"},{"floor":29,"key":"Swift Potion"},{"floor":42,"key":"ColorlessPotion"}],"is_trial":false,"path_per_floor":["M","M","M","?","$","E","$","R","T","R","?","M","R","M","R","B",null,"M","?","?","$","?","R","E","M","T","?","?","E","R","M","R","B",null,"M","?","$","M","M","E","R","E","T","E","R","M","M"],"character_chosen":"THE_SILENT","items_purchased":["Accuracy","Cloak And Dagger","Blade Dance","Cloak And Dagger","Bronze Scales"],"campfire_rested":0,"item_purchase_floors":[5,5,7,21,21],"current_hp_per_floor":[53,50,50,39,39,12,12,12,12,12,12,14,14,13,13,17,58,53,53,35,35,30,30,29,27,27,31,31,33,33,35,35,35,35,35,33,33,33,33,33,33,33,33,28,28,30,0,0],"gold":439,"neow_bonus":"UPGRADE_CARD","is_daily":false,"chose_seed":false,"campfire_upgraded":8,"win_rate":0.0,"timestamp":1614183783,"path_taken":["M","M","M","?","$","E","$","R","T","R","?","M","R","?","R","BOSS","M","?","?","$","?","R","E","M","T","?","?","E","R","M","R","BOSS","M","?","$","M","M","E","R","E","T","E","R","M","M"],"items_purchased_type":["Card","Card","Card","Card","Relic"],"build_version":"2020-12-22","purchased_purges":2,"victory":false,"max_hp_per_floor":[66,66,66,66,66,66,66,66,66,66,66,66,66,66,66,71,71,71,71,35,35,35,35,35,35,35,35,35,35,35,35,35,35,35,35,33,33,33,33,33,33,33,33,33,33,33,33,33],"relic_stats":{"Regal Pillow":0,"counters":[24,117],"CeramicFish":9,"StoneCalendar":[0],"War Paint":["Defend_G","Survivor"],"Question Card":12,"Blood Vial":24,"Ornamental Fan":[404],"Pantograph":0,"Bronze Scales":[267],"MealTicket":0,"obtain_stats":[{"Girya":27,"Regal Pillow":44,"CeramicFish":40,"Thread and Needle":29,"StoneCalendar":42,"War Paint":26,"Question Card":24,"Blood Vial":6,"Calling Bell":17,"WristBlade":34,"Ornamental Fan":9,"Pantograph":17,"Bronze Scales":21,"MealTicket":17,"Red Mask":22,"TungstenRod":17,"InkBottle":27,"Ring of the Snake":0},{"Girya":13,"Regal Pillow":22,"CeramicFish":20,"Thread and Needle":14,"StoneCalendar":21,"War Paint":11,"Question Card":10,"Blood Vial":4,"Calling Bell":7,"WristBlade":16,"Ornamental Fan":4,"Pantograph":7,"Bronze Scales":8,"MealTicket":7,"Red Mask":9,"TungstenRod":7,"InkBottle":13,"Ring of the Snake":0},{"Girya":60,"Regal Pillow":109,"CeramicFish":98,"Thread and Needle":65,"StoneCalendar":103,"War Paint":52,"Question Card":49,"Blood Vial":18,"Calling Bell":36,"WristBlade":79,"Ornamental Fan":18,"Pantograph":36,"Bronze Scales":39,"MealTicket":36,"Red Mask":44,"TungstenRod":36,"InkBottle":60,"Ring of the Snake":0}],"TungstenRod":7,"InkBottle":[44],"Ring of the Snake":[48]},"card_choices":[{"not_picked":["Flying Knee","Prepared"],"picked":"Blade Dance","floor":1.0},{"not_picked":["Prepared","Deflect","Blur"],"picked":"SKIP","floor":2.0},{"not_picked":["Acrobatics","Venomology"],"picked":"Dagger Spray","floor":3.0},{"not_picked":["Sucker Punch","Poisoned Stab","Setup"],"picked":"SKIP","floor":6.0},{"not_picked":["PiercingWail","Prepared","Terror"],"picked":"SKIP","floor":12.0},{"not_picked":["Bouncing Flask","Underhanded Strike"],"picked":"Expertise","floor":14.0},{"not_picked":["Unload","Storm of Steel"],"picked":"After Image","floor":16.0},{"not_picked":["Dagger Spray","Flying Knee","Deadly Poison"],"picked":"SKIP","floor":18},{"not_picked":["Crippling Poison+1","Backflip"],"picked":"Prepared","floor":24},{"not_picked":["Backstab","Crippling Poison","Dodge and Roll","Concentrate"],"picked":"SKIP","floor":25},{"not_picked":["Blade Dance","Dagger Throw+1","Finisher"],"picked":"Adrenaline","floor":27},{"not_picked":["Footwork","Dash","Underhanded Strike"],"picked":"Acrobatics","floor":29},{"not_picked":["Setup","Blur","Dodge and Roll","Flying Knee"],"picked":"SKIP","floor":31},{"not_picked":["Deflect","Choke","Sucker Punch","Deadly Poison+1"],"picked":"SKIP","floor":35},{"not_picked":["Dash","Dagger Spray+1","Crippling Poison+1","Footwork"],"picked":"SKIP","floor":38},{"not_picked":["Dagger Throw+1","Poisoned Stab","Expertise+1"],"picked":"Blade Dance","floor":39},{"not_picked":["Flechettes","Dodge and Roll+1","Expertise","Choke"],"picked":"SKIP","floor":40},{"not_picked":["Dagger Throw","Backstab+1","Terror","Prepared"],"picked":"SKIP","floor":42},{"not_picked":["PiercingWail","Envenom","Blur"],"picked":"Backflip+1","floor":44},{"not_picked":["Deflect","Deadly Poison","Dagger Spray","Expertise+1"],"picked":"SKIP","floor":46}],"player_experience":882640,"relics_obtained":[{"floor":6.0,"key":"Blood Vial"},{"floor":9.0,"key":"Ornamental Fan"},{"floor":17.0,"key":"MealTicket"},{"floor":17.0,"key":"Pantograph"},{"floor":17.0,"key":"TungstenRod"},{"floor":22,"key":"Red Mask"},{"floor":24,"key":"Question Card"},{"floor":26,"key":"War Paint"},{"floor":27,"key":"Girya"},{"floor":27,"key":"InkBottle"},{"floor":29,"key":"Thread and Needle"},{"floor":40,"key":"CeramicFish"},{"floor":42,"key":"StoneCalendar"},{"floor":44,"key":"Regal Pillow"}],"event_choices":[{"damage_healed":0.0,"max_hp_gain":0.0,"max_hp_loss":0.0,"gold_gain":75.0,"event_name":"World of Goop","player_choice":"Gather Gold","floor":4.0,"gold_loss":0.0,"damage_taken":11.0},{"cards_removed":["Strike_G"],"damage_healed":0.0,"max_hp_gain":0.0,"max_hp_loss":0.0,"gold_gain":0.0,"event_name":"Purifier","player_choice":"Purged","floor":11.0,"gold_loss":0.0,"damage_taken":0.0},{"damage_healed":0,"gold_gain":0,"player_choice":"Ignored","damage_taken":0,"max_hp_gain":0,"max_hp_loss":0,"event_name":"The Mausoleum","floor":19,"gold_loss":0},{"damage_healed":0,"gold_gain":0,"player_choice":"Became a Ghost","damage_taken":0,"max_hp_gain":0,"max_hp_loss":36,"event_name":"Ghosts","floor":20,"gold_loss":0,"cards_obtained":["Ghostly","Ghostly","Ghostly"]},{"damage_healed":0,"gold_gain":0,"player_choice":"Fought Bandits","damage_taken":0,"max_hp_gain":0,"max_hp_loss":0,"event_name":"Masked Bandits","floor":22,"gold_loss":0},{"damage_healed":0,"gold_gain":0,"player_choice":"Fight","damage_taken":0,"max_hp_gain":0,"max_hp_loss":0,"event_name":"Colosseum","floor":27,"gold_loss":0},{"damage_healed":0,"gold_gain":0,"player_choice":"Fought Nobs","damage_taken":0,"max_hp_gain":0,"max_hp_loss":0,"event_name":"Colosseum","floor":27,"gold_loss":0},{"damage_healed":0,"gold_gain":0,"player_choice":"Simplicity","damage_taken":0,"max_hp_gain":0,"max_hp_loss":0,"event_name":"Back to Basics","floor":28,"gold_loss":0,"cards_upgraded":["Strike_G","Strike_G","Strike_G","Defend_G","Defend_G","Defend_G","Defend_G"]},{"damage_healed":0,"gold_gain":0,"player_choice":"Max HP","damage_taken":0,"max_hp_gain":0,"max_hp_loss":2,"event_name":"Winding Halls","floor":36,"gold_loss":0}],"is_beta":false,"boss_relics":[{"not_picked":["Snecko Eye","Ectoplasm"],"picked":"Calling Bell"},{"not_picked":["Runic Dome","Busted Crown"],"picked":"WristBlade"}],"items_purged_floors":[5,37],"is_endless":false,"potions_floor_spawned":[2,12,14,22,24,29,31,33,38,42],"killed_by":"Transient","ascension_level":20}}