{"host":"enpah696raxjhbxd","time":1614153512,"event":{"mods":["ATMod(°¢èªMod)","BaseMod","Challenge The Spire","Colored Powertips","Friendly Minions","Good Game Mod","Minty Spire (QoL Compilation)","Replay The Spire","StSLib","TestMod","The Bladedancer","UnlockEverythingMod"],"gold_per_floor":[15,15,15,525,538,564,564,1075,1124,1142,1162,1188,1188,1274,1274,1462,1462,1998,1998,1578,2154,2228,2802,3342,3241,3241,3241,3826,3826,3463,4071,4071,4727,5027,5073,5073,4705,5274,5041,5041,5606,5255,5281,5880,5880,6448,7025,7596,7596,7688,7688,7688,2,303,456],"floor_reached":56,"language":"ZHS","playtime":1930,"items_purged":["Amnesia","Overencumbered","Dazed","AT_TearsDenial+1"],"score":1650,"play_id":"29172f26-d7c7-4d32-8d98-58383c591e6a","local_time":"20210224155832","is_ascension_mode":true,"campfire_choices":[{"data":"1","floor":7.0,"key":"LIFT"},{"data":"2","floor":13.0,"key":"LIFT"},{"data":"3","floor":15,"key":"LIFT"},{"floor":27,"key":"RECALL"},{"data":"blademaster:DancingEdge","floor":32,"key":"SMITH"},{"data":"testmod-BloodBlade","floor":40,"key":"SMITH"},{"data":"blademaster:Strike","floor":45,"key":"SMITH"},{"data":"blademaster:ThunderSlash","floor":49,"key":"SMITH"},{"data":"blademaster:LeechingStrike","floor":52,"key":"SMITH"}],"circlet_count":0,"master_deck":["blademaster:Strike+3","blademaster:Strike","blademaster:Strike+2","blademaster:Strike","blademaster:Defend","blademaster:Defend","blademaster:Defend","blademaster:Defend","blademaster:RagingBlow+1","blademaster:HighVoltage","blademaster:ThunderingOpener","blademaster:TraverseCut+1","blademaster:ThunderSlash+1","blademaster:DaggerAndCloak+1","blademaster:LeechingStrike","blademaster:LeechingStrike+1","blademaster:DancingEdge+1","CurseOfTheBell","testmod-BloodBlade+1"],"relics":["blademaster:DancersAmulet","testmod-TestBox","AT_ATBox","REME:ComplimentaryCards","testmod-SaigiyounoYou","Girya","ReplayTheSpireMod:Ring of Challenge","Gremlin Horn","Replay:Bandana","Bag of Marbles","AT_TrinityForce","testmod-Acrobat","Membership Card","Kunai","AT_SilvercatRing","Replay:Rubber Ducky","AT_BladeRuinedKing","ReplayTheSpireMod:CursedCoin","Singing Bowl","Replay:Bottled Eggs","AT_ChloranthyRing","testmod-CyclicPeriapt","Ancient Tea Set","Medical Kit","War Paint","Calling Bell","ReplayTheSpireMod:TigerMarble","Mummified Hand","Old Coin","testmod-OneHitWonder","Durian","ReplayTheSpireMod:ShopPack","Quantum Egg","BargainBundle","Mirror","Incense Burner","testmod-MagicalMallet","Blood Vial","Simple Rune","HornCleat","The Courier","StrikeDummy","AT_MibuBalloonWealth","Lee\u0027s Waffle","Boot","testmod-RandomTest","Iron Hammer","testmod-IntensifyImprint","testmod-LifeArmor","ReplayTheSpireMod:Shallot","Nunchaku","Bronze Scales","AT_BellowingDragoncrestRing","Replay:Accelerometer","testmod-InfectionSource","Akabeko","AT_TimeSand","AT_BellDemon","Shuriken","AT_RedNoBalance","testmod-AssaultLearning","Vajra","Replay:Mystery Machine","testmod-IndustrialRevolution","testmod-Hope","Replay:WaspNest","Happy Flower","Turnip","testmod-TurbochargingSystem","Strawberry","Orichalcum","Pen Nib","AT_SunfireAegis","Lantern","AT_RedTearstoneRing","White Beast Statue","AT_TheCollector","Blue Doll","testmod-Antiphasic","Replay:Bottled Snecko","Garlic","Oddly Smooth Stone","Pantograph","Sundial","InkBottle","AT_GuinsooRageblade","ReplayTheSpireMod:Lightbulb","AT_Manta","Anchor","AT_EbonyIvory","Whetstone","Toy Ornithopter","testmod-ThousandKnives","testmod-ObsoleteBoomerang","Replay:Baseball","Art of War","Pet Ghost","Gremlin Food","Divine Protection","Mercury Hourglass","AT_ArchangelStaff","testmod-InjuryResistance","Replay:Wax Seal","Dead Branch","Blue Candle","Chameleon Ring","testmod-CasingShield","testmod-Fortitude","Golden Egg","Bag of Preparation","testmod-Justice","Replay:Ringing Soul","Bottled Lightning","ReplayTheSpireMod:Ninjato","Replay:Bottled Flurry","Snack Pack","AT_ImmortalShieldbow","Thread and Needle","Unceasing Top","Eternal Feather","Pear","Ornamental Fan","Letter Opener","Onion Ring","testmod-ArcanaOfDestiny","AT_DeathDance","AT_ForceNature","testmod-BalancedPeriapt","Ginger","AT_RabadonDeathcap","Replay:PocketPolymizer"],"acts_visited":["Exordium","TheCity","TheBeyond","TheEnding"],"potions_floor_usage":[16,16,33,33],"damage_taken":[{"damage":9.0,"enemies":"Jaw Worm","floor":1.0,"turns":5.0},{"damage":8.0,"enemies":"2 Louse","floor":4.0,"turns":4.0},{"damage":10.0,"enemies":"Small Slimes","floor":5.0,"turns":4.0},{"damage":41.0,"enemies":"Replay:BlueRogue","floor":6.0,"turns":7.0},{"damage":34.0,"enemies":"Blue Slaver","floor":8.0,"turns":6.0},{"damage":1.0,"enemies":"Gremlin Gang","floor":10.0,"turns":3.0},{"damage":10.0,"enemies":"Lots of Slimes","floor":11.0,"turns":3.0},{"damage":29.0,"enemies":"3 Sentries","floor":12.0,"turns":8.0},{"damage":20,"enemies":"Lagavulin","floor":14,"turns":4},{"damage":25,"enemies":"Hexaghost","floor":16,"turns":6},{"damage":0,"enemies":"Shell Parasite","floor":18,"turns":1},{"damage":1,"enemies":"Spheric Guardian","floor":21,"turns":3},{"damage":2,"enemies":"Cultist and Chosen","floor":22,"turns":3},{"damage":8,"enemies":"Replay:Snechameleon","floor":23,"turns":2},{"damage":0,"enemies":"Snake Plant","floor":24,"turns":1},{"damage":11,"enemies":"Gremlin Leader","floor":28,"turns":2},{"damage":19,"enemies":"3 Cultists","floor":31,"turns":3},{"damage":0,"enemies":"Collector","floor":33,"turns":1},{"damage":1,"enemies":"3 Shapes","floor":35,"turns":1},{"damage":15,"enemies":"3 Darklings","floor":38,"turns":1},{"damage":0,"enemies":"Jaw Worm Horde","floor":41,"turns":2},{"damage":37,"enemies":"4 Shapes","floor":44,"turns":2},{"damage":8,"enemies":"Nemesis","floor":46,"turns":1},{"damage":12,"enemies":"Sphere and 2 Shapes","floor":47,"turns":1},{"damage":0,"enemies":"Maw","floor":48,"turns":1},{"damage":0,"enemies":"Replay:Hell Engine","floor":50,"turns":2},{"damage":0,"enemies":"Shield and Spear","floor":54,"turns":1},{"damage":0,"enemies":"The Heart","floor":55,"turns":1}],"seed_played":"5150372183323677342","potions_obtained":[{"floor":1.0,"key":"ColorlessPotion"},{"floor":11.0,"key":"Explosive Potion"},{"floor":12.0,"key":"Energy Potion"},{"floor":14,"key":"PowerPotion"},{"floor":16,"key":"SkillPotion"},{"floor":22,"key":"BlessingOfTheForge"},{"floor":38,"key":"FearPotion"},{"floor":47,"key":"testmod-TestPotion"}],"is_trial":false,"path_per_floor":["M","$","?","M","M","E","R","M","T","M","M","E","R","E","R","B",null,"M","?","$","M","M","E","M","$","T","R","E","?","$","M","R","B",null,"M","?","$","M","$","R","M","$","T","M","R","E","M","M","R","B",null,"R","$","E","B",null],"character_chosen":"THE_BLADEMASTER","items_purchased":["Membership Card","Kunai","FairyPotion","blademaster:LeechingStrike","AT_BladeRuinedKing","ReplayTheSpireMod:CursedCoin","Singing Bowl","testmod-CyclicPeriapt","Ancient Tea Set","Medical Kit","testmod-OneHitWonder","Durian","ReplayTheSpireMod:ShopPack","Quantum Egg","BargainBundle","testmod-BloodBlade","FearPotion","Mirror","Incense Burner","testmod-MagicalMallet","StrikeDummy","AT_MibuBalloonWealth","Lee\u0027s Waffle","Boot","testmod-RandomTest","Iron Hammer","testmod-IntensifyImprint","testmod-LifeArmor","ReplayTheSpireMod:Shallot","Nunchaku","Bronze Scales","AT_BellowingDragoncrestRing","Replay:Accelerometer","testmod-InfectionSource","Akabeko","AT_TimeSand","AT_BellDemon","Shuriken","AT_SilverBalance","testmod-AssaultLearning","Vajra","Replay:Mystery Machine","testmod-IndustrialRevolution","testmod-Hope","Replay:WaspNest","Happy Flower","Turnip","testmod-TurbochargingSystem","Strawberry","Orichalcum","Pen Nib","AT_SunfireAegis","Lantern","AT_RedTearstoneRing","White Beast Statue","AT_TheCollector","Blue Doll","testmod-Antiphasic","Replay:Bottled Snecko","Garlic","Oddly Smooth Stone","Pantograph","Sundial","InkBottle","AT_GuinsooRageblade","ReplayTheSpireMod:Lightbulb","AT_Manta","Anchor","AT_EbonyIvory","Whetstone","Toy Ornithopter","testmod-ThousandKnives","testmod-ObsoleteBoomerang","Replay:Baseball","Art of War","Pet Ghost","Gremlin Food","Divine Protection","Mercury Hourglass","AT_ArchangelStaff","testmod-InjuryResistance","Replay:Wax Seal","Dead Branch","Blue Candle","Chameleon Ring","testmod-CasingShield","testmod-Fortitude","Golden Egg","Bag of Preparation","testmod-Justice","Replay:Ringing Soul","Bottled Lightning","ReplayTheSpireMod:Ninjato","Replay:Bottled Flurry","Snack Pack","AT_ImmortalShieldbow","Thread and Needle","Unceasing Top","Eternal Feather","Pear","Ornamental Fan","Letter Opener","Onion Ring","testmod-ArcanaOfDestiny","AT_DeathDance","AT_ForceNature","testmod-BalancedPeriapt","Ginger"],"campfire_rested":0,"item_purchase_floors":[20,20,20,20,25,25,25,30,30,30,37,37,37,39,39,39,39,42,42,42,53,53,53,53,53,53,53,53,53,53,53,53,53,53,53,53,53,53,53,53,53,53,53,53,53,53,53,53,53,53,53,53,53,53,53,53,53,53,53,53,53,53,53,53,53,53,53,53,53,53,53,53,53,53,53,53,53,53,53,53,53,53,53,53,53,53,53,53,53,53,53,53,53,53,53,53,53,53,53,53,53,53,53,53,53,53,53,53],"current_hp_per_floor":[66,66,66,67,66,39,39,17,17,28,32,19,19,9,9,4,57,61,61,61,62,75,75,75,75,75,75,77,77,77,75,75,79,79,81,81,92,94,94,94,96,96,96,86,86,97,102,104,104,104,104,104,128,92,128],"gold":456,"neow_bonus":"ONE_RARE_RELIC","is_daily":false,"chose_seed":false,"campfire_upgraded":5,"win_rate":0.0,"timestamp":1614153512,"path_taken":["M","$","?","M","M","E","R","M","T","M","M","E","R","E","R","BOSS","M","?","$","M","M","E","M","$","T","R","E","?","$","M","R","BOSS","M","?","$","M","$","R","M","$","T","M","R","E","M","?","R","BOSS","R","$","E","BOSS"],"items_purchased_type":["Relic","Relic","Potion","Card","Relic","Relic","Relic","Relic","Relic","Relic","Relic","Relic","Relic","Relic","Relic","Card","Potion","Relic","Relic","Relic","Relic","Relic","Relic","Relic","Relic","Relic","Relic","Relic","Relic","Relic","Relic","Relic","Relic","Relic","Relic","Relic","Relic","Relic","Relic","Relic","Relic","Relic","Relic","Relic","Relic","Relic","Relic","Relic","Relic","Relic","Relic","Relic","Relic","Relic","Relic","Relic","Relic","Relic","Relic","Relic","Relic","Relic","Relic","Relic","Relic","Relic","Relic","Relic","Relic","Relic","Relic","Relic","Relic","Relic","Relic","Relic","Relic","Relic","Relic","Relic","Relic","Relic","Relic","Relic","Relic","Relic","Relic","Relic","Relic","Relic","Relic","Relic","Relic","Relic","Relic","Relic","Relic","Relic","Relic","Relic","Relic","Relic","Relic","Relic","Relic","Relic","Relic","Relic"],"build_version":"2020-12-22","purchased_purges":4,"victory":true,"max_hp_per_floor":[75,75,75,75,75,75,75,75,75,75,75,75,75,75,75,75,75,75,75,75,75,75,75,75,75,75,75,77,77,77,77,77,79,79,81,81,92,94,94,94,96,96,96,98,98,100,102,104,104,104,104,104,128,128,128],"card_choices":[{"not_picked":["blademaster:Havoc","blademaster:AspectOfWind"],"picked":"blademaster:ThunderingOpener","floor":1.0},{"not_picked":["blademaster:LeechingStrike","blademaster:CullingStrike","blademaster:Thrust"],"picked":"SKIP","floor":4.0},{"not_picked":["blademaster:OneTrickPony","blademaster:Stormstrike","blademaster:Hailwind"],"picked":"SKIP","floor":5.0},{"not_picked":["blademaster:Sharpen","blademaster:Quickstep","blademaster:AncestralHealing"],"picked":"SKIP","floor":6.0},{"not_picked":["blademaster:SharpBlades","blademaster:SlyStabs"],"picked":"blademaster:TraverseCut","floor":8.0},{"not_picked":["blademaster:CloudOfSteel","blademaster:Overcharge","blademaster:SharpBlades"],"picked":"SKIP","floor":10.0},{"not_picked":["blademaster:AirSlash","blademaster:IcyWind","blademaster:SlyStabs"],"picked":"SKIP","floor":11.0},{"not_picked":["blademaster:Quickstep","blademaster:DeadlyDance","blademaster:FuriousStrike"],"picked":"SKIP","floor":12.0},{"not_picked":["blademaster:Vortex","blademaster:Reversal"],"picked":"blademaster:ThunderSlash","floor":14},{"not_picked":["blademaster:LightningCrash","blademaster:Reversal+1"],"picked":"blademaster:DaggerAndCloak+1","floor":18},{"not_picked":["blademaster:Overcharge+1","blademaster:LeechingStrike","blademaster:Thrust+1"],"picked":"SKIP","floor":21},{"not_picked":["blademaster:Cut","blademaster:EyeOfTheTornado+1","blademaster:AwakeningStrike"],"picked":"SKIP","floor":22},{"not_picked":["blademaster:Vortex","blademaster:Rupture","blademaster:EyeOfTheStorm+1"],"picked":"SKIP","floor":23},{"not_picked":["blademaster:Slice","blademaster:Frontflip","blademaster:TraverseCut"],"picked":"SKIP","floor":24},{"not_picked":["blademaster:EyeOfTheStorm","blademaster:DaggerAndCloak","blademaster:Thrust"],"picked":"Singing Bowl","floor":28},{"not_picked":["blademaster:CombatPrep","blademaster:AwakeningDefend"],"picked":"blademaster:DancingEdge","floor":31},{"not_picked":["blademaster:Empower","blademaster:ColdBlood","blademaster:HighVoltage"],"picked":"Singing Bowl","floor":33},{"not_picked":["blademaster:Flurry","blademaster:Discharge","blademaster:LeechingStrike+1"],"picked":"Singing Bowl","floor":35},{"not_picked":["testmod-VirtualReality","The Bomb","testmod-Librarian"],"picked":"Singing Bowl","floor":37},{"not_picked":["AT_TearsDenial","ReplayTheSpireMod:Private Reserves","Finesse"],"picked":"Singing Bowl","floor":37},{"not_picked":["testmod-WeaknessCounterattack","testmod-ComboMaster","Sadistic Nature"],"picked":"Singing Bowl","floor":37},{"not_picked":["blademaster:BloodyBlow+1","blademaster:CullingStrike","blademaster:Sharpen"],"picked":"Singing Bowl","floor":38},{"not_picked":["blademaster:Cut+1","blademaster:Stability","blademaster:Rupture"],"picked":"Singing Bowl","floor":41},{"not_picked":["blademaster:AwakeningStrike","blademaster:SlyStabs+1","blademaster:ThunderSlash"],"picked":"Singing Bowl","floor":44},{"not_picked":["blademaster:DragonStrike+1","blademaster:Stability+1","blademaster:Blindside"],"picked":"Singing Bowl","floor":46},{"not_picked":["blademaster:SlyStabs","blademaster:AspectOfLightning+1","blademaster:Havoc"],"picked":"Singing Bowl","floor":47},{"not_picked":["blademaster:DaggerAndCloak","blademaster:Frontflip+1","blademaster:OneTrickPony+1"],"picked":"Singing Bowl","floor":48},{"not_picked":["blademaster:Slice","blademaster:AirSlash","blademaster:Sunder+1"],"picked":"Singing Bowl","floor":54}],"player_experience":251640,"relics_obtained":[{"floor":3.0,"key":"ReplayTheSpireMod:Ring of Challenge"},{"floor":6.0,"key":"Gremlin Horn"},{"floor":6.0,"key":"blademaster:OnAttackedChargePerk"},{"floor":12.0,"key":"Replay:Bandana"},{"floor":12.0,"key":"blademaster:BleedingLaceratePerk"},{"floor":14,"key":"Bag of Marbles"},{"floor":14,"key":"blademaster:WindChargePerk"},{"floor":18,"key":"testmod-Acrobat"},{"floor":18,"key":"blademaster:RandomBladePerk"},{"floor":23,"key":"AT_SilvercatRing"},{"floor":23,"key":"blademaster:StrongPerk"},{"floor":24,"key":"Replay:Rubber Ducky"},{"floor":24,"key":"blademaster:FuryEveryTurnPerk"},{"floor":26,"key":"Replay:Bottled Eggs"},{"floor":28,"key":"AT_ChloranthyRing"},{"floor":28,"key":"blademaster:BonusComboPerk"},{"floor":33,"key":"War Paint"},{"floor":33,"key":"blademaster:FinisherDrawCardPerk"},{"floor":34,"key":"ReplayTheSpireMod:TigerMarble"},{"floor":34,"key":"Mummified Hand"},{"floor":34,"key":"Old Coin"},{"floor":43,"key":"Blood Vial"},{"floor":44,"key":"Simple Rune"},{"floor":44,"key":"blademaster:ComboEveryTurnPerk"},{"floor":46,"key":"HornCleat"},{"floor":46,"key":"blademaster:DextrousPerk"},{"floor":48,"key":"The Courier"},{"floor":48,"key":"blademaster:BleedingMoreDamagePerk"},{"floor":54,"key":"AT_RabadonDeathcap"},{"floor":54,"key":"blademaster:LightningChargePerk"},{"floor":54,"key":"Replay:PocketPolymizer"}],"event_choices":[{"damage_healed":0,"gold_gain":0,"player_choice":"Ignored","damage_taken":0,"max_hp_gain":0,"max_hp_loss":0,"event_name":"Ghosts","floor":19,"gold_loss":0},{"damage_healed":0,"gold_gain":0,"player_choice":"Got Potions","damage_taken":0,"max_hp_gain":0,"max_hp_loss":0,"event_name":"Lab","floor":36,"gold_loss":0}],"is_beta":false,"boss_relics":[{"not_picked":["testmod-KeyOfTheVoid","Replay:Bronze Core"],"picked":"AT_TrinityForce"},{"not_picked":["Empty Cage","testmod-BatchProcessingSystem"],"picked":"Calling Bell"}],"items_purged_floors":[20,25,30,37],"is_endless":false,"potions_floor_spawned":[1,11,12,14,16,22,23,31,38,41,44,47,48,54],"ascension_level":8}}