{"host":"sav7uxregyirlf69","time":1614157496,"event":{"mods":["AchievementEnabler","BaseMod","Colored Map","DeckTracker","Keyboard Shortcuts","Minty Spire (QoL Compilation)","READ ME - Guardian Mod","StSLib","SuperFastMode"],"gold_per_floor":[117,117,1,1,12,12,39,39,84,101,120,138,151,163,163,234,234,254,68,83,40,40,40,40],"floor_reached":23,"language":"KOR","playtime":412,"items_purged":["Shame","Strike_R"],"score":386,"play_id":"5becdc02-b6f6-4925-b07c-7fc4dd0821e9","local_time":"20210224180456","is_ascension_mode":true,"campfire_choices":[{"data":"Apotheosis","floor":6,"key":"SMITH"},{"floor":8,"key":"REST"},{"data":"Blood for Blood","floor":15,"key":"SMITH"}],"circlet_count":0,"master_deck":["AscendersBane","Strike_R","Strike_R","Strike_R","Strike_R","Defend_R","Defend_R","Defend_R","Defend_R","Bash","Apotheosis+1","Shockwave","Dark Embrace","Pommel Strike","Sword Boomerang","Rupture","Blood for Blood+1","Battle Trance","Disarm","Offering","Shrug It Off","Evolve","True Grit+1","Feel No Pain+1"],"relics":["Burning Blood","Mummified Hand","Nunchaku","Omamori","Fusion Hammer"],"acts_visited":["Exordium","TheCity"],"potions_floor_usage":[11,13,16,20],"damage_taken":[{"damage":12,"enemies":"Small Slimes","floor":1,"turns":5},{"damage":5,"enemies":"2 Louse","floor":5,"turns":4},{"damage":29,"enemies":"Gremlin Nob","floor":7,"turns":4},{"damage":9,"enemies":"Jaw Worm","floor":10,"turns":4},{"damage":14,"enemies":"Lots of Slimes","floor":11,"turns":5},{"damage":9,"enemies":"Blue Slaver","floor":12,"turns":2},{"damage":9,"enemies":"Gremlin Gang","floor":13,"turns":5},{"damage":3,"enemies":"Looter","floor":14,"turns":3},{"damage":12,"enemies":"Slime Boss","floor":16,"turns":7},{"damage":20,"enemies":"Shell Parasite","floor":18,"turns":3},{"damage":25,"enemies":"2 Thieves","floor":20,"turns":4},{"damage":38,"enemies":"Gremlin Leader","floor":23,"turns":4}],"seed_played":"-8468867072999248301","potions_obtained":[{"floor":1,"key":"SkillPotion"},{"floor":10,"key":"PowerPotion"},{"floor":12,"key":"SkillPotion"},{"floor":18,"key":"Regen Potion"}],"is_trial":false,"path_per_floor":["M","?","$","?","M","R","E","R","T","M","M","M","M","M","R","B",null,"M","$","M","$","?","E"],"character_chosen":"IRONCLAD","items_purchased":["Dark Embrace","Evolve","Feel No Pain"],"campfire_rested":1,"item_purchase_floors":[3,19,21],"current_hp_per_floor":[62,44,44,44,45,45,22,44,44,41,33,30,27,30,30,24,62,48,48,41,41,41,3,3],"gold":40,"neow_bonus":"RANDOM_COLORLESS_2","is_daily":false,"chose_seed":false,"campfire_upgraded":2,"win_rate":0.0,"timestamp":1614157496,"path_taken":["M","?","$","?","M","R","E","R","T","M","M","M","M","?","R","BOSS","M","$","M","?","?","E"],"items_purchased_type":["Card","Card","Card"],"build_version":"2020-12-22","purchased_purges":2,"victory":false,"max_hp_per_floor":[75,75,75,75,75,75,75,75,75,75,75,75,75,75,75,75,75,75,75,75,75,75,75,75],"card_choices":[{"not_picked":["Secret Technique","Master of Strategy"],"picked":"Apotheosis","floor":0},{"not_picked":["Dark Embrace","Rampage"],"picked":"Shockwave","floor":1},{"not_picked":["Combust","Clash"],"picked":"Pommel Strike","floor":5},{"not_picked":["True Grit","Warcry"],"picked":"Sword Boomerang","floor":7},{"not_picked":["Combust","Pommel Strike","Rupture"],"picked":"SKIP","floor":10},{"not_picked":["Combust","Pommel Strike"],"picked":"Rupture","floor":10},{"not_picked":["Impervious","Clothesline"],"picked":"Blood for Blood","floor":11},{"not_picked":["Armaments","Anger"],"picked":"Battle Trance","floor":12},{"not_picked":["Combust","Cleave","Battle Trance"],"picked":"SKIP","floor":13},{"not_picked":["Thunderclap","Cleave"],"picked":"Disarm","floor":14},{"not_picked":["Exhume","Feed"],"picked":"Offering","floor":16},{"not_picked":["Perfected Strike","Second Wind"],"picked":"Shrug It Off","floor":18},{"not_picked":["Wild Strike","Clash"],"picked":"True Grit+1","floor":20}],"player_experience":1688129,"relics_obtained":[{"floor":7,"key":"Nunchaku"},{"floor":9,"key":"Omamori"}],"event_choices":[{"damage_healed":0,"gold_gain":0,"player_choice":"Success","damage_taken":18,"relics_obtained":["Mummified Hand"],"max_hp_gain":0,"max_hp_loss":0,"event_name":"Scrap Ooze","floor":2,"gold_loss":0},{"damage_healed":0,"gold_gain":0,"player_choice":"Ignored","damage_taken":0,"max_hp_gain":0,"max_hp_loss":0,"event_name":"Shining Light","floor":4,"gold_loss":0},{"damage_healed":0,"gold_gain":0,"player_choice":"Upgraded","damage_taken":0,"max_hp_gain":0,"max_hp_loss":0,"event_name":"Upgrade Shrine","floor":22,"gold_loss":0,"cards_upgraded":["Feel No Pain"]}],"is_beta":false,"boss_relics":[{"not_picked":["Snecko Eye","Tiny House"],"picked":"Fusion Hammer"}],"items_purged_floors":[3,19],"is_endless":false,"potions_floor_spawned":[1,10,12,18],"killed_by":"Gremlin Leader","ascension_level":20}}