{"host":"x73jdofm2fk9hsud","time":1614134286,"event":{"mods":["BaseMod","Bestiary","Minty Spire (QoL Compilation)","Relic Stats","ojb\u0027s Better Paths Mod","ojb\u0027s Info Mod"],"gold_per_floor":[218,17,17,17,17,17,31,66,66,100,100,100,125,139,139,230,230,246,246,267,286,286,286,311,354,399,399,63,86,126,145,145,235,235,255,273,27,41,64,100,123,123,123,123,144,444,478,493,493,493,493,493,493,47,91,91],"floor_reached":57,"language":"ENG","playtime":11217,"items_purged":["Writhe","Strike_G"],"score":2903,"play_id":"7fa96a4d-b322-405c-81b0-8fd033703bb2","local_time":"20210223213806","is_ascension_mode":true,"campfire_choices":[{"data":"Footwork","floor":6,"key":"SMITH"},{"data":"Deadly Poison","floor":11,"key":"SMITH"},{"data":"Neutralize","floor":15,"key":"SMITH"},{"floor":23,"key":"REST"},{"data":"Cloak And Dagger","floor":27,"key":"SMITH"},{"data":"Calculated Gamble","floor":32,"key":"SMITH"},{"floor":42,"key":"RECALL"},{"floor":44,"key":"REST"},{"floor":49,"key":"REST"},{"data":"Leg Sweep","floor":53,"key":"SMITH"}],"circlet_count":0,"master_deck":["AscendersBane","Strike_G","Defend_G","Defend_G","Defend_G","Defend_G","Defend_G","Survivor","Neutralize+1","Blade Dance","Footwork+1","Infinite Blades","Deadly Poison+1","Predator","A Thousand Cuts+1","Adrenaline","Accuracy+1","Dodge and Roll","Dodge and Roll","Cloak And Dagger+1","Footwork+1","Crippling Poison","Calculated Gamble+1","Malaise","Backflip","Deflect","Well Laid Plans+1","Footwork+1","Blur+1","Backflip","Adrenaline","Terror+1","Footwork+1","Leg Sweep+1","After Image+1","PanicButton","Cloak And Dagger"],"relics":["Ring of the Snake","Toy Ornithopter","Golden Idol","Mercury Hourglass","Lantern","Frozen Egg 2","Tough Bandages","Cursed Key","Tiny Chest","ClockworkSouvenir","Oddly Smooth Stone","SlaversCollar","OrangePellets","Vajra","Paper Crane","Happy Flower","Bag of Marbles"],"acts_visited":["Exordium","TheCity","TheBeyond","TheEnding"],"potions_floor_usage":[10,10,16,21,30,33,33,45,56,56],"damage_taken":[{"damage":0,"enemies":"2 Louse","floor":1,"turns":4},{"damage":0,"enemies":"Small Slimes","floor":7,"turns":3},{"damage":16,"enemies":"3 Sentries","floor":8,"turns":7},{"damage":6,"enemies":"Gremlin Nob","floor":10,"turns":3},{"damage":0,"enemies":"Jaw Worm","floor":13,"turns":3},{"damage":0,"enemies":"2 Fungi Beasts","floor":14,"turns":3},{"damage":24,"enemies":"Hexaghost","floor":16,"turns":8},{"damage":12,"enemies":"Shell Parasite","floor":18,"turns":5},{"damage":1,"enemies":"Chosen","floor":20,"turns":3},{"damage":0,"enemies":"3 Cultists","floor":21,"turns":4},{"damage":0,"enemies":"Centurion and Healer","floor":24,"turns":4},{"damage":7,"enemies":"Gremlin Leader","floor":25,"turns":5},{"damage":2,"enemies":"Snecko","floor":29,"turns":3},{"damage":7,"enemies":"Slavers","floor":30,"turns":4},{"damage":19,"enemies":"Snake Plant","floor":31,"turns":4},{"damage":9,"enemies":"Collector","floor":33,"turns":6},{"damage":0,"enemies":"Orb Walker","floor":35,"turns":4},{"damage":0,"enemies":"3 Shapes","floor":36,"turns":5},{"damage":14,"enemies":"Transient","floor":38,"turns":6},{"damage":16,"enemies":"3 Darklings","floor":39,"turns":4},{"damage":0,"enemies":"Reptomancer","floor":40,"turns":8},{"damage":0,"enemies":"4 Shapes","floor":41,"turns":3},{"damage":2,"enemies":"Jaw Worm Horde","floor":45,"turns":4},{"damage":0,"enemies":"Giant Head","floor":47,"turns":7},{"damage":3,"enemies":"Transient","floor":48,"turns":6},{"damage":6,"enemies":"Time Eater","floor":50,"turns":16},{"damage":0,"enemies":"Donu and Deca","floor":51,"turns":12},{"damage":6,"enemies":"Shield and Spear","floor":55,"turns":11},{"damage":7,"enemies":"The Heart","floor":56,"turns":14}],"seed_played":"6685679564651471144","potions_obtained":[{"floor":1,"key":"CunningPotion"},{"floor":7,"key":"FearPotion"},{"floor":8,"key":"Strength Potion"},{"floor":13,"key":"EssenceOfSteel"},{"floor":14,"key":"Strength Potion"},{"floor":20,"key":"Weak Potion"},{"floor":21,"key":"Weak Potion"},{"floor":30,"key":"SteroidPotion"},{"floor":36,"key":"Weak Potion"},{"floor":40,"key":"Weak Potion"},{"floor":41,"key":"SpeedPotion"},{"floor":45,"key":"FearPotion"},{"floor":48,"key":"Dexterity Potion"}],"is_trial":false,"path_per_floor":["M","$","?","?","T","R","M","E","T","E","R","?","M","M","R","B",null,"M","?","M","M","?","R","M","E","T","R","$","M","E","M","R","B",null,"M","M","$","M","M","E","M","R","T","R","M","?","E","M","R","B","B",null,"R","$","E","B",null],"character_chosen":"THE_SILENT","items_purchased":["Footwork","Toy Ornithopter","Footwork+1","ClockworkSouvenir","Well Laid Plans+1","OrangePellets","After Image+1","PanicButton","Happy Flower"],"campfire_rested":3,"item_purchase_floors":[2,2,28,28,37,37,54,54,54],"current_hp_per_floor":[59,59,59,52,52,52,52,36,36,40,40,40,40,40,40,21,50,38,38,37,42,42,60,60,53,53,53,53,51,49,30,30,31,53,53,53,53,39,23,23,23,23,23,41,44,44,44,41,59,53,53,58,58,58,52,55],"gold":91,"neow_bonus":"HUNDRED_GOLD","is_daily":false,"chose_seed":false,"campfire_upgraded":6,"win_rate":0.0,"timestamp":1614134286,"path_taken":["M","$","?","?","?","R","M","E","T","E","R","?","?","M","R","BOSS","M","?","?","?","?","R","M","E","T","R","?","M","E","M","R","BOSS","M","M","$","M","M","E","M","R","T","R","M","?","E","?","R","BOSS","BOSS","R","$","E","BOSS"],"items_purchased_type":["Card","Relic","Card","Relic","Card","Relic","Card","Card","Relic"],"build_version":"2020-12-22","purchased_purges":2,"victory":true,"max_hp_per_floor":[66,66,60,60,60,60,60,60,60,60,60,60,60,60,60,60,60,60,60,60,60,60,60,60,60,60,60,60,60,60,60,60,60,60,60,60,60,60,60,60,60,60,60,60,60,60,60,60,60,60,60,60,60,60,60,60],"relic_stats":{"OrangePellets":[3],"Tough Bandages":[345],"Happy Flower":[8],"counters":[29,169],"Golden Idol":211,"Tiny Chest":0,"Cursed Key":1,"obtain_stats":[{"Lantern":8,"Happy Flower":54,"Golden Idol":3,"Oddly Smooth Stone":30,"Vajra":40,"Frozen Egg 2":9,"Paper Crane":47,"Cursed Key":17,"Mercury Hourglass":5,"ClockworkSouvenir":28,"SlaversCollar":34,"OrangePellets":37,"Tough Bandages":10,"Tiny Chest":25,"Bag of Marbles":55,"Toy Ornithopter":2,"Ring of the Snake":0},{"Lantern":3,"Happy Flower":27,"Golden Idol":1,"Oddly Smooth Stone":14,"Vajra":21,"Frozen Egg 2":3,"Paper Crane":24,"Cursed Key":7,"Mercury Hourglass":1,"ClockworkSouvenir":12,"SlaversCollar":16,"OrangePellets":18,"Tough Bandages":4,"Tiny Chest":12,"Bag of Marbles":28,"Toy Ornithopter":1,"Ring of the Snake":0},{"Lantern":14,"Happy Flower":144,"Golden Idol":4,"Oddly Smooth Stone":59,"Vajra":96,"Frozen Egg 2":14,"Paper Crane":110,"Cursed Key":31,"Mercury Hourglass":4,"ClockworkSouvenir":52,"SlaversCollar":69,"OrangePellets":78,"Tough Bandages":17,"Tiny Chest":52,"Bag of Marbles":155,"Toy Ornithopter":4,"Ring of the Snake":0}],"Toy Ornithopter":50,"Ring of the Snake":[58],"Mercury Hourglass":[590]},"card_choices":[{"not_picked":["Dagger Spray","Cloak And Dagger"],"picked":"Blade Dance","floor":1},{"not_picked":["PiercingWail","Setup"],"picked":"Infinite Blades","floor":7},{"not_picked":["Sucker Punch","Riddle With Holes"],"picked":"Deadly Poison","floor":8},{"not_picked":["Underhanded Strike","Outmaneuver"],"picked":"Predator","floor":10},{"not_picked":["Sucker Punch","Prepared"],"picked":"A Thousand Cuts+1","floor":13},{"not_picked":["Dagger Spray","Predator","Backstab"],"picked":"SKIP","floor":14},{"not_picked":["Malaise","Envenom+1"],"picked":"Adrenaline","floor":16},{"not_picked":["Poisoned Stab","Acrobatics"],"picked":"Accuracy+1","floor":18},{"not_picked":["Flying Knee","Catalyst"],"picked":"Dodge and Roll","floor":20},{"not_picked":["Finisher+1","Outmaneuver"],"picked":"Dodge and Roll","floor":21},{"not_picked":["Riddle With Holes","Heel Hook+1","Flying Knee"],"picked":"SKIP","floor":24},{"not_picked":["Blade Dance","A Thousand Cuts+1"],"picked":"Cloak And Dagger","floor":25},{"not_picked":["Predator","Quick Slash"],"picked":"Crippling Poison","floor":29},{"not_picked":["Tools of the Trade+1","Predator"],"picked":"Calculated Gamble","floor":30},{"not_picked":["Skewer","Outmaneuver","Sucker Punch"],"picked":"SKIP","floor":31},{"not_picked":["Die Die Die","Storm of Steel"],"picked":"Malaise","floor":33},{"not_picked":["Bane","Dagger Spray+1"],"picked":"Backflip","floor":35},{"not_picked":["Bouncing Flask","Caltrops+1"],"picked":"Deflect","floor":36},{"not_picked":["PiercingWail","Dagger Spray+1"],"picked":"Footwork+1","floor":38},{"not_picked":["Heel Hook","Caltrops+1"],"picked":"Blur+1","floor":39},{"not_picked":["Choke+1","Flying Knee"],"picked":"Backflip","floor":40},{"not_picked":["Leg Sweep","Slice+1"],"picked":"Adrenaline","floor":41},{"not_picked":["Heel Hook","Sucker Punch"],"picked":"Terror+1","floor":45},{"not_picked":["Quick Slash","Dagger Spray"],"picked":"Footwork+1","floor":47},{"not_picked":["Endless Agony","Flying Knee"],"picked":"Leg Sweep","floor":48},{"not_picked":["Outmaneuver","Deadly Poison"],"picked":"Cloak And Dagger","floor":55}],"player_experience":5408181,"relics_obtained":[{"floor":5,"key":"Mercury Hourglass"},{"floor":8,"key":"Lantern"},{"floor":9,"key":"Frozen Egg 2"},{"floor":10,"key":"Tough Bandages"},{"floor":25,"key":"Tiny Chest"},{"floor":30,"key":"Oddly Smooth Stone"},{"floor":40,"key":"Vajra"},{"floor":47,"key":"Paper Crane"},{"floor":55,"key":"Bag of Marbles"}],"event_choices":[{"damage_healed":0,"gold_gain":0,"player_choice":"Lose Max HP","damage_taken":0,"relics_obtained":["Golden Idol"],"max_hp_gain":0,"max_hp_loss":6,"event_name":"Golden Idol","floor":3,"gold_loss":0},{"cards_removed":["Strike_G"],"damage_healed":0,"gold_gain":0,"player_choice":"Card Removal","damage_taken":7,"max_hp_gain":0,"max_hp_loss":0,"event_name":"Golden Wing","floor":4,"gold_loss":0},{"cards_removed":["Strike_G"],"damage_healed":0,"gold_gain":0,"player_choice":"Purged","damage_taken":0,"max_hp_gain":0,"max_hp_loss":0,"event_name":"Purifier","floor":12,"gold_loss":0},{"cards_removed":["Strike_G"],"damage_healed":0,"gold_gain":0,"player_choice":"Offered Basic","damage_taken":0,"max_hp_gain":0,"max_hp_loss":0,"event_name":"Bonfire Elementals","floor":19,"gold_loss":0},{"damage_healed":0,"gold_gain":0,"player_choice":"Ignored","damage_taken":0,"max_hp_gain":0,"max_hp_loss":0,"event_name":"Vampires","floor":22,"gold_loss":0},{"damage_healed":0,"gold_gain":300,"player_choice":"Gold","damage_taken":0,"max_hp_gain":0,"max_hp_loss":0,"event_name":"Wheel of Change","floor":46,"gold_loss":0}],"is_beta":false,"boss_relics":[{"not_picked":["Fusion Hammer","Philosopher\u0027s Stone"],"picked":"Cursed Key"},{"not_picked":["Empty Cage","Snecko Eye"],"picked":"SlaversCollar"}],"items_purged_floors":[28,54],"is_endless":false,"potions_floor_spawned":[1,7,8,13,14,20,21,30,31,36,40,41,45,48],"ascension_level":20}}