{"host":"6h0diz2ap0m56grs","time":1614204785,"event":{"mods":["2.2 Compatiblity","BaseMod","Colored Map","Marisa????????","Minty Spire (QoL Compilation)","Quick Restart","Replay The Spire","Shop Mod","StSLib","The Cursed","The Exalted","The Necromancer","The Servant 0.9.4"],"gold_per_floor":[112,124,135,215,37,62,92,166,166,200,200,225,225,265,265,389,389,410,410,410,300,319,363,406,446,521,554,598,629,16,30,30,149,249,269,269,269,269,602,637,672,705,705,705,733,765,799,799,799,799],"floor_reached":51,"language":"ENG","playtime":1971,"items_purged":[],"score":1772,"play_id":"9fafeb10-7395-478e-b8af-9a0c7d599577","local_time":"20210224161305","daily_mods":["SealedDeck","Heirloom","Time Dilation","Flight"],"is_ascension_mode":true,"campfire_choices":[{"data":"1","floor":15,"key":"LIFT"},{"data":"2","floor":32,"key":"LIFT"},{"data":"3","floor":44,"key":"LIFT"},{"data":"TheCursedMod:LuckyCharm","floor":49,"key":"SMITH"}],"circlet_count":0,"master_deck":["TheCursedMod:CursedAmulet+1","TheCursedMod:SmokeScreen","TheCursedMod:CursedBlade","TheCursedMod:Obscuration","TheCursedMod:ReleasedStrength","TheCursedMod:CursedBoomerang","TheCursedMod:Obscuration+1","TheCursedMod:CursedBoomerang","TheCursedMod:LuckyCharm+1","TheCursedMod:AbyssShockwave","Delirium","Apotheosis","TheCursedMod:RapidMovement","TheCursedMod:StunningStrike","Injury","TheCursedMod:CursedMace+1","TheCursedMod:CursedRelics","TheCursedMod:AbyssShockwave+1","TheCursedMod:SpitefulPlan+1","Wraith"],"relics":["Snecko Eye","Ring of Chaos","replay:Trail_Library","Replay:Multitool","Sundial","Pen Nib","Shuriken","Onion Ring","Girya","Oddly Smooth Stone","Replay:Bronze Core","Nilry\u0027s Codex","MerchantsRug","TheCursedMod:BloodyHarpoon","Juzu Bracelet","Frozen Egg 2","Bottled Flame","War Paint","Bromod:ArcaneAegis","Vajra","Art of War","FossilizedHelix","Replay:Grab Bag","Replay:Wanted Poster","ReplayTheSpireMod:DimensionalGlitch","Bromod:ArcaneEnergize","Bromod:ArcaneMomentum","Replay:Ringing Soul","Anchor","Happy Flower","White Beast Statue","Bromod:ArcaneAwakening","ReplayTheSpireMod:TigerMarble"],"acts_visited":["Exordium","TheCity","TheBeyond"],"potions_floor_usage":[25,50,50,50],"damage_taken":[{"damage":0,"enemies":"Cultist","floor":1,"turns":3},{"damage":0,"enemies":"2 Louse","floor":2,"turns":1},{"damage":0,"enemies":"Small Slimes","floor":3,"turns":1},{"damage":0,"enemies":"Lagavulin","floor":6,"turns":4},{"damage":0,"enemies":"Gremlin Nob","floor":7,"turns":2},{"damage":0,"enemies":"Replay:BlueRogue","floor":10,"turns":5},{"damage":0,"enemies":"3 Sentries","floor":12,"turns":4},{"damage":0,"enemies":"Lagavulin","floor":14,"turns":3},{"damage":0,"enemies":"Fading Forest","floor":16,"turns":10},{"damage":0,"enemies":"Spheric Guardian","floor":18,"turns":2},{"damage":0,"enemies":"Chosen","floor":22,"turns":3},{"damage":0,"enemies":"Replay:Snechameleon","floor":23,"turns":5},{"damage":0,"enemies":"Slavers","floor":24,"turns":3},{"damage":0,"enemies":"Book of Stabbing","floor":25,"turns":3},{"damage":0,"enemies":"Gremlin Leader","floor":27,"turns":3},{"damage":0,"enemies":"Replay:Snechameleon","floor":28,"turns":2},{"damage":0,"enemies":"Book of Stabbing","floor":29,"turns":3},{"damage":0,"enemies":"3 Cultists","floor":31,"turns":2},{"damage":0,"enemies":"Collector","floor":33,"turns":5},{"damage":0,"enemies":"3 Darklings","floor":35,"turns":4},{"damage":0,"enemies":"Reptomancer","floor":40,"turns":4},{"damage":0,"enemies":"R_Hoarder","floor":41,"turns":4},{"damage":0,"enemies":"Reptomancer","floor":42,"turns":2},{"damage":0,"enemies":"R_Hoarder","floor":45,"turns":3},{"damage":0,"enemies":"Nemesis","floor":46,"turns":3},{"damage":0,"enemies":"Reptomancer","floor":47,"turns":2},{"damage":0,"enemies":"Time Eater","floor":50,"turns":4}],"seed_played":"-2348233686664544081","potions_obtained":[{"floor":2,"key":"Weak Potion"},{"floor":3,"key":"SteroidPotion"},{"floor":6,"key":"Languid Potion"},{"floor":16,"key":"Dexterity Potion"},{"floor":22,"key":"PowerPotion"},{"floor":25,"key":"EssenceOfSteel"}],"is_trial":true,"path_per_floor":["M","M","M","?","$","E","E","R","T","E","?","E","?","E","R","B",null,"M","?","?","$","M","E","E","E","T","E","E","E","$","M","R_BF","B",null,"M","?","?","?","?","E","E","E","T","R","E","E","E","?","R_BF","B",null],"character_chosen":"THE_CURSED","items_purchased":["Apotheosis","MerchantsRug","Art of War","FossilizedHelix","TheCursedMod:CursedRelics"],"campfire_rested":0,"item_purchase_floors":[5,21,30,30,30],"current_hp_per_floor":[75,75,75,75,75,75,75,75,75,75,72,72,72,72,72,75,75,75,59,59,59,59,59,59,59,59,59,59,59,59,59,59,59,75,75,71,71,71,71,71,74,74,74,77,77,77,77,80,80,80],"gold":799,"neow_bonus":"","is_daily":false,"chose_seed":false,"campfire_upgraded":1,"win_rate":0.0,"timestamp":1614204785,"path_taken":["M","M","?","?","$","E","E","R","T","E","?","E","?","E","R","BOSS","M","?","?","$","M","E","E","E","T","E","E","E","$","M","R_BF","BOSS","M","?","?","?","?","E","E","E","T","R","E","E","E","?","R_BF","BOSS"],"items_purchased_type":["Card","Relic","Relic","Relic","Card"],"build_version":"2020-12-22","purchased_purges":0,"victory":true,"max_hp_per_floor":[75,75,75,75,75,75,75,75,75,75,75,75,75,75,75,75,75,75,75,75,75,75,75,75,75,75,75,75,75,75,75,75,75,75,75,71,71,71,71,71,74,74,74,77,77,77,77,80,80,80],"card_choices":[{"not_picked":["TheCursedMod:CircleOfFlame","TheCursedMod:SmokeScreen","TheCursedMod:Torture"],"picked":"SKIP","floor":1},{"not_picked":["TheCursedMod:CursedSpellbook","TheCursedMod:AshesToAshes","TheCursedMod:CursedAmulet"],"picked":"SKIP","floor":2},{"not_picked":["TheCursedMod:CursedArmor","TheCursedMod:SurpriseAttack","TheCursedMod:CursedBlade"],"picked":"SKIP","floor":3},{"not_picked":["TheCursedMod:CursedBlade","TheCursedMod:HellfireBreathing","TheCursedMod:ReleasedStrength"],"picked":"SKIP","floor":6},{"not_picked":["TheCursedMod:HellsGateOpen","TheCursedMod:Stigma"],"picked":"TheCursedMod:RapidMovement","floor":7},{"not_picked":["TheCursedMod:SmokeScreen","TheCursedMod:WearCloak","TheCursedMod:SpitefulStrike"],"picked":"SKIP","floor":10},{"not_picked":["TheCursedMod:Torture","TheCursedMod:CollectTribute","TheCursedMod:SpitefulPlan"],"picked":"SKIP","floor":12},{"not_picked":["TheCursedMod:SpitefulPray","TheCursedMod:BloodBarrier","TheCursedMod:RavingStaff"],"picked":"SKIP","floor":14},{"not_picked":["TheCursedMod:NeowsMight","TheCursedMod:UltimatePain"],"picked":"TheCursedMod:DemonicPact","floor":16},{"not_picked":["TheCursedMod:Wield","TheCursedMod:CursedAmulet"],"picked":"TheCursedMod:CursedMace+1","floor":18},{"not_picked":["TheCursedMod:SurpriseAttack","TheCursedMod:FleshFromBone","TheCursedMod:Grudge"],"picked":"SKIP","floor":22},{"not_picked":["TheCursedMod:CircleOfCorruption","TheCursedMod:ParallelWorld","TheCursedMod:SurpriseAttack+1"],"picked":"SKIP","floor":23},{"not_picked":["TheCursedMod:TacticalStrike","TheCursedMod:BloodBarrier","TheCursedMod:SaltUponWound"],"picked":"SKIP","floor":24},{"not_picked":["TheCursedMod:SoulReap","TheCursedMod:WearCloak","TheCursedMod:FuryStrike+1"],"picked":"SKIP","floor":25},{"not_picked":["TheCursedMod:CursedShiv","TheCursedMod:RapidMovement","TheCursedMod:CursedMace"],"picked":"SKIP","floor":27},{"not_picked":["TheCursedMod:SpitefulPray","TheCursedMod:RapidMovement","TheCursedMod:ManaBullet"],"picked":"SKIP","floor":28},{"not_picked":["TheCursedMod:SurpriseAttack+1","TheCursedMod:WearCloak","TheCursedMod:Hemoplague+1"],"picked":"SKIP","floor":29},{"not_picked":["TheCursedMod:EmpowerCircles+1","TheCursedMod:ReleasedStrength","TheCursedMod:RavingStaff"],"picked":"SKIP","floor":31},{"not_picked":["TheCursedMod:Grudge+1","TheCursedMod:HellsGateOpen+1","TheCursedMod:ReleasedKnowledge"],"picked":"SKIP","floor":35},{"not_picked":["TheCursedMod:SmokeScreen+1","TheCursedMod:Torture+1","TheCursedMod:RavingStaff+1"],"picked":"SKIP","floor":40},{"not_picked":["TheCursedMod:TroublousMinions","TheCursedMod:Torture"],"picked":"TheCursedMod:AbyssShockwave+1","floor":41},{"not_picked":["TheCursedMod:TacticalStrike+1","TheCursedMod:SurpriseAttack+1","TheCursedMod:CursedMace+1"],"picked":"SKIP","floor":42},{"not_picked":["TheCursedMod:SpitefulStrike+1","TheCursedMod:CircleOfWindfury+1","TheCursedMod:CircleOfBlood+1"],"picked":"SKIP","floor":45},{"not_picked":["TheCursedMod:VitalStrike+1","TheCursedMod:Torture+1","TheCursedMod:BloodBarrier+1"],"picked":"SKIP","floor":46},{"not_picked":["TheCursedMod:CircleOfWindfury+1","TheCursedMod:Stigma","TheCursedMod:ForbiddenAlchemy"],"picked":"SKIP","floor":47}],"player_experience":567248,"relics_obtained":[{"floor":6,"key":"Sundial"},{"floor":7,"key":"Pen Nib"},{"floor":9,"key":"Shuriken"},{"floor":10,"key":"Onion Ring"},{"floor":12,"key":"Regal Pillow"},{"floor":14,"key":"Oddly Smooth Stone"},{"floor":19,"key":"Nilry\u0027s Codex"},{"floor":23,"key":"TheCursedMod:BloodyHarpoon"},{"floor":24,"key":"Juzu Bracelet"},{"floor":25,"key":"Frozen Egg 2"},{"floor":26,"key":"Bottled Flame"},{"floor":27,"key":"War Paint"},{"floor":28,"key":"Bromod:ArcaneAegis"},{"floor":29,"key":"Vajra"},{"floor":40,"key":"Bromod:ArcaneMomentum"},{"floor":41,"key":"Replay:Ringing Soul"},{"floor":42,"key":"Anchor"},{"floor":43,"key":"Happy Flower"},{"floor":45,"key":"White Beast Statue"},{"floor":46,"key":"Bromod:ArcaneAwakening"},{"floor":47,"key":"ReplayTheSpireMod:TigerMarble"}],"event_choices":[{"damage_healed":0,"gold_gain":0,"player_choice":"Success","damage_taken":3,"relics_obtained":["Girya"],"max_hp_gain":0,"max_hp_loss":0,"event_name":"Scrap Ooze","floor":11,"gold_loss":0},{"damage_healed":0,"gold_gain":0,"player_choice":"Take Wound","damage_taken":0,"relics_obtained":["Golden Idol"],"max_hp_gain":0,"max_hp_loss":0,"event_name":"Golden Idol","floor":13,"gold_loss":0,"cards_obtained":["Injury"]},{"damage_healed":0,"gold_gain":0,"player_choice":"Obtained Book","damage_taken":16,"max_hp_gain":0,"max_hp_loss":0,"event_name":"Cursed Tome","floor":19,"gold_loss":0},{"damage_healed":0,"gold_gain":0,"player_choice":"Max HP","damage_taken":0,"max_hp_gain":0,"max_hp_loss":4,"event_name":"Winding Halls","floor":36,"gold_loss":0},{"damage_healed":0,"gold_gain":0,"player_choice":"Ignored","damage_taken":0,"max_hp_gain":0,"max_hp_loss":0,"event_name":"Transmorgrifier","floor":37,"gold_loss":0},{"cards_removed":["TheCursedMod:DemonicPact"],"damage_healed":0,"gold_gain":0,"player_choice":"Removed Power","damage_taken":0,"max_hp_gain":0,"max_hp_loss":0,"event_name":"Falling","floor":38,"gold_loss":0},{"damage_healed":0,"gold_gain":333,"player_choice":"Gave Idol","damage_taken":0,"max_hp_gain":0,"max_hp_loss":0,"event_name":"The Moai Head","floor":39,"relics_lost":["Golden Idol"],"gold_loss":0},{"damage_healed":0,"gold_gain":0,"player_choice":"Ignored","damage_taken":0,"max_hp_gain":0,"max_hp_loss":0,"event_name":"OrinTheCat","floor":48,"gold_loss":0}],"is_beta":false,"boss_relics":[{"not_picked":["Black Star","SlaversCollar"],"picked":"Replay:Bronze Core"},{"not_picked":["Fusion Hammer","Velvet Choker"],"picked":"Replay:Grab Bag"},{"not_picked":["ChewingGum","Busted Crown"],"picked":"Replay:Wanted Poster"},{"not_picked":["Painkiller Herb","Runic Dome"],"picked":"ReplayTheSpireMod:DimensionalGlitch"},{"not_picked":["Astrolabe","Bromod:ArcaneGrace"],"picked":"Bromod:ArcaneEnergize"}],"items_purged_floors":[],"is_endless":false,"potions_floor_spawned":[2,3,6,10,16,22,25,27,29,33,40,42,45,46,47],"ascension_level":1}}