{"host":"v6biu77h43umse0l","time":1614175072,"event":{"mods":["BaseMod","DeckTracker","Lobotomy","Minty Spire (QoL Compilation)","StSLib","SuperFastMode"],"gold_per_floor":[111,123,48,58,73,73,108,108,135,35,35,53,81,97,97,97,97],"floor_reached":16,"language":"KOR","playtime":598,"items_purged":["Strike_G","Strike_G"],"score":140,"play_id":"9cbfa716-549c-402e-a452-ac839e2a8464","local_time":"20210224225752","is_ascension_mode":true,"campfire_choices":[{"data":"Noxious Fumes","floor":6,"key":"SMITH"},{"floor":8,"key":"REST"},{"data":"Dagger Spray","floor":11,"key":"SMITH"},{"data":"Bane","floor":15,"key":"SMITH"}],"circlet_count":0,"master_deck":["Strike_G","Strike_G","Strike_G","Defend_G","Defend_G","Defend_G","Defend_G","Defend_G","Survivor","Neutralize","Scorched","Accuracy","SpiderBud","Dagger Spray+1","LaLuna","Acrobatics","Wellcheers","Noxious Fumes+1","BlackSwan","GalaxyChild","Bane+1","QueenBee","Poisoned Stab","Laetitia","Deadly Poison"],"relics":["Ring of the Snake","CogitoBucket","RabbitCall","Akabeko","Lantern","HellTrain","Bag of Preparation"],"acts_visited":["Exordium"],"potions_floor_usage":[16],"damage_taken":[{"damage":0,"enemies":"2 Louse","floor":1,"turns":2},{"damage":5,"enemies":"Cultist","floor":2,"turns":4},{"damage":9,"enemies":"Jaw Worm","floor":4,"turns":3},{"damage":6,"enemies":"Red Slaver","floor":5,"turns":3},{"damage":29,"enemies":"3 Sentries","floor":7,"turns":4},{"damage":16,"enemies":"Lots of Slimes","floor":12,"turns":2},{"damage":59,"enemies":"Lagavulin","floor":13,"turns":5},{"damage":0,"enemies":"Large Slime","floor":14,"turns":2},{"damage":28,"enemies":"The Guardian","floor":16,"turns":2}],"seed_played":"3257967634822069489","potions_obtained":[{"floor":2,"key":"SteroidPotion"},{"floor":5,"key":"FairyPotion"},{"floor":12,"key":"FearPotion"},{"floor":13,"key":"DistilledChaos"}],"is_trial":false,"path_per_floor":["M","M","$","M","M","R","E","R","T","$","R","M","E","M","R","B"],"character_chosen":"THE_SILENT","items_purchased":[],"campfire_rested":1,"item_purchase_floors":[],"current_hp_per_floor":[70,65,65,56,50,50,21,42,42,42,42,26,21,24,24,0,0],"gold":97,"neow_bonus":"","is_daily":false,"chose_seed":false,"campfire_upgraded":3,"win_rate":0.0,"timestamp":1614175072,"path_taken":["M","M","$","M","M","R","E","R","T","$","R","M","E","M","R","BOSS"],"items_purchased_type":[],"build_version":"2020-12-22","purchased_purges":2,"victory":false,"max_hp_per_floor":[70,70,70,70,70,70,70,70,70,70,70,70,70,70,70,70,70],"card_choices":[{"not_picked":["GreedKing","CherryBlossoms"],"picked":"Scorched","floor":1},{"not_picked":["Dash","Deadly Poison"],"picked":"Accuracy","floor":1},{"not_picked":["MeatLantern","SingingMachine"],"picked":"SpiderBud","floor":2},{"not_picked":["Dagger Throw","Escape Plan"],"picked":"Dagger Spray","floor":2},{"not_picked":["Bloodbath","FairyFestival"],"picked":"LaLuna","floor":4},{"not_picked":["Calculated Gamble","Flechettes"],"picked":"Acrobatics","floor":4},{"not_picked":["MeatLantern","Murderer"],"picked":"Wellcheers","floor":5},{"not_picked":["Acrobatics","Dodge and Roll"],"picked":"Noxious Fumes","floor":5},{"not_picked":["Woodsman","CherryBlossoms"],"picked":"BlackSwan","floor":7},{"not_picked":["Setup","Concentrate","Sucker Punch"],"picked":"SKIP","floor":7},{"not_picked":["Setup","Concentrate","Sucker Punch"],"picked":"SKIP","floor":7},{"not_picked":["Bloodbath","OSAHOGD"],"picked":"GalaxyChild","floor":12},{"not_picked":["Caltrops","Infinite Blades"],"picked":"Bane","floor":12},{"not_picked":["WallGazer","ShyLook"],"picked":"QueenBee","floor":13},{"not_picked":["Accuracy","Glass Knife"],"picked":"Poisoned Stab","floor":13},{"not_picked":["Bloodbath","VoidDream"],"picked":"Laetitia","floor":14},{"not_picked":["Deflect","Prepared"],"picked":"Deadly Poison","floor":14}],"player_experience":387180,"relics_obtained":[{"floor":7,"key":"Akabeko"},{"floor":9,"key":"Lantern"},{"floor":13,"key":"Bag of Preparation"}],"event_choices":[],"is_beta":false,"boss_relics":[],"items_purged_floors":[3,10],"is_endless":false,"potions_floor_spawned":[2,5,12,13],"killed_by":"The Guardian","ascension_level":5}}