{"host":"kvq1t47bkvtg8ho9","time":1614186820,"event":{"mods":["Aspiration","Bard","BaseMod","Beaked The Cultist","Better Sensory Stone","Better Third Choice","BetterRewards","Bossed Relics","Clockwork Mod","Colored Map","Conspire","Downfall","Energized Spire","Friendly Minions","Hermit","HexUI Lib","Highlight Path","Hubris","Infinite Spire","JesterMod","Minty Spire (QoL Compilation)","READ ME - Guardian Mod","Relic Stats","Reliquary","Shade Mod","Somnambulant","Spire Arcade","StSLib","The Bladedancer","The Bug Knight","The Cursed","The Death Knight","The Disciple","The Forsaken","The Hierophant","The Jungle","The Marked","The Necromancer","The Runesmith","TheVacant"],"gold_per_floor":[118,118,118,118,138,173,173,253,304,304,345,361,361,377,377,500,500,523,95,115,134,152,190,190,231,258,258,258,293,309,323,323,442,442,461,461,461,461,484,484,484,502,552,565,89,89,114,152,152,273,273,284,284,284,282,282,243,243,250,299,328,328,328,328,362,362,440,440,423,414,452,468,468,458,458,472,543,563,163,149,149],"floor_reached":80,"language":"ENG","playtime":7186,"items_purged":["beaked:VolatileMisfortune","beaked:Defend_Y"],"score":1589,"play_id":"1b75e038-913a-4afc-bb6b-f283b6e3d1ab","local_time":"20210224121340","is_ascension_mode":true,"campfire_choices":[{"data":"beaked:Sacrifice","floor":7.0,"key":"SMITH"},{"data":"beaked:Insight","floor":10.0,"key":"SMITH"},{"data":"beaked:Ceremony","floor":13.0,"key":"SMITH"},{"data":"beaked:Ceremony","floor":15.0,"key":"SMITH"},{"data":"beaked:Ceremony","floor":24,"key":"SMITH"},{"data":"beaked:CrazyRituals","floor":40,"key":"SMITH"},{"floor":49,"key":"REST"},{"data":"beaked:BloodRitual","floor":58,"key":"SMITH"},{"data":"beaked:Evade","floor":64,"key":"SMITH"},{"data":"beaked:RitualOfBody","floor":66,"key":"SMITH"},{"data":"beaked:AwakenedForm","floor":75,"key":"SMITH"}],"circlet_count":0,"master_deck":["beaked:Strike_Y","beaked:Strike_Y","beaked:Strike_Y","beaked:Strike_Y","beaked:Strike_Y","beaked:Strike_Y","beaked:Defend_Y","beaked:Defend_Y","beaked:Defend_Y","beaked:Ceremony+1","beaked:Ceremony+1","beaked:Ceremony+1","beaked:Insight+1","beaked:Daydream","beaked:Sacrifice+1","beaked:VigorBurst","beaked:MaddeningMurmurs+1","beaked:Tweet","beaked:Daydream","beaked:Insight","beaked:BloodRitual+1","beaked:Poke","beaked:CursingBlood+1","beaked:Evade+1","beaked:Evade","beaked:CrazyRituals+1","beaked:Brace","J.A.X.","beaked:Negation","beaked:Tradeoff+1","beaked:DesperateSwing+1","beaked:Sacrifice","beaked:Brace+1","infinitespire:Punishment","beaked:Resilience+1","beaked:Recite+1","beaked:BraceForImpact+1","beaked:RitualOfBody+1","beaked:WarriorEssence","beaked:Recite","beaked:Mantra","beaked:BounceBack","Mayhem","Panacea","beaked:MachineSpirit","beaked:Foresight+1","beaked:AwakenedForm+1","beaked:StickSmack","beaked:Overexert","beaked:Evade+1","beaked:Resilience","beaked:Resilience","beaked:SacrificialAttack","beaked:Resilience","beaked:KnowThyFoe","beaked:CursingBlood","hubris:Rewind","beaked:Insight","beaked:BloodRitual","infinitespire:Punishment","beaked:MimicMachine","beaked:Overexert","beaked:Flinch","Dark Shackles"],"relics":["beaked:MendingPlumage","NeowsBlessing","Golden Idol","StoneCalendar","hubris:Metronome","hubris:ToyBattleship","infinitespire:WardingShard","Tiny House","Question Card","Nunchaku","aspiration:ArtOfWarUpgrade","infinitespire:BottledMercury","reliquary:KinkedSpring","Dead Branch","Astrolabe","Bag of Marbles","theForsaken:Lifeblossom","hubris:AstralHammer","hubris:Backtick","Magic Flower","hubris:PeanutButter","infinitespire:Bottled Soul","conspire:TopHat","Bottled Lightning","Blue Candle","hubris:Towel","conspire:Dentures","aspiration:RitualDagger","Red Mask","Strawberry","reliquary:IridiumChain","reliquary:PorcupineQuills","PreservedInsect","jesterMod:MirrorMask"],"acts_visited":["Exordium","TheCity","TheBeyond","Exordium","TheCity"],"potions_floor_usage":[23,33,48,50,67,67,76],"damage_taken":[{"damage":0.0,"enemies":"Small Slimes","floor":1.0,"turns":2.0},{"damage":0.0,"enemies":"2 Louse","floor":5.0,"turns":2.0},{"damage":0.0,"enemies":"Gremlin Nob","floor":6.0,"turns":1.0},{"damage":21.0,"enemies":"Lagavulin","floor":11.0,"turns":7.0},{"damage":13.0,"enemies":"Jaw Worm","floor":12.0,"turns":5.0},{"damage":19.0,"enemies":"3 Louse","floor":14.0,"turns":4.0},{"damage":35.0,"enemies":"Slime Boss","floor":16.0,"turns":7.0},{"damage":10.0,"enemies":"3 Byrds","floor":18.0,"turns":3.0},{"damage":20.0,"enemies":"Shell Parasite","floor":20.0,"turns":7.0},{"damage":36,"enemies":"Sentry and Sphere","floor":21,"turns":6},{"damage":28,"enemies":"Centurion and Healer","floor":22,"turns":8},{"damage":34,"enemies":"conspire:Head Lice","floor":23,"turns":9},{"damage":39,"enemies":"Nightmare","floor":25,"turns":9},{"damage":39,"enemies":"Book of Stabbing","floor":29,"turns":6},{"damage":39,"enemies":"Shelled Parasite and Fungi","floor":30,"turns":7},{"damage":40,"enemies":"Sentry and Sphere","floor":31,"turns":8},{"damage":41,"enemies":"Collector","floor":33,"turns":7},{"damage":25,"enemies":"3 Shapes","floor":35,"turns":6},{"damage":36,"enemies":"Orb Walker","floor":39,"turns":5},{"damage":22,"enemies":"Sphere and 2 Shapes","floor":42,"turns":6},{"damage":18,"enemies":"Writhing Mass","floor":44,"turns":4},{"damage":52,"enemies":"Jaw Worm Horde","floor":47,"turns":6},{"damage":89,"enemies":"Nemesis","floor":48,"turns":7},{"damage":111,"enemies":"Awakened One","floor":50,"turns":6},{"damage":15,"enemies":"2 Louse","floor":52,"turns":2},{"damage":20,"enemies":"Small Slimes","floor":54,"turns":4},{"damage":18,"enemies":"Cultist","floor":55,"turns":4},{"damage":47,"enemies":"Nightmare","floor":57,"turns":7},{"damage":19,"enemies":"Blue Slaver","floor":59,"turns":3},{"damage":0,"enemies":"Lagavulin","floor":61,"turns":2},{"damage":4,"enemies":"HollowMod:MossKnight","floor":65,"turns":1},{"damage":114,"enemies":"Hexaghost","floor":67,"turns":4},{"damage":29,"enemies":"Chosen","floor":69,"turns":3},{"damage":22,"enemies":"Sentry and Sphere","floor":70,"turns":4},{"damage":119,"enemies":"Masked Bandits","floor":72,"turns":4},{"damage":77,"enemies":"conspire:SneckoGhost","floor":74,"turns":7},{"damage":37,"enemies":"Snake Plant","floor":76,"turns":2},{"damage":21,"enemies":"Book of Stabbing","floor":78,"turns":3},{"damage":274,"enemies":"HollowMod:Nosk","floor":80,"turns":2}],"seed_played":"-8714461185187471110","potions_obtained":[{"floor":6.0,"key":"Guardian:BlockOnCardUsePotion"},{"floor":12.0,"key":"LiquidBronze"},{"floor":14.0,"key":"Fire Potion"},{"floor":21,"key":"DuplicationPotion"},{"floor":22,"key":"champ:CounterPotion"},{"floor":25,"key":"SteroidPotion"},{"floor":29,"key":"CultistPotion"},{"floor":47,"key":"Fire Potion"},{"floor":48,"key":"EssenceOfSteel"},{"floor":54,"key":"SteroidPotion"},{"floor":61,"key":"Swift Potion"},{"floor":74,"key":"LiquidBronze"},{"floor":76,"key":"Swift Potion"}],"is_trial":false,"path_per_floor":["M","?","?","?","M","E","R","T","T","R","E","M","R","M","R","B",null,"M","$","M","M","M","E","R","NM","T","?","R","E","M","M","R","B",null,"M","?","?","AVR","M","R","?","M","T","M","$","?","M","E","R","B",null,"M","?","M","M","AVR","NM","R","M","T","E","?","?","R","E","R","B",null,"M","M","?","?","?","E","R","M","T","E","$","E"],"character_chosen":"BEAKED_THE_CULTIST","items_purchased":["beaked:Insight","beaked:BloodRitual","Question Card","beaked:Poke","theForsaken:Lifeblossom","beaked:RitualOfBody","beaked:WarriorEssence","beaked:Recite","beaked:Mantra","beaked:BounceBack","PreservedInsect","jesterMod:MirrorMask","Dark Shackles"],"campfire_rested":1,"item_purchase_floors":[19,19,19,19,45,45,45,45,45,45,79,79,79],"current_hp_per_floor":[50,50,55,42,47,49,49,49,49,49,48,56,56,55,55,48,66,67,67,69,54,64,69,69,78,78,78,78,71,70,65,65,58,84,90,90,67,67,59,59,59,78,78,80,80,80,71,45,72,54,96,99,104,107,107,107,111,111,111,111,114,109,109,109,114,114,72,117,117,117,117,45,45,96,96,91,91,113,113,0,0],"gold":149,"neow_bonus":"THREE_ENEMY_KILL","is_daily":false,"chose_seed":false,"campfire_upgraded":10,"win_rate":0.0,"timestamp":1614186820,"path_taken":["M","?","?","?","M","E","R","?","T","R","E","?","R","M","R","BOSS","M","$","M","M","M","E","R","NM","T","?","R","E","M","M","R","BOSS","M","?","?","AVR","M","R","?","M","T","M","$","?","M","E","R","BOSS","M","?","M","M","AVR","NM","R","M","T","E","?","?","R","E","R","BOSS","M","M","?","?","?","E","R","?","T","E","?","E"],"items_purchased_type":["Card","Card","Relic","Card","Relic","Card","Card","Card","Card","Card","Relic","Relic","Card"],"build_version":"2020-12-22","purchased_purges":2,"victory":false,"max_hp_per_floor":[50,50,55,55,55,55,55,55,55,55,60,63,63,66,66,66,66,69,69,69,72,75,75,75,78,78,78,78,78,81,84,84,84,84,90,90,90,90,90,90,90,93,93,93,93,93,93,93,93,96,96,99,104,107,107,107,111,111,111,111,114,114,114,114,114,114,117,117,117,117,117,117,117,124,124,124,124,127,127,127,127],"relic_stats":{"Nunchaku":[20],"counters":[39,190],"Golden Idol":280,"Dead Branch":[243],"Astrolabe":[],"Blue Candle":[0],"Magic Flower":[242],"StoneCalendar":[314],"PreservedInsect":19,"Question Card":52,"obtain_stats":[{"infinitespire:BottledMercury":29,"hubris:Metronome":8,"Tiny House":17,"Magic Flower":51,"StoneCalendar":6,"theForsaken:Lifeblossom":45,"conspire:TopHat":60,"jesterMod:MirrorMask":79,"Nunchaku":23,"hubris:Backtick":51,"hubris:AstralHammer":48,"infinitespire:Bottled Soul":57,"Strawberry":74,"aspiration:ArtOfWarUpgrade":32,"Red Mask":72,"conspire:Dentures":65,"NeowsBlessing":0,"Golden Idol":4,"Dead Branch":38,"Astrolabe":38,"Blue Candle":62,"PreservedInsect":79,"hubris:Towel":63,"Question Card":19,"reliquary:IridiumChain":77,"reliquary:KinkedSpring":34,"reliquary:PorcupineQuills":78,"infinitespire:WardingShard":11,"hubris:PeanutButter":56,"hubris:ToyBattleship":9,"Art of War":26,"Bag of Marbles":43,"Bottled Lightning":61,"aspiration:RitualDagger":68,"beaked:MendingPlumage":0},{"infinitespire:BottledMercury":14,"hubris:Metronome":3,"Tiny House":7,"Magic Flower":24,"StoneCalendar":3,"theForsaken:Lifeblossom":21,"conspire:TopHat":29,"jesterMod:MirrorMask":38,"Nunchaku":12,"hubris:Backtick":24,"hubris:AstralHammer":23,"infinitespire:Bottled Soul":28,"Strawberry":36,"aspiration:ArtOfWarUpgrade":16,"Red Mask":35,"conspire:Dentures":31,"NeowsBlessing":0,"Golden Idol":1,"Dead Branch":18,"Astrolabe":18,"Blue Candle":30,"PreservedInsect":38,"hubris:Towel":30,"Question Card":8,"reliquary:IridiumChain":37,"reliquary:KinkedSpring":17,"reliquary:PorcupineQuills":38,"infinitespire:WardingShard":4,"hubris:PeanutButter":27,"hubris:ToyBattleship":3,"Art of War":13,"Bag of Marbles":20,"Bottled Lightning":30,"aspiration:RitualDagger":32,"beaked:MendingPlumage":0},{"infinitespire:BottledMercury":76,"hubris:Metronome":5,"Tiny House":28,"Magic Flower":138,"StoneCalendar":5,"theForsaken:Lifeblossom":119,"conspire:TopHat":158,"jesterMod:MirrorMask":188,"Nunchaku":61,"hubris:Backtick":138,"hubris:AstralHammer":132,"infinitespire:Bottled Soul":155,"Strawberry":183,"aspiration:ArtOfWarUpgrade":91,"Red Mask":176,"conspire:Dentures":161,"NeowsBlessing":0,"Golden Idol":2,"Dead Branch":104,"Astrolabe":104,"Blue Candle":160,"PreservedInsect":188,"hubris:Towel":160,"Question Card":31,"reliquary:IridiumChain":185,"reliquary:KinkedSpring":98,"reliquary:PorcupineQuills":188,"infinitespire:WardingShard":12,"hubris:PeanutButter":148,"hubris:ToyBattleship":5,"Art of War":70,"Bag of Marbles":115,"Bottled Lightning":160,"aspiration:RitualDagger":165,"beaked:MendingPlumage":0}]},"card_choices":[{"not_picked":["beaked:HuntressEssence","beaked:BounceBack"],"picked":"beaked:Insight","floor":1.0},{"not_picked":["beaked:Recite","beaked:BounceBack"],"picked":"beaked:Daydream","floor":5.0},{"not_picked":["beaked:Tradeoff","beaked:BraceForImpact"],"picked":"beaked:Sacrifice","floor":6.0},{"not_picked":["beaked:TuckingFeathers","beaked:StickSmack"],"picked":"beaked:VigorBurst","floor":11.0},{"not_picked":["beaked:Overexert","beaked:Tradeoff"],"picked":"beaked:MaddeningMurmurs","floor":12.0},{"not_picked":["beaked:Redirect","beaked:Brace"],"picked":"beaked:Tweet","floor":14.0},{"not_picked":["beaked:DarkTribute","beaked:Brainwash"],"picked":"beaked:VolatileMisfortune","floor":16.0},{"not_picked":["beaked:Windmill","beaked:HuntressEssence"],"picked":"beaked:Daydream","floor":18.0},{"not_picked":["beaked:WarriorEssence+1","beaked:SacrificialAttack","beaked:FeelMyPain"],"picked":"beaked:CursingBlood+1","floor":20.0},{"not_picked":["beaked:DigDeep","beaked:WarriorEssence+1","beaked:Poke"],"picked":"beaked:Evade+1","floor":21},{"not_picked":["beaked:Flinch","beaked:DigDeep","beaked:Daydream"],"picked":"beaked:Evade","floor":22},{"not_picked":["beaked:Flinch+1","beaked:Mantra","beaked:Molting"],"picked":"beaked:CrazyRituals","floor":23},{"not_picked":["beaked:WarriorSpirit","beaked:Insight","beaked:Cower"],"picked":"beaked:Brace","floor":25},{"not_picked":["beaked:CheekyTricks","beaked:Devastation","beaked:StickSmack"],"picked":"beaked:Negation","floor":29},{"not_picked":["beaked:SurvivalInstinct","beaked:MimicMachine","beaked:Insight"],"picked":"beaked:Tradeoff+1","floor":30},{"not_picked":["beaked:SurvivalInstinct","beaked:SacrificialScars","beaked:BloodRitual"],"picked":"beaked:DesperateSwing+1","floor":31},{"not_picked":["beaked:Brainwash","beaked:DarkPact","beaked:SacrificialScars"],"picked":"beaked:Sacrifice","floor":33},{"not_picked":["beaked:TuckingFeathers","beaked:Flinch","beaked:DigDeep"],"picked":"beaked:Brace+1","floor":35},{"not_picked":["infinitespire:DeathsTouch","infinitespire:Gouge"],"picked":"infinitespire:Punishment","floor":37},{"not_picked":["beaked:SacrificialDive","beaked:RuinSticks+1","beaked:Brace"],"picked":"beaked:Resilience+1","floor":39},{"not_picked":["beaked:Insight+1","beaked:SurvivalInstinct+1","beaked:Redirect"],"picked":"beaked:Recite+1","floor":42},{"not_picked":["beaked:Poke+1","beaked:DigDeep","beaked:VigorBurst+1"],"picked":"beaked:BraceForImpact+1","floor":44},{"not_picked":["Good Instincts","Mind Blast","Impatience"],"picked":"Mayhem","floor":46},{"not_picked":["Good Instincts","Jack Of All Trades","Flash of Steel"],"picked":"Panacea","floor":46},{"not_picked":["beaked:Daydream+1","beaked:CursingBlood","beaked:Sacrifice"],"picked":"beaked:MachineSpirit","floor":47},{"not_picked":["beaked:Struggle+1","beaked:HuntressSpirit","beaked:Redirect+1"],"picked":"beaked:Foresight+1","floor":48},{"not_picked":["beaked:LiftOff","beaked:Sacrifice","beaked:FullHouse"],"picked":"beaked:AwakenedForm","floor":50},{"not_picked":["beaked:Brace","beaked:Struggle","beaked:Overexert"],"picked":"beaked:StickSmack","floor":52},{"not_picked":["beaked:TuckingFeathers","beaked:BarbedWire","beaked:WarriorSpirit"],"picked":"beaked:Overexert","floor":54},{"not_picked":["beaked:Tweet","beaked:Devastation","beaked:WarriorEssence"],"picked":"beaked:Evade","floor":55},{"not_picked":["beaked:HuntressSpirit","beaked:SurvivalInstinct","beaked:BloodRitual"],"picked":"beaked:Resilience","floor":57},{"not_picked":["beaked:Windmill","beaked:SacrificialAttack","beaked:SurvivalInstinct"],"picked":"beaked:Resilience","floor":59},{"not_picked":["beaked:Tradeoff","beaked:LiftOff","beaked:DigDeep"],"picked":"beaked:SacrificialAttack","floor":61},{"not_picked":["beaked:Windmill","beaked:VolatileMisfortune","beaked:Replenish"],"picked":"beaked:Resilience","floor":65},{"not_picked":["beaked:MachineEssence","beaked:Brainwash","beaked:Sacrifice"],"picked":"beaked:KnowThyFoe","floor":67},{"not_picked":["beaked:SurvivalInstinct+1","beaked:BounceBack","beaked:WarriorEssence"],"picked":"beaked:CursingBlood","floor":69},{"not_picked":["infinitespire:SevenWalls","hubris:InfiniteBlow+4"],"picked":"hubris:Rewind","floor":69},{"not_picked":["beaked:Daydream","beaked:MachineEssence","beaked:Windmill+1"],"picked":"beaked:Insight","floor":70},{"not_picked":["beaked:TuckingFeathers+1","beaked:Foresight+1","beaked:Flinch+1"],"picked":"beaked:BloodRitual","floor":72},{"not_picked":["beaked:WildInstinct","beaked:Redirect","beaked:Cower"],"picked":"beaked:MimicMachine","floor":74},{"not_picked":["beaked:Replenish","beaked:Redirect","beaked:HuntressSpirit"],"picked":"beaked:Overexert","floor":76},{"not_picked":["beaked:Daydream+1","beaked:Cower+1","beaked:BloodForTheGods"],"picked":"beaked:Flinch","floor":78}],"player_experience":848708,"relics_obtained":[{"floor":6.0,"key":"StoneCalendar"},{"floor":8.0,"key":"hubris:Metronome"},{"floor":9.0,"key":"hubris:ToyBattleship"},{"floor":11.0,"key":"infinitespire:WardingShard"},{"floor":23,"key":"Nunchaku"},{"floor":26,"key":"Art of War"},{"floor":29,"key":"infinitespire:BottledMercury"},{"floor":43,"key":"Bag of Marbles"},{"floor":48,"key":"hubris:AstralHammer"},{"floor":57,"key":"infinitespire:Bottled Soul"},{"floor":60,"key":"conspire:TopHat"},{"floor":61,"key":"Bottled Lightning"},{"floor":65,"key":"conspire:Dentures"},{"floor":72,"key":"Red Mask"},{"floor":74,"key":"Strawberry"},{"floor":77,"key":"reliquary:IridiumChain"},{"floor":78,"key":"reliquary:PorcupineQuills"}],"event_choices":[{"damage_healed":0.0,"max_hp_gain":0.0,"max_hp_loss":0.0,"gold_gain":0.0,"event_name":"Golden Wing","player_choice":"Ignored","floor":2.0,"gold_loss":0.0,"damage_taken":0.0},{"damage_healed":0.0,"max_hp_gain":5.0,"max_hp_loss":0.0,"gold_gain":0.0,"event_name":"Big Fish","player_choice":"Donut","floor":3.0,"gold_loss":0.0,"damage_taken":0.0},{"damage_healed":0.0,"max_hp_gain":0.0,"max_hp_loss":0.0,"gold_gain":0.0,"event_name":"Golden Idol","player_choice":"Take Damage","floor":4.0,"gold_loss":0.0,"damage_taken":13.0,"relics_obtained":["Golden Idol"]},{"damage_healed":0,"gold_gain":0,"player_choice":"Obtain J.A.X.","damage_taken":0,"max_hp_gain":0,"max_hp_loss":0,"event_name":"Drug Dealer","floor":27,"gold_loss":0,"cards_obtained":["J.A.X."]},{"damage_healed":0,"gold_gain":0,"player_choice":"Leave","damage_taken":0,"max_hp_gain":0,"max_hp_loss":0,"event_name":"conspire:Investor","floor":41,"gold_loss":0},{"damage_healed":0,"gold_gain":3,"player_choice":"1","damage_taken":0,"max_hp_gain":0,"max_hp_loss":0,"event_name":"betterStone:BetterStone","floor":46,"gold_loss":0},{"damage_healed":0,"gold_gain":0,"player_choice":"Donut","damage_taken":0,"max_hp_gain":5,"max_hp_loss":0,"event_name":"Big Fish","floor":53,"gold_loss":0},{"damage_healed":0,"gold_gain":0,"player_choice":"Fought Bandits","damage_taken":0,"max_hp_gain":0,"max_hp_loss":0,"event_name":"Masked Bandits","floor":72,"gold_loss":0},{"damage_healed":0,"gold_gain":0,"player_choice":"Copied","damage_taken":0,"max_hp_gain":0,"max_hp_loss":0,"event_name":"Duplicator","floor":73,"gold_loss":0,"cards_obtained":["infinitespire:Punishment"]}],"is_beta":false,"boss_relics":[{"not_picked":["aspiration:RitualDagger","aspiration:MobileForge"],"picked":"Tiny House"},{"not_picked":["theForsaken:PaleLantern","Cursed Key"],"picked":"reliquary:KinkedSpring"},{"not_picked":["Snecko Eye","energizedSpire:DeadBattery"],"picked":"hubris:Backtick"},{"not_picked":["reliquary:WritOfMandamus","conspire:SpecialSausage"],"picked":"aspiration:RitualDagger"}],"items_purged_floors":[38,56],"is_endless":true,"potions_floor_spawned":[6,12,14,21,22,25,29,47,48,54,55,61,65,74,76],"killed_by":"HollowMod:Nosk","ascension_level":1}}