{"host":"Slaske","time":1614202430,"event":{"mods":["AchievementEnabler","BaseMod","Colored Map","Colored Powertips","Minty Spire (QoL Compilation)","Random Character Button","Relic Stats","slay the spire mod where everything is the same but ironclad has a cowboy hat"],"gold_per_floor":[214,214,214,214,364,364,364,364,410,443,456,456,75,89,89,180,180,204,129,154,154,154,154,154],"floor_reached":23,"language":"ENG","playtime":693,"items_purged":["Doubt"],"score":342,"play_id":"19ffe273-f34a-4fb2-a644-8128143b6636","local_time":"20210224223350","is_ascension_mode":true,"campfire_choices":[{"floor":6,"key":"REST"},{"data":"Flame Barrier","floor":8,"key":"SMITH"},{"data":"Wild Strike","floor":12,"key":"SMITH"},{"floor":15,"key":"REST"}],"circlet_count":0,"master_deck":["AscendersBane","Strike_R+1","Strike_R","Strike_R","Strike_R+1","Defend_R","Defend_R","Defend_R","Defend_R","Bash","Sword Boomerang","Flame Barrier+1","Wild Strike+1","Ghostly Armor","Immolate","Demon Form","True Grit+1","Ghostly","Ghostly","Ghostly"],"relics":["Burning Blood","Golden Idol","InkBottle","Regal Pillow","Nunchaku","Bag of Preparation","Mark of Pain"],"acts_visited":["Exordium","TheCity"],"potions_floor_usage":[16,16,23],"damage_taken":[{"damage":36,"enemies":"Jaw Worm","floor":1,"turns":6},{"damage":19,"enemies":"3 Sentries","floor":10,"turns":11},{"damage":0,"enemies":"Small Slimes","floor":11,"turns":2},{"damage":0,"enemies":"2 Louse","floor":14,"turns":1},{"damage":38,"enemies":"The Guardian","floor":16,"turns":11},{"damage":34,"enemies":"Chosen","floor":18,"turns":6},{"damage":30,"enemies":"Shell Parasite","floor":20,"turns":4},{"damage":13,"enemies":"Book of Stabbing","floor":23,"turns":2}],"seed_played":"-7411925059442183545","potions_obtained":[{"floor":11,"key":"DistilledChaos"},{"floor":16,"key":"CultistPotion"}],"is_trial":false,"path_per_floor":["M","?","?","?","?","R","T","R","T","E","M","R","$","M","R","B",null,"M","$","M","?","?","E"],"character_chosen":"IRONCLAD","items_purchased":["PowerPotion","Bag of Preparation","Immolate"],"campfire_rested":2,"item_purchase_floors":[13,13,13],"current_hp_per_floor":[38,38,18,18,18,38,38,38,38,25,31,31,31,37,68,36,60,32,32,8,8,8,0,0],"gold":154,"neow_bonus":"HUNDRED_GOLD","is_daily":false,"chose_seed":false,"campfire_upgraded":2,"win_rate":0.0,"timestamp":1614202430,"path_taken":["M","?","?","?","?","R","?","R","T","E","M","R","$","M","R","BOSS","M","?","M","?","?","E"],"items_purchased_type":["Potion","Relic","Card"],"build_version":"2020-12-18","purchased_purges":1,"victory":false,"max_hp_per_floor":[75,68,68,68,68,68,68,68,68,68,68,68,68,68,68,68,68,68,68,68,34,34,34,34],"relic_stats":{"Regal Pillow":11,"Nunchaku":[3],"counters":[8,43],"Golden Idol":41,"Bag of Preparation":[10],"obtain_stats":[{"Regal Pillow":9,"Nunchaku":10,"Golden Idol":2,"Mark of Pain":17,"Bag of Preparation":13,"Burning Blood":0,"InkBottle":7},{"Regal Pillow":1,"Nunchaku":2,"Golden Idol":1,"Mark of Pain":5,"Bag of Preparation":3,"Burning Blood":0,"InkBottle":1},{"Regal Pillow":6,"Nunchaku":17,"Golden Idol":6,"Mark of Pain":31,"Bag of Preparation":19,"Burning Blood":0,"InkBottle":6}],"Burning Blood":42,"InkBottle":[7]},"card_choices":[{"not_picked":["Havoc","Infernal Blade"],"picked":"Sword Boomerang","floor":1},{"not_picked":["Iron Wave","Flex"],"picked":"Wild Strike","floor":10},{"not_picked":["True Grit","Clothesline"],"picked":"Ghostly Armor","floor":11},{"not_picked":["Bloodletting","Feel No Pain","Flex"],"picked":"SKIP","floor":14},{"not_picked":["Reaper","Fiend Fire"],"picked":"Demon Form","floor":16},{"not_picked":["Flex","Searing Blow","Dark Embrace"],"picked":"SKIP","floor":18},{"not_picked":["Armaments","Rupture"],"picked":"True Grit","floor":20}],"player_experience":558690,"relics_obtained":[{"floor":7,"key":"InkBottle"},{"floor":9,"key":"Regal Pillow"},{"floor":10,"key":"Nunchaku"}],"event_choices":[{"damage_healed":0,"gold_gain":0,"player_choice":"Lose Max HP","damage_taken":0,"relics_obtained":["Golden Idol"],"max_hp_gain":0,"max_hp_loss":7,"event_name":"Golden Idol","floor":2,"gold_loss":0},{"damage_healed":0,"gold_gain":0,"player_choice":"Entered Light","damage_taken":20,"max_hp_gain":0,"max_hp_loss":0,"event_name":"Shining Light","floor":3,"gold_loss":0,"cards_upgraded":["Strike_R","Strike_R"]},{"damage_healed":0,"gold_gain":0,"cards_transformed":["Strike_R"],"player_choice":"Change","damage_taken":0,"max_hp_gain":0,"max_hp_loss":0,"event_name":"Living Wall","floor":4,"gold_loss":0,"cards_obtained":["Flame Barrier"]},{"damage_healed":0,"gold_gain":150,"player_choice":"AGREE","damage_taken":0,"max_hp_gain":0,"max_hp_loss":0,"event_name":"Liars Game","floor":5,"gold_loss":0,"cards_obtained":["Doubt"]},{"damage_healed":0,"gold_gain":0,"player_choice":"Became a Ghost","damage_taken":0,"max_hp_gain":0,"max_hp_loss":34,"event_name":"Ghosts","floor":21,"gold_loss":0,"cards_obtained":["Ghostly","Ghostly","Ghostly"]},{"damage_healed":0,"gold_gain":0,"player_choice":"Upgraded","damage_taken":0,"max_hp_gain":0,"max_hp_loss":0,"event_name":"Upgrade Shrine","floor":22,"gold_loss":0,"cards_upgraded":["True Grit"]}],"is_beta":true,"boss_relics":[{"not_picked":["Coffee Dripper","Runic Cube"],"picked":"Mark of Pain"}],"items_purged_floors":[19],"is_endless":false,"potions_floor_spawned":[11,16],"killed_by":"Book of Stabbing","ascension_level":17}}