{"host":"f76kcizrccta30ww","time":1614144975,"event":{"mods":["Act Like it!","Aspiration","BaseMod","Gensokyo","Marisa£®ÏF”Í°°ƒß¿Ì…≥£©","Minty Spire (QoL Compilation)","Pale of the Ancients","Replay The Spire","Shop Mod","StSLib","TestMod"],"gold_per_floor":[114,16,16,31,45,76,76,86,86,86,114,134,154,174,174,275,275,295,305,324,116,126,126,126],"floor_reached":23,"language":"ZHS","playtime":945,"items_purged":["Replay:Hysterical Blindness"],"score":288,"play_id":"866b36fc-49e8-425c-916e-1c873cd25e99","local_time":"20210224133615","is_ascension_mode":true,"campfire_choices":[{"floor":7,"key":"RECALL"},{"data":"Skewer","floor":10,"key":"SMITH"},{"data":"Acrobatics","floor":15,"key":"SMITH"}],"circlet_count":0,"master_deck":["Strike_G","Strike_G","Strike_G","Strike_G","Strike_G","Defend_G","Defend_G","Defend_G","Defend_G","Defend_G","Survivor","Neutralize+1","Sucker Punch","Poisoned Stab","Skewer+1","Flying Knee","Backstab","Prepared","Backstab","Infinite Blades","Backstab","Acrobatics+1","Storm of Steel","Outmaneuver+1","Accuracy+1","Riddle With Holes+1","Adrenaline","Blade Dance+1"],"relics":["Ring of the Snake","testmod-TestBox","testmod-GiftOfSatan","NeowsBlessing","Regal Pillow","Replay:Ringing Soul","Black Star","MerchantsRug","ReplayTheSpireMod:CursedCoin"],"acts_visited":["Exordium","TheCity"],"potions_floor_usage":[4,6,14,16,16,22],"damage_taken":[{"damage":0,"enemies":"Jaw Worm","floor":1,"turns":1},{"damage":0,"enemies":"Cultist","floor":4,"turns":1},{"damage":0,"enemies":"2 Louse","floor":5,"turns":1},{"damage":2,"enemies":"Lagavulin","floor":6,"turns":4},{"damage":0,"enemies":"2 Fungi Beasts","floor":8,"turns":1},{"damage":5,"enemies":"Gremlin Nob","floor":11,"turns":3},{"damage":6,"enemies":"Lots of Slimes","floor":12,"turns":2},{"damage":0,"enemies":"Looter","floor":13,"turns":2},{"damage":0,"enemies":"Large Slime","floor":14,"turns":1},{"damage":10,"enemies":"Slime Boss","floor":16,"turns":7},{"damage":10,"enemies":"3 Byrds","floor":18,"turns":5},{"damage":10,"enemies":"Shell Parasite","floor":19,"turns":2},{"damage":21,"enemies":"Snecko","floor":20,"turns":3},{"damage":27,"enemies":"Snake Plant","floor":22,"turns":3},{"damage":70,"enemies":"Book of Stabbing","floor":23,"turns":4}],"seed_played":"1127606935666937231","potions_obtained":[{"floor":4,"key":"Weak Potion"},{"floor":5,"key":"testmod-EscapePotion"},{"floor":6,"key":"Poison Potion"},{"floor":13,"key":"Adrenaline Potion"},{"floor":14,"key":"testmod-TestPotion"},{"floor":19,"key":"GhostInAJar"},{"floor":22,"key":"Poison Potion"}],"is_trial":false,"path_per_floor":["M","$","?","M","M","E","R","M","T","R","E","M","M","M","R","B",null,"M","M","M","$","M","E"],"character_chosen":"THE_SILENT","items_purchased":["Poisoned Stab","testmod-SpacePotion","MerchantsRug","ReplayTheSpireMod:CursedCoin","Adrenaline"],"campfire_rested":0,"item_purchase_floors":[2,2,21,21,21],"current_hp_per_floor":[75,75,75,75,80,78,78,78,78,78,76,95,98,107,107,100,110,108,101,83,86,62,0,0],"gold":126,"neow_bonus":"THREE_ENEMY_KILL","is_daily":false,"chose_seed":false,"campfire_upgraded":2,"win_rate":0.0,"timestamp":1614144975,"path_taken":["M","$","?","?","M","E","R","M","T","R","E","M","M","M","R","BOSS","M","M","M","$","M","E"],"items_purchased_type":["Card","Potion","Relic","Relic","Card"],"build_version":"2020-12-22","purchased_purges":1,"victory":false,"max_hp_per_floor":[75,75,75,75,80,80,80,80,80,80,83,96,99,107,107,110,110,118,121,124,127,130,130,130],"card_choices":[{"not_picked":["ReplayTheSpireMod:Shiv Toss","Catalyst"],"picked":"Sucker Punch","floor":1},{"not_picked":["Cloak And Dagger","Slice"],"picked":"Skewer","floor":4},{"not_picked":["Skewer","Sucker Punch"],"picked":"Flying Knee","floor":5},{"not_picked":["Bane","Hidden Blade"],"picked":"Backstab","floor":6},{"not_picked":["Deadly Poison","Quick Slash"],"picked":"Prepared","floor":8},{"not_picked":["Tools of the Trade","Flying Knee"],"picked":"Backstab","floor":11},{"not_picked":["Quick Slash","Choke"],"picked":"Infinite Blades","floor":12},{"not_picked":["Dagger Throw","Sneak Up"],"picked":"Backstab","floor":13},{"not_picked":["Quick Slash","Eviscerate"],"picked":"Acrobatics","floor":14},{"not_picked":["Burst","After Image"],"picked":"Storm of Steel","floor":16},{"not_picked":["Crippling Poison","Prepared"],"picked":"Outmaneuver+1","floor":18},{"not_picked":["ReplayTheSpireMod:Speed Training","Terror"],"picked":"Accuracy+1","floor":19},{"not_picked":["Choke+1","Prepared+1"],"picked":"Riddle With Holes+1","floor":20},{"not_picked":["Acrobatics","Bane"],"picked":"Blade Dance+1","floor":22}],"player_experience":64008,"relics_obtained":[{"floor":6,"key":"Regal Pillow"},{"floor":11,"key":"Replay:Ringing Soul"}],"event_choices":[{"damage_healed":0,"gold_gain":0,"player_choice":"Upgraded","damage_taken":0,"max_hp_gain":0,"max_hp_loss":0,"event_name":"Upgrade Shrine","floor":3,"gold_loss":0,"cards_upgraded":["Neutralize"]}],"is_beta":false,"boss_relics":[{"not_picked":["testmod-DreamHouse","Busted Crown"],"picked":"Black Star"}],"items_purged_floors":[21],"is_endless":false,"potions_floor_spawned":[4,5,6,13,14,19,22],"killed_by":"Book of Stabbing","ascension_level":3}}