{"host":"Sylvester","time":1614145932,"event":{"mods":["AchievementEnabler","BaseMod","Filter the Spire","Lobotomy","Minty Spire (QoL Compilation)","Replay The Spire","StSLib"],"gold_per_floor":[119,129,149,163,180,180,214,234,259,287,44,55,74,424,424,424,424,424],"floor_reached":17,"language":"ENG","playtime":681,"items_purged":[],"score":292,"play_id":"4c71fac6-fc10-402b-a553-6e5178384d2e","local_time":"20210223215212","is_ascension_mode":true,"campfire_choices":[{"data":"Infernal Blade","floor":6,"key":"SMITH"},{"data":"Seeing Red","floor":15,"key":"SMITH"},{"data":"ReplayTheSpireMod:Muscle Training","floor":16,"key":"SMITH"}],"circlet_count":0,"master_deck":["AscendersBane","Strike_R","Strike_R","Strike_R","Strike_R","Strike_R","Defend_R","Defend_R","Defend_R","Defend_R","Bash","Impervious","Clash","Massacre","Infernal Blade+1","ReplayTheSpireMod:Muscle Training+1","Offering","Run Through","Pommel Strike","Seeing Red+1","Languid","Replay:Hysterical Blindness","Clumsy"],"relics":["Burning Blood","MealTicket","Pondfish Scales","Bag of Preparation","Ring of Greed","Ring of Fury","Membership Card","Old Coin"],"acts_visited":["Exordium"],"potions_floor_usage":[5,10,10,10,17],"damage_taken":[{"damage":7.0,"enemies":"Cultist","floor":1.0,"turns":4.0},{"damage":7.0,"enemies":"Jaw Worm","floor":2.0,"turns":3.0},{"damage":5.0,"enemies":"2 Louse","floor":3.0,"turns":4.0},{"damage":16.0,"enemies":"Blue Slaver","floor":4.0,"turns":4.0},{"damage":16,"enemies":"Gremlin Gang","floor":5,"turns":4},{"damage":22,"enemies":"Replay:BlueRogue","floor":7,"turns":4},{"damage":15,"enemies":"Red Slaver","floor":8,"turns":2},{"damage":9,"enemies":"Lagavulin","floor":10,"turns":7},{"damage":4,"enemies":"Looter","floor":12,"turns":4},{"damage":10,"enemies":"Exordium Wildlife","floor":13,"turns":3},{"damage":32,"enemies":"The Guardian","floor":17,"turns":5}],"seed_played":"4920226736999652955","potions_obtained":[{"floor":2.0,"key":"Energy Potion"},{"floor":3.0,"key":"Flashbang"},{"floor":4.0,"key":"Strength Potion"},{"floor":5,"key":"EntropicBrew"},{"floor":10,"key":"ElixirPotion"}],"is_trial":false,"path_per_floor":["M","M","M","M","M","R","E","M","T","E","$","M","M","?","R","R","B"],"character_chosen":"IRONCLAD","items_purchased":["Bag of Preparation","Seeing Red"],"campfire_rested":0,"item_purchase_floors":[11,11],"current_hp_per_floor":[67,66,67,57,47,47,31,22,22,19,34,36,32,32,32,32,0,0],"gold":424,"neow_bonus":"ONE_RANDOM_RARE_CARD","is_daily":false,"chose_seed":false,"campfire_upgraded":3,"win_rate":0.0,"timestamp":1614145932,"path_taken":["M","M","M","M","?","R","E","M","T","E","$","M","M","?","R","R","BOSS"],"items_purchased_type":["Relic","Card"],"build_version":"2020-11-17","purchased_purges":0,"victory":false,"max_hp_per_floor":[75,75,75,75,75,75,75,75,75,75,75,75,75,75,75,75,75,75],"card_choices":[{"not_picked":["Uppercut","Entrench"],"picked":"Clash","floor":1.0},{"not_picked":["ReplayTheSpireMod:Muscle Training","Bloodletting"],"picked":"Massacre","floor":2.0},{"not_picked":["Shrug It Off","Twin Strike"],"picked":"Infernal Blade","floor":3.0},{"not_picked":["Flame Barrier","ReplayTheSpireMod:Strike From Hell"],"picked":"ReplayTheSpireMod:Muscle Training","floor":4.0},{"not_picked":["Shrug It Off","Flex"],"picked":"Offering","floor":5},{"not_picked":["Twin Strike","ReplayTheSpireMod:Stacked"],"picked":"Run Through","floor":7},{"not_picked":["Replay:Undeath\u0027s Touch","Body Slam"],"picked":"Pommel Strike","floor":8},{"not_picked":["Clash","Iron Wave","Heavy Blade"],"picked":"SKIP","floor":10},{"not_picked":["Searing Blow","Run Through","Combust"],"picked":"SKIP","floor":12},{"not_picked":["Heavy Blade","Havoc","Whirlwind"],"picked":"SKIP","floor":13}],"player_experience":282235,"relics_obtained":[{"floor":7,"key":"MealTicket"},{"floor":10,"key":"Pondfish Scales"},{"floor":14,"key":"Ring of Greed"},{"floor":14,"key":"Ring of Fury"},{"floor":14,"key":"Membership Card"},{"floor":14,"key":"Old Coin"}],"event_choices":[],"is_beta":true,"boss_relics":[],"items_purged_floors":[],"is_endless":false,"potions_floor_spawned":[2,3,4,5,10],"killed_by":"The Guardian","ascension_level":20}}