{"host":"hxbbrccw7ig68b38","time":1614187451,"event":{"mods":["BaseMod","Hermit","Minty Spire (QoL Compilation)","StSLib","The Cursed"],"gold_per_floor":[209,209,209,227,241,112,112,387,387,24,37,51,51,71,71,172,172,187,198,198,118,128,128,141,173,249,265,265,265,284,209,209,311,311,327,327,327,346,147,147,99,99,99,113,113,130,147,162,162,162],"floor_reached":51,"language":"KOR","playtime":2166,"items_purged":["Regret"],"score":686,"play_id":"f067039e-d3a0-4d09-a221-b1a7c77a7f36","local_time":"20210225022411","is_ascension_mode":false,"campfire_choices":[{"data":"TheCursedMod:CursedMace","floor":7,"key":"SMITH"},{"floor":13,"key":"REST"},{"data":"TheCursedMod:CursedMace","floor":15,"key":"SMITH"},{"data":"TheCursedMod:HellsGateOpen","floor":23,"key":"SMITH"},{"floor":29,"key":"REST"},{"floor":32,"key":"REST"},{"floor":40,"key":"REST"},{"data":"TheCursedMod:DemonSword","floor":42,"key":"SMITH"},{"data":"TheCursedMod:CleanUpWorkshop","floor":45,"key":"SMITH"},{"floor":49,"key":"REST"}],"circlet_count":0,"master_deck":["TheCursedMod:Strike_TheCursed+1","TheCursedMod:Strike_TheCursed+1","TheCursedMod:Strike_TheCursed+1","TheCursedMod:Strike_TheCursed+1","TheCursedMod:Defend_TheCursed+1","TheCursedMod:Defend_TheCursed+1","TheCursedMod:Defend_TheCursed+1","TheCursedMod:CursedWand","TheCursedMod:CleanUpWorkshop+1","TheCursedMod:Dregs","TheCursedMod:CursedMace+1","TheCursedMod:WearCloak","TheCursedMod:CursedShiv","TheCursedMod:CursedBoomerang","TheCursedMod:SurpriseAttack","TheCursedMod:CursedAmulet","TheCursedMod:HellsGateOpen+1","TheCursedMod:RapidMovement","TheCursedMod:StunningStrike","TheCursedMod:WearCloak","TheCursedMod:CursedBlade","TheCursedMod:DemonSword+1","TheCursedMod:Stretching+1","Madness","Madness","TheCursedMod:CursedBlade","TheCursedMod:CursedShiv","TheCursedMod:RapidMovement","TheCursedMod:CircleOfBlood"],"relics":["TheCursedMod:BlackMagic101","Pantograph","Eternal Feather","Busted Crown","Vajra","Shuriken","SlaversCollar","Pen Nib","Ornamental Fan"],"acts_visited":["Exordium","TheCity","TheBeyond"],"potions_floor_usage":[16,16,24,25,33,38,50,50,50],"damage_taken":[{"damage":5,"enemies":"2 Louse","floor":1,"turns":2},{"damage":0,"enemies":"Small Slimes","floor":4,"turns":4},{"damage":8,"enemies":"Jaw Worm","floor":5,"turns":2},{"damage":2,"enemies":"Large Slime","floor":11,"turns":4},{"damage":11,"enemies":"Exordium Thugs","floor":12,"turns":4},{"damage":4,"enemies":"Blue Slaver","floor":14,"turns":2},{"damage":73,"enemies":"The Guardian","floor":16,"turns":9},{"damage":15,"enemies":"2 Thieves","floor":18,"turns":4},{"damage":5,"enemies":"Shell Parasite","floor":19,"turns":3},{"damage":10,"enemies":"Snake Plant","floor":22,"turns":5},{"damage":4,"enemies":"Centurion and Healer","floor":24,"turns":5},{"damage":34,"enemies":"Book of Stabbing","floor":25,"turns":6},{"damage":0,"enemies":"Snecko","floor":27,"turns":3},{"damage":18,"enemies":"Cultist and Chosen","floor":30,"turns":5},{"damage":78,"enemies":"Automaton","floor":33,"turns":10},{"damage":7,"enemies":"Orb Walker","floor":35,"turns":3},{"damage":29,"enemies":"3 Darklings","floor":38,"turns":4},{"damage":0,"enemies":"Transient","floor":44,"turns":5},{"damage":20,"enemies":"Writhing Mass","floor":46,"turns":5},{"damage":15,"enemies":"4 Shapes","floor":47,"turns":3},{"damage":30,"enemies":"Sphere and 2 Shapes","floor":48,"turns":4},{"damage":39,"enemies":"Time Eater","floor":50,"turns":9}],"seed_played":"8227421170557551914","potions_obtained":[{"floor":4,"key":"AttackPotion"},{"floor":14,"key":"Fire Potion"},{"floor":16,"key":"TheCursedMod:DregsPotion"},{"floor":22,"key":"Energy Potion"},{"floor":24,"key":"SpeedPotion"},{"floor":30,"key":"GamblersBrew"},{"floor":33,"key":"Fire Potion"},{"floor":44,"key":"Ancient Potion"},{"floor":47,"key":"Fire Potion"}],"is_trial":false,"path_per_floor":["M","?","?","M","M","$","R","?","T","$","M","M","R","M","R","B",null,"M","M","?","$","M","R","M","E","T","M","?","R","M","?","R","B",null,"M","?","?","M","$","R","$","R","T","M","R","M","M","M","R","B",null],"character_chosen":"THE_CURSED","items_purchased":["TheCursedMod:CursedShiv","TheCursedMod:CursedBoomerang","Eternal Feather","TheCursedMod:CursedMace","TheCursedMod:StunningStrike","Pen Nib","TheCursedMod:CursedBlade","TheCursedMod:CursedShiv"],"campfire_rested":5,"item_purchase_floors":[6,6,10,10,21,39,39,41],"current_hp_per_floor":[70,75,75,75,67,67,67,67,67,67,65,54,80,76,80,7,80,65,60,60,60,50,62,58,24,24,24,24,60,42,42,78,2,80,73,63,63,34,34,73,73,80,80,80,80,60,45,15,54,46],"gold":162,"neow_bonus":"HUNDRED_GOLD","is_daily":false,"chose_seed":false,"campfire_upgraded":5,"win_rate":0.0,"timestamp":1614187451,"path_taken":["M","?","?","M","?","$","R","?","T","?","M","M","R","M","R","BOSS","M","M","?","$","M","R","M","E","T","M","?","R","M","?","R","BOSS","M","?","?","M","?","R","$","R","T","?","R","M","M","M","R","BOSS"],"items_purchased_type":["Card","Card","Relic","Card","Card","Relic","Card","Card"],"build_version":"2020-12-22","purchased_purges":1,"victory":true,"max_hp_per_floor":[75,80,80,80,80,80,80,80,80,80,80,80,80,80,80,80,80,80,80,80,80,80,80,80,80,80,80,80,80,80,80,80,80,80,80,80,80,80,80,80,80,80,80,80,80,80,80,80,80,80],"card_choices":[{"not_picked":["TheCursedMod:SpitefulStrike","TheCursedMod:Hemoplague"],"picked":"TheCursedMod:CursedMace","floor":1},{"not_picked":["TheCursedMod:CircleOfFlame","TheCursedMod:Evocation","TheCursedMod:Stigma"],"picked":"SKIP","floor":4},{"not_picked":["TheCursedMod:Obscuration","TheCursedMod:SpitefulStrike"],"picked":"TheCursedMod:WearCloak","floor":5},{"not_picked":["TheCursedMod:Wield","TheCursedMod:WearCloak"],"picked":"TheCursedMod:SurpriseAttack","floor":11},{"not_picked":["TheCursedMod:SmokeScreen","TheCursedMod:EmpowerCircles"],"picked":"TheCursedMod:CursedAmulet","floor":12},{"not_picked":["TheCursedMod:LuckyCharm","TheCursedMod:CollectTribute","TheCursedMod:AbyssShockwave"],"picked":"SKIP","floor":14},{"not_picked":["TheCursedMod:Stigma"],"picked":"SKIP","floor":18},{"not_picked":[],"picked":"TheCursedMod:HellsGateOpen","floor":19},{"not_picked":["TheCursedMod:DoubleShield"],"picked":"SKIP","floor":22},{"not_picked":["TheCursedMod:CircleOfCorruption"],"picked":"SKIP","floor":24},{"not_picked":[],"picked":"TheCursedMod:WearCloak","floor":25},{"not_picked":["TheCursedMod:Torture"],"picked":"SKIP","floor":27},{"not_picked":[],"picked":"TheCursedMod:CursedBlade","floor":30},{"not_picked":[],"picked":"TheCursedMod:DemonSword","floor":33},{"not_picked":[],"picked":"TheCursedMod:Stretching+1","floor":35},{"not_picked":["TheCursedMod:RavingStaff"],"picked":"SKIP","floor":38},{"not_picked":["TheCursedMod:WearCloak"],"picked":"SKIP","floor":44},{"not_picked":["TheCursedMod:WearCloak"],"picked":"SKIP","floor":46},{"not_picked":[],"picked":"TheCursedMod:RapidMovement","floor":47},{"not_picked":[],"picked":"TheCursedMod:CircleOfBlood","floor":48}],"player_experience":104789,"relics_obtained":[{"floor":9,"key":"Pantograph"},{"floor":25,"key":"Vajra"},{"floor":26,"key":"Shuriken"},{"floor":43,"key":"Ornamental Fan"}],"event_choices":[{"damage_healed":0,"gold_gain":0,"player_choice":"Donut","damage_taken":0,"max_hp_gain":5,"max_hp_loss":0,"event_name":"Big Fish","floor":2,"gold_loss":0},{"damage_healed":0,"gold_gain":0,"player_choice":"Ignored","damage_taken":0,"max_hp_gain":0,"max_hp_loss":0,"event_name":"Shining Light","floor":3,"gold_loss":0},{"damage_healed":0,"gold_gain":275,"player_choice":"Desecrate","damage_taken":0,"max_hp_gain":0,"max_hp_loss":0,"event_name":"Golden Shrine","floor":8,"gold_loss":0,"cards_obtained":["Regret"]},{"damage_healed":0,"gold_gain":0,"player_choice":"Read","damage_taken":0,"max_hp_gain":0,"max_hp_loss":0,"event_name":"The Library","floor":20,"gold_loss":0,"cards_obtained":["TheCursedMod:RapidMovement"]},{"damage_healed":0,"gold_gain":0,"player_choice":"Simplicity","damage_taken":0,"max_hp_gain":0,"max_hp_loss":0,"event_name":"Back to Basics","floor":28,"gold_loss":0,"cards_upgraded":["TheCursedMod:Strike_TheCursed","TheCursedMod:Strike_TheCursed","TheCursedMod:Strike_TheCursed","TheCursedMod:Strike_TheCursed","TheCursedMod:Defend_TheCursed","TheCursedMod:Defend_TheCursed","TheCursedMod:Defend_TheCursed","TheCursedMod:Defend_TheCursed"]},{"cards_removed":["TheCursedMod:CursedMace"],"damage_healed":0,"gold_gain":0,"player_choice":"Gave Gold","damage_taken":0,"max_hp_gain":0,"max_hp_loss":0,"event_name":"Beggar","floor":31,"gold_loss":75},{"damage_healed":0,"gold_gain":0,"player_choice":"Embrace Madness","damage_taken":10,"max_hp_gain":0,"max_hp_loss":0,"event_name":"Winding Halls","floor":36,"gold_loss":0,"cards_obtained":["Madness","Madness"]},{"cards_removed":["TheCursedMod:Defend_TheCursed"],"damage_healed":0,"gold_gain":0,"player_choice":"Removed Skill","damage_taken":0,"max_hp_gain":0,"max_hp_loss":0,"event_name":"Falling","floor":37,"gold_loss":0}],"is_beta":false,"boss_relics":[{"not_picked":["Empty Cage","TheCursedMod:BlackMagicAdvanced"],"picked":"Busted Crown"},{"not_picked":["Astrolabe","Sozu"],"picked":"SlaversCollar"}],"items_purged_floors":[10],"is_endless":false,"potions_floor_spawned":[4,14,16,22,24,30,33,44,47],"ascension_level":0}}