{"host":"2fgwwnzqc97k7iys","time":1614128330,"event":{"mods":["BaseMod","Colored Map","Minty Spire (QoL Compilation)","Quick Restart","Relic Stats"],"gold_per_floor":[367,377,47,47,47,79,79,79,79],"floor_reached":8,"language":"ENG","playtime":287,"items_purged":[],"score":84,"play_id":"150479cc-706e-4ae1-8016-6a8a20610f7a","local_time":"20210223185850","is_ascension_mode":true,"campfire_choices":[{"data":"Dropkick","floor":7,"key":"SMITH"}],"circlet_count":0,"master_deck":["AscendersBane","Strike_R","Strike_R","Strike_R","Strike_R","Defend_R","Defend_R","Defend_R","Bash","Dropkick+1","Pommel Strike","Shrug It Off","Ghostly Armor"],"relics":["Burning Blood","Champion Belt","TungstenRod"],"acts_visited":["Exordium"],"potions_floor_usage":[6],"damage_taken":[{"damage":0,"enemies":"Small Slimes","floor":1,"turns":3},{"damage":10,"enemies":"2 Louse","floor":2,"turns":3},{"damage":35,"enemies":"Lagavulin","floor":6,"turns":7},{"damage":24,"enemies":"3 Sentries","floor":8,"turns":6}],"seed_played":"-2953377407453252876","potions_obtained":[{"floor":2,"key":"Weak Potion"},{"floor":6,"key":"Ancient Potion"}],"is_trial":false,"path_per_floor":["M","M","$","?","?","E","R","E"],"character_chosen":"IRONCLAD","items_purchased":["Champion Belt","Shrug It Off"],"campfire_rested":0,"item_purchase_floors":[3,3],"current_hp_per_floor":[57,53,53,53,46,17,17,0,0],"gold":79,"neow_bonus":"TWO_FIFTY_GOLD","is_daily":false,"chose_seed":false,"campfire_upgraded":1,"win_rate":0.0,"timestamp":1614128330,"path_taken":["M","M","$","?","?","E","R","E"],"items_purchased_type":["Relic","Card"],"build_version":"2020-12-22","purchased_purges":0,"victory":false,"max_hp_per_floor":[80,80,80,80,80,80,80,80,80],"relic_stats":{"counters":[4,19],"Champion Belt":[3],"obtain_stats":[{"Champion Belt":3,"Burning Blood":0,"TungstenRod":6},{"Champion Belt":2,"Burning Blood":0,"TungstenRod":3},{"Champion Belt":6,"Burning Blood":0,"TungstenRod":13}],"Burning Blood":18,"TungstenRod":5},"card_choices":[{"not_picked":["True Grit","Battle Trance"],"picked":"Dropkick","floor":1},{"not_picked":["Entrench","Ghostly Armor"],"picked":"Pommel Strike","floor":2},{"not_picked":["Seeing Red","Armaments"],"picked":"Ghostly Armor","floor":6}],"player_experience":661529,"relics_obtained":[{"floor":6,"key":"TungstenRod"}],"event_choices":[{"cards_removed":["Strike_R"],"damage_healed":0,"gold_gain":0,"player_choice":"Forget","damage_taken":0,"max_hp_gain":0,"max_hp_loss":0,"event_name":"Living Wall","floor":4,"gold_loss":0},{"cards_removed":["Defend_R"],"damage_healed":0,"gold_gain":0,"player_choice":"Card Removal","damage_taken":7,"max_hp_gain":0,"max_hp_loss":0,"event_name":"Golden Wing","floor":5,"gold_loss":0}],"is_beta":false,"boss_relics":[],"items_purged_floors":[],"is_endless":false,"potions_floor_spawned":[2,6],"killed_by":"3 Sentries","ascension_level":11}}