{"host":"jruzzdd1waq9u00d","time":1614183820,"event":{"mods":["BaseMod","Colored Map","Colored Powertips","DeckTracker","KOR Keyword Fix","Minty Spire (QoL Compilation)","Permanent Neow","Quick Restart","Relic Stats","StSLib","SuperFastMode","The Hayseed"],"gold_per_floor":[119,132,150,161,161,187,201,276,299,372,372,372,60,76,76,175,225,244,255,273,198,209,209,241,241,268,122,122,136,151,167,167,268,268,287,300,86,104,121,121,147,160,160,192,192,292,310,179,179,179,179,179,53,83,83],"floor_reached":56,"language":"KOR","playtime":1400,"items_purged":["TheSimpletonMod:Strike_TheSimpleton","TheSimpletonMod:Defend_TheSimpleton","TheSimpletonMod:Defend_TheSimpleton","TheSimpletonMod:Defend_TheSimpleton+1","TheSimpletonMod:Strike_TheSimpleton+1"],"score":1750,"play_id":"ab52e459-c5c8-45e9-a020-80ffc835949c","local_time":"20210225012340","is_ascension_mode":true,"campfire_choices":[{"floor":11.0,"key":"REST"},{"floor":15.0,"key":"REST"},{"data":"Sadistic Nature","floor":23.0,"key":"SMITH"},{"floor":25.0,"key":"REST"},{"data":"TheSimpletonMod:ReapAndSow","floor":28.0,"key":"SMITH"},{"data":"TheSimpletonMod:Swelter","floor":32.0,"key":"SMITH"},{"floor":40.0,"key":"REST"},{"floor":45.0,"key":"REST"},{"floor":49,"key":"REST"},{"data":"TheSimpletonMod:Swelter","floor":52,"key":"SMITH"}],"circlet_count":0,"master_deck":["TheSimpletonMod:Strike_TheSimpleton+1","TheSimpletonMod:Defend_TheSimpleton+1","TheSimpletonMod:Haymaker","TheSimpletonMod:ReapAndSow+1","TheSimpletonMod:Pruning+1","Sadistic Nature+1","TheSimpletonMod:Swelter+1","TheSimpletonMod:VolatileFumes","TheSimpletonMod:Swelter+1","TheSimpletonMod:Pruning+1","TheSimpletonMod:ResistantStrain+1","TheSimpletonMod:ResistantStrain+1","Purity"],"relics":["TheSimpletonMod:SpudOfTheInnocent","TheSimpletonMod:NightSoil","TheSimpletonMod:TheHarvester","War Paint","Torii","Happy Flower","TheSimpletonMod:HotPotato","Anchor","Tiny House","Orichalcum","PreservedInsect","Philosopher\u0027s Stone","Membership Card","CeramicFish","TheSimpletonMod:GardenGlove","Blood Vial","DollysMirror","TungstenRod"],"acts_visited":["Exordium","TheCity","TheBeyond","TheEnding"],"potions_floor_usage":[54,55],"damage_taken":[{"damage":5.0,"enemies":"Small Slimes","floor":1.0,"turns":5.0},{"damage":10.0,"enemies":"Jaw Worm","floor":2.0,"turns":4.0},{"damage":9.0,"enemies":"Cultist","floor":3.0,"turns":5.0},{"damage":0.0,"enemies":"Lots of Slimes","floor":4.0,"turns":1.0},{"damage":28.0,"enemies":"Gremlin Nob","floor":6.0,"turns":4.0},{"damage":1.0,"enemies":"2 Fungi Beasts","floor":7.0,"turns":3.0},{"damage":0.0,"enemies":"Red Slaver","floor":14.0,"turns":2.0},{"damage":11.0,"enemies":"The Guardian","floor":16.0,"turns":11.0},{"damage":7.0,"enemies":"2 Thieves","floor":18.0,"turns":3.0},{"damage":0.0,"enemies":"Spheric Guardian","floor":19.0,"turns":3.0},{"damage":24.0,"enemies":"Centurion and Healer","floor":20.0,"turns":5.0},{"damage":8.0,"enemies":"Sentry and Sphere","floor":22.0,"turns":4.0},{"damage":19.0,"enemies":"Gremlin Leader","floor":24.0,"turns":4.0},{"damage":1.0,"enemies":"Snake Plant","floor":29.0,"turns":2.0},{"damage":1.0,"enemies":"Cultist and Chosen","floor":30.0,"turns":3.0},{"damage":3.0,"enemies":"Centurion and Healer","floor":31.0,"turns":5.0},{"damage":7.0,"enemies":"Champ","floor":33.0,"turns":6.0},{"damage":0.0,"enemies":"Orb Walker","floor":35.0,"turns":2.0},{"damage":26.0,"enemies":"3 Darklings","floor":36.0,"turns":4.0},{"damage":28.0,"enemies":"Jaw Worm Horde","floor":38.0,"turns":3.0},{"damage":0.0,"enemies":"Spire Growth","floor":39.0,"turns":3.0},{"damage":28.0,"enemies":"Nemesis","floor":41.0,"turns":3.0},{"damage":6.0,"enemies":"3 Darklings","floor":42.0,"turns":3.0},{"damage":12.0,"enemies":"Reptomancer","floor":44.0,"turns":3.0},{"damage":14.0,"enemies":"Maw","floor":47.0,"turns":4.0},{"damage":0,"enemies":"Awakened One","floor":50,"turns":7},{"damage":0,"enemies":"Shield and Spear","floor":54,"turns":5},{"damage":6,"enemies":"The Heart","floor":55,"turns":7}],"seed_played":"-4395858661575983087","potions_obtained":[{"floor":1.0,"key":"BlessingOfTheForge"},{"floor":2.0,"key":"Swift Potion"},{"floor":4.0,"key":"LiquidMemories"},{"floor":17.0,"key":"ColorlessPotion"},{"floor":18.0,"key":"Regen Potion"},{"floor":24.0,"key":"Fire Potion"},{"floor":29.0,"key":"Regen Potion"},{"floor":33.0,"key":"ColorlessPotion"},{"floor":36.0,"key":"Swift Potion"},{"floor":39.0,"key":"Swift Potion"},{"floor":44.0,"key":"LiquidMemories"}],"is_trial":false,"path_per_floor":["M","M","M","M","?","E","M","?","T","T","R","?","$","M","R","B",null,"M","M","M","$","M","R","E","R","T","$","R","M","M","M","R","B",null,"M","M","$","M","M","R","E","M","T","E","R","?","M","$","R","B",null,"R","$","E","B",null],"character_chosen":"THE_SIMPLETON","items_purchased":["Anchor","Sadistic Nature","TheSimpletonMod:Swelter","Membership Card","DollysMirror","Purity"],"campfire_rested":6,"item_purchase_floors":[13,13,27,37,48,53],"current_hp_per_floor":[67,61,56,62,47,23,26,15,15,15,37,30,30,34,56,49,74,71,75,55,55,60,60,45,69,69,69,69,72,75,76,76,73,78,80,54,54,35,39,63,39,37,37,29,53,53,45,45,69,75,79,79,79,80,74],"gold":83,"neow_bonus":"RANDOM_COMMON_RELIC","is_daily":false,"chose_seed":false,"campfire_upgraded":4,"win_rate":0.0,"timestamp":1614183820,"path_taken":["M","M","M","M","?","E","M","?","T","?","R","?","$","?","R","BOSS","M","M","M","$","M","R","E","R","T","$","R","?","M","M","R","BOSS","M","M","$","?","M","R","E","M","T","E","R","?","M","$","R","BOSS","R","$","E","BOSS"],"items_purchased_type":["Relic","Card","Card","Relic","Relic","Card"],"build_version":"2020-12-22","purchased_purges":5,"victory":true,"max_hp_per_floor":[75,75,75,75,75,75,75,75,75,75,75,75,75,75,75,75,80,80,80,80,80,80,80,80,80,80,80,80,80,80,80,80,80,80,80,80,80,80,80,80,80,80,80,80,80,80,80,80,80,80,80,80,80,80,80],"relic_stats":{"Blood Vial":5,"Torii":40,"Happy Flower":[30],"counters":[28,112],"CeramicFish":27,"PreservedInsect":190,"War Paint":["TheSimpletonMod:Defend_TheSimpleton","TheSimpletonMod:Defend_TheSimpleton"],"Orichalcum":[6],"obtain_stats":[{"Tiny House":17,"Torii":6,"Happy Flower":9,"CeramicFish":41,"PreservedInsect":26,"War Paint":0,"Orichalcum":24,"TheSimpletonMod:HotPotato":10,"TheSimpletonMod:TheHarvester":0,"Blood Vial":44,"Anchor":13,"DollysMirror":48,"Philosopher\u0027s Stone":34,"TheSimpletonMod:SpudOfTheInnocent":0,"Membership Card":37,"TheSimpletonMod:NightSoil":0,"TheSimpletonMod:GardenGlove":43,"TungstenRod":54},{"Tiny House":8,"Torii":5,"Happy Flower":6,"CeramicFish":22,"PreservedInsect":13,"War Paint":0,"Orichalcum":13,"TheSimpletonMod:HotPotato":6,"TheSimpletonMod:TheHarvester":0,"Blood Vial":24,"Anchor":6,"DollysMirror":25,"Philosopher\u0027s Stone":17,"TheSimpletonMod:SpudOfTheInnocent":0,"Membership Card":19,"TheSimpletonMod:NightSoil":0,"TheSimpletonMod:GardenGlove":23,"TungstenRod":27},{"Tiny House":35,"Torii":19,"Happy Flower":22,"CeramicFish":83,"PreservedInsect":54,"War Paint":0,"Orichalcum":54,"TheSimpletonMod:HotPotato":22,"TheSimpletonMod:TheHarvester":0,"Blood Vial":89,"Anchor":22,"DollysMirror":93,"Philosopher\u0027s Stone":70,"TheSimpletonMod:SpudOfTheInnocent":0,"Membership Card":75,"TheSimpletonMod:NightSoil":0,"TheSimpletonMod:GardenGlove":86,"TungstenRod":105}],"TungstenRod":4},"card_choices":[{"not_picked":["TheSimpletonMod:GoToMarket","TheSimpletonMod:SoilSample","TheSimpletonMod:OnionBloom"],"picked":"SKIP","floor":1.0},{"not_picked":["TheSimpletonMod:SaladShooter","TheSimpletonMod:SeedCoat","TheSimpletonMod:Rototilling"],"picked":"SKIP","floor":2.0},{"not_picked":["TheSimpletonMod:Sunchoke","TheSimpletonMod:CullingStrike","TheSimpletonMod:BumperCrop"],"picked":"SKIP","floor":3.0},{"not_picked":["TheSimpletonMod:VineRipen","TheSimpletonMod:Ferment","TheSimpletonMod:BirdFeeder"],"picked":"SKIP","floor":4.0},{"not_picked":["TheSimpletonMod:Pruning","TheSimpletonMod:BuzzBomb","TheSimpletonMod:Squash"],"picked":"SKIP","floor":6.0},{"not_picked":["TheSimpletonMod:BuzzBomb","TheSimpletonMod:Squash"],"picked":"TheSimpletonMod:Pruning","floor":6.0},{"not_picked":["TheSimpletonMod:BumperCrop","TheSimpletonMod:Ferment","TheSimpletonMod:Germinate"],"picked":"SKIP","floor":7.0},{"not_picked":["TheSimpletonMod:ControlledBurn","TheSimpletonMod:PestManagement"],"picked":"TheSimpletonMod:Swelter","floor":14.0},{"not_picked":["TheSimpletonMod:SaltTheEarth","TheSimpletonMod:BuzzBomb"],"picked":"TheSimpletonMod:VolatileFumes","floor":16.0},{"not_picked":["TheSimpletonMod:Germinate","TheSimpletonMod:GoToMarket+1","TheSimpletonMod:Fertilaser"],"picked":"SKIP","floor":18.0},{"not_picked":["TheSimpletonMod:DoubleBarrel","TheSimpletonMod:Pruning","TheSimpletonMod:CullingStrike"],"picked":"SKIP","floor":19.0},{"not_picked":["TheSimpletonMod:Fertilaser+1","TheSimpletonMod:RootDown","TheSimpletonMod:SaladShooter"],"picked":"SKIP","floor":20.0},{"not_picked":["TheSimpletonMod:SlashAndBurn+1","TheSimpletonMod:SpiceUp","TheSimpletonMod:Mulch"],"picked":"SKIP","floor":22.0},{"not_picked":["TheSimpletonMod:Fecundity","TheSimpletonMod:Rake","TheSimpletonMod:GoToMarket"],"picked":"SKIP","floor":24.0},{"not_picked":["TheSimpletonMod:Fecundity","TheSimpletonMod:Rake","TheSimpletonMod:GoToMarket"],"picked":"SKIP","floor":24.0},{"not_picked":["TheSimpletonMod:DigIn","TheSimpletonMod:Squash","TheSimpletonMod:BumperCrop"],"picked":"SKIP","floor":29.0},{"not_picked":["TheSimpletonMod:StockTheCellar","TheSimpletonMod:DigIn+1","TheSimpletonMod:RootDown"],"picked":"SKIP","floor":30.0},{"not_picked":["TheSimpletonMod:SlashAndBurn+1","TheSimpletonMod:Polyculture","TheSimpletonMod:PestManagement"],"picked":"SKIP","floor":31.0},{"not_picked":["TheSimpletonMod:SlashAndBurn","TheSimpletonMod:Squash","TheSimpletonMod:Sunchoke"],"picked":"SKIP","floor":35.0},{"not_picked":["TheSimpletonMod:Squash+1","TheSimpletonMod:CropRotation+1"],"picked":"TheSimpletonMod:Pruning+1","floor":36.0},{"not_picked":["TheSimpletonMod:Rototilling","TheSimpletonMod:Squash+1","TheSimpletonMod:Pruning"],"picked":"SKIP","floor":38.0},{"not_picked":["TheSimpletonMod:Aerate","TheSimpletonMod:ToughenUp+1","TheSimpletonMod:SpiceUp+1"],"picked":"SKIP","floor":39.0},{"not_picked":["TheSimpletonMod:Squash+1","TheSimpletonMod:SpiceUp","TheSimpletonMod:Polyculture"],"picked":"SKIP","floor":41.0},{"not_picked":["TheSimpletonMod:Innovate+1","TheSimpletonMod:ErosionControl","TheSimpletonMod:DigIn+1"],"picked":"SKIP","floor":42.0},{"not_picked":["TheSimpletonMod:Innovate+1","TheSimpletonMod:Fertilaser+1","TheSimpletonMod:CloseScrape+1"],"picked":"SKIP","floor":44.0},{"not_picked":["TheSimpletonMod:Sunchoke+1","TheSimpletonMod:Sunseed","TheSimpletonMod:Mulch"],"picked":"SKIP","floor":47.0},{"not_picked":["TheSimpletonMod:CloseScrape","TheSimpletonMod:Fertilaser+1","TheSimpletonMod:DigIn"],"picked":"SKIP","floor":54}],"player_experience":475958,"relics_obtained":[{"floor":6.0,"key":"Torii"},{"floor":9.0,"key":"Happy Flower"},{"floor":10.0,"key":"TheSimpletonMod:HotPotato"},{"floor":24.0,"key":"Orichalcum"},{"floor":26.0,"key":"PreservedInsect"},{"floor":41.0,"key":"CeramicFish"},{"floor":43.0,"key":"TheSimpletonMod:GardenGlove"},{"floor":44.0,"key":"Blood Vial"},{"floor":54,"key":"TungstenRod"}],"event_choices":[{"damage_healed":0.0,"max_hp_gain":0.0,"max_hp_loss":0.0,"gold_gain":0.0,"event_name":"Shining Light","player_choice":"Entered Light","floor":5.0,"gold_loss":0.0,"damage_taken":15.0,"cards_upgraded":["TheSimpletonMod:Strike_TheSimpleton","TheSimpletonMod:Strike_TheSimpleton"]},{"damage_healed":0.0,"max_hp_gain":0.0,"max_hp_loss":0.0,"gold_gain":75.0,"event_name":"World of Goop","player_choice":"Gather Gold","floor":8.0,"gold_loss":0.0,"damage_taken":11.0},{"cards_removed":["TheSimpletonMod:Strike_TheSimpleton"],"damage_healed":0.0,"max_hp_gain":0.0,"max_hp_loss":0.0,"gold_gain":0.0,"event_name":"Golden Wing","player_choice":"Card Removal","floor":12.0,"gold_loss":0.0,"damage_taken":7.0},{"damage_healed":0.0,"max_hp_gain":0.0,"max_hp_loss":0.0,"gold_gain":100.0,"event_name":"Golden Shrine","player_choice":"Pray","floor":46.0,"gold_loss":0.0,"damage_taken":0.0}],"is_beta":false,"boss_relics":[{"not_picked":["Velvet Choker","TheSimpletonMod:GourdCharm"],"picked":"Tiny House"},{"not_picked":["Runic Dome","Snecko Eye"],"picked":"Philosopher\u0027s Stone"}],"items_purged_floors":[21,27,37,48,53],"is_endless":false,"potions_floor_spawned":[1,2,4,18,19,24,29,33,36,39,44],"ascension_level":9}}