{"host":"684z1xpuwaoqmmh1","time":1614168694,"event":{"mods":["BaseMod","CatGirl Mod","Downfall","Hermit","Jorbs\u0027s Wanderer Trilogy","Marisa????????","Minty Spire (QoL Compilation)","Robot Space Explorer","Shade Mod","Shapeshifter Mod","StSLib","The Bug Knight","The Clintock","The Dragon Tamer","The Elementalist","The Hayseed","The Hierophant","The Marked","The Mystic","The Poker Player","The Runesmith","The Sage","The Saiyan","The Showman","The Spell Scribe","The Valiant","The Vixen","TheBandit","TheFirefly","TheVacant"],"gold_per_floor":[117,132,142,161,172,172,185,213,237,266,266,298,51,51,51,150,150,167,167,185,185,203,203,203,232,259,259,358,390,340,367,367,467,467,477,496,516,136,153,153,153,153,153,184,184,55,55,55,55],"floor_reached":48,"language":"ENG","playtime":2360,"items_purged":["StSShapeShifter:ShapeShifter_Strike","StSShapeShifter:ShapeShifter_Defend"],"score":645,"play_id":"b0e91bdf-6a30-4325-84ca-8e0f5c660926","local_time":"20210224141134","is_ascension_mode":true,"campfire_choices":[{"data":"StSShapeShifter:Winter","floor":6,"key":"SMITH"},{"data":"StSShapeShifter:Blossom2","floor":15,"key":"SMITH"},{"data":"StSShapeShifter:LionForm","floor":23,"key":"SMITH"},{"data":"StSShapeShifter:Maul","floor":27,"key":"SMITH"},{"data":"StSShapeShifter:BurstingSpore","floor":32,"key":"SMITH"},{"floor":40,"key":"RECALL"},{"data":"StSShapeShifter:Spring","floor":42,"key":"SMITH"},{"data":"StSShapeShifter:SpiritOfTheEarth","floor":45,"key":"SMITH"}],"circlet_count":0,"master_deck":["StSShapeShifter:ShapeShifter_Strike+1","StSShapeShifter:ShapeShifter_Strike","StSShapeShifter:ShapeShifter_Strike","StSShapeShifter:ShapeShifter_Defend+1","StSShapeShifter:ShapeShifter_Defend+1","StSShapeShifter:ShapeShifter_Defend+1","StSShapeShifter:ShapeShifter_Defend","StSShapeShifter:Tortoise_Form+1","StSShapeShifter:Winter+1","StSShapeShifter:SunflowerShuriken","StSShapeShifter:Maul+1","StSShapeShifter:BurstingSpore+1","StSShapeShifter:MooseForm","StSShapeShifter:BarkSkin","StSShapeShifter:Maul+1","StSShapeShifter:Blossom2+1","StSShapeShifter:PoisonIvy","StSShapeShifter:LionForm+1","StSShapeShifter:BloomingSlash","StSShapeShifter:WiltingWrath+1","StSShapeShifter:HydraForm+1","StSShapeShifter:Spring+1","StSShapeShifter:SpiritOfTheEarth+1","StSShapeShifter:FallingLeaves+1","StSShapeShifter:DiverseSpirit","StSShapeShifter:BurstingSpore"],"relics":["StSShapeShifter:AnimalHeart","StSShapeShifter:TheShapeShiftersMagnolia","Calipers","Orichalcum","Guardian:PocketSentry","Blue Candle","Happy Flower","champ:Barbells","sagemod:Falmels_Amulet","MutagenicStrength","Pantograph","Winged Necklace","StrikeDummy","Eternal Feather","SlaversCollar","Membership Card","Sundial","sagemod:Creepy_Carousel","Oddly Smooth Stone"],"acts_visited":["Exordium","TheCity","TheBeyond"],"potions_floor_usage":[8,10,25,29,37,44,44,44,44],"damage_taken":[{"damage":0,"enemies":"2 Louse","floor":1,"turns":2},{"damage":2,"enemies":"Jaw Worm","floor":2,"turns":4},{"damage":0,"enemies":"Cultist","floor":3,"turns":3},{"damage":0,"enemies":"Blue Slaver","floor":4,"turns":3},{"damage":0,"enemies":"2 Fungi Beasts","floor":5,"turns":3},{"damage":12,"enemies":"Large Slime","floor":7,"turns":5},{"damage":26,"enemies":"Gremlin Nob","floor":8,"turns":4},{"damage":21,"enemies":"3 Sentries","floor":10,"turns":11},{"damage":0,"enemies":"Gremlin Nob","floor":12,"turns":3},{"damage":5,"enemies":"The Guardian","floor":16,"turns":12},{"damage":10,"enemies":"Shell Parasite","floor":18,"turns":5},{"damage":0,"enemies":"Spheric Guardian","floor":20,"turns":3},{"damage":0,"enemies":"Centurion and Healer","floor":22,"turns":5},{"damage":15,"enemies":"Slavers","floor":25,"turns":4},{"damage":11,"enemies":"Book of Stabbing","floor":29,"turns":3},{"damage":6,"enemies":"Slavers","floor":31,"turns":5},{"damage":22,"enemies":"Automaton","floor":33,"turns":8},{"damage":7,"enemies":"3 Shapes","floor":35,"turns":4},{"damage":16,"enemies":"3 Darklings","floor":36,"turns":7},{"damage":37,"enemies":"Transient","floor":37,"turns":5},{"damage":0,"enemies":"Maw","floor":39,"turns":7},{"damage":28,"enemies":"Nemesis","floor":44,"turns":6},{"damage":30,"enemies":"Orin","floor":48,"turns":3}],"seed_played":"4874977643730665108","potions_obtained":[{"floor":4,"key":"PowerPotion"},{"floor":5,"key":"Regen Potion"},{"floor":7,"key":"SkillPotion"},{"floor":10,"key":"sneckomod:MuddlingPotion"},{"floor":20,"key":"Weak Potion"},{"floor":33,"key":"Fire Potion"},{"floor":37,"key":"BlessingOfTheForge"}],"is_trial":false,"path_per_floor":["M","M","M","M","M","R","M","E","T","E","?","E","$","?","R","B",null,"M","?","M","?","M","R","?","E","T","R","?","E","?","E","R","B",null,"M","M","M","$","M","R","?","R","T","E","R","$","$","?"],"character_chosen":"SHAPESHIFTER","items_purchased":["champ:Barbells","StSShapeShifter:PoisonIvy","Membership Card","Sundial","EntropicBrew","StSShapeShifter:DiverseSpirit","StSShapeShifter:BurstingSpore","Oddly Smooth Stone"],"campfire_rested":0,"item_purchase_floors":[13,13,38,38,38,46,46,46],"current_hp_per_floor":[78,76,76,76,76,76,64,38,38,32,27,27,27,27,27,22,78,68,68,68,68,68,68,68,53,53,53,53,42,42,36,48,51,78,71,55,18,18,18,30,30,42,42,14,26,26,26,0,0],"gold":55,"neow_bonus":"ONE_RANDOM_RARE_CARD","is_daily":false,"chose_seed":false,"campfire_upgraded":7,"win_rate":0.0,"timestamp":1614168694,"path_taken":["M","M","M","M","M","R","M","E","T","E","?","E","$","?","R","BOSS","M","?","M","?","M","R","?","E","T","R","?","E","?","E","R","BOSS","M","M","M","$","?","R","?","R","T","E","R","?","$","?"],"items_purchased_type":["Relic","Card","Relic","Relic","Potion","Card","Card","Relic"],"build_version":"2020-12-22","purchased_purges":2,"victory":false,"max_hp_per_floor":[78,78,78,78,78,78,78,78,78,78,78,78,78,78,78,78,78,78,78,78,78,78,78,78,78,78,78,78,78,78,78,78,78,78,78,78,78,78,78,78,78,78,78,78,78,78,78,78,78],"card_choices":[{"not_picked":["StSShapeShifter:AdaptiveStrikes","StSShapeShifter:MonkeyForm"],"picked":"StSShapeShifter:SunflowerShuriken","floor":1},{"not_picked":["StSShapeShifter:SquirrelForm","StSShapeShifter:Guard"],"picked":"StSShapeShifter:Maul","floor":2},{"not_picked":["StSShapeShifter:BloomingSlash","StSShapeShifter:ForestFire"],"picked":"StSShapeShifter:BurstingSpore","floor":3},{"not_picked":["StSShapeShifter:Guard","StSShapeShifter:Rest"],"picked":"StSShapeShifter:MooseForm","floor":4},{"not_picked":["StSShapeShifter:BladeOfGrass","StSShapeShifter:SunflowerShuriken","StSShapeShifter:AdaptiveStrikes"],"picked":"SKIP","floor":5},{"not_picked":["StSShapeShifter:SquirrelForm","StSShapeShifter:BurstingSpore"],"picked":"StSShapeShifter:BarkSkin","floor":7},{"not_picked":["StSShapeShifter:PoisonIvy","StSShapeShifter:BladeOfGrass","StSShapeShifter:BarkSkin"],"picked":"SKIP","floor":8},{"not_picked":["StSShapeShifter:FesteringBite","StSShapeShifter:PoisonIvy"],"picked":"StSShapeShifter:Maul","floor":10},{"not_picked":["StSShapeShifter:OwlForm","StSShapeShifter:EagleForm"],"picked":"StSShapeShifter:Blossom2","floor":12},{"not_picked":["StSShapeShifter:DragonForm","StSShapeShifter:Winter"],"picked":"StSShapeShifter:LionForm","floor":16},{"not_picked":["StSShapeShifter:DeerForm","StSShapeShifter:BearForm"],"picked":"StSShapeShifter:BloomingSlash","floor":18},{"not_picked":["StSShapeShifter:Guard","StSShapeShifter:DeerForm"],"picked":"StSShapeShifter:WiltingWrath+1","floor":20},{"not_picked":["StSShapeShifter:RockSlide","StSShapeShifter:Wildfire2","StSShapeShifter:ThrashAbout"],"picked":"SKIP","floor":22},{"not_picked":["StSShapeShifter:FallingLeaves","StSShapeShifter:OpportuneSwoop","StSShapeShifter:Rest"],"picked":"SKIP","floor":25},{"not_picked":["StSShapeShifter:FlowerShield","StSShapeShifter:BaskInBloom"],"picked":"StSShapeShifter:HydraForm","floor":29},{"not_picked":["StSShapeShifter:Sapling","StSShapeShifter:ShiftingStrike","StSShapeShifter:IntimidatingAura"],"picked":"SKIP","floor":31},{"not_picked":["StSShapeShifter:RhinoCalfForm","StSShapeShifter:Winter"],"picked":"StSShapeShifter:Spring","floor":33},{"not_picked":["StSShapeShifter:VineHandcuffs","StSShapeShifter:Bonk","StSShapeShifter:OwlForm+1"],"picked":"SKIP","floor":35},{"not_picked":["StSShapeShifter:OakBlade+1","StSShapeShifter:BloomingSlash+1"],"picked":"StSShapeShifter:SpiritOfTheEarth","floor":36},{"not_picked":["StSShapeShifter:DeerForm","StSShapeShifter:RatForm"],"picked":"StSShapeShifter:FallingLeaves","floor":37},{"not_picked":["StSShapeShifter:DeerForm","StSShapeShifter:Roar+1","StSShapeShifter:WaspSwarmForm"],"picked":"SKIP","floor":39},{"not_picked":["StSShapeShifter:ReplenishingNectar+1","StSShapeShifter:DeepWound+1","StSShapeShifter:WiltingWrath"],"picked":"SKIP","floor":44}],"player_experience":3152940,"relics_obtained":[{"floor":8,"key":"Calipers"},{"floor":9,"key":"Orichalcum"},{"floor":10,"key":"Guardian:PocketSentry"},{"floor":12,"key":"Happy Flower"},{"floor":25,"key":"Pantograph"},{"floor":26,"key":"Winged Necklace"},{"floor":29,"key":"StrikeDummy"},{"floor":31,"key":"Eternal Feather"},{"floor":44,"key":"sagemod:Creepy_Carousel"}],"event_choices":[{"cards_removed":["StSShapeShifter:ShapeShifter_Strike"],"damage_healed":0,"gold_gain":0,"player_choice":"Purged","damage_taken":0,"max_hp_gain":0,"max_hp_loss":0,"event_name":"Purifier","floor":14,"gold_loss":0},{"damage_healed":0,"gold_gain":0,"player_choice":"Inject Mutagens","damage_taken":0,"relics_obtained":["MutagenicStrength"],"max_hp_gain":0,"max_hp_loss":0,"event_name":"Drug Dealer","floor":21,"gold_loss":0},{"damage_healed":0,"gold_gain":99,"player_choice":"Stole From Cult","damage_taken":0,"max_hp_gain":0,"max_hp_loss":0,"event_name":"Nest","floor":28,"gold_loss":0},{"damage_healed":0,"gold_gain":0,"player_choice":"Bet on Owner","damage_taken":0,"max_hp_gain":0,"max_hp_loss":0,"event_name":"The Joust","floor":30,"gold_loss":50},{"damage_healed":0,"gold_gain":0,"player_choice":"Ignored","damage_taken":0,"max_hp_gain":0,"max_hp_loss":0,"event_name":"SecretPortal","floor":41,"gold_loss":0},{"damage_healed":0,"gold_gain":0,"player_choice":"Fight","damage_taken":0,"max_hp_gain":0,"max_hp_loss":0,"event_name":"OrinTheCat","floor":48,"gold_loss":0}],"is_beta":false,"boss_relics":[{"not_picked":["Velvet Choker","Tiny House"],"picked":"sagemod:Falmels_Amulet"},{"not_picked":["Snecko Eye","Empty Cage"],"picked":"SlaversCollar"}],"items_purged_floors":[13,38],"is_endless":false,"potions_floor_spawned":[4,5,7,10,20,33,37],"killed_by":"Orin","ascension_level":3}}