{"host":"wq5h7jomr5a1xww7","time":1614179173,"event":{"mods":["BaseMod","Highlight Path","Minty Spire (QoL Compilation)","Monster List Patch","Relic Stats","Replay The Spire","StSLib"],"gold_per_floor":[109,109,109,121,137,164,183,183,183,183,183,219,72,107,107,233,233,257,257,217,240,240,284,41,84,84,84,103,43,81,101,101,225,225,241,241,265,615,635,669,669,713,736,736,769,769,792,832,832,832,832,832,54,92,92],"floor_reached":56,"language":"ENG","playtime":3907,"items_purged":["Strike_G","Shame"],"score":1940,"play_id":"0b1e168b-fc66-484a-a324-1a2d5799f578","local_time":"20210224090613","is_ascension_mode":true,"campfire_choices":[{"floor":8,"key":"REST"},{"floor":10,"key":"REST"},{"floor":15,"key":"DIG"},{"data":"Blade Dance","floor":27,"key":"SMITH"},{"floor":32,"key":"DIG"},{"floor":44,"key":"RECALL"},{"data":"ReplayTheSpireMod:Shiv Toss","floor":46,"key":"SMITH"},{"floor":49,"key":"REST"},{"data":"Burst","floor":52,"key":"SMITH"}],"circlet_count":0,"master_deck":["Defend_G","Defend_G","Defend_G","Defend_G","Defend_G","Survivor","Neutralize","Draining Mist","ReplayTheSpireMod:Exploit Weakness+1","Burst+1","Sucker Punch+1","Neutralize","Poisoned Stab+1","Backflip","Blade Dance+1","ReplayTheSpireMod:From All Sides","Accuracy","ReplayTheSpireMod:Necrosis+1","Blur+1","Burst+1","Dash+1","ReplayTheSpireMod:Scrap Shanks","Dagger Throw","Deadly Poison","Deflect+1","PiercingWail+1","Blade Dance+1","Poison Darts","CurseOfTheBell","Acrobatics+1","Delirium","ReplayTheSpireMod:Faulty Equipment","Concentrate+1","Calculated Gamble+1","ReplayTheSpireMod:Shiv Toss+1","Bullet Time","ReplayTheSpireMod:Shiv Toss","Spreading Infection","Calculated Gamble"],"relics":["Ring of the Snake","Tough Bandages","CaptainsWheel","Golden Idol","Meat on the Bone","Bronze Scales","Replay:Mystery Machine","Astrolabe","Enchiridion","Whetstone","Quantum Egg","Replay:Bottled Steam","Onion Ring","ReplayTheSpireMod:Ninjato","Snake Skull","Calling Bell","Bag of Marbles","Pantograph","Calipers","Ring of Greed","Old Coin","Replay:Wax Seal","ReplayTheSpireMod:Ring of Exchange","Replay:Towering Pillar of Hats","Ornamental Fan","TungstenRod","ReplayTheSpireMod:Lightbulb","InkBottle","HandDrill","Lizard Tail"],"acts_visited":["Exordium","TheCity","TheBeyond","TheEnding"],"potions_floor_usage":[6,16,33,50,55],"damage_taken":[{"damage":0,"enemies":"2 Louse","floor":1,"turns":4},{"damage":0,"enemies":"Cultist","floor":4,"turns":4},{"damage":6,"enemies":"Jaw Worm","floor":5,"turns":4},{"damage":43,"enemies":"3 Sentries","floor":6,"turns":13},{"damage":4,"enemies":"Exordium Wildlife","floor":7,"turns":4},{"damage":18,"enemies":"Gremlin Nob","floor":12,"turns":5},{"damage":6,"enemies":"3 Sentries","floor":14,"turns":8},{"damage":10,"enemies":"Hexaghost","floor":16,"turns":9},{"damage":6,"enemies":"Chosen","floor":18,"turns":6},{"damage":0,"enemies":"Shell Parasite","floor":21,"turns":4},{"damage":0,"enemies":"Gremlin Leader","floor":23,"turns":5},{"damage":0,"enemies":"Replay:Snechameleon","floor":25,"turns":5},{"damage":0,"enemies":"Cultist and Chosen","floor":28,"turns":5},{"damage":0,"enemies":"Book of Stabbing","floor":30,"turns":5},{"damage":6,"enemies":"Snecko","floor":31,"turns":3},{"damage":0,"enemies":"Pondfish","floor":33,"turns":5},{"damage":0,"enemies":"3 Darklings","floor":35,"turns":4},{"damage":0,"enemies":"Orb Walker","floor":37,"turns":1},{"damage":2,"enemies":"Writhing Mass","floor":39,"turns":2},{"damage":16,"enemies":"Giant Head","floor":40,"turns":7},{"damage":1,"enemies":"R_Hoarder","floor":42,"turns":7},{"damage":2,"enemies":"Reptomancer","floor":45,"turns":5},{"damage":0,"enemies":"Maw","floor":47,"turns":1},{"damage":0,"enemies":"R_Hoarder","floor":48,"turns":5},{"damage":10,"enemies":"Awakened One","floor":50,"turns":9},{"damage":0,"enemies":"Shield and Spear","floor":54,"turns":5},{"damage":41,"enemies":"The Heart","floor":55,"turns":7}],"seed_played":"-317401794735501248","potions_obtained":[{"floor":5,"key":"LiquidMemories"},{"floor":6,"key":"Weak Potion"},{"floor":12,"key":"Languid Potion"},{"floor":23,"key":"CultistPotion"},{"floor":28,"key":"Dexterity Potion"},{"floor":31,"key":"GhostInAJar"},{"floor":33,"key":"Weak Potion"},{"floor":42,"key":"Regen Potion"}],"is_trial":false,"path_per_floor":["M","?","?","M","M","E","M","R","T","R","?","E","$","E","R","B",null,"M","?","?","M","?","E","$","E","T","R","M","?","E","M","R","B",null,"M","?","M","?","M","E","?","E","T","R","E","R","M","E","R","B",null,"R","$","E","B",null],"character_chosen":"THE_SILENT","items_purchased":["Accuracy","Quantum Egg","ReplayTheSpireMod:Lightbulb","InkBottle","HandDrill","ReplayTheSpireMod:Shiv Toss"],"campfire_rested":3,"item_purchase_floors":[13,24,53,53,53,53],"current_hp_per_floor":[77,77,77,77,71,28,24,47,47,70,70,52,52,46,46,36,71,65,65,65,65,49,49,49,49,49,49,49,49,49,43,43,43,71,71,71,71,71,69,53,53,52,52,52,50,50,50,56,71,61,71,71,71,71,44],"gold":92,"neow_bonus":"TEN_PERCENT_HP_BONUS","is_daily":false,"chose_seed":false,"campfire_upgraded":3,"win_rate":0.0,"timestamp":1614179173,"path_taken":["M","?","?","M","M","E","?","R","T","R","?","E","$","E","R","BOSS","M","?","?","?","?","E","$","E","T","R","M","?","E","M","R","BOSS","M","?","M","?","M","E","?","E","T","R","E","R","M","E","R","BOSS","R","$","E","BOSS"],"items_purchased_type":["Card","Relic","Relic","Relic","Relic","Card"],"build_version":"2020-12-22","purchased_purges":2,"victory":true,"max_hp_per_floor":[77,77,77,77,77,77,77,77,77,77,71,71,71,71,71,71,71,71,71,71,71,71,71,71,71,71,71,71,71,71,71,71,71,71,71,71,71,71,71,71,71,71,71,71,71,71,71,71,71,71,71,71,71,71,71],"relic_stats":{"counters":[27,142],"Golden Idol":212,"Astrolabe":["Blur","Burst","Dash"],"Snake Skull":[59],"Whetstone":["Poisoned Stab","Sucker Punch"],"Tough Bandages":[432],"Lizard Tail":0,"Ornamental Fan":[144],"Bronze Scales":[387],"Pantograph":0,"HandDrill":[4],"obtain_stats":[{"ReplayTheSpireMod:Ring of Exchange":38,"Calipers":34,"Enchiridion":22,"Snake Skull":32,"Whetstone":23,"Replay:Mystery Machine":15,"Old Coin":38,"Tough Bandages":6,"Lizard Tail":54,"Pantograph":34,"HandDrill":53,"Replay:Wax Seal":38,"InkBottle":53,"Ring of the Snake":0,"Replay:Bottled Steam":25,"ReplayTheSpireMod:Ninjato":30,"Replay:Towering Pillar of Hats":40,"Golden Idol":11,"Astrolabe":17,"Quantum Egg":24,"Ring of Greed":38,"Calling Bell":34,"CaptainsWheel":9,"Ornamental Fan":45,"Bronze Scales":14,"Onion Ring":26,"Bag of Marbles":34,"ReplayTheSpireMod:Lightbulb":53,"TungstenRod":48,"Meat on the Bone":12},{"ReplayTheSpireMod:Ring of Exchange":18,"Calipers":16,"Enchiridion":10,"Snake Skull":15,"Whetstone":11,"Replay:Mystery Machine":7,"Old Coin":18,"Tough Bandages":4,"Lizard Tail":26,"Pantograph":16,"HandDrill":25,"Replay:Wax Seal":18,"InkBottle":25,"Ring of the Snake":0,"Replay:Bottled Steam":12,"ReplayTheSpireMod:Ninjato":14,"Replay:Towering Pillar of Hats":20,"Golden Idol":5,"Astrolabe":8,"Quantum Egg":11,"Ring of Greed":18,"Calling Bell":16,"CaptainsWheel":5,"Ornamental Fan":22,"Bronze Scales":7,"Onion Ring":12,"Bag of Marbles":16,"ReplayTheSpireMod:Lightbulb":25,"TungstenRod":24,"Meat on the Bone":6},{"ReplayTheSpireMod:Ring of Exchange":94,"Calipers":89,"Enchiridion":61,"Snake Skull":84,"Whetstone":66,"Replay:Mystery Machine":42,"Old Coin":94,"Tough Bandages":25,"Lizard Tail":135,"Pantograph":89,"HandDrill":130,"Replay:Wax Seal":94,"InkBottle":130,"Ring of the Snake":0,"Replay:Bottled Steam":71,"ReplayTheSpireMod:Ninjato":81,"Replay:Towering Pillar of Hats":103,"Golden Idol":29,"Astrolabe":51,"Quantum Egg":66,"Ring of Greed":94,"Calling Bell":89,"CaptainsWheel":29,"Ornamental Fan":115,"Bronze Scales":42,"Onion Ring":71,"Bag of Marbles":89,"ReplayTheSpireMod:Lightbulb":130,"TungstenRod":121,"Meat on the Bone":34}],"TungstenRod":12,"InkBottle":[9],"Ring of the Snake":[54],"Meat on the Bone":0},"card_choices":[{"not_picked":["Blade Dance","Acrobatics"],"picked":"Draining Mist","floor":1},{"not_picked":["Bane","Expertise"],"picked":"Poisoned Stab","floor":4},{"not_picked":["Outmaneuver","Tactician"],"picked":"Backflip","floor":6},{"not_picked":["Well Laid Plans","Dagger Throw"],"picked":"Blade Dance","floor":7},{"not_picked":["Escape Plan","Flying Knee"],"picked":"ReplayTheSpireMod:From All Sides","floor":12},{"not_picked":["Grand Finale","Phantasmal Killer"],"picked":"ReplayTheSpireMod:Necrosis","floor":16},{"not_picked":["Prepared","Sucker Punch+1"],"picked":"ReplayTheSpireMod:Scrap Shanks","floor":18},{"not_picked":["Expertise","Quick Slash+1"],"picked":"Dagger Throw","floor":21},{"not_picked":["Acrobatics","Backflip"],"picked":"Deadly Poison","floor":23},{"not_picked":["Fluid Movement","Choke"],"picked":"Deflect+1","floor":25},{"not_picked":["Acrobatics+1","Finisher"],"picked":"PiercingWail+1","floor":28},{"not_picked":["After Image","Outmaneuver+1"],"picked":"Blade Dance+1","floor":30},{"not_picked":["Dodge and Roll","Bane","Burst"],"picked":"SKIP","floor":31},{"not_picked":["Grand Finale","A Thousand Cuts"],"picked":"Poison Darts","floor":33},{"not_picked":["Outmaneuver+1","Dash+1"],"picked":"Acrobatics+1","floor":37},{"not_picked":["Sucker Punch","Escape Plan+1"],"picked":"Concentrate+1","floor":39},{"not_picked":["ReplayTheSpireMod:The Works","Flechettes"],"picked":"Calculated Gamble+1","floor":40},{"not_picked":["Bane+1","Deadly Poison","Flechettes+1"],"picked":"SKIP","floor":42},{"not_picked":["Bouncing Flask+1","Riddle With Holes"],"picked":"ReplayTheSpireMod:Shiv Toss","floor":45},{"not_picked":["Outmaneuver+1","Blade Dance+1"],"picked":"Bullet Time","floor":47},{"not_picked":["Infinite Blades+1","Dodge and Roll+1","Distraction"],"picked":"SKIP","floor":48},{"not_picked":["Blade Dance","Dodge and Roll+1"],"picked":"Calculated Gamble","floor":54}],"player_experience":131050,"relics_obtained":[{"floor":6,"key":"Tough Bandages"},{"floor":9,"key":"CaptainsWheel"},{"floor":12,"key":"Meat on the Bone"},{"floor":14,"key":"Bronze Scales"},{"floor":15,"key":"Replay:Mystery Machine"},{"floor":22,"key":"Enchiridion"},{"floor":23,"key":"Whetstone"},{"floor":25,"key":"Replay:Bottled Steam"},{"floor":26,"key":"Onion Ring"},{"floor":30,"key":"ReplayTheSpireMod:Ninjato"},{"floor":32,"key":"Snake Skull"},{"floor":34,"key":"Bag of Marbles"},{"floor":34,"key":"Pantograph"},{"floor":34,"key":"Calipers"},{"floor":38,"key":"Ring of Greed"},{"floor":38,"key":"Old Coin"},{"floor":38,"key":"Replay:Wax Seal"},{"floor":38,"key":"ReplayTheSpireMod:Ring of Exchange"},{"floor":40,"key":"Replay:Towering Pillar of Hats"},{"floor":45,"key":"Ornamental Fan"},{"floor":48,"key":"TungstenRod"},{"floor":54,"key":"Lizard Tail"}],"event_choices":[{"damage_healed":0,"gold_gain":0,"player_choice":"3 cards matched","damage_taken":0,"max_hp_gain":0,"max_hp_loss":0,"event_name":"Match and Keep!","floor":3,"gold_loss":0,"cards_obtained":["Burst","Sucker Punch","Neutralize"]},{"damage_healed":0,"gold_gain":0,"player_choice":"Lose Max HP","damage_taken":0,"relics_obtained":["Golden Idol"],"max_hp_gain":0,"max_hp_loss":6,"event_name":"Golden Idol","floor":11,"gold_loss":0},{"damage_healed":0,"gold_gain":0,"player_choice":"Ignored","damage_taken":0,"max_hp_gain":0,"max_hp_loss":0,"event_name":"Vampires","floor":19,"gold_loss":0},{"damage_healed":0,"gold_gain":0,"player_choice":"Upgrade","damage_taken":0,"max_hp_gain":0,"max_hp_loss":0,"event_name":"Designer","floor":20,"gold_loss":40,"cards_upgraded":["ReplayTheSpireMod:Necrosis"]},{"damage_healed":0,"gold_gain":0,"player_choice":"Obtained Book","damage_taken":16,"max_hp_gain":0,"max_hp_loss":0,"event_name":"Cursed Tome","floor":22,"gold_loss":0},{"damage_healed":0,"gold_gain":0,"player_choice":"Ignored","damage_taken":0,"max_hp_gain":0,"max_hp_loss":0,"event_name":"Tomb of Lord Red Mask","floor":36,"gold_loss":0},{"damage_healed":0,"gold_gain":0,"player_choice":"Ignored","damage_taken":0,"max_hp_gain":0,"max_hp_loss":0,"event_name":"SecretPortal","floor":41,"gold_loss":0}],"is_beta":false,"boss_relics":[{"not_picked":["Kintsugi","Busted Crown"],"picked":"Astrolabe"},{"not_picked":["Empty Cage","Ring of the Serpent"],"picked":"Calling Bell"}],"items_purged_floors":[13,53],"is_endless":false,"potions_floor_spawned":[5,6,12,23,28,31,33,37,42,48],"ascension_level":1}}