{"host":"qp7xs8nuzfsyommi","time":1614206224,"event":{"mods":["2.2 Compatiblity","BaseMod","Colored Powertips","DeckTracker","Highlight Path","Minty Spire (QoL Compilation)","Permanent Neow","Quick Restart","StSLib","Weighted Paths"],"gold_per_floor":[109,109,109,121,134,134,164,164,164,197,197,197,258,183,183,256,256,267,278,278,278,278],"floor_reached":21,"language":"ENG","playtime":1103,"items_purged":[],"score":370,"play_id":"33d39890-8b60-403c-9de0-b04393720138","local_time":"20210224173704","is_ascension_mode":true,"campfire_choices":[{"floor":6.0,"key":"REST"},{"floor":8.0,"key":"REST"},{"data":"Machine Learning","floor":12.0,"key":"SMITH"},{"floor":15.0,"key":"REST"}],"circlet_count":0,"master_deck":["AscendersBane","Strike_B","Strike_B","Strike_B","Strike_B","Defend_B","Defend_B","Defend_B","Defend_B","Zap","Dualcast","Metamorphosis+1","Hologram","Hologram","Gash","Machine Learning+1","Melter","All For One"],"relics":["Cracked Core","Darkstone Periapt","Incense Burner","Art of War","Regal Pillow","Centennial Puzzle","Busted Crown"],"acts_visited":["Exordium","TheCity"],"potions_floor_usage":[19],"damage_taken":[{"damage":9.0,"enemies":"Jaw Worm","floor":1.0,"turns":3.0},{"damage":2.0,"enemies":"2 Louse","floor":4.0,"turns":3.0},{"damage":4.0,"enemies":"Small Slimes","floor":5.0,"turns":3.0},{"damage":8.0,"enemies":"Gremlin Nob","floor":7.0,"turns":3.0},{"damage":17.0,"enemies":"Lagavulin","floor":10.0,"turns":6.0},{"damage":20.0,"enemies":"Lagavulin Event","floor":13.0,"turns":3.0},{"damage":35.0,"enemies":"Hexaghost","floor":16.0,"turns":5.0},{"damage":37.0,"enemies":"3 Byrds","floor":18.0,"turns":4.0},{"damage":18,"enemies":"Shell Parasite","floor":19,"turns":4},{"damage":21,"enemies":"Shelled Parasite and Fungi","floor":21,"turns":1}],"seed_played":"7415288245487900508","potions_obtained":[{"floor":4.0,"key":"DistilledChaos"},{"floor":10.0,"key":"AttackPotion"},{"floor":16.0,"key":"SpeedPotion"},{"floor":19,"key":"SpeedPotion"}],"is_trial":false,"path_per_floor":["M","?","?","M","M","R","E","R","T","E","?","R","?","?","R","B",null,"M","M","?","M"],"character_chosen":"DEFECT","items_purchased":[],"campfire_rested":3,"item_purchase_floors":[],"current_hp_per_floor":[55,55,20,18,14,33,25,44,44,27,49,49,29,29,64,29,58,21,3,3,0,0],"gold":278,"neow_bonus":"RANDOM_COLORLESS_2","is_daily":false,"chose_seed":false,"campfire_upgraded":1,"win_rate":0.0,"timestamp":1614206224,"path_taken":["M","?","?","M","M","R","E","R","T","E","?","R","?","?","R","BOSS","M","M","?","M"],"items_purchased_type":[],"build_version":"2020-12-22","purchased_purges":0,"victory":false,"max_hp_per_floor":[64,64,64,64,64,64,64,64,64,64,70,70,70,67,67,67,67,67,67,67,67,67],"card_choices":[{"not_picked":["HandOfGreed","Magnetism"],"picked":"Metamorphosis","floor":0.0},{"not_picked":["Cold Snap","Beam Cell"],"picked":"Hologram","floor":1.0},{"not_picked":["Rebound","Cold Snap"],"picked":"Hologram","floor":4.0},{"not_picked":["Steam","Streamline"],"picked":"Gash","floor":5.0},{"not_picked":["Heatsinks","Blizzard"],"picked":"Machine Learning","floor":7.0},{"not_picked":["Steam Power","Barrage","Go for the Eyes"],"picked":"SKIP","floor":10.0},{"not_picked":["Streamline","BootSequence"],"picked":"Melter","floor":13.0},{"not_picked":["Creative AI","Biased Cognition"],"picked":"All For One","floor":16.0},{"not_picked":["Cold Snap"],"picked":"SKIP","floor":18.0},{"not_picked":["Ball Lightning"],"picked":"SKIP","floor":19}],"player_experience":1513444,"relics_obtained":[{"floor":7.0,"key":"Incense Burner"},{"floor":9.0,"key":"Art of War"},{"floor":10.0,"key":"Regal Pillow"},{"floor":13.0,"key":"Centennial Puzzle"}],"event_choices":[{"damage_healed":0.0,"max_hp_gain":0.0,"max_hp_loss":0.0,"gold_gain":0.0,"event_name":"Living Wall","player_choice":"Grow","floor":2.0,"gold_loss":0.0,"damage_taken":0.0,"cards_upgraded":["Metamorphosis"]},{"damage_healed":0.0,"max_hp_gain":0.0,"max_hp_loss":0.0,"gold_gain":0.0,"event_name":"Scrap Ooze","player_choice":"Success","floor":3.0,"gold_loss":0.0,"damage_taken":35.0,"relics_obtained":["Darkstone Periapt"]},{"damage_healed":16.0,"max_hp_gain":0.0,"max_hp_loss":0.0,"gold_gain":0.0,"event_name":"Mushrooms","player_choice":"Healed and dodged fight","floor":11.0,"gold_loss":0.0,"damage_taken":0.0,"cards_obtained":["Parasite"]},{"damage_healed":0.0,"max_hp_gain":0.0,"max_hp_loss":0.0,"gold_gain":0.0,"event_name":"Dead Adventurer","player_choice":"Searched \u00272\u0027 times","floor":13.0,"gold_loss":0.0,"damage_taken":0.0},{"cards_removed":["Parasite"],"damage_healed":0.0,"max_hp_gain":0.0,"max_hp_loss":0.0,"gold_gain":0.0,"event_name":"The Cleric","player_choice":"Card Removal","floor":14.0,"gold_loss":75.0,"damage_taken":0.0},{"damage_healed":0,"gold_gain":0,"player_choice":"Ignored","damage_taken":0,"max_hp_gain":0,"max_hp_loss":0,"event_name":"Ghosts","floor":20,"gold_loss":0}],"is_beta":false,"boss_relics":[{"not_picked":["Sozu","Tiny House"],"picked":"Busted Crown"}],"items_purged_floors":[],"is_endless":false,"potions_floor_spawned":[4,10,16,19],"killed_by":"Shelled Parasite and Fungi","ascension_level":20}}