{"host":"7wwmf5ihvdzput8s","time":1614153556,"event":{"mods":["BaseMod","Minty Spire (QoL Compilation)","Quick Restart","Replay The Spire","StSLib","UnlockEverythingMod"],"gold_per_floor":[111,129,186,23,73,104,136,169,169,201,217,266,2,28,28,104,104,122,140,90,116,116,141,160,486,541,171,211,228,251,251,251,335,335,349,349,349,369,281,317,367,391,391,420,420,82,108,154,154,184,196],"floor_reached":52,"language":"ZHS","playtime":692,"items_purged":["Battle Trance","Hemokinesis","Crescendo"],"score":3331,"play_id":"afbb761c-a239-4f46-8537-22cd76088db8","local_time":"20210224155916","daily_mods":["SealedDeck","Vintage","Green Cards","Purple Cards","Heirloom","Time Dilation","Flight","DeadlyEvents","Elite Swarm","Lethality","Night Terrors"],"is_ascension_mode":true,"campfire_choices":[{"data":"Adrenaline","floor":15.0,"key":"SMITH"},{"data":"1","floor":32.0,"key":"LIFT"},{"data":"2","floor":49,"key":"LIFT"}],"circlet_count":0,"master_deck":["AscendersBane","Flex","Riddle With Holes","Finisher","Backstab","Dagger Spray","Scrawl+1","Adrenaline+1","Offering+1","Tantrum","Ragnarok","Offering+1","Ragnarok"],"relics":["Unceasing Top","Mango","Smiling Mask","White Beast Statue","Lee\u0027s Waffle","Potion Belt","Question Card","Blue Candle","Replay:Bottled Steam","Pen Nib","Durian","Akabeko","Toxic Egg 2","Iron Hammer","Vajra","Replay:Accelerometer","Girya","MutagenicStrength","Matryoshka","Oddly Smooth Stone","Old Coin","Red Skull","Tiny Chest","Brimstone","Replay:Bandana","Orichalcum","Ornamental Fan","Anchor","Centennial Puzzle","Bottled Flame","Empty Cage","Boot","Omamori","ReplayTheSpireMod:Spearhead","Champion Belt","Bag of Marbles","Gremlin Horn","Mirror","ReplayTheSpireMod:Ninjato","ReplayTheSpireMod:TigerMarble","Calipers"],"acts_visited":["Exordium","TheCity","TheBeyond"],"potions_floor_usage":[50,51,51,51],"damage_taken":[{"damage":0.0,"enemies":"Cultist","floor":1.0,"turns":1.0},{"damage":0.0,"enemies":"2 Louse","floor":2.0,"turns":1.0},{"damage":2.0,"enemies":"Gremlin Nob","floor":6.0,"turns":1.0},{"damage":0.0,"enemies":"Lagavulin","floor":7.0,"turns":1.0},{"damage":0.0,"enemies":"3 Sentries","floor":8.0,"turns":1.0},{"damage":0.0,"enemies":"Lagavulin","floor":10.0,"turns":2.0},{"damage":0.0,"enemies":"Small Slimes","floor":11.0,"turns":1.0},{"damage":0.0,"enemies":"Gremlin Nob","floor":14.0,"turns":1.0},{"damage":7.0,"enemies":"Fading Forest","floor":16.0,"turns":1.0},{"damage":0.0,"enemies":"Chosen","floor":18.0,"turns":1.0},{"damage":0.0,"enemies":"2 Thieves","floor":19.0,"turns":1.0},{"damage":6.0,"enemies":"Gremlin Leader","floor":21.0,"turns":1.0},{"damage":1.0,"enemies":"Book of Stabbing","floor":23.0,"turns":1.0},{"damage":2.0,"enemies":"Snecko","floor":24.0,"turns":1.0},{"damage":0.0,"enemies":"Gremlin Leader","floor":25.0,"turns":1.0},{"damage":7.0,"enemies":"Slavers","floor":28.0,"turns":1.0},{"damage":1.0,"enemies":"Shelled Parasite and Fungi","floor":29.0,"turns":1.0},{"damage":7.0,"enemies":"Pondfish","floor":33.0,"turns":1.0},{"damage":0.0,"enemies":"Orb Walker","floor":35.0,"turns":1.0},{"damage":1.0,"enemies":"3 Darklings","floor":38.0,"turns":1.0},{"damage":6.0,"enemies":"R_Hoarder","floor":40.0,"turns":1.0},{"damage":0.0,"enemies":"Giant Head","floor":41.0,"turns":1.0},{"damage":1,"enemies":"Nemesis","floor":44,"turns":1},{"damage":7,"enemies":"Giant Head","floor":48,"turns":1},{"damage":1,"enemies":"Awakened One","floor":50,"turns":2},{"damage":6,"enemies":"Time Eater","floor":51,"turns":1}],"seed_played":"5770591365498238999","potions_obtained":[{"floor":1.0,"key":"FearPotion"},{"floor":2.0,"key":"Toxic Potion"},{"floor":6.0,"key":"LiquidBronze"},{"floor":7.0,"key":"FearPotion"},{"floor":8.0,"key":"DuplicationPotion"},{"floor":11.0,"key":"Adrenaline Potion"},{"floor":16.0,"key":"DuplicationPotion"},{"floor":18.0,"key":"AttackPotion"},{"floor":19.0,"key":"GamblersBrew"},{"floor":24.0,"key":"SkillPotion"},{"floor":29.0,"key":"Swift Potion"},{"floor":33.0,"key":"Adrenaline Potion"},{"floor":35.0,"key":"Energy Potion"},{"floor":40.0,"key":"SteroidPotion"},{"floor":44,"key":"SteroidPotion"}],"is_trial":true,"path_per_floor":["M","M","?","$","?","E","E","E","T","E","M","T","$","E","R","B",null,"M","M","$","E","?","E","M","E","T","$","E","M","T","T","R","B",null,"M","?","$","M","$","E","E","T","T","E","?","$","T","E","R","B","B",null],"character_chosen":"IRONCLAD","items_purchased":["Lee\u0027s Waffle","Toxic Egg 2","Brimstone","Replay:Bandana","Tantrum","ReplayTheSpireMod:Ninjato"],"campfire_rested":0,"item_purchase_floors":[4,13,27,27,39,46],"current_hp_per_floor":[82,82,82,96,87,85,85,85,85,85,90,90,90,90,90,83,97,97,97,97,91,91,90,88,88,88,88,81,80,80,80,80,73,94,94,94,94,93,93,87,87,87,87,86,86,86,86,79,79,81,75],"gold":196,"neow_bonus":"","is_daily":false,"chose_seed":false,"campfire_upgraded":1,"win_rate":0.0,"timestamp":1614153556,"path_taken":["M","?","?","$","?","E","?","E","T","E","?","?","$","E","R","BOSS","M","?","$","?","?","E","?","E","T","$","?","?","?","?","R","BOSS","M","?","$","M","$","E","E","?","T","E","?","$","?","?","R","BOSS","BOSS"],"items_purchased_type":["Relic","Relic","Relic","Relic","Card","Relic"],"build_version":"2020-12-22","purchased_purges":3,"victory":true,"max_hp_per_floor":[89,89,89,96,96,96,96,96,96,96,101,101,101,101,101,101,101,101,101,101,101,101,101,101,101,101,101,101,101,101,101,101,101,101,101,101,101,101,101,101,101,101,101,101,96,96,96,96,96,99,99],"card_choices":[{"not_picked":["Replay:LoomingThreat","MasterReality"],"picked":"Scrawl","floor":6.0},{"not_picked":["Berserk","Replay:AllIn","Feed"],"picked":"SKIP","floor":7.0},{"not_picked":["Glass Knife","Replay:LoomingThreat","Atom Bomb"],"picked":"Adrenaline","floor":8.0},{"not_picked":["Malaise","Corpse Explosion","Feed","Berserk"],"picked":"SKIP","floor":10.0},{"not_picked":["Reaper","Double Tap+1","Demon Form"],"picked":"Offering+1","floor":14.0},{"not_picked":["Omniscience+1","Wish+1","Venomology+1","DevaForm"],"picked":"SKIP","floor":21.0},{"not_picked":["Fiend Fire","After Image","Double Tap+1","Demon Form"],"picked":"SKIP","floor":23.0},{"not_picked":["After Image","Grand Finale","Bullet Time+1","Demon Form"],"picked":"SKIP","floor":25.0},{"not_picked":["Storm of Steel+1","Brutality","DeusExMachina+1","Impervious+1"],"picked":"SKIP","floor":28.0},{"not_picked":["Tools of the Trade","DevaForm","Atom Bomb","Establishment"],"picked":"SKIP","floor":40.0},{"not_picked":["Grand Finale","Blasphemy+1","Doppelganger+1"],"picked":"Ragnarok","floor":41},{"not_picked":["Replay:AllIn+1","ReplayTheSpireMod:Necrosis+1","Scrawl+1"],"picked":"Offering+1","floor":44},{"not_picked":["Eclipse+1","Doppelganger+1","ConjureBlade+1"],"picked":"Ragnarok","floor":48}],"player_experience":81755,"relics_obtained":[{"floor":1.0,"key":"Smiling Mask"},{"floor":2.0,"key":"White Beast Statue"},{"floor":6.0,"key":"Potion Belt"},{"floor":7.0,"key":"Question Card"},{"floor":8.0,"key":"Blue Candle"},{"floor":9.0,"key":"Replay:Bottled Steam"},{"floor":10.0,"key":"Pen Nib"},{"floor":11.0,"key":"Durian"},{"floor":12.0,"key":"Akabeko"},{"floor":14.0,"key":"Iron Hammer"},{"floor":18.0,"key":"Vajra"},{"floor":19.0,"key":"Replay:Accelerometer"},{"floor":21.0,"key":"Girya"},{"floor":23.0,"key":"Matryoshka"},{"floor":24.0,"key":"Oddly Smooth Stone"},{"floor":25.0,"key":"Old Coin"},{"floor":26.0,"key":"Red Skull"},{"floor":26.0,"key":"Tiny Chest"},{"floor":28.0,"key":"Orichalcum"},{"floor":29.0,"key":"Ornamental Fan"},{"floor":30.0,"key":"Anchor"},{"floor":30.0,"key":"Centennial Puzzle"},{"floor":31.0,"key":"Bottled Flame"},{"floor":35.0,"key":"Boot"},{"floor":38.0,"key":"Omamori"},{"floor":40.0,"key":"ReplayTheSpireMod:Spearhead"},{"floor":41,"key":"Champion Belt"},{"floor":42,"key":"Bag of Marbles"},{"floor":43,"key":"Gremlin Horn"},{"floor":44,"key":"Mirror"},{"floor":47,"key":"ReplayTheSpireMod:TigerMarble"},{"floor":48,"key":"Calipers"}],"event_choices":[{"damage_healed":0.0,"max_hp_gain":0.0,"max_hp_loss":0.0,"gold_gain":57.0,"event_name":"Golden Wing","player_choice":"Gained Gold","floor":3.0,"gold_loss":0.0,"damage_taken":0.0},{"damage_healed":0.0,"max_hp_gain":0.0,"max_hp_loss":0.0,"gold_gain":50.0,"event_name":"FaceTrader","player_choice":"Touch","floor":5.0,"gold_loss":0.0,"damage_taken":9.0},{"damage_healed":0.0,"max_hp_gain":0.0,"max_hp_loss":0.0,"gold_gain":0.0,"event_name":"Drug Dealer","player_choice":"Inject Mutagens","floor":22.0,"gold_loss":0.0,"damage_taken":0.0,"relics_obtained":["MutagenicStrength"]},{"damage_healed":0.0,"max_hp_gain":0.0,"max_hp_loss":0.0,"gold_gain":0.0,"event_name":"Upgrade Shrine","player_choice":"Upgraded","floor":36.0,"gold_loss":0.0,"damage_taken":0.0,"cards_upgraded":["Scrawl"]},{"damage_healed":0,"gold_gain":0,"player_choice":"Max HP","damage_taken":0,"max_hp_gain":0,"max_hp_loss":5,"event_name":"Winding Halls","floor":45,"gold_loss":0}],"is_beta":false,"boss_relics":[{"not_picked":["Busted Crown","Painkiller Herb","Electric Blood"]},{"not_picked":["Honey Jar","Sozu"],"picked":"Empty Cage"}],"items_purged_floors":[20,27,46],"is_endless":false,"potions_floor_spawned":[1,2,6,7,8,10,11,14,16,18,19,21,23,24,25,28,29,33,35,38,40,41,44,48],"ascension_level":20}}