{"host":"6hzrz31j95f2y1pa","time":1614196088,"event":{"mods":["BaseMod","Colored Map","Downfall","Minty Spire (QoL Compilation)","StSLib"],"gold_per_floor":[99,114,128,178,88,103,176,176,210,229,28,28,43,43,66,139,139,139,154,170,184,195,222,222,236,29,29,39,53,66,82,93,167,167,167,184,184,196,150,150,150,168,180,80,99,134,34,59,74,74],"floor_reached":51,"language":"ENG","playtime":2930,"items_purged":["hexamod:Defend","Normality","hexamod:Defend"],"score":1513,"play_id":"fd45e1eb-4d24-4541-b974-7499f25da21f","local_time":"20210224144808","is_ascension_mode":true,"campfire_choices":[{"data":"hexamod:Float","floor":1.0,"key":"SMITH"},{"floor":12,"key":"REST"},{"data":"hexamod:SwordOfDarkness","floor":18,"key":"SMITH"},{"floor":35,"key":"RECALL"},{"floor":44,"key":"REST"},{"floor":47,"key":"REST"}],"circlet_count":0,"master_deck":["AscendersBane","hexamod:Defend+1","hexamod:Sear+1","hexamod:Float+1","hexamod:HauntingEcho+1","hexamod:GhostLash+1","hexamod:ShieldOfDarkness+1","hexamod:SearingWound+1","hexamod:ThermalTransfer+1","hexamod:SwordOfDarkness+1","Bandage Up+1","hexamod:SixthSeal","hexamod:TimeOfNeed+1","hexamod:BurningTouch+1","hexamod:SpectersWail+1","hexamod:Incineration+1","hexamod:HeatCrush+1","hexamod:GhostShield+1","hexamod:FirstSeal","hexamod:HexaLevel+1","hexamod:GiftsFromTheDead+1","hexamod:Hexaguard+1","hexamod:PhantomCloak+1","hexamod:RecurringNightmare+1","expansioncontent:YouAreMine","hexamod:GhostOfSpirePast+1","hexamod:Hexaguard+1"],"relics":["hexamod:SpiritBrand","Singing Bowl","Unceasing Top","hexamod:TheBrokenSeal","Snecko Eye","Guardian:PocketSentry","Dead Branch","Membership Card","Fusion Hammer","Oddly Smooth Stone","PreservedInsect","Mummified Hand","downfall:HeartBlessingRed","Pear","downfall:HeartBlessingGreen","The Courier"],"acts_visited":["Exordium","TheCity","TheBeyond"],"potions_floor_usage":[15,20,23,28,38,50],"damage_taken":[{"damage":9.0,"enemies":"Jaw Worm","floor":2.0,"turns":4.0},{"damage":1.0,"enemies":"Cultist","floor":3.0,"turns":3.0},{"damage":0.0,"enemies":"downfall:FleeingMerchant","floor":5.0,"turns":4.0},{"damage":0.0,"enemies":"Small Slimes","floor":6.0,"turns":3.0},{"damage":35.0,"enemies":"3 Sentries","floor":9.0,"turns":11.0},{"damage":15.0,"enemies":"Exordium Thugs","floor":10.0,"turns":4.0},{"damage":0,"enemies":"downfall:FleeingMerchant","floor":11,"turns":4},{"damage":6,"enemies":"2 Fungi Beasts","floor":13,"turns":3},{"damage":36,"enemies":"Red Slaver","floor":15,"turns":6},{"damage":8,"enemies":"SI_SHIV_ARCHETYPE","floor":16,"turns":7},{"damage":3,"enemies":"downfall:LooterAlt2","floor":19,"turns":3},{"damage":13,"enemies":"3 Byrds","floor":20,"turns":5},{"damage":14,"enemies":"Shelled Parasite and Fungi","floor":21,"turns":3},{"damage":18,"enemies":"Cultist and Chosen","floor":22,"turns":5},{"damage":15,"enemies":"Slavers","floor":23,"turns":4},{"damage":13,"enemies":"Snake Plant","floor":25,"turns":3},{"damage":10,"enemies":"downfall:FleeingMerchant","floor":26,"turns":4},{"damage":13,"enemies":"Shelled Parasite and Fungi","floor":28,"turns":3},{"damage":7,"enemies":"Sentry and Sphere","floor":29,"turns":3},{"damage":0,"enemies":"Centurion and Healer","floor":30,"turns":4},{"damage":9,"enemies":"Shelled Parasite and Fungi","floor":31,"turns":4},{"damage":0,"enemies":"Snake Plant","floor":32,"turns":3},{"damage":8,"enemies":"IC_MUSHROOM_ARCHETYPE","floor":33,"turns":4},{"damage":0,"enemies":"3 Darklings","floor":36,"turns":3},{"damage":19,"enemies":"3 Shapes","floor":38,"turns":4},{"damage":0,"enemies":"downfall:FleeingMerchant","floor":39,"turns":2},{"damage":0,"enemies":"Transient","floor":42,"turns":6},{"damage":11,"enemies":"Sphere and 2 Shapes","floor":43,"turns":4},{"damage":0,"enemies":"Jaw Worm Horde","floor":45,"turns":3},{"damage":0,"enemies":"Reptomancer","floor":46,"turns":3},{"damage":0,"enemies":"Giant Head","floor":48,"turns":4},{"damage":0,"enemies":"Transient","floor":49,"turns":6},{"damage":16,"enemies":"DF_ARCHETYPE_ORBS","floor":50,"turns":6}],"seed_played":"-3592862522655275290","potions_obtained":[{"floor":3.0,"key":"Strength Potion"},{"floor":9.0,"key":"SteroidPotion"},{"floor":11,"key":"Regen Potion"},{"floor":13,"key":"GamblersBrew"},{"floor":15,"key":"EssenceOfSteel"},{"floor":16,"key":"Block Potion"},{"floor":21,"key":"PowerPotion"},{"floor":23,"key":"hexamod:DoubleChargePotion"},{"floor":25,"key":"SpeedPotion"},{"floor":30,"key":"Dexterity Potion"},{"floor":36,"key":"LiquidMemories"},{"floor":43,"key":"SteroidPotion"},{"floor":46,"key":"Swift Potion"}],"is_trial":false,"path_per_floor":["R","M","M","?","$","M","T","?","E","M","$","R","M","?","M","B",null,"R","M","M","M","M","E","T","M","$","?","M","M","M","M","M","B",null,"R","M","?","M","$","?","T","M","M","R","M","E","R","E","M","B",null],"character_chosen":"THE_SPIRIT","items_purchased":["Bandage Up","Membership Card","hexamod:HeatCrush","Oddly Smooth Stone","PreservedInsect","hexamod:Hexaguard","hexamod:PhantomCloak","hexamod:RecurringNightmare","expansioncontent:YouAreMine"],"campfire_rested":3,"item_purchase_floors":[11,26,26,39,39,39,39,39,39],"current_hp_per_floor":[63,54,53,53,53,53,53,53,18,3,12,33,38,38,76,72,80,80,77,68,56,44,35,35,24,18,18,16,9,17,8,23,28,80,80,95,95,91,100,100,100,103,92,103,105,117,117,119,121,118],"gold":74,"neow_bonus":"TEN_PERCENT_HP_BONUS","is_daily":false,"chose_seed":false,"campfire_upgraded":2,"win_rate":0.0,"timestamp":1614196088,"path_taken":["R","M","M","?","?","M","T","?","E","M","$","R","?","?","M","BOSS","R","M","M","M","M","E","T","M","$","?","M","M","M","?","M","BOSS","R","M","?","?","$","?","T","M","M","R","M","E","R","E","M","BOSS"],"items_purchased_type":["Card","Relic","Card","Relic","Relic","Card","Card","Card","Card"],"build_version":"2020-12-22","purchased_purges":3,"victory":true,"max_hp_per_floor":[69,69,69,69,69,69,69,69,69,69,71,71,71,71,83,83,83,83,83,83,85,87,89,89,91,91,91,93,93,95,95,97,97,97,97,99,99,101,103,103,103,103,103,103,105,117,117,119,121,121],"card_choices":[{"not_picked":["hexamod:RainOfEmbers","hexamod:GhostflameBarrier"],"picked":"hexamod:HauntingEcho","floor":2.0},{"not_picked":["hexamod:ThermalTransfer","hexamod:GhostOfSpirePast"],"picked":"hexamod:GhostLash","floor":3.0},{"not_picked":["hexamod:ThermalTransfer","hexamod:FastForward"],"picked":"hexamod:ShieldOfDarkness","floor":5.0},{"not_picked":["hexamod:HauntingEcho","hexamod:NightmareStrike"],"picked":"hexamod:FifthSeal","floor":6.0},{"not_picked":["hexamod:FourthSeal","hexamod:SecondSeal"],"picked":"hexamod:FirstSeal","floor":9.0},{"not_picked":["hexamod:PhantomFireball","hexamod:HauntingEcho"],"picked":"hexamod:SwordOfDarkness","floor":9.0},{"not_picked":["hexamod:AdvancingGuard","hexamod:DynamicBlow"],"picked":"hexamod:FourthSeal","floor":10.0},{"not_picked":["hexamod:BacktrackSmack","hexamod:PowerFromBeyond","hexamod:GhostOfSpirePast"],"picked":"Singing Bowl","floor":11},{"not_picked":["hexamod:FourthSeal","hexamod:ThirdSeal"],"picked":"hexamod:SixthSeal","floor":13},{"not_picked":["hexamod:ThermalTransfer","hexamod:SwordOfDarkness"],"picked":"hexamod:ThirdSeal","floor":13},{"not_picked":["hexamod:FourthSeal","hexamod:FirstSeal"],"picked":"hexamod:SixthSeal","floor":15},{"not_picked":["hexamod:BurningTouch","hexamod:NightmareGuise","hexamod:ShieldOfDarkness"],"picked":"Singing Bowl","floor":15},{"not_picked":["hexamod:GhostflameInferno","hexamod:VolcanoVisage"],"picked":"hexamod:TimeOfNeed","floor":16},{"not_picked":["hexamod:NightmareStrike","hexamod:HeatMetal"],"picked":"hexamod:BurningTouch+1","floor":19},{"not_picked":["hexamod:InspiringFlames","hexamod:SoulSteal"],"picked":"hexamod:SpectersWail+1","floor":20},{"not_picked":["hexamod:SpectersWail","hexamod:PowerFromBeyond","hexamod:ChargedBarrage"],"picked":"Singing Bowl","floor":21},{"not_picked":["hexamod:SpectralAdrenaline","hexamod:HauntingEcho","hexamod:NightmareGuise"],"picked":"Singing Bowl","floor":22},{"not_picked":["hexamod:SkipABeat","hexamod:InspiringFlames","hexamod:HauntingEcho"],"picked":"Singing Bowl","floor":23},{"not_picked":["hexamod:AdvancingGuard","hexamod:Incineration","hexamod:ExtraCrispy"],"picked":"Singing Bowl","floor":25},{"not_picked":["hexamod:GhostflameBarrier","hexamod:NightmareStrike"],"picked":"hexamod:Incineration+1","floor":26},{"not_picked":["hexamod:GhostLash","hexamod:EtherealExpedition","hexamod:FastForward"],"picked":"Singing Bowl","floor":28},{"not_picked":["hexamod:ThermalTransfer","hexamod:ShieldOfDarkness+1"],"picked":"hexamod:GhostShield+1","floor":29},{"not_picked":["hexamod:ThermalTransfer","hexamod:NightmareGuise","hexamod:NightmareStrike"],"picked":"Singing Bowl","floor":30},{"not_picked":["hexamod:ThirdSeal","hexamod:BurningTouch"],"picked":"hexamod:FirstSeal","floor":31},{"not_picked":["hexamod:GhostShield","hexamod:GhostOfSpirePast","hexamod:ShieldOfDarkness"],"picked":"Singing Bowl","floor":32},{"not_picked":["hexamod:TurnItUp","hexamod:TimeWarp"],"picked":"hexamod:HexaLevel","floor":33},{"not_picked":["hexamod:ShieldOfDarkness+1","hexamod:ThermalTransfer","hexamod:SwordOfDarkness"],"picked":"Singing Bowl","floor":36},{"not_picked":["hexamod:SpectersWail","hexamod:HeatShield","hexamod:GhostflameBarrier"],"picked":"Singing Bowl","floor":38},{"not_picked":["hexamod:NecessarySacrifice+1","hexamod:GhostShield","hexamod:FlameSwitch"],"picked":"Singing Bowl","floor":39},{"not_picked":["hexamod:AdvancingGuard+1","hexamod:Again"],"picked":"hexamod:GhostOfSpirePast","floor":42},{"not_picked":["hexamod:ShieldOfDarkness","hexamod:GhostflameBarrier"],"picked":"hexamod:Hexaguard+1","floor":43},{"not_picked":["hexamod:FastForward+1","hexamod:HeatMetal","hexamod:NightmareStrike"],"picked":"Singing Bowl","floor":45},{"not_picked":["hexamod:RecurringNightmare","hexamod:ThermalTransfer","hexamod:BurningTouch"],"picked":"Singing Bowl","floor":46},{"not_picked":["hexamod:ApocalypticArmor","hexamod:SpectersWail+1","hexamod:BurningTouch"],"picked":"Singing Bowl","floor":48},{"not_picked":["hexamod:FastForward","hexamod:Firestarter","hexamod:SpectersWail"],"picked":"Singing Bowl","floor":49}],"player_experience":1479966,"relics_obtained":[{"floor":7.0,"key":"Singing Bowl"},{"floor":9.0,"key":"Unceasing Top"},{"floor":23,"key":"Guardian:PocketSentry"},{"floor":24,"key":"Dead Branch"},{"floor":40,"key":"Mummified Hand"},{"floor":46,"key":"Pear"},{"floor":48,"key":"The Courier"}],"event_choices":[{"cards_removed":["hexamod:Strike"],"damage_healed":0,"gold_gain":0,"player_choice":"Offered Basic","damage_taken":0,"max_hp_gain":0,"max_hp_loss":0,"event_name":"Bonfire Elementals","floor":27,"gold_loss":0},{"damage_healed":0,"gold_gain":0,"player_choice":"Relic","damage_taken":0,"max_hp_gain":0,"max_hp_loss":0,"event_name":"Wheel of Change","floor":40,"gold_loss":0}],"is_beta":false,"boss_relics":[{"not_picked":["hexamod:UnbrokenSoul","Sozu"],"picked":"Snecko Eye"},{"not_picked":["Velvet Choker","Calling Bell"],"picked":"Fusion Hammer"}],"items_purged_floors":[5,11,39],"is_endless":false,"potions_floor_spawned":[3,9,13,15,16,19,21,23,25,30,33,36,43,45,46,48],"ascension_level":17}}