{"host":"os9owiyb0rak6c8n","time":1614199167,"event":{"mods":["AchievementEnabler","Astrologer","BaseMod","Beaked The Cultist","Better Third Choice","Block Reminder","Colored Map","Colored Powertips","Curses Come First","Dio Mod","Minty Spire (QoL Compilation)","Shapeshifter Mod","Spicy Shops","StSLib","The Death Knight","The Necromancer"],"gold_per_floor":[110,110,169,186,361,390,390,410,410,430,61,91,109,133,133,133,133],"floor_reached":16,"language":"ENG","playtime":454,"items_purged":["Doubt"],"score":182,"play_id":"81d0d051-427f-4f5f-9bb2-2ef998fcd3b8","local_time":"20210224213927","is_ascension_mode":true,"campfire_choices":[{"data":"DeathKnight:DancingRuneblade","floor":7,"key":"SMITH"},{"floor":15,"key":"REST"}],"circlet_count":0,"master_deck":["DeathKnight:Strike_DeathKnight","DeathKnight:Strike_DeathKnight","DeathKnight:Strike_DeathKnight","DeathKnight:Strike_DeathKnight","DeathKnight:Strike_DeathKnight","DeathKnight:Defend_DeathKnight","DeathKnight:Defend_DeathKnight","DeathKnight:Defend_DeathKnight","DeathKnight:Defend_DeathKnight","DeathKnight:Defend_DeathKnight","DeathKnight:RuneTap","DeathKnight:RuneStrike","DeathKnight:DancingRuneblade+1","DeathKnight:BloodPact","DeathKnight:PlagueStrike","DeathKnight:DarkSuccor","DeathKnight:IceboundArmor","DeathKnight:BludPresence","DeathKnight:MindFreeze","DeathKnight:HornOfWinter","DeathKnight:FoulBulwark","DeathKnight:Runesurge"],"relics":["DeathKnight:BrokenRuneblade","NeowsBlessing","Bottled Tornado","Shuriken","Omamori","Orrery","DeathKnight:LightbringersTabard","PreservedInsect"],"acts_visited":["Exordium"],"potions_floor_usage":[10,16,16],"damage_taken":[{"damage":0,"enemies":"Cultist","floor":1,"turns":1},{"damage":0,"enemies":"Small Slimes","floor":4,"turns":1},{"damage":0,"enemies":"3 Sentries","floor":6,"turns":1},{"damage":12,"enemies":"Jaw Worm","floor":8,"turns":2},{"damage":19,"enemies":"Exordium Thugs","floor":10,"turns":3},{"damage":12,"enemies":"Gremlin Nob","floor":12,"turns":3},{"damage":13,"enemies":"Blue Slaver","floor":13,"turns":3},{"damage":35,"enemies":"The Guardian","floor":16,"turns":8}],"seed_played":"3952892129673928956","potions_obtained":[{"floor":6,"key":"Explosive Potion"},{"floor":12,"key":"DeathKnight:PlagueVial"},{"floor":13,"key":"DeathKnight:RimePotion"}],"is_trial":false,"path_per_floor":["M","?","?","M","?","E","R","M","T","M","$","E","M","T","R","B"],"character_chosen":"DEATH_KNIGHT","items_purchased":["Omamori","Orrery"],"campfire_rested":1,"item_purchase_floors":[11,11],"current_hp_per_floor":[68,68,68,68,68,68,68,56,56,37,37,25,12,12,34,0,0],"gold":133,"neow_bonus":"THREE_ENEMY_KILL","is_daily":false,"chose_seed":false,"campfire_upgraded":1,"win_rate":0.0,"timestamp":1614199167,"path_taken":["M","?","?","M","?","E","R","M","T","M","$","E","?","?","R","BOSS"],"items_purchased_type":["Relic","Relic"],"build_version":"2020-12-22","purchased_purges":1,"victory":false,"max_hp_per_floor":[75,75,75,75,75,75,75,75,75,75,75,75,75,75,75,75,75],"card_choices":[{"not_picked":["DeathKnight:Hysteria","DeathKnight:WraithWalk"],"picked":"DeathKnight:DancingRuneblade","floor":1},{"not_picked":["DeathKnight:HartStrike","DeathKnight:RuneShock"],"picked":"DeathKnight:BloodPact","floor":4},{"not_picked":["DeathKnight:DeathRune","DeathKnight:Marrowrend"],"picked":"DeathKnight:PlagueStrike","floor":6},{"not_picked":["DeathKnight:Culling","DeathKnight:Pestilence"],"picked":"DeathKnight:DarkSuccor","floor":8},{"not_picked":["DeathKnight:Lichborne","DeathKnight:DeathGrip"],"picked":"DeathKnight:IceboundArmor","floor":10},{"not_picked":["DeathKnight:FoulBulwark","DeathKnight:UnholyFrenzy"],"picked":"DeathKnight:BludPresence","floor":11},{"not_picked":["DeathKnight:DreadStrike","DeathKnight:BloodStrike"],"picked":"DeathKnight:MindFreeze","floor":11},{"not_picked":["DeathKnight:DeathStrike","DeathKnight:Ossuary"],"picked":"DeathKnight:HornOfWinter","floor":11},{"not_picked":["DeathKnight:BoneSpear","DeathKnight:Parry"],"picked":"DeathKnight:FoulBulwark","floor":11},{"not_picked":["DeathKnight:FrosPresence","DeathKnight:Culling"],"picked":"DeathKnight:Runesurge","floor":12},{"not_picked":["DeathKnight:MutagenicPlague","DeathKnight:BludPresence","DeathKnight:DeathCoil"],"picked":"SKIP","floor":13}],"player_experience":625281,"relics_obtained":[{"floor":6,"key":"Bottled Tornado"},{"floor":9,"key":"Shuriken"},{"floor":12,"key":"DeathKnight:LightbringersTabard"},{"floor":14,"key":"PreservedInsect"}],"event_choices":[{"damage_healed":0,"gold_gain":0,"player_choice":"Leave","damage_taken":0,"max_hp_gain":0,"max_hp_loss":0,"event_name":"The Cleric","floor":2,"gold_loss":0},{"damage_healed":0,"gold_gain":59,"player_choice":"Gained Gold","damage_taken":0,"max_hp_gain":0,"max_hp_loss":0,"event_name":"Golden Wing","floor":3,"gold_loss":0},{"damage_healed":0,"gold_gain":175,"player_choice":"AGREE","damage_taken":186,"max_hp_gain":0,"max_hp_loss":0,"event_name":"betterThird:BetterSerpent","floor":5,"gold_loss":0}],"is_beta":false,"boss_relics":[],"items_purged_floors":[11],"is_endless":false,"potions_floor_spawned":[6,12,13],"killed_by":"The Guardian","ascension_level":7}}