{"host":"0t11pkp2julks910","time":1614201879,"event":{"mods":["Astrologer","Bard","BaseMod","Bestiary","BetterRewards","Colored Map","Curses Come First","Downfall","Friendly Minions","GungeonMod","Hermit","Hubris","Infinite Spire","Minty Spire (QoL Compilation)","Replay The Spire","Robot Space Explorer","Shop Mod","Somnambulant","StSLib","The Blackbeard","The Bug Knight","The Construct","The Cursed","The Disciple","The Forsaken","The Hierophant","The Jungle","The Marked","The Mystic","The Necromancer","The Poker Player","The Problem Sleuth","The Runesmith","[IsaacMod]????"],"gold_per_floor":[111,111,33,53,65,65,94,109,155,173,24,24,41,41,41,146,146,163,183,183,194,194,194,224,244,244,260,294,294,294,370,370,475,475,489,489,189,33,52,52,52,52,52],"floor_reached":42,"language":"ENG","playtime":2083,"items_purged":[],"score":535,"play_id":"8b1cb49c-d9ee-4f83-be20-5817c8d3cf6b","local_time":"20210224132439","is_ascension_mode":true,"campfire_choices":[{"data":"HollowMod:LordofShades","floor":6,"key":"SMITH"},{"data":"HollowMod:FocusHealStart","floor":12,"key":"SMITH"},{"floor":15,"key":"REST"},{"data":"HollowMod:HuntersJournal","floor":23,"key":"SMITH"},{"floor":40,"key":"REST"}],"circlet_count":0,"master_deck":["HollowMod:NailStrikeStart","HollowMod:NailStrikeStart","HollowMod:NailStrikeStart","HollowMod:QuickDashStart","HollowMod:QuickDashStart","HollowMod:QuickDashStart+1","HollowMod:QuickDashStart","HollowMod:FocusHealStart+1","HollowMod:PogoStrike","HollowMod:VengefulVoid","HollowMod:PerfectDash","HollowMod:LordofShades+1","HollowMod:HuntersJournal+1","HollowMod:MantisMark","HollowMod:VengefulVoid","HollowMod:WraithStrike","HollowMod:SlysStrikes","HollowMod:HuntersJournal+1","HollowMod:MantisMark+1","HollowMod:VengefulVoid","HollowMod:DescendingDark","HollowMod:BlackTendrils+1","HollowMod:VengefulVoid","HollowMod:AbyssShriek","HollowMod:Hiveblood","HollowMod:NewLittleFool+1","HollowMod:FallenFury","HollowMod:VengefulVoid","HollowMod:NewLastStag","HollowMod:VengefulVoid"],"relics":["HollowMod:VesselMask","HushsDoor","SatanicBible","Thread and Needle","Replay:Baseball","War Paint","DemoMod:MeatBun","Runic Pyramid","Tiny Chest","Kunai","infinitespire:Satchel","hubris:Reverence","hubris:CrackedHourglass","Juzu Bracelet"],"acts_visited":["Exordium","TheCity","TheBeyond"],"potions_floor_usage":[7,16,16,21,27,28,42,42],"damage_taken":[{"damage":0,"enemies":"Cultist","floor":1,"turns":3},{"damage":0,"enemies":"Small Slimes","floor":4,"turns":2},{"damage":0,"enemies":"2 Louse","floor":5,"turns":2},{"damage":20,"enemies":"Gremlin Nob","floor":7,"turns":5},{"damage":17,"enemies":"Gremlin Gang","floor":8,"turns":3},{"damage":0,"enemies":"3 Louse","floor":10,"turns":3},{"damage":11,"enemies":"Blue Slaver","floor":13,"turns":3},{"damage":0,"enemies":"The Guardian","floor":16,"turns":9},{"damage":0,"enemies":"2 Thieves","floor":18,"turns":4},{"damage":0,"enemies":"Shell Parasite","floor":19,"turns":5},{"damage":6,"enemies":"Snake Plant","floor":21,"turns":4},{"damage":13,"enemies":"HollowMod:Nosk","floor":24,"turns":7},{"damage":11,"enemies":"Centurion and Healer","floor":25,"turns":5},{"damage":0,"enemies":"Snecko","floor":27,"turns":4},{"damage":12,"enemies":"Gremlin Leader","floor":28,"turns":5},{"damage":38,"enemies":"hubris:MusketHawk","floor":33,"turns":7},{"damage":23,"enemies":"3 Shapes","floor":35,"turns":2},{"damage":41,"enemies":"3 Darklings","floor":39,"turns":3},{"damage":90,"enemies":"Giant Head","floor":42,"turns":8}],"seed_played":"1649182713502964715","potions_obtained":[{"floor":1,"key":"LiquidBronze"},{"floor":4,"key":"BlessingOfTheForge"},{"floor":8,"key":"FearPotion"},{"floor":13,"key":"Elixir"},{"floor":18,"key":"Strength Potion"},{"floor":19,"key":"Weak Potion"},{"floor":27,"key":"EssenceOfSteel"},{"floor":35,"key":"Ancient Potion"},{"floor":39,"key":"champ:CounterPotion"}],"is_trial":false,"path_per_floor":["M","?","$","M","M","R","E","M","T","M","$","R","M","?","R","B",null,"M","M","?","M","?","R","E","M","T","M","E","?","?","T","R_BF","B",null,"M","?","?","$","M","R","$","E"],"character_chosen":"THE_BUGKNIGHT","items_purchased":["HollowMod:PerfectDash","DemoMod:MeatBun","HollowMod:HuntersJournal","Juzu Bracelet"],"campfire_rested":2,"item_purchase_floors":[3,11,17,38],"current_hp_per_floor":[68,43,43,49,49,49,35,18,18,18,32,32,27,27,47,59,66,66,66,54,54,54,54,53,48,48,54,58,58,58,58,58,44,71,48,48,48,48,19,40,40,0,0],"gold":52,"neow_bonus":"ONE_RARE_RELIC","is_daily":false,"chose_seed":false,"campfire_upgraded":3,"win_rate":0.0,"timestamp":1614201879,"path_taken":["M","?","$","M","?","R","E","M","T","M","?","R","M","?","R","BOSS","M","?","?","M","?","R","E","M","T","?","E","?","?","?","R_BF","BOSS","M","?","?","?","M","R","$","E"],"items_purchased_type":["Card","Relic","Card","Relic"],"build_version":"2020-12-22","purchased_purges":0,"victory":false,"max_hp_per_floor":[68,68,68,68,68,68,68,68,68,68,68,68,68,68,68,68,66,66,66,71,71,71,71,71,71,71,71,71,71,71,71,71,71,71,71,71,71,71,71,71,71,71,71],"card_choices":[{"not_picked":["HollowMod:NewLittleFool","HollowMod:LuriensSpire"],"picked":"HollowMod:VengefulVoid","floor":1},{"not_picked":["HollowMod:BlackTendrils","HollowMod:VengefulVoid"],"picked":"HollowMod:LordofShades","floor":4},{"not_picked":["HollowMod:DescendingDark","HollowMod:ShadowDash"],"picked":"HollowMod:HuntersJournal","floor":5},{"not_picked":["HollowMod:InfectionAssault","HollowMod:NewJinnsSoul","HollowMod:ChannelNail"],"picked":"SKIP","floor":7},{"not_picked":["HollowMod:FallenFury","HollowMod:VengefulSpirit"],"picked":"HollowMod:MantisMark","floor":8},{"not_picked":["HollowMod:BaldurShell","HollowMod:MawleksShell"],"picked":"HollowMod:VengefulVoid","floor":10},{"not_picked":["HollowMod:GoodIntentions","HollowMod:SiblingsSouls"],"picked":"HollowMod:WraithStrike","floor":13},{"not_picked":["HollowMod:MidwifesHunger","HollowMod:HornetsHelp"],"picked":"HollowMod:SlysStrikes","floor":16},{"not_picked":["HollowMod:SoulSplash","HollowMod:ChannelNail+1","HollowMod:ShapeofUnn"],"picked":"SKIP","floor":18},{"not_picked":["HollowMod:InfectionAssault","HollowMod:NewLittleFool"],"picked":"HollowMod:MantisMark+1","floor":19},{"not_picked":["HollowMod:SharpenedNail+1","HollowMod:LifebloodCore"],"picked":"HollowMod:VengefulVoid","floor":21},{"not_picked":["HollowMod:LuriensSpire","HollowMod:CycloneSlash","HollowMod:LifebloodCocoon"],"picked":"SKIP","floor":24},{"not_picked":["HollowMod:HowlingWraiths","HollowMod:MawleksShell"],"picked":"HollowMod:DescendingDark","floor":25},{"not_picked":["HollowMod:BaldurShell","HollowMod:GoodIntentions"],"picked":"HollowMod:BlackTendrils+1","floor":27},{"not_picked":["HollowMod:WraithStrike","HollowMod:SlysStrikes"],"picked":"HollowMod:VengefulVoid","floor":28},{"not_picked":["HollowMod:PureVessel","HollowMod:HornetsHelp"],"picked":"HollowMod:Hiveblood","floor":33},{"not_picked":["HollowMod:SoulSplash+1","HollowMod:FallenFury+1"],"picked":"HollowMod:NewLittleFool+1","floor":35},{"not_picked":["HollowMod:LuriensSpire+1","HollowMod:NewLittleFool"],"picked":"HollowMod:VengefulVoid","floor":39}],"player_experience":322548,"relics_obtained":[{"floor":7,"key":"War Paint"},{"floor":24,"key":"Tiny Chest"},{"floor":26,"key":"Kunai"},{"floor":28,"key":"infinitespire:Satchel"},{"floor":31,"key":"hubris:Reverence"}],"event_choices":[{"damage_healed":0,"gold_gain":0,"player_choice":"Success","damage_taken":25,"relics_obtained":["Replay:Baseball"],"max_hp_gain":0,"max_hp_loss":0,"event_name":"Scrap Ooze","floor":2,"gold_loss":0},{"damage_healed":0,"gold_gain":0,"player_choice":"Shed Blood","damage_taken":17,"max_hp_gain":5,"max_hp_loss":0,"event_name":"Forgotten Altar","floor":20,"gold_loss":0},{"damage_healed":0,"gold_gain":0,"cards_transformed":["HollowMod:NailStrikeStart"],"player_choice":"Transformed","damage_taken":0,"max_hp_gain":0,"max_hp_loss":0,"event_name":"Transmorgrifier","floor":29,"gold_loss":0,"cards_obtained":["HollowMod:MonomonsArchive"]},{"damage_healed":0,"gold_gain":0,"player_choice":"2 cards matched","damage_taken":0,"max_hp_gain":0,"max_hp_loss":0,"event_name":"Match and Keep!","floor":36,"gold_loss":0,"cards_obtained":["HollowMod:FallenFury","HollowMod:VengefulVoid"]}],"is_beta":false,"boss_relics":[{"not_picked":["Abe\u0027s Treasure","Runesmith:UraniumAnvil"],"picked":"Runic Pyramid"},{"not_picked":[]},{"not_picked":["Runic Dome","Kintsugi"],"picked":"hubris:CrackedHourglass"},{"not_picked":[]}],"items_purged_floors":[],"is_endless":false,"potions_floor_spawned":[1,4,8,13,18,19,27,35,39],"killed_by":"Giant Head","ascension_level":1}}