{"host":"os9owiyb0rak6c8n","time":1614199935,"event":{"mods":["AchievementEnabler","Astrologer","BaseMod","Beaked The Cultist","Better Third Choice","Block Reminder","Colored Map","Colored Powertips","Curses Come First","Dio Mod","Minty Spire (QoL Compilation)","Shapeshifter Mod","Spicy Shops","StSLib","The Death Knight","The Necromancer"],"gold_per_floor":[118,118,138,157,9,36,211,542,542,542,542,542,562,579,579,678,678,691,691,222,145,165,165,185,214,214,214,214,214],"floor_reached":28,"language":"ENG","playtime":757,"items_purged":["Doubt"],"score":406,"play_id":"1543eff6-0ce0-4059-a79e-1aaa7659bc74","local_time":"20210224215215","is_ascension_mode":true,"campfire_choices":[{"floor":10,"key":"REST"},{"floor":15,"key":"REST"},{"floor":23,"key":"REST"},{"floor":27,"key":"REST"}],"circlet_count":0,"master_deck":["AscendersBane","Strike_B","Strike_B","Strike_B","Strike_B","Defend_B","Defend_B","Defend_B","Defend_B","Zap","Dualcast","White Noise+1","Conserve Battery","Compile Driver","Sunder+1","Ball Lightning","Thunder Strike","Self Repair","The Bomb","Cold Snap"],"relics":["Cracked Core","NeowsBlessing","Pen Nib","Mango","Old Coin","WingedGreaves","White Beast Statue","Busted Crown","Orichalcum","Unceasing Top","Shuriken","DeathKnight:SindragosasSkull"],"acts_visited":["Exordium","TheCity"],"potions_floor_usage":[8,16,16,25,25,28],"damage_taken":[{"damage":0,"enemies":"Jaw Worm","floor":1,"turns":1},{"damage":0,"enemies":"Cultist","floor":3,"turns":1},{"damage":0,"enemies":"Small Slimes","floor":4,"turns":1},{"damage":28,"enemies":"Lagavulin","floor":6,"turns":7},{"damage":41,"enemies":"3 Sentries","floor":8,"turns":10},{"damage":0,"enemies":"2 Fungi Beasts","floor":13,"turns":2},{"damage":9,"enemies":"Exordium Wildlife","floor":14,"turns":3},{"damage":53,"enemies":"Slime Boss","floor":16,"turns":10},{"damage":34,"enemies":"Shell Parasite","floor":18,"turns":5},{"damage":22,"enemies":"2 Thieves","floor":22,"turns":3},{"damage":13,"enemies":"Centurion and Healer","floor":24,"turns":4},{"damage":40,"enemies":"Gremlin Leader","floor":25,"turns":5},{"damage":28,"enemies":"Slavers","floor":28,"turns":2}],"seed_played":"8088055307225892277","potions_obtained":[{"floor":1,"key":"Fruit Juice"},{"floor":8,"key":"Ancient Potion"},{"floor":13,"key":"BlessingOfTheForge"},{"floor":14,"key":"Dexterity Potion"},{"floor":16,"key":"FocusPotion"},{"floor":18,"key":"PowerPotion"},{"floor":22,"key":"PowerPotion"},{"floor":25,"key":"PowerPotion"}],"is_trial":false,"path_per_floor":["M","?","M","M","$","E","?","E","T","R","T","?","M","M","R","B",null,"M","?","$","?","M","R","M","E","T","R","E"],"character_chosen":"DEFECT","items_purchased":["Sunder","Pen Nib","Self Repair","Orichalcum","The Bomb"],"campfire_rested":4,"item_purchase_floors":[5,5,20,20,20],"current_hp_per_floor":[68,68,68,68,68,54,54,18,18,46,46,46,46,37,65,12,74,40,40,40,40,25,53,47,14,14,42,14,14],"gold":214,"neow_bonus":"THREE_ENEMY_KILL","is_daily":false,"chose_seed":false,"campfire_upgraded":0,"win_rate":0.0,"timestamp":1614199935,"path_taken":["M","?","?","M","$","E","?","E","T","R","?","?","M","M","R","BOSS","M","?","$","?","M","R","?","E","T","R","E"],"items_purchased_type":["Card","Relic","Card","Relic","Card"],"build_version":"2020-12-22","purchased_purges":1,"victory":false,"max_hp_per_floor":[75,75,75,75,75,89,89,94,94,94,94,94,94,94,94,94,94,94,94,94,94,94,94,94,94,94,94,94,94],"card_choices":[{"not_picked":["Redo","Leap"],"picked":"White Noise","floor":1},{"not_picked":["Stack","Force Field"],"picked":"Conserve Battery","floor":3},{"not_picked":["Double Energy","Turbo"],"picked":"Compile Driver","floor":4},{"not_picked":["Steam","Scrape","Chaos"],"picked":"SKIP","floor":6},{"not_picked":["Conserve Battery","Thunder Strike","Static Discharge"],"picked":"SKIP","floor":8},{"not_picked":["Rebound","Blizzard"],"picked":"Ball Lightning","floor":13},{"not_picked":["Tempest","Ball Lightning","Recycle"],"picked":"SKIP","floor":14},{"not_picked":["Fission","Multi-Cast"],"picked":"Thunder Strike","floor":16},{"not_picked":["Barrage"],"picked":"SKIP","floor":18},{"not_picked":["Compile Driver"],"picked":"SKIP","floor":22},{"not_picked":[],"picked":"Cold Snap","floor":24},{"not_picked":["Streamline"],"picked":"SKIP","floor":25}],"player_experience":625735,"relics_obtained":[{"floor":6,"key":"Mango"},{"floor":8,"key":"Old Coin"},{"floor":9,"key":"WingedGreaves"},{"floor":11,"key":"White Beast Statue"},{"floor":25,"key":"Shuriken"},{"floor":26,"key":"DeathKnight:SindragosasSkull"}],"event_choices":[{"damage_healed":0,"gold_gain":0,"player_choice":"Upgraded","damage_taken":0,"max_hp_gain":0,"max_hp_loss":0,"event_name":"Upgrade Shrine","floor":2,"gold_loss":0,"cards_upgraded":["White Noise"]},{"damage_healed":0,"gold_gain":175,"player_choice":"AGREE","damage_taken":36,"max_hp_gain":0,"max_hp_loss":0,"event_name":"betterThird:BetterSerpent","floor":7,"gold_loss":0},{"damage_healed":0,"gold_gain":0,"player_choice":"Grow","damage_taken":0,"max_hp_gain":0,"max_hp_loss":0,"event_name":"Living Wall","floor":12,"gold_loss":0,"cards_upgraded":["Sunder"]},{"damage_healed":0,"gold_gain":0,"player_choice":"Ignored","damage_taken":0,"max_hp_gain":0,"max_hp_loss":0,"event_name":"Ghosts","floor":19,"gold_loss":0},{"damage_healed":0,"gold_gain":0,"player_choice":"Paid Gold","damage_taken":0,"relics_obtained":["Unceasing Top"],"max_hp_gain":0,"max_hp_loss":0,"event_name":"WeMeetAgain","floor":21,"gold_loss":77}],"is_beta":false,"boss_relics":[{"not_picked":["SlaversCollar","beaked:MawFillet"],"picked":"Busted Crown"}],"items_purged_floors":[20],"is_endless":false,"potions_floor_spawned":[1,8,13,14,16,18,22,24,25],"killed_by":"Slavers","ascension_level":11}}