{"host":"e0rtortnmozl44qq","time":1614170799,"event":{"mods":["AchievementEnabler","Act Like it!","BaseMod","Better Third Choice","Colored Map","Downfall","Gensokyo","Hermit","Highlight Path","Marisa????????","Minty Spire (QoL Compilation)","Permanent Neow","Quick Restart","Remilia??????","Shop Mod","StSLib","SuperFastMode","The Cursed","The Jungle","The Senshi","The Servant 0.9.4"],"gold_per_floor":[115,115,131,147,97,130,145,145,145,145,145,145,1,17,17,115,115,127,59,77,77,77],"floor_reached":21,"language":"ENG","playtime":833,"items_purged":[],"score":260,"play_id":"709afed3-058a-46c6-846e-a3a0c6c089c6","local_time":"20210224134639","is_ascension_mode":true,"campfire_choices":[{"data":"Iron Wave","floor":8,"key":"SMITH"},{"data":"Defend_R","floor":10,"key":"SMITH"},{"data":"Defend_R","floor":12,"key":"SMITH"},{"data":"Defend_R","floor":15,"key":"SMITH"}],"circlet_count":0,"master_deck":["Strike_R","Strike_R","Defend_R+1","Defend_R","Defend_R+1","Defend_R+1","Bash","Thunderclap","Barricade+1","Iron Wave+1","Intimidate","Offering","Berserk","Metallicize","Shrug It Off"],"relics":["Burning Blood","InkBottle","Kunai","Happy Flower","Black Star"],"acts_visited":["Exordium","Exordium"],"potions_floor_usage":[6,7,14,20],"damage_taken":[{"damage":0,"enemies":"2 Louse","floor":1,"turns":2},{"damage":13,"enemies":"Cultist","floor":3,"turns":6},{"damage":9,"enemies":"Jaw Worm","floor":4,"turns":7},{"damage":50,"enemies":"3 Sentries","floor":6,"turns":15},{"damage":0,"enemies":"2 Fungi Beasts","floor":7,"turns":3},{"damage":0,"enemies":"Lots of Slimes","floor":14,"turns":2},{"damage":34,"enemies":"Slime Boss","floor":16,"turns":30},{"damage":30,"enemies":"theJungle:MUSHROOMGANG","floor":18,"turns":6},{"damage":7,"enemies":"Shell Parasite","floor":20,"turns":7},{"damage":41,"enemies":"theJungle:2_Snecko_Cultists","floor":21,"turns":2}],"seed_played":"8322485805223265167","potions_obtained":[{"floor":3,"key":"FearPotion"},{"floor":6,"key":"FearPotion"},{"floor":7,"key":"Explosive Potion"},{"floor":18,"key":"FearPotion"}],"is_trial":false,"path_per_floor":["M","?","M","M","?","E","M","R","T","R","?","R","$","M","R","B",null,"M","$","M","M"],"character_chosen":"IRONCLAD","items_purchased":["Happy Flower","Metallicize"],"campfire_rested":0,"item_purchase_floors":[13,19],"current_hp_per_floor":[78,78,71,68,68,24,30,30,30,30,30,30,30,36,36,8,62,38,38,37,0,0],"gold":77,"neow_bonus":"TRANSFORM_TWO_CARDS","is_daily":false,"chose_seed":false,"campfire_upgraded":4,"win_rate":0.0,"timestamp":1614170799,"path_taken":["M","?","?","M","?","E","M","R","T","R","?","R","$","M","R","BOSS","M","?","M","M"],"items_purchased_type":["Relic","Card"],"build_version":"2020-12-22","purchased_purges":0,"victory":false,"max_hp_per_floor":[80,80,80,80,80,80,80,80,80,80,80,80,80,80,80,80,80,80,80,80,80,80],"card_choices":[{"not_picked":["Seeing Red","Warcry"],"picked":"Iron Wave","floor":1},{"not_picked":["Dark Embrace","Perfected Strike","Flame Barrier"],"picked":"SKIP","floor":3},{"not_picked":["Clash","Intimidate","Wild Strike"],"picked":"SKIP","floor":4},{"not_picked":["Headbutt","Armaments","True Grit"],"picked":"SKIP","floor":6},{"not_picked":["Thunderclap","Warcry","Twin Strike"],"picked":"SKIP","floor":7},{"not_picked":["Havoc","True Grit"],"picked":"Offering","floor":14},{"not_picked":["Immolate","Double Tap"],"picked":"Berserk","floor":16},{"not_picked":["Feel No Pain+1","Havoc","Wild Strike"],"picked":"SKIP","floor":18},{"not_picked":["Anger","Armaments"],"picked":"Shrug It Off","floor":20}],"player_experience":94922,"relics_obtained":[{"floor":6,"key":"InkBottle"},{"floor":9,"key":"Kunai"}],"event_choices":[{"damage_healed":0,"gold_gain":0,"player_choice":"Upgraded","damage_taken":0,"max_hp_gain":0,"max_hp_loss":0,"event_name":"Upgrade Shrine","floor":2,"gold_loss":0,"cards_upgraded":["Barricade"]},{"cards_removed":["Injury"],"damage_healed":0,"gold_gain":0,"player_choice":"Card Removal","damage_taken":0,"max_hp_gain":0,"max_hp_loss":0,"event_name":"The Cleric","floor":5,"gold_loss":50},{"damage_healed":0,"gold_gain":0,"cards_transformed":["Strike_R"],"player_choice":"Transformed","damage_taken":0,"max_hp_gain":0,"max_hp_loss":0,"event_name":"Transmorgrifier","floor":11,"gold_loss":0,"cards_obtained":["Intimidate"]}],"is_beta":false,"boss_relics":[{"not_picked":["Busted Crown","Fusion Hammer"],"picked":"Black Star"}],"items_purged_floors":[],"is_endless":false,"potions_floor_spawned":[3,6,7,18],"killed_by":"theJungle:2_Snecko_Cultists","ascension_level":9}}