{"host":"y2nx07t75db4hs5p","time":1614141109,"event":{"mods":["Act Like it!","BaseMod","Gensokyo","Lobotomy","LobotomyExtend","Minty Spire (QoL Compilation)","StSLib"],"gold_per_floor":[117,117,130,60,74,103,103,103,103,114,132,132,143,160,212,223,242,242,273,273,273,273,273,299,299,299],"floor_reached":13,"language":"ZHS","playtime":652,"items_purged":[],"score":138,"play_id":"888161ba-d05f-4622-ace1-88be6df19175","local_time":"20210224123149","is_ascension_mode":false,"campfire_choices":[],"circlet_count":0,"master_deck":["SpecialBullet","SpecialBullet","SpecialBullet","SpecialBullet","SpecialBullet","SpecialBullet","SpecialBullet","SpecialBullet","DisciplinaryCode","SecurityCode","CentralCode","Spore+1","PunishingBird","Dazed","WristCuter+1","SoundOfStar+1","RecordCode","InformationCode","RedEyes","SwordSharpenedByTears"],"relics":["CogitoBucket","Gensokyo:PortableGap","Calipers","Gensokyo:Justice","SkinProphecy","Heaven_r","LetterFromLob","Orichalcum","Regal Pillow","Incense Burner","Bag of Preparation"],"acts_visited":["Gensokyo:Gensokyo"],"potions_floor_usage":[6],"damage_taken":[{"damage":7,"enemies":"Gensokyo:Gryphon","floor":1,"turns":3},{"damage":4,"enemies":"Gensokyo:2_Kodama","floor":3,"turns":2},{"damage":0,"enemies":"Gensokyo:Python","floor":5,"turns":2},{"damage":10,"enemies":"Gensokyo:Mamizou","floor":6,"turns":8},{"damage":0,"enemies":"Gensokyo:LivingMonolith","floor":10,"turns":2},{"damage":20,"enemies":"Gensokyo:CorruptedTreant","floor":11,"turns":3},{"damage":26,"enemies":"Gensokyo:Kitsune","floor":13,"turns":2},{"damage":12,"enemies":"Jaw Worm","floor":1,"turns":2},{"damage":8,"enemies":"Small Slimes","floor":2,"turns":2},{"damage":0,"enemies":"Cultist","floor":4,"turns":2},{"damage":5,"enemies":"Exordium Thugs","floor":5,"turns":3},{"damage":3,"enemies":"Gremlin Nob","floor":7,"turns":3},{"damage":8,"enemies":"3 Sentries","floor":12,"turns":4},{"damage":60,"enemies":"Lots of Slimes","floor":13,"turns":4}],"seed_played":"-4531184660682786410","potions_obtained":[{"floor":1,"key":"Dexterity Potion"},{"floor":3,"key":"Fruit Juice"},{"floor":10,"key":"BlessingOfTheForge"},{"floor":11,"key":"Swift Potion"}],"is_trial":false,"path_per_floor":["M","?","M","?","M","E","?","R","T","M","M","R","M","M","M","T","M","M","R","E","?","T","R","R","E","M"],"character_chosen":"Angela","items_purchased":[],"campfire_rested":0,"item_purchase_floors":[],"current_hp_per_floor":[77,70,70,70,70,72,72,72,72,72,66,66,72,74,74,80,82,82,84,84,84,81,81,83,0,0],"gold":299,"neow_bonus":"TEN_PERCENT_HP_BONUS","is_daily":false,"chose_seed":false,"campfire_upgraded":0,"win_rate":0.0,"timestamp":1614141109,"path_taken":["M","?","M","?","M","E","?","R","T","M","M","R","M","M","M","?","M","M","R","E","?","T","R","R","E","M"],"items_purchased_type":[],"build_version":"2020-12-22","purchased_purges":0,"victory":false,"max_hp_per_floor":[77,70,70,70,70,72,72,72,72,72,72,72,76,78,78,80,82,82,84,84,84,81,81,83,85,85],"card_choices":[{"not_picked":["Soda","SwordSharpenedByTears"],"picked":"SKIP","floor":1},{"not_picked":["Wellcheers","MeatLantern"],"picked":"RedShoes","floor":3},{"not_picked":["Soda"],"picked":"Spore","floor":3},{"not_picked":["CrimsonScar","RapturousDream"],"picked":"SKIP","floor":5},{"not_picked":["BeautyBeast","CherryBlossoms"],"picked":"PunishingBird","floor":6},{"not_picked":["Regret_ego"],"picked":"CENSORED_ego","floor":6},{"not_picked":["ShedSkin"],"picked":"WristCuter","floor":10},{"not_picked":["Harmony"],"picked":"SoundOfStar","floor":11},{"not_picked":["Penitence","BlueScar"],"picked":"SKIP","floor":1},{"not_picked":["Lantern","MagicBullet"],"picked":"SKIP","floor":2},{"not_picked":["TodaysExpression","Heaven"],"picked":"SKIP","floor":4},{"not_picked":["NakedNest","OSAHOGD"],"picked":"QueenOfHatred","floor":5},{"not_picked":["Hornet","Pleasure"],"picked":"SKIP","floor":5},{"not_picked":["BlackSwan_ego"],"picked":"RedEyes","floor":7},{"not_picked":["FrostShard"],"picked":"SwordSharpenedByTears","floor":12}],"player_experience":323404,"relics_obtained":[{"floor":1,"key":"LetterFromLob"},{"floor":6,"key":"Calipers"},{"floor":1,"key":"LetterFromLob"},{"floor":3,"key":"Orichalcum"},{"floor":7,"key":"Regal Pillow"},{"floor":9,"key":"Incense Burner"},{"floor":12,"key":"Bag of Preparation"}],"event_choices":[],"is_beta":false,"boss_relics":[],"items_purged_floors":[],"is_endless":false,"potions_floor_spawned":[1,3,10,11,5,7,12],"killed_by":"Lots of Slimes","ascension_level":0}}