{"host":"6ve8qn5s1am4lo6s","time":1614126073,"event":{"mods":["AchievementEnabler","Act Like it!","BaseMod","Better Altar","Better Match","Better Note","Better Vampires","BetterRewards","CapriCore","Displayed Cursed Tome","Evolution","Minty Spire (QoL Compilation)","Permanent Neow","Relic Stats","StSLib","The Animator"],"gold_per_floor":[116,116,66,86,102,136,136,153,153,153,1,1,1,16,16,116,116,116,116,116,71,71,71,71,71,71,71,71,71,71,71,71,71,71,71,71,0,0,0,0,0,0,0,0,0,0,0,0,0,0,0,0,0,0,0,0],"floor_reached":55,"language":"ENG","playtime":4106,"items_purged":[],"score":668,"play_id":"b03affe6-d209-4e5d-a6b9-52257a24bbe2","local_time":"20210223192113","is_ascension_mode":false,"campfire_choices":[{"floor":7,"key":"REST"},{"data":"Noxious Fumes","floor":10,"key":"SMITH"},{"floor":12,"key":"RECALL"},{"data":"Catalyst","floor":15,"key":"SMITH"},{"data":"Envenom","floor":23,"key":"SMITH"},{"data":"Catalyst","floor":27,"key":"SMITH"},{"data":"Catalyst","floor":32,"key":"SMITH"},{"data":"Adrenaline","floor":40,"key":"SMITH"},{"floor":44,"key":"REST"},{"floor":49,"key":"REST"},{"data":"Neutralize","floor":52,"key":"SMITH"}],"circlet_count":0,"master_deck":["Flying Knee","Flying Knee","Strike_G","Defend_G","Defend_G","Defend_G","Defend_G","Defend_G","Survivor","Neutralize+1","Noxious Fumes+1","PiercingWail","Deflect","Dodge and Roll","Catalyst+1","Catalyst+1","Footwork","Crippling Poison","Envenom+1","Blade Dance+1","Dodge and Roll+1","Catalyst+1","Infinite Blades","Deadly Poison","Caltrops","Corpse Explosion","Deflect","Adrenaline+1","PiercingWail","Crippling Poison+1","Dodge and Roll+1","Infinite Blades+1"],"relics":["Ring of the Snake","EVO:Axolotl","TwistedFunnel","Turnip","Mercury Hourglass","Matryoshka","Ectoplasm","Happy Flower","Tiny Chest","Philosopher\u0027s Stone","Red Mask","Incense Burner","Letter Opener","Paper Crane","Vajra","HornCleat"],"acts_visited":["Exordium","TheCity","TheBeyond","TheEnding"],"potions_floor_usage":[13,14,21,25,55],"damage_taken":[{"damage":3,"enemies":"Jaw Worm","floor":1,"turns":4},{"damage":0,"enemies":"2 Louse","floor":4,"turns":2},{"damage":0,"enemies":"Cultist","floor":5,"turns":5},{"damage":34,"enemies":"Gremlin Nob","floor":6,"turns":5},{"damage":0,"enemies":"Blue Slaver","floor":8,"turns":3},{"damage":0,"enemies":"Exordium Thugs","floor":14,"turns":4},{"damage":7,"enemies":"Hexaghost","floor":16,"turns":7},{"damage":0,"enemies":"Shell Parasite","floor":18,"turns":5},{"damage":9,"enemies":"2 Thieves","floor":21,"turns":3},{"damage":0,"enemies":"Centurion and Healer","floor":22,"turns":6},{"damage":12,"enemies":"Gremlin Leader","floor":25,"turns":5},{"damage":3,"enemies":"Snecko","floor":28,"turns":5},{"damage":11,"enemies":"Snake Plant","floor":30,"turns":4},{"damage":4,"enemies":"Centurion and Healer","floor":31,"turns":4},{"damage":17,"enemies":"Collector","floor":33,"turns":4},{"damage":23,"enemies":"3 Darklings","floor":35,"turns":4},{"damage":4,"enemies":"Orb Walker","floor":36,"turns":2},{"damage":19,"enemies":"2 Orb Walkers","floor":38,"turns":5},{"damage":0,"enemies":"Sphere and 2 Shapes","floor":39,"turns":4},{"damage":22,"enemies":"Spire Growth","floor":41,"turns":5},{"damage":2,"enemies":"3 Darklings","floor":42,"turns":3},{"damage":4,"enemies":"Jaw Worm Horde","floor":45,"turns":2},{"damage":0,"enemies":"Maw","floor":47,"turns":4},{"damage":0,"enemies":"3 Darklings","floor":48,"turns":3},{"damage":35,"enemies":"Awakened One","floor":50,"turns":11},{"damage":16,"enemies":"Shield and Spear","floor":54,"turns":4},{"damage":86,"enemies":"The Heart","floor":55,"turns":8}],"seed_played":"-1215798954253499239","potions_obtained":[{"floor":1,"key":"Strength Potion"},{"floor":5,"key":"CultistPotion"},{"floor":8,"key":"EssenceOfSteel"},{"floor":13,"key":"Fruit Juice"},{"floor":13,"key":"DistilledChaos"},{"floor":16,"key":"Fire Potion"},{"floor":21,"key":"DuplicationPotion"},{"floor":30,"key":"Weak Potion"},{"floor":33,"key":"FairyPotion"},{"floor":41,"key":"DistilledChaos"}],"is_trial":false,"path_per_floor":["M","?","?","M","M","E","R","M","T","R","$","R","?","M","R","B",null,"M","?","$","M","M","R","?","E","T","R","M","?","M","M","R","B",null,"M","M","?","?","M","R","M","M","T","R","M","T","M","M","R","B",null,"R","$","E","B"],"character_chosen":"THE_SILENT","items_purchased":["Noxious Fumes","TwistedFunnel","PiercingWail","Catalyst","Footwork"],"campfire_rested":3,"item_purchase_floors":[0,0,0,11,11],"current_hp_per_floor":[43,36,36,36,36,2,23,23,23,23,23,23,28,28,28,21,75,75,75,75,66,66,66,66,54,54,54,51,51,40,36,36,19,75,52,48,48,29,29,29,7,5,5,27,23,23,23,23,45,10,75,75,75,59,0,0],"gold":0,"neow_bonus":"","is_daily":false,"chose_seed":false,"campfire_upgraded":7,"win_rate":0.0,"timestamp":1614126073,"path_taken":["M","?","?","M","M","E","R","?","T","R","?","R","?","M","R","BOSS","M","?","$","?","M","R","?","E","T","R","M","?","M","M","R","BOSS","M","M","?","?","M","R","M","M","T","R","M","?","M","M","R","BOSS","R","$","E","BOSS"],"items_purchased_type":["Card","Relic","Card","Card","Card"],"build_version":"2020-12-22","purchased_purges":0,"victory":false,"max_hp_per_floor":[70,70,70,70,70,70,70,70,70,70,70,70,75,75,75,75,75,75,75,75,75,75,75,75,75,75,75,75,75,75,75,75,75,75,75,75,75,75,75,75,75,75,75,75,75,75,75,75,75,75,75,75,75,75,75,75],"relic_stats":{"Happy Flower":[24],"counters":[50,239],"Tiny Chest":1,"Turnip":[18],"Ectoplasm":672,"Letter Opener":[194],"obtain_stats":[{"Ice Cream":0,"TwistedFunnel":0,"Gremlin Horn":0,"Nilry\u0027s Codex":0,"Vajra":46,"Incense Burner":38,"Bottled Tornado":0,"Smiling Mask":23,"Burning Blood":0,"Blood Vial":0,"Sozu":17,"Centennial Puzzle":0,"Nunchaku":0,"Dream Catcher":0,"Matryoshka":9,"HornCleat":54,"Philosopher\u0027s Stone":34,"Tiny Chest":26,"Red Mask":37,"Kunai":0,"Red Skull":0,"InkBottle":43,"Potion Belt":0,"Happy Flower":25,"Golden Idol":0,"Blue Candle":0,"Oddly Smooth Stone":0,"Letter Opener":43,"Paper Crane":43,"White Beast Statue":0,"Akabeko":0,"Mercury Hourglass":6,"Runic Dome":0,"Anchor":0,"CaptainsWheel":7,"Molten Egg 2":0,"Turnip":0,"Ectoplasm":17,"Art of War":26,"Champion Belt":0,"Bottled Lightning":41,"TungstenRod":0},{"Ice Cream":0,"TwistedFunnel":23,"Gremlin Horn":0,"Nilry\u0027s Codex":0,"Vajra":45,"Incense Burner":41,"Bottled Tornado":0,"Smiling Mask":12,"Burning Blood":0,"Blood Vial":0,"Sozu":8,"Centennial Puzzle":0,"Nunchaku":0,"Dream Catcher":0,"Matryoshka":28,"HornCleat":49,"Philosopher\u0027s Stone":16,"Tiny Chest":34,"Red Mask":40,"Kunai":0,"Red Skull":0,"InkBottle":20,"Potion Belt":0,"Happy Flower":34,"Golden Idol":0,"Blue Candle":0,"Oddly Smooth Stone":0,"Letter Opener":44,"Paper Crane":44,"White Beast Statue":0,"Akabeko":0,"Mercury Hourglass":27,"Runic Dome":0,"Anchor":0,"CaptainsWheel":4,"Molten Egg 2":0,"Turnip":23,"Ectoplasm":30,"Art of War":12,"Champion Belt":0,"Bottled Lightning":20,"TungstenRod":0},{"Ice Cream":0,"TwistedFunnel":118,"Gremlin Horn":0,"Nilry\u0027s Codex":0,"Vajra":209,"Incense Burner":195,"Bottled Tornado":0,"Smiling Mask":54,"Burning Blood":0,"Blood Vial":0,"Sozu":35,"Centennial Puzzle":0,"Nunchaku":0,"Dream Catcher":0,"Matryoshka":137,"HornCleat":231,"Philosopher\u0027s Stone":77,"Tiny Chest":167,"Red Mask":190,"Kunai":0,"Red Skull":0,"InkBottle":96,"Potion Belt":0,"Happy Flower":167,"Golden Idol":0,"Blue Candle":0,"Oddly Smooth Stone":0,"Letter Opener":207,"Paper Crane":207,"White Beast Statue":0,"Akabeko":0,"Mercury Hourglass":134,"Runic Dome":0,"Anchor":0,"CaptainsWheel":18,"Molten Egg 2":0,"Turnip":118,"Ectoplasm":148,"Art of War":54,"Champion Belt":0,"Bottled Lightning":96,"TungstenRod":0}],"Ring of the Snake":[100],"Mercury Hourglass":[423]},"card_choices":[{"not_picked":["Choke","Backflip"],"picked":"Deflect","floor":1},{"not_picked":["Masterful Stab","Expertise"],"picked":"Dodge and Roll","floor":4},{"not_picked":["Slice","Bane","Setup"],"picked":"SKIP","floor":5},{"not_picked":["Doppelganger","Cloak And Dagger"],"picked":"Catalyst","floor":6},{"not_picked":["Dodge and Roll","Dagger Spray","All Out Attack"],"picked":"SKIP","floor":8},{"not_picked":["Acrobatics","Poisoned Stab"],"picked":"Crippling Poison","floor":14},{"not_picked":["Grand Finale","A Thousand Cuts"],"picked":"Envenom","floor":16},{"not_picked":["Prepared","Underhanded Strike"],"picked":"Blade Dance+1","floor":18},{"not_picked":["Outmaneuver+1","Backstab"],"picked":"Dodge and Roll+1","floor":21},{"not_picked":["Finisher","Quick Slash"],"picked":"Catalyst","floor":22},{"not_picked":["Masterful Stab+1","Caltrops"],"picked":"Deadly Poison","floor":25},{"not_picked":["Dagger Throw","Poisoned Stab"],"picked":"Caltrops","floor":28},{"not_picked":["Deadly Poison","Blade Dance"],"picked":"Corpse Explosion","floor":30},{"not_picked":["Dagger Throw","Underhanded Strike"],"picked":"Deflect","floor":31},{"not_picked":["Phantasmal Killer","Tools of the Trade"],"picked":"Adrenaline","floor":33},{"not_picked":["Dagger Throw+1","Endless Agony+1"],"picked":"PiercingWail","floor":35},{"not_picked":["Finisher","Quick Slash+1","Underhanded Strike"],"picked":"SKIP","floor":36},{"not_picked":["Quick Slash","Slice+1","Expertise"],"picked":"SKIP","floor":39},{"not_picked":["Dodge and Roll","Acrobatics+1"],"picked":"Crippling Poison+1","floor":41},{"not_picked":["Dagger Throw+1","Sucker Punch+1"],"picked":"Dodge and Roll+1","floor":42},{"not_picked":["Escape Plan","Finisher","Outmaneuver+1"],"picked":"SKIP","floor":45},{"not_picked":["Prepared","Sucker Punch","Underhanded Strike"],"picked":"SKIP","floor":47},{"not_picked":["Flying Knee","Distraction+1"],"picked":"Infinite Blades+1","floor":48},{"not_picked":["Corpse Explosion","Dagger Spray+1","Prepared"],"picked":"SKIP","floor":54}],"player_experience":457234,"relics_obtained":[{"floor":6,"key":"Mercury Hourglass"},{"floor":9,"key":"Matryoshka"},{"floor":25,"key":"Happy Flower"},{"floor":26,"key":"Tiny Chest"},{"floor":38,"key":"Incense Burner"},{"floor":43,"key":"Letter Opener"},{"floor":43,"key":"Paper Crane"},{"floor":46,"key":"Vajra"},{"floor":54,"key":"HornCleat"}],"event_choices":[{"cards_removed":["Strike_G"],"damage_healed":0,"gold_gain":0,"player_choice":"Card Removal","damage_taken":7,"max_hp_gain":0,"max_hp_loss":0,"event_name":"Golden Wing","floor":2,"gold_loss":0},{"cards_removed":["Strike_G"],"damage_healed":0,"gold_gain":0,"player_choice":"Card Removal","damage_taken":0,"max_hp_gain":0,"max_hp_loss":0,"event_name":"The Cleric","floor":3,"gold_loss":50},{"damage_healed":0,"gold_gain":0,"player_choice":"Got Potions","damage_taken":0,"max_hp_gain":0,"max_hp_loss":0,"event_name":"Lab","floor":13,"gold_loss":0},{"cards_removed":["Strike_G"],"damage_healed":0,"gold_gain":0,"player_choice":"Give","damage_taken":0,"max_hp_gain":0,"max_hp_loss":0,"event_name":"betterNote:BetterNote","floor":19,"gold_loss":0,"cards_obtained":["Strike_R"]},{"damage_healed":0,"gold_gain":0,"player_choice":"Read","damage_taken":0,"max_hp_gain":0,"max_hp_loss":0,"event_name":"The Library","floor":24,"gold_loss":0,"cards_obtained":["Infinite Blades"]},{"damage_healed":0,"gold_gain":99,"player_choice":"Stole From Cult","damage_taken":0,"max_hp_gain":0,"max_hp_loss":0,"event_name":"Nest","floor":29,"gold_loss":0},{"damage_healed":0,"gold_gain":0,"player_choice":"Paid","damage_taken":0,"relics_obtained":["Red Mask"],"max_hp_gain":0,"max_hp_loss":0,"event_name":"Tomb of Lord Red Mask","floor":37,"gold_loss":71},{"damage_healed":0,"gold_gain":0,"player_choice":"Fight","damage_taken":0,"max_hp_gain":0,"max_hp_loss":0,"event_name":"Mysterious Sphere","floor":38,"gold_loss":0}],"is_beta":false,"boss_relics":[{"not_picked":["Empty Cage","Runic Pyramid"],"picked":"Ectoplasm"},{"not_picked":["Black Star","Astrolabe"],"picked":"Philosopher\u0027s Stone"}],"items_purged_floors":[],"is_endless":false,"potions_floor_spawned":[1,5,8,16,21,22,30,31,33,35,38,41,42,48,54],"killed_by":"The Heart","ascension_level":0}}