{"host":"mi0eibewekhugwl1","time":1614173572,"event":{"mods":["AchievementEnabler","BaseMod","Colored Map","Colored Powertips","DeckTracker","Keyboard Shortcuts","Minty Spire (QoL Compilation)","Quick Restart","Rare Cards Sparkle","Relic Stats","StSLib","SuperFastMode","everything is the same but u backflip on backflip"],"gold_per_floor":[117,117,62,62,212,242,242,242,269,269,284,295,13,23,23,94,94,108,108,108,118,145,145,45,45,117,136,24,41,52,52,52,125,125,135,135,147,157,182,182,404,404,404,416,416,427,444,444,444],"floor_reached":48,"language":"KOR","playtime":935,"items_purged":["Strike_G","Decay"],"score":960,"play_id":"5dd3df47-c702-43f1-b7db-48565f363ec6","local_time":"20210224223252","is_ascension_mode":true,"campfire_choices":[{"data":"Deadly Poison","floor":10,"key":"SMITH"},{"data":"Bouncing Flask","floor":15,"key":"SMITH"},{"floor":23,"key":"REST"},{"data":"Venomology","floor":25,"key":"SMITH"},{"floor":32,"key":"REST"},{"floor":40,"key":"REST"},{"data":"Apotheosis","floor":42,"key":"SMITH"},{"floor":45,"key":"REST"}],"circlet_count":0,"master_deck":["AscendersBane","Strike_G","Strike_G","Strike_G","Strike_G+1","Defend_G","Defend_G+1","Defend_G","Defend_G","Defend_G","Survivor","Neutralize","Dash","Dagger Spray","Deadly Poison+1","Bouncing Flask+1","Venomology+1","Die Die Die","After Image","Leg Sweep","Catalyst","Footwork","Burst","Adrenaline","Apotheosis+1","Pain","Blur","Backflip+1","Prepared+1"],"relics":["Ring of the Snake","NeowsBlessing","Regal Pillow","Ancient Tea Set","Orrery","Cursed Key","Red Mask","Pear","SacredBark","Unceasing Top"],"acts_visited":["Exordium","TheCity","TheBeyond"],"potions_floor_usage":[16,21,22,29,29,30,33,33,38,39,39,46,47,47,48,48],"damage_taken":[{"damage":0,"enemies":"2 Louse","floor":1,"turns":1},{"damage":0,"enemies":"Lagavulin","floor":6,"turns":1},{"damage":0,"enemies":"Jaw Worm","floor":11,"turns":1},{"damage":0,"enemies":"Small Slimes","floor":12,"turns":4},{"damage":8,"enemies":"3 Louse","floor":14,"turns":2},{"damage":29,"enemies":"The Guardian","floor":16,"turns":9},{"damage":10,"enemies":"Spheric Guardian","floor":18,"turns":4},{"damage":15,"enemies":"Chosen","floor":21,"turns":5},{"damage":54,"enemies":"Masked Bandits","floor":22,"turns":6},{"damage":0,"enemies":"Snecko","floor":27,"turns":5},{"damage":16,"enemies":"Snake Plant","floor":29,"turns":5},{"damage":7,"enemies":"Shelled Parasite and Fungi","floor":30,"turns":5},{"damage":64,"enemies":"Champ","floor":33,"turns":11},{"damage":14,"enemies":"3 Shapes","floor":35,"turns":10},{"damage":1,"enemies":"Orb Walker","floor":37,"turns":4},{"damage":25,"enemies":"Spire Growth","floor":38,"turns":4},{"damage":6,"enemies":"Mind Bloom Boss Battle","floor":39,"turns":8},{"damage":9,"enemies":"4 Shapes","floor":44,"turns":8},{"damage":21,"enemies":"Transient","floor":46,"turns":6},{"damage":33,"enemies":"Sphere and 2 Shapes","floor":47,"turns":12},{"damage":58,"enemies":"Giant Head","floor":48,"turns":5}],"seed_played":"5906721353181831821","potions_obtained":[{"floor":6,"key":"Swift Potion"},{"floor":29,"key":"Strength Potion"}],"is_trial":false,"path_per_floor":["M","?","$","?","?","E","?","?","T","R","M","M","$","M","R","B",null,"M","?","?","M","?","R","$","R","T","M","$","M","M","?","R","B",null,"M","?","M","M","?","R","?","R","T","M","R","M","M","E"],"character_chosen":"THE_SILENT","items_purchased":["Dagger Spray","Bouncing Flask","Orrery","Catalyst","Footwork"],"campfire_rested":4,"item_purchase_floors":[3,13,13,28,28],"current_hp_per_floor":[59,64,64,64,64,64,64,43,43,43,43,43,43,35,35,6,55,45,45,45,30,15,51,51,51,61,61,61,45,38,38,77,13,64,50,50,49,24,18,57,57,57,57,48,81,60,27,0,0],"gold":444,"neow_bonus":"THREE_ENEMY_KILL","is_daily":false,"chose_seed":false,"campfire_upgraded":4,"win_rate":0.0,"timestamp":1614173572,"path_taken":["M","?","$","?","?","E","?","?","T","R","M","M","$","M","R","BOSS","M","?","?","M","?","R","$","R","T","M","$","M","M","?","R","BOSS","M","?","M","M","?","R","?","R","T","M","R","M","?","E"],"items_purchased_type":["Card","Card","Relic","Card","Card"],"build_version":"2020-12-22","purchased_purges":2,"victory":false,"max_hp_per_floor":[66,71,71,71,71,71,71,71,71,71,71,71,71,71,71,71,71,71,71,71,71,71,71,71,71,81,81,81,81,81,81,81,81,81,81,81,81,81,81,81,81,81,81,81,81,81,81,81,81],"relic_stats":{"Regal Pillow":54,"counters":[21,116],"Cursed Key":2,"obtain_stats":[{"Regal Pillow":6,"Pear":26,"NeowsBlessing":0,"SacredBark":34,"Orrery":13,"Red Mask":22,"Ancient Tea Set":9,"Cursed Key":17,"Unceasing Top":39,"Ring of the Snake":0},{"Regal Pillow":2,"Pear":9,"NeowsBlessing":0,"SacredBark":13,"Orrery":4,"Red Mask":9,"Ancient Tea Set":2,"Cursed Key":6,"Unceasing Top":17,"Ring of the Snake":0},{"Regal Pillow":2,"Pear":33,"NeowsBlessing":0,"SacredBark":59,"Orrery":7,"Red Mask":33,"Ancient Tea Set":2,"Cursed Key":18,"Unceasing Top":85,"Ring of the Snake":0}],"Unceasing Top":[1],"Ring of the Snake":[42]},"card_choices":[{"not_picked":["Bane","Dodge and Roll"],"picked":"Dash","floor":1},{"not_picked":["Dagger Spray","Finisher"],"picked":"Deadly Poison","floor":6},{"not_picked":["Dodge and Roll","Slice","Dagger Spray"],"picked":"SKIP","floor":11},{"not_picked":["Quick Slash","Reflex","Cloak And Dagger"],"picked":"SKIP","floor":12},{"not_picked":["All Out Attack","Dash"],"picked":"Venomology","floor":13},{"not_picked":["PiercingWail","Tactician"],"picked":"Die Die Die","floor":13},{"not_picked":["Poisoned Stab","Sucker Punch","Prepared"],"picked":"SKIP","floor":14},{"not_picked":["Phantasmal Killer","Venomology"],"picked":"After Image","floor":16},{"not_picked":["Poisoned Stab+1","Deflect"],"picked":"Leg Sweep","floor":18},{"not_picked":["Setup","Blade Dance","Slice"],"picked":"SKIP","floor":21},{"not_picked":["Dagger Spray","Dagger Throw","Cloak And Dagger"],"picked":"SKIP","floor":27},{"not_picked":["Dagger Spray","Accuracy"],"picked":"Burst","floor":29},{"not_picked":["Backstab","Blade Dance+1","Bane"],"picked":"SKIP","floor":30},{"not_picked":["Venomology","Envenom"],"picked":"Adrenaline","floor":33},{"not_picked":["Deadly Poison","Poisoned Stab","Masterful Stab"],"picked":"SKIP","floor":35},{"not_picked":["Impatience","Deep Breath"],"picked":"Apotheosis","floor":36},{"not_picked":["Prepared","Riddle With Holes","Deadly Poison"],"picked":"SKIP","floor":37},{"not_picked":["Flechettes","Outmaneuver","Deadly Poison"],"picked":"SKIP","floor":38},{"not_picked":["Poisoned Stab","Dash"],"picked":"Blur","floor":44},{"not_picked":["All Out Attack","Prepared"],"picked":"Backflip+1","floor":46},{"not_picked":["Blade Dance+1","Flying Knee"],"picked":"Prepared+1","floor":47}],"player_experience":1822420,"relics_obtained":[{"floor":6,"key":"Regal Pillow"},{"floor":9,"key":"Ancient Tea Set"},{"floor":22,"key":"Red Mask"},{"floor":26,"key":"Pear"},{"floor":39,"key":"Unceasing Top"}],"event_choices":[{"damage_healed":0,"gold_gain":0,"player_choice":"Donut","damage_taken":0,"max_hp_gain":5,"max_hp_loss":0,"event_name":"Big Fish","floor":2,"gold_loss":0},{"damage_healed":0,"gold_gain":0,"player_choice":"Leave","damage_taken":0,"max_hp_gain":0,"max_hp_loss":0,"event_name":"The Cleric","floor":4,"gold_loss":0},{"damage_healed":0,"gold_gain":150,"player_choice":"AGREE","damage_taken":0,"max_hp_gain":0,"max_hp_loss":0,"event_name":"Liars Game","floor":5,"gold_loss":0,"cards_obtained":["Doubt"]},{"cards_removed":["Doubt"],"damage_healed":0,"gold_gain":0,"player_choice":"Forget","damage_taken":0,"max_hp_gain":0,"max_hp_loss":0,"event_name":"Living Wall","floor":7,"gold_loss":0},{"damage_healed":0,"gold_gain":0,"player_choice":"Entered Light","damage_taken":21,"max_hp_gain":0,"max_hp_loss":0,"event_name":"Shining Light","floor":8,"gold_loss":0,"cards_upgraded":["Defend_G","Strike_G"]},{"damage_healed":0,"gold_gain":0,"player_choice":"Ignored","damage_taken":0,"max_hp_gain":0,"max_hp_loss":0,"event_name":"Cursed Tome","floor":19,"gold_loss":0},{"damage_healed":0,"gold_gain":0,"player_choice":"Smashed Altar","damage_taken":0,"max_hp_gain":0,"max_hp_loss":0,"event_name":"Forgotten Altar","floor":20,"gold_loss":0,"cards_obtained":["Decay"]},{"damage_healed":0,"gold_gain":0,"player_choice":"Fought Bandits","damage_taken":0,"max_hp_gain":0,"max_hp_loss":0,"event_name":"Masked Bandits","floor":22,"gold_loss":0},{"cards_removed":["Injury"],"damage_healed":0,"gold_gain":0,"player_choice":"Elegance","damage_taken":0,"max_hp_gain":0,"max_hp_loss":0,"event_name":"Back to Basics","floor":31,"gold_loss":0},{"damage_healed":0,"gold_gain":0,"player_choice":"Memory 1","damage_taken":0,"max_hp_gain":0,"max_hp_loss":0,"event_name":"SensoryStone","floor":36,"gold_loss":0},{"damage_healed":0,"gold_gain":0,"player_choice":"Fight","damage_taken":0,"max_hp_gain":0,"max_hp_loss":0,"event_name":"MindBloom","floor":39,"gold_loss":0},{"damage_healed":0,"gold_gain":222,"player_choice":"Wore Mask","damage_taken":0,"max_hp_gain":0,"max_hp_loss":0,"event_name":"Tomb of Lord Red Mask","floor":41,"gold_loss":0}],"is_beta":false,"boss_relics":[{"not_picked":["Pandora\u0027s Box","Busted Crown"],"picked":"Cursed Key"},{"not_picked":["Black Star","Fusion Hammer"],"picked":"SacredBark"}],"items_purged_floors":[13,24],"is_endless":false,"potions_floor_spawned":[6,21,27,29,37,38,46],"killed_by":"Giant Head","ascension_level":20}}