{"host":"rwiy0nr47d6nmxat","time":1614201228,"event":{"mods":["2.2 Compatiblity","AchievementEnabler","Act Like it!","Aspiration","BaseMod","Better Note","Better Sensory Stone","Block Reminder","Challenge The Spire","Colored Map","Colored Powertips","Conspire","Elementarium","Highlight Path","Hubris","Infinite Spire","Mad Scientist","Minty Spire (QoL Compilation)","Permanent Neow","Quick Restart","Rare Cards Sparkle","Replay The Spire","StSLib","SuperFastMode","The Cursed","TheFirefly","slay the spire mod where everything is the same but ironclad has a cowboy hat"],"gold_per_floor":[109,123,139,149,168,197,217,25,25,39,53,78,94,94,94],"floor_reached":14,"language":"ENG","playtime":2489,"items_purged":[],"score":108,"play_id":"197aeaf7-7332-48e7-adad-c81ab69aec12","local_time":"20210224161348","is_ascension_mode":false,"campfire_choices":[],"circlet_count":0,"master_deck":["Strike_B","Strike_B","Strike_B","Strike_B","Defend_B","Defend_B","Defend_B","Defend_B","Zap","Dualcast","Steam","Genetic Algorithm","Turbo","FIFO Queue","Double Energy","Leap","Go for the Eyes","Steam+1","Heavy Blade","Loop","Ball Lightning","FIFO Queue"],"relics":["Cracked Core","NeowsBlessing","hubris:Metronome","aspiration:Nostalgia","Iron Core","InkBottle","Orichalcum"],"acts_visited":["Exordium"],"potions_floor_usage":[6,6,12,12,14,14],"damage_taken":[{"damage":0,"enemies":"2 Louse","floor":1,"turns":1},{"damage":0,"enemies":"Cultist","floor":2,"turns":1},{"damage":0,"enemies":"Jaw Worm","floor":3,"turns":1},{"damage":0,"enemies":"Large Slime","floor":4,"turns":5},{"damage":7,"enemies":"Exordium Thugs","floor":5,"turns":6},{"damage":45,"enemies":"Gremlin Nob","floor":6,"turns":5},{"damage":3,"enemies":"Looter","floor":7,"turns":4},{"damage":0,"enemies":"2 Fungi Beasts","floor":10,"turns":3},{"damage":0,"enemies":"Exordium Wildlife","floor":11,"turns":4},{"damage":11,"enemies":"3 Sentries","floor":12,"turns":7},{"damage":0,"enemies":"Blue Slaver","floor":13,"turns":2},{"damage":24,"enemies":"Gremlin Nob","floor":14,"turns":4}],"seed_played":"2257634734728468610","potions_obtained":[{"floor":1,"key":"Block Potion"},{"floor":2,"key":"Adrenaline Potion"},{"floor":6,"key":"SteroidPotion"},{"floor":7,"key":"Energy Potion"},{"floor":12,"key":"GamblersBrew"},{"floor":13,"key":"Energy Potion"}],"is_trial":false,"path_per_floor":["M","M","M","M","M","E","M","$","T","M","M","E","M","E"],"character_chosen":"DEFECT","items_purchased":["aspiration:Nostalgia","Steam+1"],"campfire_rested":0,"item_purchase_floors":[8,8],"current_hp_per_floor":[75,75,75,75,68,23,20,20,20,20,20,9,9,0,0],"gold":94,"neow_bonus":"THREE_ENEMY_KILL","is_daily":false,"chose_seed":false,"campfire_upgraded":0,"win_rate":0.0,"timestamp":1614201228,"path_taken":["M","M","M","M","M","E","M","$","T","M","M","E","M","E"],"items_purchased_type":["Relic","Card"],"build_version":"2020-12-22","purchased_purges":0,"victory":false,"max_hp_per_floor":[75,75,75,75,75,75,75,75,75,75,75,75,75,75,75],"card_choices":[{"not_picked":["Streamline","Barrage"],"picked":"Steam","floor":1},{"not_picked":["ReplayTheSpireMod:Dual Polarity","Go for the Eyes"],"picked":"Genetic Algorithm","floor":2},{"not_picked":["Steam","ReplayTheSpireMod:Reroute Power"],"picked":"Turbo","floor":3},{"not_picked":["Conserve Battery","Time Bomb"],"picked":"FIFO Queue","floor":4},{"not_picked":["ReplayTheSpireMod:Calculation Training","Coolheaded"],"picked":"Double Energy","floor":5},{"not_picked":["Gash","Rebound"],"picked":"Leap","floor":6},{"not_picked":["Defragment","Consume"],"picked":"Go for the Eyes","floor":7},{"not_picked":["Body Slam","Offering"],"picked":"Heavy Blade","floor":10},{"not_picked":["Recycle","ReplaySort"],"picked":"Loop","floor":11},{"not_picked":["BasicCrystalCard","Heavy Blade"],"picked":"Ball Lightning","floor":12},{"not_picked":["Gash","Time Bomb"],"picked":"FIFO Queue","floor":13}],"player_experience":62298,"relics_obtained":[{"floor":6,"key":"hubris:Metronome"},{"floor":9,"key":"InkBottle"},{"floor":12,"key":"Orichalcum"}],"event_choices":[],"is_beta":false,"boss_relics":[],"items_purged_floors":[],"is_endless":false,"potions_floor_spawned":[1,2,6,7,12,13],"killed_by":"Gremlin Nob","ascension_level":0}}