{"host":"h4s2ow0cl6kdwaz8","time":1614166346,"event":{"mods":["AchievementEnabler","BaseMod","Bestiary","Colored Map","Minty Spire (QoL Compilation)","Permanent Neow","Relic Stats"],"gold_per_floor":[112,130,146,162,162,194,194,211,237,251,103,103,103],"floor_reached":12,"language":"ENG","playtime":728,"items_purged":["Strike_R"],"score":86,"play_id":"644bf445-db63-4264-9fe3-dc07a96e2de3","local_time":"20210224113226","is_ascension_mode":true,"campfire_choices":[],"circlet_count":0,"master_deck":["Strike_R","Strike_R","Strike_R","Defend_R","Defend_R","Defend_R","Defend_R","Bash","Reaper","Iron Wave","Shrug It Off","Evolve","Burning Pact","Dark Embrace","Feel No Pain","Shrug It Off","Armaments"],"relics":["Burning Blood","HornCleat","Ancient Tea Set","Pen Nib"],"acts_visited":["Exordium"],"potions_floor_usage":[],"damage_taken":[{"damage":0,"enemies":"Small Slimes","floor":1,"turns":3},{"damage":7,"enemies":"Jaw Worm","floor":2,"turns":5},{"damage":1,"enemies":"2 Louse","floor":3,"turns":2},{"damage":7,"enemies":"Exordium Wildlife","floor":4,"turns":5},{"damage":22,"enemies":"3 Sentries","floor":6,"turns":11},{"damage":4,"enemies":"Blue Slaver","floor":8,"turns":6},{"damage":10,"enemies":"3 Louse","floor":10,"turns":5},{"damage":0,"enemies":"Lagavulin","floor":12,"turns":1}],"seed_played":"7426936803001662739","potions_obtained":[{"floor":1,"key":"BlessingOfTheForge"},{"floor":3,"key":"ColorlessPotion"},{"floor":10,"key":"GamblersBrew"}],"is_trial":false,"path_per_floor":["M","M","M","M","?","E","?","M","T","M","$","E"],"character_chosen":"IRONCLAD","items_purchased":["Shrug It Off","Armaments"],"campfire_rested":0,"item_purchase_floors":[11,11],"current_hp_per_floor":[80,79,80,79,76,68,61,67,67,75,75,75,75],"gold":103,"neow_bonus":"ONE_RANDOM_RARE_CARD","is_daily":false,"chose_seed":false,"campfire_upgraded":0,"win_rate":0.0,"timestamp":1614166346,"path_taken":["M","M","M","M","?","E","?","M","T","M","?","E"],"items_purchased_type":["Card","Card"],"build_version":"2020-12-22","purchased_purges":1,"victory":false,"max_hp_per_floor":[80,80,80,80,80,80,80,80,80,80,80,80,80],"relic_stats":{"counters":[8,38],"Pen Nib":[0],"obtain_stats":[{"HornCleat":5,"Pen Nib":9,"Ancient Tea Set":6,"Burning Blood":0},{"HornCleat":4,"Pen Nib":6,"Ancient Tea Set":5,"Burning Blood":0},{"HornCleat":15,"Pen Nib":32,"Ancient Tea Set":26,"Burning Blood":0}],"Burning Blood":32},"card_choices":[{"not_picked":["Bloodletting","Sword Boomerang"],"picked":"Iron Wave","floor":1},{"not_picked":["Power Through","Havoc"],"picked":"Shrug It Off","floor":2},{"not_picked":["Wild Strike","Dropkick"],"picked":"Evolve","floor":3},{"not_picked":["Clash","Sever Soul"],"picked":"Burning Pact","floor":4},{"not_picked":["Perfected Strike","Flex","Sever Soul"],"picked":"SKIP","floor":6},{"not_picked":["Rampage","Whirlwind"],"picked":"Dark Embrace","floor":8},{"not_picked":["Clothesline","Heavy Blade"],"picked":"Feel No Pain","floor":10}],"player_experience":192993,"relics_obtained":[{"floor":6,"key":"Ancient Tea Set"},{"floor":9,"key":"Pen Nib"}],"event_choices":[{"damage_healed":0,"gold_gain":0,"player_choice":"Success","damage_taken":3,"relics_obtained":["HornCleat"],"max_hp_gain":0,"max_hp_loss":0,"event_name":"Scrap Ooze","floor":5,"gold_loss":0},{"cards_removed":["Strike_R"],"damage_healed":0,"gold_gain":0,"player_choice":"Card Removal","damage_taken":7,"max_hp_gain":0,"max_hp_loss":0,"event_name":"Golden Wing","floor":7,"gold_loss":0}],"is_beta":false,"boss_relics":[],"items_purged_floors":[11],"is_endless":false,"potions_floor_spawned":[1,3,10],"killed_by":"Lagavulin","ascension_level":1}}