{"host":"1t0llcfp0lo7rmr4","time":1614167719,"event":{"mods":["AchievementEnabler","Aspiration","BaseMod","Beaked The Cultist","Better Note","Block Reminder","Colored Powertips","GifTheSpireLib","Hermit","Hubris","Jorbs\u0027s Wanderer Trilogy","Minty Spire (QoL Compilation)","Permanent Neow","Potionbrewer","Quick Restart","Relic Filter","Replay The Spire","StSLib","SuperFastMode","The Bladedancer","The Bug Knight","The Cursed","The Death Knight","The Druid","The Elementalist","The Exalted","The Forsaken","The Judge","The Poker Player","The Runesmith"],"gold_per_floor":[114,164,184,201,201,227,237,237,237,237,248,275,275,308,308,410,410,430,444,444,444],"floor_reached":20,"language":"ENG","playtime":1148,"items_purged":[],"score":304,"play_id":"d7f194ac-41dc-472a-9038-8d52016a0ce6","local_time":"20210224225519","is_ascension_mode":true,"campfire_choices":[{"floor":10.0,"key":"REST"},{"floor":13.0,"key":"REST"},{"floor":15.0,"key":"REST"}],"circlet_count":0,"master_deck":["DeathKnight:Strike_DeathKnight","DeathKnight:Strike_DeathKnight","DeathKnight:Strike_DeathKnight","DeathKnight:Strike_DeathKnight","DeathKnight:Strike_DeathKnight","DeathKnight:Defend_DeathKnight","DeathKnight:Defend_DeathKnight","DeathKnight:Defend_DeathKnight","DeathKnight:Defend_DeathKnight","DeathKnight:Defend_DeathKnight","DeathKnight:RuneTap","DeathKnight:RuneStrike","DeathKnight:VampiricBlood","DeathKnight:BloodStrike","Languid","DeathKnight:BloodStrike","DeathKnight:BloodPact","Pot Of Greed","Pot Of Greed","DeathKnight:GargoyleSkin","DeathKnight:ReapingStrike+1","DeathKnight:Hysteria+1","hubris:Gluttony","DeathKnight:Simulacrum+1","DeathKnight:MindFreeze+1","DeathKnight:MarkOfBlood+1","Pot Of Greed","Doubt","DeathKnight:IceboundArmor+1","Parasite","Voices","Sickly","beaked:Hexing"],"relics":["DeathKnight:BrokenRuneblade","Ring of Hypnosis","Ring of Greed","Golden Egg","Membership Card","DeathKnight:TomeOfFrostSpecialization","Grinning Jar","hubris:Towel","theForsaken:Gavel","hubris:OldNail","aspiration:BeakedSkillbook"],"acts_visited":["TheCity"],"potions_floor_usage":[],"damage_taken":[{"damage":3.0,"enemies":"Cultist","floor":1.0,"turns":4.0},{"damage":0.0,"enemies":"Small Slimes","floor":3.0,"turns":3.0},{"damage":4.0,"enemies":"2 Louse","floor":4.0,"turns":2.0},{"damage":14.0,"enemies":"Lagavulin","floor":6.0,"turns":7.0},{"damage":23.0,"enemies":"Large Slime","floor":7.0,"turns":6.0},{"damage":9.0,"enemies":"3 Louse","floor":11.0,"turns":5.0},{"damage":24.0,"enemies":"Gremlin Nob","floor":12.0,"turns":4.0},{"damage":30.0,"enemies":"Lagavulin","floor":14.0,"turns":8.0},{"damage":22.0,"enemies":"Slime Boss","floor":16.0,"turns":15.0},{"damage":45.0,"enemies":"Spheric Guardian","floor":18.0,"turns":8.0},{"damage":10,"enemies":"2 Thieves","floor":19,"turns":3},{"damage":27,"enemies":"Snecko","floor":20,"turns":5}],"seed_played":"-6762294896805877776","potions_obtained":[{"floor":3.0,"key":"Fruit Juice"},{"floor":7.0,"key":"ColorlessPotion"},{"floor":12.0,"key":"DeathKnight:RimePotion"},{"floor":18.0,"key":"potionbrewer:BlacksmithPotion"}],"is_trial":false,"path_per_floor":["M","?","M","M","?","E","M","?","T","R","M","E","R","E","R","B",null,"M","M","M"],"character_chosen":"DEATH_KNIGHT","items_purchased":[],"campfire_rested":3,"item_purchase_floors":[],"current_hp_per_floor":[72,72,77,73,61,47,24,24,24,48,39,15,39,9,33,11,80,35,25,0,0],"gold":444,"neow_bonus":"ONE_RANDOM_RARE_CARD","is_daily":false,"chose_seed":false,"campfire_upgraded":0,"win_rate":0.0,"timestamp":1614167719,"path_taken":["M","?","M","M","?","E","M","?","T","R","M","E","R","E","R","BOSS","M","M","M"],"items_purchased_type":[],"build_version":"2020-12-22","purchased_purges":0,"victory":false,"max_hp_per_floor":[75,75,80,80,80,80,80,80,80,80,80,80,80,80,80,80,80,80,80,80,80],"card_choices":[{"not_picked":["DeathKnight:DeathCoil","DeathKnight:FrosPresence"],"picked":"DeathKnight:BloodStrike","floor":1.0},{"not_picked":["DeathKnight:PathOfFrost","DeathKnight:RuneShock"],"picked":"DeathKnight:BloodStrike","floor":3.0},{"not_picked":["DeathKnight:BladedArmor","DeathKnight:DeathAndDecay"],"picked":"DeathKnight:BloodPact","floor":4.0},{"not_picked":["DeathKnight:Hemostasis","DeathKnight:Rot"],"picked":"DeathKnight:GargoyleSkin","floor":6.0},{"not_picked":["DeathKnight:PillarOfFrost","DeathKnight:BloodStrike"],"picked":"DeathKnight:ReapingStrike","floor":7.0},{"not_picked":["DeathKnight:Contagion","DeathKnight:BoneSpear"],"picked":"DeathKnight:Hysteria","floor":11.0},{"not_picked":["DeathKnight:WraithWalk","DeathKnight:DeathRune"],"picked":"DeathKnight:Simulacrum","floor":12.0},{"not_picked":["DeathKnight:HartStrike","DeathKnight:DreadStrike"],"picked":"DeathKnight:MindFreeze+1","floor":14.0},{"not_picked":["DeathKnight:ReapingStrike","DeathKnight:RunicDetonation"],"picked":"DeathKnight:MarkOfBlood","floor":16.0},{"not_picked":["DeathKnight:BludPresence","beaked:Windmill","DeathKnight:PillarOfFrost"],"picked":"DeathKnight:IceboundArmor+1","floor":18.0},{"not_picked":["beaked:BraceForImpact","DeathKnight:RuneShock","beaked:Recite"],"picked":"beaked:Hexing","floor":19}],"player_experience":874061,"relics_obtained":[{"floor":2.0,"key":"Ring of Hypnosis"},{"floor":2.0,"key":"Ring of Greed"},{"floor":2.0,"key":"Golden Egg"},{"floor":2.0,"key":"Membership Card"},{"floor":6.0,"key":"Grinning Jar"},{"floor":12.0,"key":"theForsaken:Gavel"},{"floor":14.0,"key":"hubris:OldNail"}],"event_choices":[{"damage_healed":0.0,"max_hp_gain":0.0,"max_hp_loss":0.0,"gold_gain":0.0,"event_name":"Scrap Ooze","player_choice":"Success","floor":5.0,"gold_loss":0.0,"damage_taken":12.0,"relics_obtained":["DeathKnight:TomeOfFrostSpecialization"]}],"is_beta":false,"boss_relics":[{"not_picked":["Tiny House","hubris:HollowSoul"],"picked":"aspiration:BeakedSkillbook"}],"items_purged_floors":[],"is_endless":false,"potions_floor_spawned":[3,7,12,18],"killed_by":"Snecko","ascension_level":1}}