{"host":"7wi4qgm5yw4j7oz0","time":1614176183,"event":{"mods":["AchievementEnabler","BaseMod","Block Reminder","Colored Map","Colored Powertips","Highlight Path","Minty Spire (QoL Compilation)","Permanent Neow","Random Character Button","StSLib","SuperFastMode","everything is the same but u backflip on backflip"],"gold_per_floor":[116,116,140,140,163,163,204,204,204,204,227,241,241,256,256,355,355,374,394,419,419,432,432,432,432],"floor_reached":24,"language":"KOR","playtime":833,"items_purged":[],"score":380,"play_id":"0c5d5595-d9f2-47e8-8e1d-7e3ba7150fc2","local_time":"20210224231623","is_ascension_mode":true,"campfire_choices":[{"data":"Demon Form","floor":6.0,"key":"SMITH"},{"floor":8.0,"key":"REST"},{"data":"Heavy Blade","floor":10.0,"key":"SMITH"},{"data":"Armaments","floor":15.0,"key":"SMITH"},{"data":"Feed","floor":23.0,"key":"SMITH"}],"circlet_count":0,"master_deck":["AscendersBane","Strike_R","Strike_R","Strike_R","Strike_R","Strike_R","Defend_R","Defend_R","Defend_R","Defend_R","Bash","Spot Weakness","Shrug It Off","Demon Form+1","Cleave","Heavy Blade+1","Armaments+1","Disarm","Ghostly Armor","Feed+1"],"relics":["Burning Blood","NeowsBlessing","Golden Idol","The Courier","TungstenRod","Sozu"],"acts_visited":["Exordium","TheCity"],"potions_floor_usage":[],"damage_taken":[{"damage":0.0,"enemies":"Small Slimes","floor":1.0,"turns":1.0},{"damage":0.0,"enemies":"Jaw Worm","floor":3.0,"turns":1.0},{"damage":0.0,"enemies":"Cultist","floor":5.0,"turns":1.0},{"damage":32.0,"enemies":"Gremlin Nob","floor":7.0,"turns":4.0},{"damage":21.0,"enemies":"Blue Slaver","floor":11.0,"turns":4.0},{"damage":10.0,"enemies":"Exordium Thugs","floor":12.0,"turns":4.0},{"damage":2.0,"enemies":"2 Fungi Beasts","floor":14.0,"turns":4.0},{"damage":29.0,"enemies":"The Guardian","floor":16.0,"turns":9.0},{"damage":5.0,"enemies":"Chosen","floor":18.0,"turns":4.0},{"damage":9.0,"enemies":"Shell Parasite","floor":19.0,"turns":5.0},{"damage":13.0,"enemies":"Snecko","floor":20.0,"turns":6.0},{"damage":10.0,"enemies":"3 Cultists","floor":22.0,"turns":4.0},{"damage":62,"enemies":"Gremlin Leader","floor":24,"turns":5}],"seed_played":"2954493258935806198","potions_obtained":[{"floor":1.0,"key":"Strength Potion"},{"floor":3.0,"key":"CultistPotion"},{"floor":5.0,"key":"LiquidBronze"},{"floor":12.0,"key":"SkillPotion"},{"floor":14.0,"key":"Fruit Juice"}],"is_trial":false,"path_per_floor":["M","?","M","?","M","R","E","R","T","R","M","M","?","M","R","B",null,"M","M","M","?","M","R","E"],"character_chosen":"IRONCLAD","items_purchased":[],"campfire_rested":1,"item_purchase_floors":[],"current_hp_per_floor":[74,48,54,54,60,60,34,56,56,56,41,37,37,46,46,23,66,67,64,57,57,53,53,0,0],"gold":432,"neow_bonus":"THREE_ENEMY_KILL","is_daily":false,"chose_seed":false,"campfire_upgraded":4,"win_rate":0.0,"timestamp":1614176183,"path_taken":["M","?","M","?","M","R","E","R","T","R","?","M","?","M","R","BOSS","M","M","M","?","M","R","E"],"items_purchased_type":[],"build_version":"2020-12-22","purchased_purges":0,"victory":false,"max_hp_per_floor":[75,75,75,75,75,75,75,75,75,75,75,75,75,80,80,80,80,80,80,80,80,80,80,80,80],"card_choices":[{"not_picked":["Infernal Blade","Sword Boomerang"],"picked":"Spot Weakness","floor":1.0},{"not_picked":["Warcry","Iron Wave"],"picked":"Shrug It Off","floor":3.0},{"not_picked":["Sentinel","Body Slam"],"picked":"Cleave","floor":5.0},{"not_picked":["Power Through","Body Slam"],"picked":"Heavy Blade","floor":7.0},{"not_picked":["Whirlwind","Wild Strike"],"picked":"Armaments","floor":11.0},{"not_picked":["Rampage","Thunderclap"],"picked":"Disarm","floor":12.0},{"not_picked":["Uppercut","Whirlwind"],"picked":"Ghostly Armor","floor":14.0},{"not_picked":["Barricade","Berserk"],"picked":"Feed","floor":16.0},{"not_picked":["Warcry","Wild Strike","Sever Soul"],"picked":"SKIP","floor":18.0},{"not_picked":["Armaments","Pommel Strike+1","Fire Breathing"],"picked":"SKIP","floor":19.0},{"not_picked":["Perfected Strike","Flex","Dark Embrace"],"picked":"SKIP","floor":20.0},{"not_picked":["Armaments","Headbutt","Wild Strike"],"picked":"SKIP","floor":22.0}],"player_experience":370505,"relics_obtained":[{"floor":7.0,"key":"The Courier"},{"floor":9.0,"key":"TungstenRod"}],"event_choices":[{"damage_healed":0.0,"max_hp_gain":0.0,"max_hp_loss":0.0,"gold_gain":0.0,"event_name":"Golden Idol","player_choice":"Take Damage","floor":2.0,"gold_loss":0.0,"damage_taken":26.0,"relics_obtained":["Golden Idol"]},{"damage_healed":0.0,"max_hp_gain":0.0,"max_hp_loss":0.0,"gold_gain":0.0,"event_name":"Match and Keep!","player_choice":"1 cards matched","floor":4.0,"gold_loss":0.0,"damage_taken":0.0,"cards_obtained":["Demon Form"]},{"damage_healed":0.0,"max_hp_gain":0.0,"max_hp_loss":0.0,"gold_gain":0.0,"event_name":"Shining Light","player_choice":"Ignored","floor":13.0,"gold_loss":0.0,"damage_taken":0.0},{"damage_healed":0.0,"max_hp_gain":0.0,"max_hp_loss":0.0,"gold_gain":0.0,"event_name":"Match and Keep!","player_choice":"0 cards matched","floor":21.0,"gold_loss":0.0,"damage_taken":0.0,"cards_obtained":[]}],"is_beta":false,"boss_relics":[{"not_picked":["Mark of Pain","Calling Bell"],"picked":"Sozu"}],"items_purged_floors":[],"is_endless":false,"potions_floor_spawned":[1,3,5,12,14,19,20],"killed_by":"Gremlin Leader","ascension_level":18}}