{"host":"sav7uxregyirlf69","time":1614129540,"event":{"mods":["AchievementEnabler","BaseMod","Colored Map","DeckTracker","Keyboard Shortcuts","Minty Spire (QoL Compilation)","READ ME - Guardian Mod","StSLib","SuperFastMode"],"gold_per_floor":[112,37,37,37,55,84,102,102,171,190,200,217,217,229,229,306,306,317,327,346,346,346],"floor_reached":21,"language":"KOR","playtime":394,"items_purged":["Strike_B"],"score":420,"play_id":"75fee4be-8958-4bf2-bfb9-c1f8d78b10bf","local_time":"20210224101900","is_ascension_mode":true,"campfire_choices":[{"data":"Dualcast","floor":8,"key":"SMITH"},{"data":"Go for the Eyes","floor":13,"key":"SMITH"},{"data":"Beam Cell","floor":15,"key":"SMITH"}],"circlet_count":0,"master_deck":["AscendersBane","Strike_B","Strike_B","Strike_B","Defend_B","Defend_B","Defend_B","Defend_B","Zap+1","Dualcast+1","Rebound","Beam Cell+1","Compile Driver","Go for the Eyes+1","Echo Form","Capacitor","Cold Snap","Seek","Defragment","Coolheaded","BootSequence"],"relics":["Cracked Core","NeowsBlessing","Omamori","Pantograph","Cursed Key"],"acts_visited":["Exordium","TheCity"],"potions_floor_usage":[16,18,20],"damage_taken":[{"damage":0,"enemies":"Small Slimes","floor":1,"turns":1},{"damage":0,"enemies":"Cultist","floor":5,"turns":1},{"damage":0,"enemies":"Gremlin Nob","floor":6,"turns":1},{"damage":0,"enemies":"2 Louse","floor":7,"turns":2},{"damage":11,"enemies":"2 Fungi Beasts","floor":10,"turns":3},{"damage":9,"enemies":"Lots of Slimes","floor":11,"turns":4},{"damage":4,"enemies":"Large Slime","floor":12,"turns":4},{"damage":1,"enemies":"3 Louse","floor":14,"turns":3},{"damage":11,"enemies":"Slime Boss","floor":16,"turns":8},{"damage":12,"enemies":"Chosen","floor":18,"turns":4},{"damage":22,"enemies":"2 Thieves","floor":19,"turns":5},{"damage":34,"enemies":"Chosen and Byrds","floor":20,"turns":6},{"damage":9,"enemies":"Snake Plant","floor":21,"turns":2}],"seed_played":"-2345115757502762311","potions_obtained":[{"floor":1,"key":"LiquidMemories"},{"floor":5,"key":"FearPotion"},{"floor":10,"key":"Fruit Juice"},{"floor":16,"key":"Weak Potion"},{"floor":19,"key":"Fire Potion"}],"is_trial":false,"path_per_floor":["M","$","?","$","M","E","M","R","T","M","M","M","R","M","R","B",null,"M","M","M","M"],"character_chosen":"DEFECT","items_purchased":[],"campfire_rested":0,"item_purchase_floors":[],"current_hp_per_floor":[64,64,64,64,64,64,64,64,64,53,44,40,40,39,39,53,67,55,33,4,0,0],"gold":346,"neow_bonus":"THREE_ENEMY_KILL","is_daily":false,"chose_seed":false,"campfire_upgraded":3,"win_rate":0.0,"timestamp":1614129540,"path_taken":["M","$","?","?","M","E","M","R","T","M","M","M","R","M","R","BOSS","M","M","?","M"],"items_purchased_type":[],"build_version":"2020-12-22","purchased_purges":1,"victory":false,"max_hp_per_floor":[71,71,71,71,71,71,71,71,71,71,71,71,71,71,71,71,71,71,71,76,76,76],"card_choices":[{"not_picked":["Blizzard","Steam"],"picked":"Rebound","floor":1},{"not_picked":["Turbo","Barrage"],"picked":"Beam Cell","floor":5},{"not_picked":["Reprogram","Stack"],"picked":"Compile Driver","floor":6},{"not_picked":["Leap","Fusion"],"picked":"Go for the Eyes","floor":7},{"not_picked":["Barrage","Redo","Rebound"],"picked":"SKIP","floor":10},{"not_picked":["Double Energy","Genetic Algorithm"],"picked":"Echo Form","floor":11},{"not_picked":["Reinforced Body","Turbo"],"picked":"Capacitor","floor":12},{"not_picked":["Genetic Algorithm","Conserve Battery"],"picked":"Cold Snap","floor":14},{"not_picked":["Meteor Strike","Machine Learning"],"picked":"Seek","floor":16},{"not_picked":["Streamline","Undo+1"],"picked":"Defragment","floor":18},{"not_picked":["Recycle+1","Hello World"],"picked":"Coolheaded","floor":19},{"not_picked":["Force Field","Coolheaded"],"picked":"BootSequence","floor":20}],"player_experience":1679064,"relics_obtained":[{"floor":6,"key":"Omamori"},{"floor":9,"key":"Pantograph"}],"event_choices":[{"damage_healed":0,"gold_gain":0,"player_choice":"Upgraded","damage_taken":0,"max_hp_gain":0,"max_hp_loss":0,"event_name":"Upgrade Shrine","floor":3,"gold_loss":0,"cards_upgraded":["Zap"]}],"is_beta":false,"boss_relics":[{"not_picked":["Inserter","Sozu"],"picked":"Cursed Key"}],"items_purged_floors":[2],"is_endless":false,"potions_floor_spawned":[1,5,10,16,19],"killed_by":"Snake Plant","ascension_level":20}}