{"host":"6bsan6hkua32tfq7","time":1614186586,"event":{"mods":["BaseMod","Better Third Choice","Colored Map","Highlight Path","Minty Spire (QoL Compilation)","StSLib"],"gold_per_floor":[18,33,33,50,69,69,94,19,95,95,107,107,126,158,158,232,232,251,251,267,281,281,281,313,327,353,353,353,353,372,383,383,383,383],"floor_reached":33,"language":"ENG","playtime":822,"items_purged":["Strike_B"],"score":558,"play_id":"c0b282ba-8f93-45d8-82ac-720c377da30f","local_time":"20210224180946","is_ascension_mode":true,"campfire_choices":[{"data":"Zap","floor":6,"key":"SMITH"},{"floor":10,"key":"REST"},{"data":"Dualcast","floor":12,"key":"SMITH"},{"data":"Go for the Eyes","floor":15,"key":"SMITH"},{"floor":23,"key":"REST"},{"floor":27,"key":"REST"},{"floor":29,"key":"REST"},{"floor":32,"key":"REST"}],"circlet_count":0,"master_deck":["AscendersBane","Strike_B","Strike_B","Strike_B","Defend_B","Defend_B","Defend_B","Zap+1","Dualcast+1","Melter","Streamline","Coolheaded","Go for the Eyes+1","Ball Lightning","Sweeping Beam","Sunder","Electrodynamics","Coolheaded","Injury","Conserve Battery+1","Defragment+1","Loop","Undo"],"relics":["Cracked Core","Incense Burner","Emotion Chip","Cables","MealTicket","Velvet Choker","Lantern","Letter Opener","Dream Catcher","betterThird:NestCultRelic"],"acts_visited":["Exordium","TheCity"],"potions_floor_usage":[5,16,21,24,33],"damage_taken":[{"damage":6,"enemies":"2 Louse","floor":1,"turns":3},{"damage":2,"enemies":"Jaw Worm","floor":2,"turns":4},{"damage":1,"enemies":"Cultist","floor":4,"turns":3},{"damage":6,"enemies":"Exordium Thugs","floor":5,"turns":3},{"damage":36,"enemies":"3 Sentries","floor":7,"turns":7},{"damage":4,"enemies":"3 Louse","floor":11,"turns":2},{"damage":0,"enemies":"2 Fungi Beasts","floor":13,"turns":3},{"damage":8,"enemies":"Lagavulin","floor":14,"turns":5},{"damage":14,"enemies":"Hexaghost","floor":16,"turns":9},{"damage":12,"enemies":"3 Byrds","floor":18,"turns":3},{"damage":0,"enemies":"Spheric Guardian","floor":20,"turns":2},{"damage":8,"enemies":"Centurion and Healer","floor":21,"turns":6},{"damage":32,"enemies":"Book of Stabbing","floor":24,"turns":5},{"damage":17,"enemies":"Snake Plant","floor":25,"turns":3},{"damage":27,"enemies":"Chosen and Byrds","floor":30,"turns":4},{"damage":7,"enemies":"Cultist and Chosen","floor":31,"turns":6},{"damage":50,"enemies":"Automaton","floor":33,"turns":6}],"seed_played":"-4592391150673380593","potions_obtained":[{"floor":1,"key":"Fire Potion"},{"floor":4,"key":"SmokeBomb"},{"floor":13,"key":"FearPotion"},{"floor":14,"key":"Swift Potion"},{"floor":18,"key":"GamblersBrew"},{"floor":24,"key":"PotionOfCapacity"},{"floor":25,"key":"Fire Potion"}],"is_trial":false,"path_per_floor":["M","M","?","M","M","R","E","$","T","R","M","R","M","E","R","B",null,"M","?","M","M","T","R","E","M","T","R","?","R","M","M","R","B"],"character_chosen":"DEFECT","items_purchased":[],"campfire_rested":5,"item_purchase_floors":[],"current_hp_per_floor":[58,56,56,55,49,49,13,13,13,34,30,30,30,22,22,8,55,43,43,43,35,35,56,24,7,7,28,28,49,22,15,36,0,0],"gold":383,"neow_bonus":"ONE_RARE_RELIC","is_daily":false,"chose_seed":false,"campfire_upgraded":3,"win_rate":0.0,"timestamp":1614186586,"path_taken":["M","M","?","M","M","R","E","$","T","R","M","R","M","E","R","BOSS","M","?","M","?","?","R","E","M","T","R","?","R","M","M","R","BOSS"],"items_purchased_type":[],"build_version":"2020-12-22","purchased_purges":1,"victory":false,"max_hp_per_floor":[71,71,71,71,71,71,71,71,71,71,71,71,71,71,71,71,71,71,71,71,71,71,71,71,71,71,71,71,71,71,71,71,71,71],"card_choices":[{"not_picked":["White Noise","Static Discharge"],"picked":"Melter","floor":1},{"not_picked":["BootSequence","Go for the Eyes"],"picked":"Streamline","floor":2},{"not_picked":["Consume","Self Repair"],"picked":"Coolheaded","floor":4},{"not_picked":["Rebound","Beam Cell"],"picked":"Go for the Eyes","floor":5},{"not_picked":["Scrape","Heatsinks"],"picked":"Ball Lightning","floor":7},{"not_picked":["Heatsinks","Compile Driver"],"picked":"Sweeping Beam","floor":11},{"not_picked":["Streamline","Auto Shields","Compile Driver"],"picked":"SKIP","floor":13},{"not_picked":["Lockon","Force Field"],"picked":"Sunder","floor":14},{"not_picked":["Seek","Reboot"],"picked":"Electrodynamics","floor":16},{"not_picked":["Blizzard","Reprogram"],"picked":"Coolheaded","floor":18},{"not_picked":["FTL","Blizzard"],"picked":"Conserve Battery+1","floor":20},{"not_picked":["White Noise","Streamline","Undo"],"picked":"SKIP","floor":21},{"not_picked":["Sweeping Beam+1","Ball Lightning","Doom and Gloom"],"picked":"SKIP","floor":24},{"not_picked":["Streamline","Stack","Redo"],"picked":"SKIP","floor":25},{"not_picked":["Turbo","Self Repair"],"picked":"Defragment+1","floor":29},{"not_picked":["Recycle","Auto Shields"],"picked":"Loop","floor":30},{"not_picked":["Hello World","Gash","Storm"],"picked":"SKIP","floor":31},{"not_picked":["Go for the Eyes","Streamline"],"picked":"Undo","floor":32}],"player_experience":5459983,"relics_obtained":[{"floor":7,"key":"Emotion Chip"},{"floor":9,"key":"Cables"},{"floor":14,"key":"MealTicket"},{"floor":22,"key":"Lantern"},{"floor":24,"key":"Letter Opener"},{"floor":26,"key":"Dream Catcher"}],"event_choices":[{"cards_removed":["Defend_B"],"damage_healed":0,"gold_gain":0,"player_choice":"Forget","damage_taken":0,"max_hp_gain":0,"max_hp_loss":0,"event_name":"Living Wall","floor":3,"gold_loss":0},{"damage_healed":0,"gold_gain":0,"player_choice":"1 cards matched","damage_taken":0,"max_hp_gain":0,"max_hp_loss":0,"event_name":"Match and Keep!","floor":19,"gold_loss":0,"cards_obtained":["Injury"]},{"damage_healed":0,"gold_gain":0,"player_choice":"Madness","damage_taken":0,"relics_obtained":["betterThird:NestCultRelic"],"max_hp_gain":0,"max_hp_loss":0,"event_name":"betterThird:BetterNest","floor":28,"gold_loss":0}],"is_beta":false,"boss_relics":[{"not_picked":["Busted Crown","Runic Dome"],"picked":"Velvet Choker"}],"items_purged_floors":[8],"is_endless":false,"potions_floor_spawned":[1,4,13,14,18,20,24,25,30],"killed_by":"Automaton","ascension_level":20}}