{"host":"bpr07pynnqpe5ded","time":1614192720,"event":{"mods":["2.2 Compatiblity","Aspiration","BaseMod","BetterRewards","Minty Spire (QoL Compilation)","Replay The Spire","Shop Mod","StSLib","[GremlinLeader]The Maniac","??????REMEMod"],"gold_per_floor":[16,32,46,65,76,76,89,59,84,97,197,29,42,53,53,53,53],"floor_reached":16,"language":"ENG","playtime":688,"items_purged":["maniac:Defend"],"score":98,"play_id":"06faaf9d-b552-4907-a819-146261b7a0c9","local_time":"20210224185200","is_ascension_mode":false,"campfire_choices":[{"data":"maniac:Simulacrum","floor":6,"key":"SMITH"},{"floor":15,"key":"REST"}],"circlet_count":0,"master_deck":["maniac:Strike","maniac:Strike","maniac:Strike","maniac:Strike","maniac:Defend","maniac:Defend","maniac:BurnBlood","maniac:AbyssShackle","maniac:Simulacrum+1","maniac:Retrospect","maniac:Intimidate","ReplayTheSpireMod:Private Reserves"],"relics":["maniac:DamagedAnvil","maniac:BrokenHorn","REME_ComplimentaryCards"],"acts_visited":["Exordium"],"potions_floor_usage":[10,14],"damage_taken":[{"damage":7,"enemies":"Cultist","floor":1,"turns":3},{"damage":5,"enemies":"Jaw Worm","floor":2,"turns":4},{"damage":0,"enemies":"Small Slimes","floor":3,"turns":3},{"damage":12,"enemies":"Exordium Thugs","floor":4,"turns":5},{"damage":12,"enemies":"Large Slime","floor":5,"turns":5},{"damage":10,"enemies":"Blue Slaver","floor":7,"turns":2},{"damage":2,"enemies":"Looter","floor":8,"turns":4},{"damage":7,"enemies":"Red Slaver","floor":10,"turns":2},{"damage":16,"enemies":"3 Louse","floor":13,"turns":5},{"damage":3,"enemies":"Gremlin Gang","floor":14,"turns":5},{"damage":0,"enemies":"Hexaghost","floor":16,"turns":1}],"seed_played":"-6992119908255866202","potions_obtained":[{"floor":4,"key":"Elixir"},{"floor":5,"key":"EssenceOfSteel"},{"floor":13,"key":"ColorlessPotion"},{"floor":14,"key":"CultistPotion"}],"is_trial":false,"path_per_floor":["M","M","M","M","M","R","M","M","T","M","?","$","M","M","R","B"],"character_chosen":"THE_MANIAC","items_purchased":["ReplayTheSpireMod:Private Reserves"],"campfire_rested":1,"item_purchase_floors":[12],"current_hp_per_floor":[73,68,68,56,44,44,34,32,32,25,25,25,9,6,30,30,30],"gold":53,"neow_bonus":"REMOVE_TWO","is_daily":false,"chose_seed":false,"campfire_upgraded":1,"win_rate":0.0,"timestamp":1614192720,"path_taken":["M","?","M","M","M","R","M","M","T","M","?","$","M","?","R","BOSS"],"items_purchased_type":["Card"],"build_version":"2020-12-22","purchased_purges":1,"victory":false,"max_hp_per_floor":[80,80,80,80,80,80,80,80,80,80,80,80,80,80,80,80,80],"card_choices":[{"not_picked":["maniac:Assassinate","maniac:Feint","maniac:SpectralKnives"],"picked":"SKIP","floor":1},{"not_picked":["maniac:ColdHeart","maniac:SeekerKnife","maniac:Hasten"],"picked":"SKIP","floor":2},{"not_picked":["maniac:ShiftingShadows","maniac:Reforge","maniac:ShelteringEdge"],"picked":"SKIP","floor":3},{"not_picked":["maniac:PanickyParry","maniac:ReconstructWounds"],"picked":"maniac:Retrospect","floor":4},{"not_picked":["maniac:Retrospect","maniac:UndyingDesire","maniac:MortalSteel"],"picked":"SKIP","floor":5},{"not_picked":["maniac:ManipulatedFaith","maniac:PanickyParry","maniac:Refine"],"picked":"SKIP","floor":7},{"not_picked":["maniac:LootBarrage","maniac:MeleeStrike"],"picked":"maniac:Intimidate","floor":8},{"not_picked":["maniac:UniversalPerception","maniac:PerceiveDanger","maniac:MeleeStrike"],"picked":"SKIP","floor":10},{"not_picked":["maniac:Assassinate","maniac:Intimidate","maniac:Blastwave"],"picked":"SKIP","floor":13},{"not_picked":["maniac:DashForward","maniac:FindAShortcut","maniac:TwistedEddies"],"picked":"SKIP","floor":14}],"player_experience":969501,"relics_obtained":[],"event_choices":[{"damage_healed":0,"gold_gain":100,"player_choice":"Pray","damage_taken":0,"max_hp_gain":0,"max_hp_loss":0,"event_name":"Golden Shrine","floor":11,"gold_loss":0}],"is_beta":false,"boss_relics":[],"items_purged_floors":[12],"is_endless":false,"potions_floor_spawned":[4,5,13,14],"killed_by":"Hexaghost","ascension_level":0}}