{"host":"s41rn2jhghpwfrvz","time":1614127873,"event":{"mods":["BaseMod","Minty Spire (QoL Compilation)","Quick Restart","Relic Stats","SuperFastMode"],"gold_per_floor":[114,114,133,150,164,195,195,228,228,255,265,299,314,340,340,416,416,446,476,508,520,532,578,601,613,670,715,727,764,792,840,852,949,961,991,1055,1084,1111,596,627,627,667,667,709,720,763,763,793,793,793,793,793,793,421,458,458],"floor_reached":57,"language":"ENG","playtime":1834,"items_purged":["Turbo","LessonLearned+1"],"score":3565,"play_id":"a77528cc-50d2-4b84-9dd1-ec99364b2318","local_time":"20210224025113","daily_mods":["SealedDeck","Diverse","Elite Swarm"],"is_ascension_mode":true,"campfire_choices":[{"data":"WreathOfFlame","floor":7.0,"key":"SMITH"},{"data":"Sword Boomerang","floor":15.0,"key":"SMITH"},{"data":"1","floor":25.0,"key":"LIFT"},{"data":"2","floor":28.0,"key":"LIFT"},{"data":"3","floor":32.0,"key":"LIFT"},{"floor":41,"key":"RECALL"},{"data":"Offering","floor":49,"key":"SMITH"},{"data":"Impervious","floor":53,"key":"SMITH"}],"circlet_count":0,"master_deck":["AscendersBane","Dash+1","Tactician+1","Sword Boomerang+1","Pummel+1","Reinforced Body+1","WreathOfFlame+1","Quick Slash+1","Beam Cell+1","Calculated Gamble+1","Seek+1","Offering+1","Adrenaline+1","Limit Break+1","DeusExMachina+1","Reaper+1","Offering+1","Impervious+1","Limit Break"],"relics":["Burning Blood","StoneCalendar","Bag of Marbles","Girya","Bag of Preparation","Lizard Tail","Calling Bell","MawBank","Kunai","Incense Burner","HornCleat","CeramicFish","Self Forming Clay","Dream Catcher","Centennial Puzzle","Coffee Dripper","Du-Vu Doll","Oddly Smooth Stone","Molten Egg 2","Meat on the Bone","Regal Pillow","Ornamental Fan","TungstenRod","Whetstone","Prayer Wheel","Membership Card","Strawberry","Toy Ornithopter","Pen Nib"],"acts_visited":["Exordium","TheCity","TheBeyond","TheEnding"],"potions_floor_usage":[56,56],"damage_taken":[{"damage":0.0,"enemies":"Jaw Worm","floor":1.0,"turns":1.0},{"damage":3.0,"enemies":"Small Slimes","floor":3.0,"turns":2.0},{"damage":4.0,"enemies":"2 Louse","floor":4.0,"turns":2.0},{"damage":0.0,"enemies":"Exordium Thugs","floor":5.0,"turns":3.0},{"damage":1.0,"enemies":"Gremlin Nob","floor":6.0,"turns":3.0},{"damage":13.0,"enemies":"Lagavulin","floor":8.0,"turns":5.0},{"damage":14.0,"enemies":"Gremlin Nob","floor":10.0,"turns":3.0},{"damage":0.0,"enemies":"Red Slaver","floor":11.0,"turns":1.0},{"damage":48.0,"enemies":"3 Sentries","floor":12.0,"turns":7.0},{"damage":0.0,"enemies":"Lots of Slimes","floor":13.0,"turns":2.0},{"damage":0.0,"enemies":"Lagavulin","floor":14.0,"turns":3.0},{"damage":14.0,"enemies":"Hexaghost","floor":16.0,"turns":3.0},{"damage":0.0,"enemies":"Chosen","floor":18.0,"turns":2.0},{"damage":6.0,"enemies":"2 Thieves","floor":19.0,"turns":1.0},{"damage":6.0,"enemies":"Chosen and Byrds","floor":20.0,"turns":2.0},{"damage":2.0,"enemies":"Slavers","floor":23.0,"turns":3.0},{"damage":6.0,"enemies":"Snake Plant","floor":24.0,"turns":1.0},{"damage":16.0,"enemies":"Gremlin Leader","floor":27.0,"turns":4.0},{"damage":10.0,"enemies":"Book of Stabbing","floor":29.0,"turns":3.0},{"damage":6.0,"enemies":"3 Cultists","floor":30.0,"turns":2.0},{"damage":6.0,"enemies":"Slavers","floor":31.0,"turns":2.0},{"damage":8.0,"enemies":"Automaton","floor":33.0,"turns":6.0},{"damage":6.0,"enemies":"3 Shapes","floor":35.0,"turns":2.0},{"damage":1.0,"enemies":"2 Orb Walkers","floor":36.0,"turns":2.0},{"damage":6.0,"enemies":"3 Darklings","floor":37.0,"turns":1.0},{"damage":6,"enemies":"4 Shapes","floor":38,"turns":1},{"damage":6,"enemies":"Nemesis","floor":40,"turns":1},{"damage":6,"enemies":"Reptomancer","floor":42,"turns":1},{"damage":6,"enemies":"Nemesis","floor":44,"turns":1},{"damage":0,"enemies":"Writhing Mass","floor":45,"turns":1},{"damage":5,"enemies":"Reptomancer","floor":46,"turns":1},{"damage":5,"enemies":"Nemesis","floor":48,"turns":1},{"damage":10,"enemies":"Awakened One","floor":50,"turns":6},{"damage":42,"enemies":"Donu and Deca","floor":51,"turns":4},{"damage":16,"enemies":"Shield and Spear","floor":55,"turns":3},{"damage":28,"enemies":"The Heart","floor":56,"turns":6}],"seed_played":"5810705049757745148","potions_obtained":[{"floor":5.0,"key":"Strength Potion"},{"floor":6.0,"key":"EssenceOfSteel"},{"floor":10.0,"key":"DuplicationPotion"},{"floor":18.0,"key":"Strength Potion"},{"floor":23.0,"key":"Dexterity Potion"},{"floor":33.0,"key":"PowerPotion"}],"is_trial":true,"path_per_floor":["M","$","M","M","M","E","R","E","T","E","M","E","M","E","R","B",null,"M","M","M","?","$","E","M","R","T","E","R","E","M","E","R","B",null,"M","?","M","M","$","E","R","E","T","E","M","E","?","E","R","B","B",null,"R","$","E","B",null],"character_chosen":"IRONCLAD","items_purchased":["Oddly Smooth Stone","Molten Egg 2","Membership Card","Strawberry","Toy Ornithopter"],"campfire_rested":0,"item_purchase_floors":[39,39,54,54,54],"current_hp_per_floor":[74,74,75,75,75,75,75,68,68,60,66,24,30,36,36,28,63,69,69,69,75,75,75,75,75,75,65,65,61,61,61,61,59,71,71,75,75,75,75,75,75,75,75,75,75,75,75,75,75,75,53,70,70,77,82,79],"gold":458,"neow_bonus":"","is_daily":false,"chose_seed":false,"campfire_upgraded":4,"win_rate":0.0,"timestamp":1614127873,"path_taken":["M","$","M","M","M","E","R","E","T","E","M","E","M","E","R","BOSS","M","M","M","?","$","E","M","R","T","E","R","E","M","E","R","BOSS","M","?","M","M","$","E","R","E","T","E","M","E","?","E","R","BOSS","BOSS","R","$","E","BOSS"],"items_purchased_type":["Relic","Relic","Relic","Relic","Relic"],"build_version":"2020-12-22","purchased_purges":2,"victory":true,"max_hp_per_floor":[75,75,75,75,75,75,75,75,75,75,75,75,75,75,75,75,75,75,75,75,75,75,75,75,75,75,75,75,75,75,75,75,75,75,75,75,75,75,75,75,75,75,75,75,75,75,75,75,75,75,75,75,75,82,82,82],"relic_stats":{"Regal Pillow":0,"counters":[36,92],"Self Forming Clay":[102],"CeramicFish":54,"StoneCalendar":[0],"Pen Nib":[1],"Bag of Preparation":[55],"Whetstone":[],"MawBank":264,"Burning Blood":177,"Lizard Tail":0,"Dream Catcher":0,"Centennial Puzzle":[45],"Ornamental Fan":[44],"Prayer Wheel":0,"Kunai":[38],"obtain_stats":[{"Regal Pillow":42,"CeramicFish":26,"StoneCalendar":6,"Bag of Preparation":12,"Incense Burner":17,"Whetstone":46,"Burning Blood":0,"Lizard Tail":14,"Dream Catcher":29,"Centennial Puzzle":31,"HornCleat":23,"Strawberry":54,"Prayer Wheel":48,"Kunai":17,"Girya":10,"Self Forming Clay":27,"Oddly Smooth Stone":39,"Pen Nib":55,"MawBank":17,"Calling Bell":17,"Du-Vu Doll":36,"Ornamental Fan":43,"Molten Egg 2":39,"Bag of Marbles":8,"Coffee Dripper":34,"Membership Card":54,"TungstenRod":44,"Toy Ornithopter":54,"Meat on the Bone":40},{"Regal Pillow":28,"CeramicFish":17,"StoneCalendar":5,"Bag of Preparation":9,"Incense Burner":12,"Whetstone":31,"Burning Blood":0,"Lizard Tail":11,"Dream Catcher":19,"Centennial Puzzle":21,"HornCleat":16,"Strawberry":34,"Prayer Wheel":32,"Kunai":12,"Girya":7,"Self Forming Clay":18,"Oddly Smooth Stone":26,"Pen Nib":35,"MawBank":12,"Calling Bell":12,"Du-Vu Doll":24,"Ornamental Fan":28,"Molten Egg 2":26,"Bag of Marbles":6,"Coffee Dripper":22,"Membership Card":34,"TungstenRod":29,"Toy Ornithopter":34,"Meat on the Bone":27},{"Regal Pillow":69,"CeramicFish":44,"StoneCalendar":11,"Bag of Preparation":27,"Incense Burner":35,"Whetstone":72,"Burning Blood":0,"Lizard Tail":32,"Dream Catcher":51,"Centennial Puzzle":55,"HornCleat":43,"Strawberry":83,"Prayer Wheel":73,"Kunai":35,"Girya":19,"Self Forming Clay":48,"Oddly Smooth Stone":67,"Pen Nib":86,"MawBank":35,"Calling Bell":35,"Du-Vu Doll":65,"Ornamental Fan":69,"Molten Egg 2":67,"Bag of Marbles":16,"Coffee Dripper":61,"Membership Card":83,"TungstenRod":70,"Toy Ornithopter":83,"Meat on the Bone":68}],"TungstenRod":32,"Toy Ornithopter":0,"Meat on the Bone":0},"card_choices":[{"not_picked":["Hologram","Consecrate","Disarm"],"picked":"SKIP","floor":1.0},{"not_picked":["Bloodletting","Protect","Heavy Blade"],"picked":"SKIP","floor":3.0},{"not_picked":["Hologram","Steam","Footwork"],"picked":"SKIP","floor":4.0},{"not_picked":["Chaos","Lockon","Double Energy"],"picked":"SKIP","floor":5.0},{"not_picked":["Machine Learning","Impervious"],"picked":"Seek","floor":6.0},{"not_picked":["Limit Break","Immolate","Core Surge"],"picked":"SKIP","floor":8.0},{"not_picked":["Brutality","Corruption","Immolate"],"picked":"SKIP","floor":10.0},{"not_picked":["Sanctity","FlyingSleeves","Perseverance"],"picked":"SKIP","floor":11.0},{"not_picked":["Die Die Die","Thunder Strike","Alpha"],"picked":"SKIP","floor":12.0},{"not_picked":["Conserve Battery","ClearTheMind","Warcry"],"picked":"SKIP","floor":13.0},{"not_picked":["Vault","Grand Finale"],"picked":"Offering","floor":14.0},{"not_picked":["Malaise","Reboot"],"picked":"Adrenaline","floor":16.0},{"not_picked":["Self Repair","Evaluate","Twin Strike"],"picked":"SKIP","floor":18.0},{"not_picked":["WheelKick","Perfected Strike+1","Clash"],"picked":"SKIP","floor":19.0},{"not_picked":["SpiritShield","Protect","FlurryOfBlows"],"picked":"SKIP","floor":20.0},{"not_picked":["Core Surge","Double Tap"],"picked":"LessonLearned","floor":23.0},{"not_picked":["Wild Strike","Reinforced Body","Pray+1"],"picked":"SKIP","floor":24.0},{"not_picked":["Double Tap","Creative AI","Echo Form"],"picked":"SKIP","floor":27.0},{"not_picked":["Seek","Die Die Die","Echo Form"],"picked":"SKIP","floor":29.0},{"not_picked":["Combust","Consecrate+1","Second Wind"],"picked":"SKIP","floor":30.0},{"not_picked":["Juggernaut","Devotion"],"picked":"Limit Break","floor":31.0},{"not_picked":["Demon Form","Seek"],"picked":"DeusExMachina","floor":33.0},{"not_picked":["Sucker Punch","Force Field","Crescendo"],"picked":"SKIP","floor":35.0},{"not_picked":["Consecrate","MasterReality","ReachHeaven"],"picked":"SKIP","floor":37.0},{"not_picked":["Consecrate","MasterReality","ReachHeaven"],"picked":"SKIP","floor":37.0},{"not_picked":["Thunderclap","ThirdEye","Quick Slash"],"picked":"SKIP","floor":38},{"not_picked":["Fission","Phantasmal Killer","Biased Cognition"],"picked":"SKIP","floor":40},{"not_picked":["Brutality","Fission"],"picked":"Reaper+1","floor":42},{"not_picked":["Corpse Explosion","All For One+1"],"picked":"Offering","floor":44},{"not_picked":["BowlingBash+1","Outmaneuver","Worship"],"picked":"SKIP","floor":45},{"not_picked":["Seek","Echo Form"],"picked":"Impervious","floor":46},{"not_picked":["Glass Knife+1","Biased Cognition","Establishment"],"picked":"SKIP","floor":48},{"not_picked":["Meteor Strike+1","Juggernaut"],"picked":"Limit Break","floor":55}],"player_experience":2000188,"relics_obtained":[{"floor":6.0,"key":"StoneCalendar"},{"floor":8.0,"key":"Bag of Marbles"},{"floor":10.0,"key":"Girya"},{"floor":12.0,"key":"Bag of Preparation"},{"floor":14.0,"key":"Lizard Tail"},{"floor":17.0,"key":"MawBank"},{"floor":17.0,"key":"Kunai"},{"floor":17.0,"key":"Incense Burner"},{"floor":23.0,"key":"HornCleat"},{"floor":26.0,"key":"CeramicFish"},{"floor":27.0,"key":"Self Forming Clay"},{"floor":29.0,"key":"Dream Catcher"},{"floor":31.0,"key":"Centennial Puzzle"},{"floor":36.0,"key":"Du-Vu Doll"},{"floor":40,"key":"Meat on the Bone"},{"floor":42,"key":"Regal Pillow"},{"floor":43,"key":"Ornamental Fan"},{"floor":44,"key":"TungstenRod"},{"floor":46,"key":"Whetstone"},{"floor":48,"key":"Prayer Wheel"},{"floor":55,"key":"Pen Nib"}],"event_choices":[{"damage_healed":15.0,"max_hp_gain":0.0,"max_hp_loss":0.0,"gold_gain":0.0,"event_name":"The Library","player_choice":"Heal","floor":21.0,"gold_loss":0.0,"damage_taken":0.0},{"damage_healed":0.0,"max_hp_gain":0.0,"max_hp_loss":0.0,"gold_gain":0.0,"event_name":"Mysterious Sphere","player_choice":"Fight","floor":36.0,"gold_loss":0.0,"damage_taken":0.0},{"damage_healed":0,"gold_gain":0,"player_choice":"Ignored","damage_taken":0,"max_hp_gain":0,"max_hp_loss":0,"event_name":"Tomb of Lord Red Mask","floor":47,"gold_loss":0}],"is_beta":false,"boss_relics":[{"not_picked":["Mark of Pain","Fusion Hammer"],"picked":"Calling Bell"},{"not_picked":["Runic Pyramid","Cursed Key"],"picked":"Coffee Dripper"}],"items_purged_floors":[39,54],"is_endless":false,"potions_floor_spawned":[5,6,10,11,13,18,23,27,29,33,36,37,38,44,46],"ascension_level":20}}