{"host":"5ezk7t18wcb10u1o","time":1614128326,"event":{"mods":["BaseMod","Bestiary","Colored Powertips","Minty Spire (QoL Compilation)","Relic Sorter"],"gold_per_floor":[116,191,201,215,41,41,72,88,88,88,100,0,13,13,13,84,84,101,101,112,112,127,127,145,145,145,158,158,158,171,271,271,345,345,359,384,384,400,420,420,420,420],"floor_reached":41,"language":"ENG","playtime":2675,"items_purged":["Defend_G","Defend_G"],"score":672,"play_id":"d7b835e4-2057-45ad-9481-1b6f99769238","local_time":"20210224005846","is_ascension_mode":true,"campfire_choices":[{"floor":6.0,"key":"REST"},{"floor":10.0,"key":"REST"},{"data":"Deflect","floor":15.0,"key":"SMITH"},{"floor":23.0,"key":"REST"},{"floor":25.0,"key":"REST"},{"data":"Dodge and Roll","floor":29.0,"key":"SMITH"},{"floor":32.0,"key":"REST"},{"floor":40,"key":"REST"}],"circlet_count":0,"master_deck":["AscendersBane","Defend_G","Defend_G","Survivor","Neutralize+1","Dodge and Roll+1","Dagger Throw","Deadly Poison","Deflect+1","Riddle With Holes","Deadly Poison","Quick Slash","Envenom","Quick Slash","Dodge and Roll","Flying Knee+1","Doppelganger+1","Caltrops+1","Expertise+1"],"relics":["Ring of the Snake","Happy Flower","Mercury Hourglass","Gambling Chip","Busted Crown","The Courier","Astrolabe","TungstenRod"],"acts_visited":["Exordium","TheCity","TheBeyond"],"potions_floor_usage":[38,41],"damage_taken":[{"damage":2.0,"enemies":"Small Slimes","floor":1.0,"turns":5.0},{"damage":4.0,"enemies":"Cultist","floor":3.0,"turns":7.0},{"damage":3.0,"enemies":"Jaw Worm","floor":4.0,"turns":4.0},{"damage":30.0,"enemies":"3 Sentries","floor":7.0,"turns":15.0},{"damage":1.0,"enemies":"Large Slime","floor":8.0,"turns":6.0},{"damage":1.0,"enemies":"Red Slaver","floor":11.0,"turns":4.0},{"damage":0.0,"enemies":"2 Fungi Beasts","floor":13.0,"turns":2.0},{"damage":10.0,"enemies":"Hexaghost","floor":16.0,"turns":8.0},{"damage":25.0,"enemies":"2 Thieves","floor":18.0,"turns":4.0},{"damage":3.0,"enemies":"Spheric Guardian","floor":20.0,"turns":3.0},{"damage":18.0,"enemies":"Snake Plant","floor":22.0,"turns":4.0},{"damage":10.0,"enemies":"Snecko","floor":24.0,"turns":4.0},{"damage":16.0,"enemies":"Centurion and Healer","floor":27.0,"turns":7.0},{"damage":8.0,"enemies":"Cultist and Chosen","floor":30.0,"turns":5.0},{"damage":48.0,"enemies":"Champ","floor":33.0,"turns":11.0},{"damage":12.0,"enemies":"Orb Walker","floor":35.0,"turns":4.0},{"damage":10.0,"enemies":"Mind Bloom Boss Battle","floor":36.0,"turns":7.0},{"damage":6,"enemies":"3 Shapes","floor":38,"turns":5},{"damage":17,"enemies":"Maw","floor":39,"turns":7},{"damage":27,"enemies":"3 Darklings","floor":41,"turns":4}],"seed_played":"1272851377462185647","potions_obtained":[{"floor":4.0,"key":"SkillPotion"},{"floor":7.0,"key":"DistilledChaos"},{"floor":11.0,"key":"SneckoOil"},{"floor":13.0,"key":"ColorlessPotion"},{"floor":18.0,"key":"Swift Potion"},{"floor":20.0,"key":"Weak Potion"},{"floor":27.0,"key":"SpeedPotion"},{"floor":33.0,"key":"LiquidMemories"},{"floor":35.0,"key":"Explosive Potion"}],"is_trial":false,"path_per_floor":["M","?","M","M","$","R","E","M","T","R","M","$","M","?","R","B",null,"M","?","M","?","M","R","M","R","T","M","?","R","M","?","R","B",null,"M","?","?","M","M","R","M"],"character_chosen":"THE_SILENT","items_purchased":["Fruit Juice"],"campfire_rested":6,"item_purchase_floors":[5],"current_hp_per_floor":[57,51,47,44,49,65,35,34,34,53,52,52,52,52,52,42,59,34,34,31,31,13,32,22,41,41,25,46,46,38,38,57,9,51,39,29,29,23,6,25,0,0],"gold":420,"neow_bonus":"REMOVE_TWO","is_daily":false,"chose_seed":false,"campfire_upgraded":2,"win_rate":0.0,"timestamp":1614128326,"path_taken":["M","?","M","M","$","R","E","?","T","R","M","$","?","?","R","BOSS","M","?","?","?","?","R","M","R","T","M","?","R","M","?","R","BOSS","M","?","?","M","M","R","?"],"items_purchased_type":["Potion"],"build_version":"2020-12-22","purchased_purges":2,"victory":false,"max_hp_per_floor":[60,60,60,60,65,65,65,65,65,65,65,65,65,65,65,65,65,65,65,65,65,65,65,65,65,65,65,65,65,65,65,65,65,65,65,65,65,65,65,65,65,65],"card_choices":[{"not_picked":["Deflect","Accuracy"],"picked":"Dodge and Roll","floor":1.0},{"not_picked":["Infinite Blades","Deflect"],"picked":"Dagger Throw","floor":3.0},{"not_picked":["Heel Hook","Concentrate"],"picked":"Deadly Poison","floor":4.0},{"not_picked":["Setup","Backstab"],"picked":"Deflect","floor":7.0},{"not_picked":["Well Laid Plans","Setup"],"picked":"Riddle With Holes","floor":8.0},{"not_picked":["Backflip","Predator"],"picked":"Deadly Poison","floor":11.0},{"not_picked":["Dodge and Roll","PiercingWail"],"picked":"Quick Slash","floor":13.0},{"not_picked":["A Thousand Cuts","Malaise"],"picked":"Envenom","floor":16.0},{"not_picked":[],"picked":"Quick Slash","floor":18.0},{"not_picked":[],"picked":"Dodge and Roll","floor":20.0},{"not_picked":[],"picked":"Flying Knee+1","floor":22.0},{"not_picked":["Flying Knee"],"picked":"SKIP","floor":24.0},{"not_picked":["Escape Plan"],"picked":"SKIP","floor":27.0},{"not_picked":["Outmaneuver"],"picked":"SKIP","floor":30.0},{"not_picked":["Prepared"],"picked":"SKIP","floor":35.0},{"not_picked":["Dagger Throw"],"picked":"SKIP","floor":38},{"not_picked":["Blade Dance"],"picked":"SKIP","floor":39}],"player_experience":1252108,"relics_obtained":[{"floor":7.0,"key":"Happy Flower"},{"floor":9.0,"key":"Mercury Hourglass"},{"floor":26.0,"key":"The Courier"},{"floor":36.0,"key":"TungstenRod"}],"event_choices":[{"damage_healed":0.0,"max_hp_gain":0.0,"max_hp_loss":0.0,"gold_gain":75.0,"event_name":"FaceTrader","player_choice":"Touch","floor":2.0,"gold_loss":0.0,"damage_taken":6.0},{"damage_healed":0.0,"max_hp_gain":0.0,"max_hp_loss":0.0,"gold_gain":0.0,"event_name":"Dead Adventurer","player_choice":"Searched \u00271\u0027 times","floor":14.0,"gold_loss":0.0,"damage_taken":0.0,"relics_obtained":["Gambling Chip"]},{"damage_healed":0.0,"max_hp_gain":0.0,"max_hp_loss":0.0,"gold_gain":0.0,"event_name":"Upgrade Shrine","player_choice":"Upgraded","floor":19.0,"gold_loss":0.0,"damage_taken":0.0,"cards_upgraded":["Neutralize"]},{"cards_removed":["Strike_G"],"damage_healed":0.0,"max_hp_gain":0.0,"max_hp_loss":0.0,"gold_gain":0.0,"event_name":"Wheel of Change","player_choice":"Card Removal","floor":21.0,"gold_loss":0.0,"damage_taken":0.0},{"damage_healed":21.0,"max_hp_gain":0.0,"max_hp_loss":0.0,"gold_gain":0.0,"event_name":"The Library","player_choice":"Heal","floor":28.0,"gold_loss":0.0,"damage_taken":0.0},{"damage_healed":0.0,"max_hp_gain":0.0,"max_hp_loss":0.0,"gold_gain":100.0,"event_name":"Golden Shrine","player_choice":"Pray","floor":31.0,"gold_loss":0.0,"damage_taken":0.0},{"damage_healed":0.0,"max_hp_gain":0.0,"max_hp_loss":0.0,"gold_gain":0.0,"event_name":"MindBloom","player_choice":"Fight","floor":36.0,"gold_loss":0.0,"damage_taken":0.0},{"damage_healed":0.0,"max_hp_gain":0.0,"max_hp_loss":0.0,"gold_gain":0.0,"event_name":"SecretPortal","player_choice":"Ignored","floor":37.0,"gold_loss":0.0,"damage_taken":0.0}],"is_beta":false,"boss_relics":[{"not_picked":["Tiny House","Pandora\u0027s Box"],"picked":"Busted Crown"},{"not_picked":["Snecko Eye","Fusion Hammer"],"picked":"Astrolabe"}],"items_purged_floors":[5,12],"is_endless":false,"potions_floor_spawned":[4,7,11,13,18,20,27,33,35],"killed_by":"3 Darklings","ascension_level":14}}