{"host":"6152go0anyt7mc9e","time":1614169349,"event":{"mods":["BaseMod","Colored Map","Minty Spire (QoL Compilation)","StSLib"],"gold_per_floor":[114,39,39,54,54,84,99,129,204,204,229,244,244,259,259,359,359,374,299,314,314,314,344,359,389,439,189,204,204,234,249,249,349,349,364,364,364,394,409,439,454,484,571,583,645,687,714,601,601,601],"floor_reached":51,"language":"ZHT","playtime":1080,"items_purged":["Defend_R","Defend_R","Strike_R"],"score":1158,"play_id":"6a2aae13-fe91-401c-8856-cd43563ee4df","local_time":"20210224202229","daily_mods":["Heirloom","Colorless Cards","DeadlyEvents"],"is_ascension_mode":false,"campfire_choices":[{"data":"Flex","floor":10,"key":"SMITH"},{"data":"Heavy Blade","floor":13,"key":"SMITH"},{"data":"Sword Boomerang","floor":15,"key":"SMITH"},{"data":"Whirlwind","floor":29,"key":"SMITH"},{"data":"Sword Boomerang","floor":32,"key":"SMITH"},{"data":"Bash","floor":44,"key":"SMITH"},{"data":"Flash of Steel","floor":49,"key":"SMITH"}],"circlet_count":0,"master_deck":["Strike_R","Strike_R+1","Strike_R","Strike_R+1","Bash+1","Flex+1","Flash of Steel+1","Flex+1","Heavy Blade+1","Thunderclap","Sword Boomerang+1","Limit Break+1","Whirlwind+1","Sword Boomerang+1","Sword Boomerang+1"],"relics":["Burning Blood","Magic Flower","Gremlin Horn","Sundial","Bottled Flame","Centennial Puzzle","Black Star","MutagenicStrength","Toy Ornithopter","Whetstone","Ice Cream","Red Skull","Mummified Hand","Tiny Chest","Bag of Marbles","Potion Belt","Happy Flower","Coffee Dripper","Blue Candle","Gambling Chip","Frozen Egg 2","Singing Bowl","MawBank","Strawberry","Bottled Lightning","War Paint","Boot","Bag of Preparation"],"acts_visited":["Exordium","TheCity","TheBeyond"],"potions_floor_usage":[33,39,50,50,50],"damage_taken":[{"damage":5,"enemies":"Cultist","floor":1,"turns":4},{"damage":8,"enemies":"Jaw Worm","floor":4,"turns":3},{"damage":36,"enemies":"Lagavulin","floor":6,"turns":5},{"damage":0,"enemies":"2 Louse","floor":7,"turns":2},{"damage":5,"enemies":"Gremlin Nob","floor":8,"turns":3},{"damage":7,"enemies":"Blue Slaver","floor":12,"turns":2},{"damage":0,"enemies":"3 Louse","floor":14,"turns":2},{"damage":59,"enemies":"The Guardian","floor":16,"turns":7},{"damage":5,"enemies":"Spheric Guardian","floor":18,"turns":3},{"damage":10,"enemies":"2 Thieves","floor":20,"turns":2},{"damage":12,"enemies":"Book of Stabbing","floor":23,"turns":2},{"damage":0,"enemies":"Snecko","floor":24,"turns":2},{"damage":27,"enemies":"Slavers","floor":25,"turns":2},{"damage":0,"enemies":"Centurion and Healer","floor":28,"turns":2},{"damage":12,"enemies":"Book of Stabbing","floor":30,"turns":2},{"damage":0,"enemies":"Snake Plant","floor":31,"turns":2},{"damage":0,"enemies":"Automaton","floor":33,"turns":2},{"damage":6,"enemies":"3 Shapes","floor":35,"turns":1},{"damage":26,"enemies":"Giant Head","floor":38,"turns":4},{"damage":0,"enemies":"3 Darklings","floor":39,"turns":1},{"damage":0,"enemies":"Reptomancer","floor":40,"turns":1},{"damage":5,"enemies":"Maw","floor":41,"turns":3},{"damage":0,"enemies":"Giant Head","floor":42,"turns":3},{"damage":0,"enemies":"Reptomancer","floor":46,"turns":1},{"damage":0,"enemies":"Jaw Worm Horde","floor":47,"turns":1},{"damage":0,"enemies":"Time Eater","floor":50,"turns":1}],"seed_played":"1986488565424594500","potions_obtained":[{"floor":7,"key":"BloodPotion"},{"floor":8,"key":"Block Potion"},{"floor":14,"key":"EssenceOfSteel"},{"floor":18,"key":"DistilledChaos"},{"floor":31,"key":"SmokeBomb"},{"floor":33,"key":"DistilledChaos"},{"floor":37,"key":"Swift Potion"},{"floor":37,"key":"Swift Potion"},{"floor":39,"key":"Fruit Juice"},{"floor":42,"key":"Energy Potion"}],"is_trial":false,"path_per_floor":["M","$","?","M","?","E","M","E","T","R","T","M","R","M","R","B",null,"M","?","M","?","T","E","M","E","T","$","M","R","E","M","R","B",null,"M","?","?","E","M","E","M","E","T","R","T","E","M","$","R","B",null],"character_chosen":"IRONCLAD","items_purchased":["Bag of Marbles"],"campfire_rested":0,"item_purchase_floors":[27],"current_hp_per_floor":[80,80,80,80,80,53,62,66,66,66,66,68,68,77,77,27,80,80,80,79,79,79,76,80,62,62,62,71,71,68,77,77,80,80,80,76,76,59,78,83,85,94,94,94,94,96,98,98,98,98],"gold":601,"neow_bonus":"","is_daily":true,"chose_seed":false,"campfire_upgraded":7,"win_rate":0.0,"timestamp":1614169349,"path_taken":["M","?","?","?","?","E","?","?","T","R","?","?","R","M","R","BOSS","M","?","M","?","?","E","M","?","T","$","M","R","E","M","R","BOSS","M","?","?","?","M","E","M","E","T","R","?","E","M","$","R","BOSS"],"items_purchased_type":["Relic"],"build_version":"2020-12-22","purchased_purges":3,"victory":true,"max_hp_per_floor":[80,80,80,80,80,80,80,80,80,80,80,80,80,80,80,80,80,80,80,80,80,80,80,80,80,80,80,80,80,80,80,80,80,80,80,76,76,76,81,83,85,94,94,94,94,96,98,98,98,98],"card_choices":[{"not_picked":["Cleave","Body Slam"],"picked":"Flex","floor":1},{"not_picked":["Inflame","Second Wind"],"picked":"Flash of Steel","floor":4},{"not_picked":["Anger","Warcry"],"picked":"Flex","floor":6},{"not_picked":["Cleave","Dark Embrace"],"picked":"Heavy Blade","floor":7},{"not_picked":["Forethought","Feel No Pain","Demon Form"],"picked":"SKIP","floor":8},{"not_picked":["Pommel Strike","Spot Weakness"],"picked":"Thunderclap","floor":12},{"not_picked":["Havoc","Shrug It Off"],"picked":"Sword Boomerang","floor":14},{"not_picked":["Chrysalis","Metamorphosis"],"picked":"Limit Break","floor":16},{"not_picked":["Pommel Strike","Warcry+1","Feel No Pain"],"picked":"SKIP","floor":18},{"not_picked":["Evolve","Iron Wave","Heavy Blade"],"picked":"SKIP","floor":20},{"not_picked":["Perfected Strike","Deep Breath","Enlightenment"],"picked":"SKIP","floor":23},{"not_picked":["Perfected Strike","Sword Boomerang"],"picked":"Whirlwind","floor":24},{"not_picked":["Entrench","Searing Blow","Pommel Strike"],"picked":"SKIP","floor":25},{"not_picked":["Wild Strike","True Grit"],"picked":"Sword Boomerang","floor":28},{"not_picked":["Wild Strike","Blood for Blood","Flex"],"picked":"SKIP","floor":30},{"not_picked":["True Grit","Perfected Strike+1"],"picked":"Sword Boomerang+1","floor":31},{"not_picked":["Wild Strike+1","True Grit+1","Anger+1"],"picked":"SKIP","floor":35},{"not_picked":["Bandage Up+1","Pommel Strike","Perfected Strike"],"picked":"SKIP","floor":38},{"not_picked":["Pommel Strike+1","Ghostly Armor+1","Mind Blast"],"picked":"SKIP","floor":39},{"not_picked":["Pommel Strike+1","Ghostly Armor+1","Mind Blast"],"picked":"SKIP","floor":39},{"not_picked":["Metallicize+1","Sword Boomerang+1","Good Instincts"],"picked":"Singing Bowl","floor":40},{"not_picked":["Shrug It Off","Cleave","Havoc"],"picked":"Singing Bowl","floor":41},{"not_picked":["Wild Strike+1","Headbutt","Havoc"],"picked":"Singing Bowl","floor":42},{"not_picked":["Pummel","Power Through+1","True Grit"],"picked":"Singing Bowl","floor":46},{"not_picked":["Panacea+1","Thunderclap+1","Armaments"],"picked":"Singing Bowl","floor":47}],"player_experience":1557460,"relics_obtained":[{"floor":6,"key":"Gremlin Horn"},{"floor":8,"key":"Sundial"},{"floor":9,"key":"Bottled Flame"},{"floor":11,"key":"Centennial Puzzle"},{"floor":22,"key":"Toy Ornithopter"},{"floor":23,"key":"Whetstone"},{"floor":23,"key":"Ice Cream"},{"floor":25,"key":"Red Skull"},{"floor":25,"key":"Mummified Hand"},{"floor":26,"key":"Tiny Chest"},{"floor":30,"key":"Potion Belt"},{"floor":30,"key":"Happy Flower"},{"floor":38,"key":"Blue Candle"},{"floor":38,"key":"Gambling Chip"},{"floor":40,"key":"Frozen Egg 2"},{"floor":40,"key":"Singing Bowl"},{"floor":42,"key":"MawBank"},{"floor":42,"key":"Strawberry"},{"floor":43,"key":"Bottled Lightning"},{"floor":45,"key":"War Paint"},{"floor":46,"key":"Boot"},{"floor":46,"key":"Bag of Preparation"}],"event_choices":[{"cards_removed":["Defend_R"],"damage_healed":0,"gold_gain":0,"player_choice":"Purged","damage_taken":0,"max_hp_gain":0,"max_hp_loss":0,"event_name":"Purifier","floor":3,"gold_loss":0},{"damage_healed":0,"gold_gain":0,"player_choice":"Grow","damage_taken":0,"max_hp_gain":0,"max_hp_loss":0,"event_name":"Living Wall","floor":5,"gold_loss":0,"cards_upgraded":["Flex"]},{"cards_removed":["Defend_R"],"damage_healed":0,"gold_gain":0,"player_choice":"Gave Gold","damage_taken":0,"max_hp_gain":0,"max_hp_loss":0,"event_name":"Beggar","floor":19,"gold_loss":75},{"damage_healed":0,"gold_gain":0,"player_choice":"Inject Mutagens","damage_taken":0,"relics_obtained":["MutagenicStrength"],"max_hp_gain":0,"max_hp_loss":0,"event_name":"Drug Dealer","floor":21,"gold_loss":0},{"damage_healed":0,"gold_gain":0,"player_choice":"Max HP","damage_taken":0,"max_hp_gain":0,"max_hp_loss":4,"event_name":"Winding Halls","floor":36,"gold_loss":0},{"damage_healed":0,"gold_gain":0,"player_choice":"Got Potions","damage_taken":0,"max_hp_gain":0,"max_hp_loss":0,"event_name":"Lab","floor":37,"gold_loss":0}],"is_beta":false,"boss_relics":[{"not_picked":["SlaversCollar","Tiny House"],"picked":"Black Star"},{"not_picked":["Runic Pyramid","Runic Cube"],"picked":"Coffee Dripper"}],"items_purged_floors":[2,27,48],"is_endless":false,"potions_floor_spawned":[7,8,14,18,28,31,33,39,42,46,47],"ascension_level":0}}