{"host":"50per11302020","time":1614157083,"event":{"mods":["AchievementEnabler","BaseMod","Colored Map","Minty Spire (QoL Compilation)","Relic Stats","StSLib"],"gold_per_floor":[113,188,73,85,85,85,95,121,121,121,121,147,167,131,131,235,235,219,232,247,257,257,257,283,283,328,328,342,342,375,391,391,489,489,506,357,357,1356,1376,1376,1411,1411,1438,1451,1451,1451],"floor_reached":45,"language":"ENG","playtime":2929,"items_purged":[],"score":571,"play_id":"05900679-a9ce-4f67-8d15-c06cb37103ce","local_time":"20210224005803","is_ascension_mode":true,"campfire_choices":[{"data":"Defragment","floor":6.0,"key":"SMITH"},{"data":"Defragment","floor":10.0,"key":"SMITH"},{"data":"Loop","floor":15.0,"key":"SMITH"},{"floor":23.0,"key":"REST"},{"data":"Blizzard","floor":25.0,"key":"SMITH"},{"data":"Machine Learning","floor":27.0,"key":"SMITH"},{"floor":29.0,"key":"REST"},{"data":"Blizzard","floor":32.0,"key":"SMITH"},{"floor":40.0,"key":"REST"},{"data":"Capacitor","floor":42.0,"key":"SMITH"}],"circlet_count":0,"master_deck":["Zap","Dualcast","Core Surge","Thunder Strike","Glacier","Rebound","Coolheaded","Rebound","Defragment+1","Coolheaded","Blizzard+1","Defragment+1","Blizzard+1","Loop+1","Machine Learning+1","Coolheaded+1","Coolheaded","Coolheaded","Cold Snap+1","Machine Learning","Capacitor+1","Normality","Normality","Loop"],"relics":["Pandora\u0027s Box"],"acts_visited":["Exordium","TheCity","TheBeyond"],"potions_floor_usage":[],"damage_taken":[{"damage":0.0,"enemies":"Small Slimes","floor":1.0,"turns":4.0},{"damage":0.0,"enemies":"Jaw Worm","floor":4.0,"turns":5.0},{"damage":0.0,"enemies":"2 Louse","floor":7.0,"turns":3.0},{"damage":10.0,"enemies":"Looter","floor":13.0,"turns":3.0},{"damage":14.0,"enemies":"Slime Boss","floor":16.0,"turns":17.0},{"damage":5.0,"enemies":"2 Thieves","floor":18.0,"turns":5.0},{"damage":6.0,"enemies":"Chosen","floor":19.0,"turns":7.0},{"damage":2.0,"enemies":"Snecko","floor":20.0,"turns":6.0},{"damage":11.0,"enemies":"Cultist and Chosen","floor":21.0,"turns":8.0},{"damage":24.0,"enemies":"Book of Stabbing","floor":24.0,"turns":10.0},{"damage":17.0,"enemies":"Centurion and Healer","floor":28.0,"turns":10.0},{"damage":12.0,"enemies":"Gremlin Leader","floor":30.0,"turns":8.0},{"damage":0.0,"enemies":"Snake Plant","floor":31.0,"turns":7.0},{"damage":4.0,"enemies":"Champ","floor":33.0,"turns":20.0},{"damage":24.0,"enemies":"3 Darklings","floor":35.0,"turns":7.0},{"damage":12.0,"enemies":"3 Shapes","floor":39.0,"turns":5.0},{"damage":18.0,"enemies":"Nemesis","floor":41.0,"turns":15.0},{"damage":33.0,"enemies":"3 Darklings","floor":44.0,"turns":9.0},{"damage":30,"enemies":"Writhing Mass","floor":45,"turns":2}],"seed_played":"8666881772617729825","potions_obtained":[{"floor":4.0,"key":"Ancient Potion"},{"floor":13.0,"key":"Weak Potion"},{"floor":19.0,"key":"SneckoOil"},{"floor":20.0,"key":"Energy Potion"},{"floor":31.0,"key":"Block Potion"},{"floor":33.0,"key":"FearPotion"},{"floor":39.0,"key":"SmokeBomb"},{"floor":41.0,"key":"SpeedPotion"}],"is_trial":false,"path_per_floor":["M","?","$","M","?","R","M","T","T","R","$","T","M","$","R","B",null,"M","M","M","M","?","R","E","R","T","R","M","R","E","M","R","B",null,"M","$","?","?","M","R","E","R","T","M","M"],"character_chosen":"DEFECT","items_purchased":["Blizzard","Defragment","Loop","Capacitor","PotionOfCapacity"],"campfire_rested":3,"item_purchase_floors":[3,3,14,36,36],"current_hp_per_floor":[75,64,64,64,69,69,69,69,69,69,69,69,59,59,59,45,80,75,69,67,56,56,80,56,56,56,56,39,63,51,51,51,47,80,56,56,56,56,44,68,50,50,50,17,0,0],"gold":1451,"neow_bonus":"BOSS_RELIC","is_daily":false,"chose_seed":false,"campfire_upgraded":7,"win_rate":0.0,"timestamp":1614157083,"path_taken":["M","?","$","M","?","R","M","?","T","R","?","?","M","?","R","BOSS","M","?","M","M","?","R","E","R","T","R","M","R","E","?","R","BOSS","M","$","?","?","M","R","E","R","T","M","M"],"items_purchased_type":["Card","Card","Card","Card","Potion"],"build_version":"2020-12-18","purchased_purges":0,"victory":false,"max_hp_per_floor":[75,75,75,75,80,80,80,80,80,80,80,80,80,80,80,80,80,80,80,80,80,80,80,80,80,80,80,80,80,80,80,80,80,80,80,80,80,80,80,80,80,80,80,80,80,80],"relic_stats":{"counters":[19,151],"Pandora\u0027s Box":["Core Surge","Multi-Cast","Thunder Strike","Glacier","Rebound","Coolheaded","Rebound","Defragment"],"obtain_stats":[{"Pandora\u0027s Box":0,"Cracked Core":0},{"Pandora\u0027s Box":0,"Cracked Core":0},{"Pandora\u0027s Box":0,"Cracked Core":0}]},"card_choices":[{"not_picked":["Compile Driver","Sweeping Beam"],"picked":"Coolheaded","floor":1.0},{"not_picked":["Streamline","Steam Power","Undo"],"picked":"SKIP","floor":4.0},{"not_picked":["Turbo","Undo","Steam"],"picked":"SKIP","floor":7.0},{"not_picked":["Lockon","Doom and Gloom"],"picked":"Blizzard","floor":13.0},{"not_picked":["Core Surge","Meteor Strike"],"picked":"Machine Learning","floor":16.0},{"not_picked":["Doom and Gloom","Go for the Eyes","Steam+1"],"picked":"SKIP","floor":18.0},{"not_picked":["Compile Driver","Melter"],"picked":"Coolheaded+1","floor":19.0},{"not_picked":["Beam Cell+1","Sweeping Beam"],"picked":"Coolheaded","floor":20.0},{"not_picked":["Gash","Go for the Eyes","Doom and Gloom"],"picked":"SKIP","floor":21.0},{"not_picked":["Gash","Go for the Eyes","Doom and Gloom"],"picked":"SKIP","floor":21.0},{"not_picked":["Streamline","Chaos","Melter"],"picked":"SKIP","floor":24.0},{"not_picked":["Force Field+1","Cold Snap","Steam+1"],"picked":"SKIP","floor":28.0},{"not_picked":["Steam Power","Double Energy","Gash"],"picked":"SKIP","floor":30.0},{"not_picked":["Auto Shields","Compile Driver"],"picked":"Cold Snap+1","floor":31.0},{"not_picked":["Meteor Strike","Reboot"],"picked":"Machine Learning","floor":33.0},{"not_picked":["Hologram","Turbo+1","Melter"],"picked":"SKIP","floor":35.0},{"not_picked":["Ball Lightning+1","Force Field+1"],"picked":"Loop","floor":39.0},{"not_picked":["Conserve Battery+1","Stack+1","FTL"],"picked":"SKIP","floor":41.0},{"not_picked":["Redo","Ball Lightning+1","Double Energy+1"],"picked":"SKIP","floor":44.0}],"player_experience":453428,"relics_obtained":[],"event_choices":[{"damage_healed":0.0,"max_hp_gain":0.0,"max_hp_loss":0.0,"gold_gain":75.0,"event_name":"World of Goop","player_choice":"Gather Gold","floor":2.0,"gold_loss":0.0,"damage_taken":11.0},{"damage_healed":0.0,"max_hp_gain":5.0,"max_hp_loss":0.0,"gold_gain":0.0,"event_name":"Big Fish","player_choice":"Donut","floor":5.0,"gold_loss":0.0,"damage_taken":0.0},{"damage_healed":0.0,"max_hp_gain":0.0,"max_hp_loss":0.0,"gold_gain":0.0,"cards_transformed":["Multi-Cast"],"event_name":"Transmorgrifier","player_choice":"Transformed","floor":22.0,"gold_loss":0.0,"damage_taken":0.0,"cards_obtained":["Coolheaded"]},{"damage_healed":0.0,"max_hp_gain":0.0,"max_hp_loss":0.0,"gold_gain":0.0,"event_name":"Mysterious Sphere","player_choice":"Ignored","floor":37.0,"gold_loss":0.0,"damage_taken":0.0},{"damage_healed":0.0,"max_hp_gain":0.0,"max_hp_loss":0.0,"gold_gain":999.0,"event_name":"MindBloom","player_choice":"Gold","floor":38.0,"gold_loss":0.0,"damage_taken":0.0,"cards_obtained":["Normality","Normality"]}],"is_beta":true,"boss_relics":[{"not_picked":["Runic Pyramid","Astrolabe","Calling Bell"]},{"not_picked":["Cursed Key","Velvet Choker","Snecko Eye"]}],"items_purged_floors":[],"is_endless":false,"potions_floor_spawned":[4,13,19,20,24,31,33,39,41],"killed_by":"Writhing Mass","ascension_level":1}}