{"host":"zksvs3x2ysy9npnz","time":1614211030,"event":{"mods":["Aspiration","BaseMod","Beaked The Cultist","BetterRewards","Clockwork Mod","Colored Map","Conspire","Downfall","Halation","Highlight Path","Hubris","Infinite Spire","Jedi Mod","Magitek Elite","Minty Spire (QoL Compilation)","Permanent Neow","Quick Restart","Relic Stats","Shop Mod","StSLib","The Runesmith","The Witch"],"gold_per_floor":[119,119,69,1,1,1,1,15,15,44,44,60,92,107,107,207,207,182,198,7,17,17,17,48,48,48,48,48,48,63,97,97,201,201,215,215,34,34,34,34,34,34,34,34,34,34,34,34,34,34,34,34],"floor_reached":50,"language":"FRA","playtime":3096,"items_purged":["Bite"],"score":606,"play_id":"133103f4-1579-496e-832f-e28b22f85b2c","local_time":"20210225005710","is_ascension_mode":true,"campfire_choices":[{"data":"hexamod:StepThrough","floor":6,"key":"SMITH"},{"floor":11,"key":"REST"},{"data":"hexamod:Hexaguard","floor":15,"key":"SMITH"},{"data":"Sadistic Nature","floor":23,"key":"SMITH"},{"floor":25,"key":"REST"},{"data":"hexamod:Hexaguard","floor":32,"key":"SMITH"},{"data":"hexamod:GhostflameInferno","floor":40,"key":"SMITH"},{"data":"hexamod:GhostflameInferno","floor":46,"key":"SMITH"},{"floor":49,"key":"RECALL"}],"circlet_count":0,"master_deck":["hexamod:SixthSeal","hexamod:Defend+1","hexamod:Defend+1","hexamod:Defend+1","hexamod:Defend+1","hexamod:Sear+1","hexamod:Float+1","hexamod:FourthSeal","hexamod:StepThrough+1","hexamod:Hexaguard+1","hexamod:ThermalTransfer+1","hexamod:FastForward+1","hexamod:GhostShield+1","hexamod:ApocalypticArmor+1","hexamod:Firestarter+1","hexamod:VolcanoVisage+1","Sadistic Nature+1","hexamod:SuperheatedStrike+1","Bite+1","Bite+1","Bite+1","Bite+1","Bite+1","hexamod:NightmareGuise+1","hexamod:Hexaguard+1","hexamod:GhostflameInferno+1","hexamod:SixthSeal","hexamod:Defend+1","hexamod:Defend+1","hexamod:Defend+1","hexamod:Defend+1","hexamod:Sear+1","hexamod:Float+1","hexamod:FourthSeal","hexamod:StepThrough+1","hexamod:Hexaguard+1","hexamod:ThermalTransfer+1","hexamod:FastForward+1","hexamod:GhostShield+1","hexamod:ApocalypticArmor+1","hexamod:Firestarter+1","hexamod:VolcanoVisage+1","Sadistic Nature+1","hexamod:SuperheatedStrike+1","Bite+1","Bite+1","Bite+1","Bite+1","hexamod:NightmareGuise+1","hexamod:Hexaguard+1","hexamod:GhostflameInferno+1","Impatience+1","hexamod:AdvancingGuard+1","hexamod:ShieldOfDarkness+1","hexamod:InspiringFlames+1","hexamod:NightmareGuise+1","hexamod:Rewind+1","hexamod:HeatShield+1"],"relics":["hexamod:SpiritBrand","Bottled Tornado","Mythril_Glove","hubris:Reverence","hubris:TerracottaHorce","halation:PromiseList","jedi:crownofsimplicity","Regal Pillow","hubris:Backtick","beaked:MendingPlumage","jedi:ominousloannote","halation:LettersToHer","conspire:Dentures","hexamod:SoulOfChaos","Ribbon","Potion Belt"],"acts_visited":["Exordium","TheCity","TheBeyond"],"potions_floor_usage":[12,13,14,16,18,19,24,24,24,27,30,31,33,35,42,47,50,50,50],"damage_taken":[{"damage":0,"enemies":"Cultist","floor":1,"turns":4},{"damage":7,"enemies":"2 Louse","floor":8,"turns":3},{"damage":33,"enemies":"Gremlin Nob","floor":10,"turns":5},{"damage":4,"enemies":"Jaw Worm","floor":12,"turns":5},{"damage":4,"enemies":"Lagavulin","floor":13,"turns":6},{"damage":0,"enemies":"Blue Slaver","floor":14,"turns":4},{"damage":0,"enemies":"The Guardian","floor":16,"turns":1},{"damage":6,"enemies":"2 Thieves","floor":18,"turns":5},{"damage":0,"enemies":"Shell Parasite","floor":19,"turns":7},{"damage":10,"enemies":"Snake Plant","floor":21,"turns":4},{"damage":27,"enemies":"Gremlin Leader","floor":24,"turns":9},{"damage":2,"enemies":"Cultist and Chosen","floor":27,"turns":4},{"damage":7,"enemies":"Centurion and Healer","floor":30,"turns":5},{"damage":9,"enemies":"Book of Stabbing","floor":31,"turns":5},{"damage":11,"enemies":"Champ","floor":33,"turns":12},{"damage":12,"enemies":"3 Darklings","floor":35,"turns":5},{"damage":0,"enemies":"3 Shapes","floor":38,"turns":4},{"damage":56,"enemies":"Nemesis","floor":41,"turns":7},{"damage":1,"enemies":"Sphere and 2 Shapes","floor":42,"turns":6},{"damage":57,"enemies":"Transient","floor":44,"turns":5},{"damage":15,"enemies":"Jaw Worm Horde","floor":45,"turns":7},{"damage":0,"enemies":"3 Darklings","floor":47,"turns":7},{"damage":24,"enemies":"4 Shapes","floor":48,"turns":7},{"damage":85,"enemies":"conspire:OrnateMirror","floor":50,"turns":8}],"seed_played":"-8001607666077203423","potions_obtained":[{"floor":1,"key":"SpeedPotion"},{"floor":10,"key":"SkillPotion"},{"floor":12,"key":"PowerPotion"},{"floor":12,"key":"infinitespire:BlackPotion"},{"floor":13,"key":"SkillPotion"},{"floor":14,"key":"Guardian:BlockOnCardUsePotion"},{"floor":16,"key":"Swift Potion"},{"floor":18,"key":"jedi:hoardpotion"},{"floor":19,"key":"PowerPotion"},{"floor":21,"key":"PowerPotion"},{"floor":24,"key":"SmokeBomb"},{"floor":24,"key":"jedi:tentaclejuice"},{"floor":30,"key":"Fruit Juice"},{"floor":30,"key":"hexamod:EctoCoolerPotion"},{"floor":31,"key":"Guardian:BlockOnCardUsePotion"},{"floor":31,"key":"Dexterity Potion"},{"floor":33,"key":"jedi:tentaclejuice"},{"floor":35,"key":"Fruit Juice"},{"floor":38,"key":"AttackPotion"},{"floor":41,"key":"Swift Potion"},{"floor":42,"key":"FearPotion"},{"floor":45,"key":"sneckomod:MuddlingPotion"},{"floor":45,"key":"GamblersBrew"},{"floor":47,"key":"Explosive Potion"},{"floor":47,"key":"ColorlessPotion"}],"is_trial":false,"path_per_floor":["M","?","?","$","$","R","?","M","T","E","R","M","E","M","R","B",null,"M","M","$","M","$","R","E","R","T","M","?","?","M","E","R","B",null,"M","?","$","M","?","R","E","M","T","M","M","R","M","M","R","B"],"character_chosen":"THE_SPIRIT","items_purchased":["hexamod:StepThrough","Sadistic Nature","jedi:ominousloannote","halation:LettersToHer","conspire:Dentures","Impatience"],"campfire_rested":2,"item_purchase_floors":[4,20,37,37,37,37],"current_hp_per_floor":[70,70,70,70,70,70,70,63,63,30,51,47,43,43,43,43,63,57,57,57,47,47,47,20,41,41,39,39,39,45,43,43,52,54,59,59,59,59,59,59,45,59,59,32,59,59,59,59,59,0,0,0],"gold":34,"neow_bonus":"UPGRADE_CARD","is_daily":false,"chose_seed":false,"campfire_upgraded":6,"win_rate":0.0,"timestamp":1614211030,"path_taken":["M","?","?","?","$","R","?","M","T","E","R","M","E","M","R","BOSS","M","M","$","M","$","R","E","R","T","M","?","?","?","E","R","BOSS","M","?","$","?","?","R","E","M","T","M","M","R","M","?","R","BOSS"],"items_purchased_type":["Card","Card","Relic","Relic","Relic","Card"],"build_version":"2020-12-22","purchased_purges":1,"victory":false,"max_hp_per_floor":[70,70,70,70,70,70,70,70,70,70,70,70,70,70,70,70,70,70,70,70,70,70,70,70,70,70,70,70,49,54,54,54,54,54,59,59,59,59,59,59,59,59,59,59,59,59,59,59,59,59,59,59],"relic_stats":{"Regal Pillow":0,"counters":[24,135],"obtain_stats":[{"conspire:Dentures":37,"Potion Belt":43,"Regal Pillow":31,"Mythril_Glove":10,"jedi:crownofsimplicity":26,"Bottled Tornado":9,"hubris:TerracottaHorce":17,"hubris:Backtick":34,"jedi:ominousloannote":37,"Ribbon":41,"hexamod:SoulOfChaos":39,"halation:PromiseList":24,"beaked:MendingPlumage":34,"halation:LettersToHer":37,"hexamod:SpiritBrand":0,"hubris:Reverence":13},{"conspire:Dentures":16,"Potion Belt":19,"Regal Pillow":14,"Mythril_Glove":3,"jedi:crownofsimplicity":11,"Bottled Tornado":2,"hubris:TerracottaHorce":7,"hubris:Backtick":15,"jedi:ominousloannote":16,"Ribbon":18,"hexamod:SoulOfChaos":17,"halation:PromiseList":11,"beaked:MendingPlumage":15,"halation:LettersToHer":16,"hexamod:SpiritBrand":0,"hubris:Reverence":5},{"conspire:Dentures":84,"Potion Belt":101,"Regal Pillow":67,"Mythril_Glove":12,"jedi:crownofsimplicity":53,"Bottled Tornado":7,"hubris:TerracottaHorce":28,"hubris:Backtick":79,"jedi:ominousloannote":84,"Ribbon":95,"hexamod:SoulOfChaos":88,"halation:PromiseList":53,"beaked:MendingPlumage":79,"halation:LettersToHer":84,"hexamod:SpiritBrand":0,"hubris:Reverence":23}]},"card_choices":[{"not_picked":["hexamod:Firestarter","hexamod:NightmareStrike"],"picked":"hexamod:FourthSeal","floor":1},{"not_picked":["hexamod:SpectersWail","hexamod:InspiringFlames"],"picked":"hexamod:Hexaguard","floor":8},{"not_picked":["hexamod:GhostLash","hexamod:FlameSwitch","hexamod:Haunt"],"picked":"SKIP","floor":10},{"not_picked":["hexamod:GhostLash","hexamod:HauntingEcho"],"picked":"hexamod:ThermalTransfer","floor":12},{"not_picked":["hexamod:FlamesFromBeyond","hexamod:GiftsFromTheDead"],"picked":"hexamod:FastForward","floor":13},{"not_picked":["hexamod:HeatMetal","hexamod:SuperheatedStrike"],"picked":"hexamod:GhostShield","floor":14},{"not_picked":["hexamod:GhostOfSpirePresent","hexamod:UnlimitedPower"],"picked":"hexamod:ApocalypticArmor","floor":16},{"not_picked":["hexamod:SuperheatedStrike","hexamod:NightmareStrike"],"picked":"hexamod:Firestarter","floor":18},{"not_picked":["hexamod:NightmareGuise","hexamod:FlamesFromBeyond"],"picked":"hexamod:VolcanoVisage","floor":19},{"not_picked":["hexamod:HeatMetal","hexamod:StepThrough","hexamod:SwordOfDarkness"],"picked":"SKIP","floor":21},{"not_picked":["hexamod:FastForward","hexamod:StepThrough"],"picked":"hexamod:SuperheatedStrike+1","floor":24},{"not_picked":["hexamod:InspiringFlames","hexamod:NightmareStrike"],"picked":"hexamod:NightmareGuise","floor":30},{"not_picked":["hexamod:FastForward","hexamod:FirstSeal"],"picked":"hexamod:Hexaguard","floor":31},{"not_picked":["hexamod:SixthSeal","hexamod:FlameSwitch"],"picked":"hexamod:GhostflameInferno","floor":33},{"not_picked":["hexamod:BacktrackSmack+1","hexamod:Firestarter+1","hexamod:NecessarySacrifice+1"],"picked":"SKIP","floor":35},{"not_picked":["hexamod:ShieldOfDarkness","hexamod:InspiringFlames"],"picked":"hexamod:AdvancingGuard+1","floor":38},{"not_picked":["hexamod:NightmareStrike","hexamod:SpectersWail+1"],"picked":"hexamod:ShieldOfDarkness+1","floor":41},{"not_picked":["hexamod:SwordOfDarkness+1","hexamod:NightmareStrike+1","hexamod:SuperheatedStrike"],"picked":"SKIP","floor":42},{"not_picked":["hexamod:GiftsFromTheDead","hexamod:RadiantFlame+1"],"picked":"hexamod:InspiringFlames+1","floor":44},{"not_picked":["hexamod:FirstSeal","hexamod:HeatShield"],"picked":"hexamod:NightmareGuise+1","floor":45},{"not_picked":["hexamod:NightmareStrike+1","hexamod:FastForward+1"],"picked":"hexamod:Rewind+1","floor":47},{"not_picked":["hexamod:BurningTouch+1","hexamod:SwordOfDarkness"],"picked":"hexamod:HeatShield+1","floor":48}],"player_experience":1943514,"relics_obtained":[{"floor":9,"key":"Bottled Tornado"},{"floor":10,"key":"Mythril_Glove"},{"floor":13,"key":"hubris:Reverence"},{"floor":24,"key":"halation:PromiseList"},{"floor":26,"key":"jedi:crownofsimplicity"},{"floor":31,"key":"Regal Pillow"},{"floor":41,"key":"Ribbon"},{"floor":43,"key":"halation:LettersToHer"},{"floor":43,"key":"Potion Belt"}],"event_choices":[{"cards_removed":["hexamod:Strike"],"damage_healed":0,"gold_gain":0,"player_choice":"Card Removal","damage_taken":0,"max_hp_gain":0,"max_hp_loss":0,"event_name":"The Cleric","floor":3,"gold_loss":50},{"damage_healed":0,"gold_gain":0,"player_choice":"Disagree","damage_taken":0,"max_hp_gain":0,"max_hp_loss":0,"event_name":"conspire:LoneGhost","floor":7,"gold_loss":0},{"damage_healed":0,"gold_gain":0,"player_choice":"Leave","damage_taken":0,"max_hp_gain":0,"max_hp_loss":0,"event_name":"conspire:Investor","floor":28,"gold_loss":0},{"damage_healed":0,"gold_gain":0,"player_choice":"Became a vampire","damage_taken":0,"max_hp_gain":0,"max_hp_loss":21,"event_name":"Vampires","floor":29,"gold_loss":0,"cards_obtained":["Bite","Bite","Bite","Bite","Bite"]},{"damage_healed":0,"gold_gain":0,"player_choice":"Gave Potion","damage_taken":0,"relics_obtained":["hexamod:SoulOfChaos"],"max_hp_gain":0,"max_hp_loss":0,"event_name":"WeMeetAgain","floor":39,"gold_loss":0}],"is_beta":false,"boss_relics":[{"not_picked":["halation:HeavySnake","halation:MonkeysPaw"],"picked":"hubris:TerracottaHorce"},{"not_picked":["Runic Pyramid","SlaversCollar"],"picked":"hubris:Backtick"}],"items_purged_floors":[37],"is_endless":false,"potions_floor_spawned":[1,12,14,16,19,24,30,31,38,42,45,47],"killed_by":"conspire:OrnateMirror","ascension_level":4}}