{"host":"uexz8m6e0pxi7xat","time":1614164588,"event":{"mods":["BaseMod","Bestiary","Minty Spire (QoL Compilation)","Relic Stats","ojb\u0027s Info Mod"],"gold_per_floor":[115,115,132,148,37,37,62,79,79,111,111,125,125,142,142,214,214,214,3,3,3,3,3,3,3,3,3,3,3,3,3,3,3,3],"floor_reached":33,"language":"ENG","playtime":2325,"items_purged":[],"score":638,"play_id":"e910fdf2-f49d-455c-b756-288d43779e07","local_time":"20210225000308","is_ascension_mode":true,"campfire_choices":[{"data":"Whirlwind","floor":6,"key":"SMITH"},{"data":"Armaments","floor":11,"key":"SMITH"},{"data":"Bash","floor":15,"key":"SMITH"},{"data":"Fiend Fire","floor":24,"key":"SMITH"},{"data":"Armaments","floor":30,"key":"SMITH"},{"data":"Burning Pact","floor":32,"key":"SMITH"}],"circlet_count":0,"master_deck":["AscendersBane","Strike_R","Strike_R","Strike_R","Strike_R","Defend_R","Defend_R","Defend_R","Defend_R","Bash+1","Whirlwind+1","Inflame","Armaments+1","Inflame","Sword Boomerang","Impervious","Bloodletting","Limit Break","Shockwave","Shrug It Off","Twin Strike","Clothesline+1","Inflame","Fiend Fire+1","Armaments+1","True Grit+1","Burning Pact+1"],"relics":["Burning Blood","Omamori","HornCleat","Magic Flower","Nunchaku","Ectoplasm","Lantern","Strawberry","Letter Opener","MealTicket","Paper Frog"],"acts_visited":["Exordium","TheCity"],"potions_floor_usage":[8,18,23,31,33,33],"damage_taken":[{"damage":11,"enemies":"Jaw Worm","floor":1,"turns":4},{"damage":0,"enemies":"Cultist","floor":3,"turns":3},{"damage":4,"enemies":"Small Slimes","floor":4,"turns":4},{"damage":11,"enemies":"3 Sentries","floor":7,"turns":5},{"damage":0,"enemies":"Gremlin Gang","floor":8,"turns":1},{"damage":28,"enemies":"Gremlin Nob","floor":10,"turns":4},{"damage":0,"enemies":"Blue Slaver","floor":12,"turns":7},{"damage":0,"enemies":"Looter","floor":14,"turns":5},{"damage":13,"enemies":"Slime Boss","floor":16,"turns":11},{"damage":21,"enemies":"Shell Parasite","floor":18,"turns":3},{"damage":0,"enemies":"Chosen","floor":20,"turns":3},{"damage":0,"enemies":"Centurion and Healer","floor":21,"turns":5},{"damage":16,"enemies":"Sentry and Sphere","floor":22,"turns":4},{"damage":24,"enemies":"Book of Stabbing","floor":23,"turns":6},{"damage":22,"enemies":"Snake Plant","floor":25,"turns":4},{"damage":28,"enemies":"Gremlin Leader","floor":28,"turns":5},{"damage":8,"enemies":"Snecko","floor":29,"turns":5},{"damage":16,"enemies":"Book of Stabbing","floor":31,"turns":6},{"damage":33,"enemies":"Automaton","floor":33,"turns":4}],"seed_played":"-602777934505197537","potions_obtained":[{"floor":3,"key":"SneckoOil"},{"floor":8,"key":"ElixirPotion"},{"floor":10,"key":"SteroidPotion"},{"floor":18,"key":"Dexterity Potion"},{"floor":28,"key":"Energy Potion"},{"floor":29,"key":"PowerPotion"},{"floor":31,"key":"PowerPotion"}],"is_trial":false,"path_per_floor":["M","?","M","M","$","R","E","M","T","E","R","M","?","M","R","B",null,"M","$","M","M","M","E","R","M","T","$","E","M","R","E","R","B"],"character_chosen":"IRONCLAD","items_purchased":["Fire Potion","Armaments","Lantern","Shrug It Off"],"campfire_rested":0,"item_purchase_floors":[5,5,19,19],"current_hp_per_floor":[63,63,69,71,71,71,66,75,75,56,56,65,65,74,74,70,74,62,62,71,75,68,60,60,47,47,47,28,29,29,22,22,0,0],"gold":3,"neow_bonus":"RANDOM_COMMON_RELIC","is_daily":false,"chose_seed":false,"campfire_upgraded":6,"win_rate":0.0,"timestamp":1614164588,"path_taken":["M","?","M","M","$","R","E","?","T","E","R","M","?","M","R","BOSS","M","$","M","?","M","E","R","M","T","$","E","?","R","E","R","BOSS"],"items_purchased_type":["Potion","Card","Relic","Card"],"build_version":"2020-12-22","purchased_purges":0,"victory":false,"max_hp_per_floor":[75,75,75,75,75,75,75,75,75,75,75,75,75,75,75,75,75,75,75,75,75,75,82,82,82,82,82,82,82,82,82,82,82,82],"relic_stats":{"Nunchaku":[9],"counters":[19,89],"Magic Flower":[39],"MealTicket":0,"Ectoplasm":187,"Letter Opener":[30],"obtain_stats":[{"Nunchaku":10,"Lantern":19,"HornCleat":2,"Strawberry":23,"Magic Flower":7,"MealTicket":28,"Ectoplasm":17,"Omamori":0,"Letter Opener":26,"Burning Blood":0,"Paper Frog":31},{"Nunchaku":6,"Lantern":10,"HornCleat":1,"Strawberry":14,"Magic Flower":4,"MealTicket":16,"Ectoplasm":9,"Omamori":0,"Letter Opener":15,"Burning Blood":0,"Paper Frog":18},{"Nunchaku":21,"Lantern":47,"HornCleat":4,"Strawberry":65,"Magic Flower":16,"MealTicket":74,"Ectoplasm":44,"Omamori":0,"Letter Opener":69,"Burning Blood":0,"Paper Frog":85}],"Burning Blood":145},"card_choices":[{"not_picked":["Armaments","Wild Strike"],"picked":"Twin Strike","floor":1},{"not_picked":["Pommel Strike","Clash"],"picked":"Whirlwind","floor":3},{"not_picked":["Anger","Power Through"],"picked":"Inflame","floor":4},{"not_picked":["Entrench","Blood for Blood"],"picked":"Inflame","floor":7},{"not_picked":["Double Tap","Shrug It Off"],"picked":"Sword Boomerang","floor":8},{"not_picked":["Flex","Rupture"],"picked":"Impervious","floor":10},{"not_picked":["Iron Wave","Havoc"],"picked":"Bloodletting","floor":12},{"not_picked":["Havoc","True Grit","Cleave"],"picked":"SKIP","floor":14},{"not_picked":["Fiend Fire","Corruption"],"picked":"Limit Break","floor":16},{"not_picked":["Searing Blow","Bloodletting"],"picked":"Shockwave","floor":18},{"not_picked":["Clash","Havoc"],"picked":"Twin Strike","floor":20},{"not_picked":["Pommel Strike","Fire Breathing"],"picked":"Clothesline+1","floor":21},{"not_picked":["Searing Blow","Reckless Charge"],"picked":"Inflame","floor":22},{"not_picked":["Warcry","Carnage"],"picked":"Fiend Fire","floor":23},{"not_picked":["Flex","Havoc+1"],"picked":"Armaments","floor":25},{"not_picked":["Flex","Double Tap","Infernal Blade"],"picked":"SKIP","floor":28},{"not_picked":["Body Slam","Wild Strike"],"picked":"True Grit+1","floor":29},{"not_picked":["Double Tap","Uppercut"],"picked":"Burning Pact","floor":31}],"player_experience":1110855,"relics_obtained":[{"floor":7,"key":"Magic Flower"},{"floor":10,"key":"Nunchaku"},{"floor":23,"key":"Strawberry"},{"floor":26,"key":"Letter Opener"},{"floor":28,"key":"MealTicket"},{"floor":31,"key":"Paper Frog"}],"event_choices":[{"cards_removed":["Twin Strike"],"damage_healed":0,"gold_gain":0,"player_choice":"Gave Card","damage_taken":0,"relics_obtained":["HornCleat"],"max_hp_gain":0,"max_hp_loss":0,"event_name":"WeMeetAgain","floor":2,"gold_loss":0},{"cards_removed":["Strike_R"],"damage_healed":0,"gold_gain":0,"player_choice":"Offered Basic","damage_taken":0,"max_hp_gain":0,"max_hp_loss":0,"event_name":"Bonfire Elementals","floor":13,"gold_loss":0}],"is_beta":false,"boss_relics":[{"not_picked":["SacredBark","Black Blood"],"picked":"Ectoplasm"}],"items_purged_floors":[],"is_endless":false,"potions_floor_spawned":[3,8,10,12,14,18,21,28,29,31],"killed_by":"Automaton","ascension_level":20}}