{"host":"5z8akj3r2akmlwyw","time":1614163948,"event":{"mods":["AchievementEnabler","BaseMod","Colored Powertips","Conspire","Downfall","KinomotoSakuraMod(ƒæ÷Æ±æ”£)","Marisa£®ÏF”Í°°ƒß¿Ì…≥£©","Minty Spire (QoL Compilation)","Quick Restart","Reimu£®≤©¿ˆ¡È√Œ£©","Remilia£®¿Ÿ√◊¿Ú—«£©","Replay The Spire","StSLib","The Construct","The Cursed","The Hierophant","The Servant 0.9.4","Youmu£®ªÍ∆«—˝√Œ£©"],"gold_per_floor":[115,115,127,32,52,52,52,66,118,118,145,157,169,201,213,325,337,364,336,367,379,410,449,461,485,497,509,16,16,41,41,41,138,138,149,59,59,74,94,121,121,151,151,176,189,199,199,249,249,249,249,249,74,101,101,101],"floor_reached":55,"language":"ZHS","playtime":4483,"items_purged":[],"score":1118,"play_id":"22c76d63-5215-458f-885c-b697e7e9f6fd","local_time":"20210224185228","is_ascension_mode":true,"campfire_choices":[{"data":"Worship","floor":7.0,"key":"SMITH"},{"floor":10.0,"key":"REST"},{"data":"Wallop","floor":15.0,"key":"SMITH"},{"data":"Eruption","floor":15.0,"key":"SMITH"},{"data":"Prostrate","floor":24.0,"key":"SMITH"},{"data":"ReplayTheSpireMod:Private Reserves","floor":24.0,"key":"SMITH"},{"data":"Meditate","floor":29.0,"key":"SMITH"},{"data":"Brilliance","floor":29.0,"key":"SMITH"},{"data":"JustLucky","floor":32.0,"key":"SMITH"},{"data":"Brilliance","floor":32.0,"key":"SMITH"},{"floor":47.0,"key":"RECALL"},{"floor":49.0,"key":"REST"}],"circlet_count":0,"master_deck":["conspire:GhostlyDefend","Eruption+1","Vigilance+1","EmptyFist","Brilliance+1","FearNoEvil+1","ReplayTheSpireMod:Private Reserves+1","Worship+1","ClearTheMind+1","Wallop+1","Replay:AtTheReady","Brilliance+1","CrushJoints+1","Halt","Slimebound:Tackle+1","Slimebound:Tackle+1","Slimebound:Tackle+1","Meditate+1","Prostrate+1","SashWhip+1","JustLucky+1","Replay:AllIn","Prostrate+1","Crescendo","ThirdEye+1","BowlingBash+1","DeusExMachina","Consecrate+1","Worship","Adaptation","TalkToTheHand+1"],"relics":["PureWater","NeowsBlessing","Gremlin Food","MawBank","Replay:Arrowhead","Honey Jar","ZunR:ReiMu","Lizard Tail","Happy Flower","Lee\u0027s Waffle","StoneCalendar","Chameleon Ring","Empty Cage","Blue Doll","ReplayTheSpireMod:Lightbulb","Replay:Bottled Flurry","PureWhite:ReiMu","Toolbox","Blood Vial"],"acts_visited":["Exordium","TheCity","TheBeyond","TheEnding"],"potions_floor_usage":[55],"damage_taken":[{"damage":0.0,"enemies":"Jaw Worm","floor":1.0,"turns":1.0},{"damage":0.0,"enemies":"Cultist","floor":3.0,"turns":1.0},{"damage":0.0,"enemies":"Small Slimes","floor":5.0,"turns":1.0},{"damage":15.0,"enemies":"Exordium Wildlife","floor":8.0,"turns":3.0},{"damage":18.0,"enemies":"3 Sentries","floor":11.0,"turns":7.0},{"damage":0.0,"enemies":"Slime Boss","floor":16.0,"turns":6.0},{"damage":18.0,"enemies":"3 Byrds","floor":18.0,"turns":4.0},{"damage":0.0,"enemies":"Chosen","floor":20.0,"turns":3.0},{"damage":6.0,"enemies":"Sentry and Sphere","floor":22.0,"turns":3.0},{"damage":17.0,"enemies":"conspire:Head Lice","floor":23.0,"turns":5.0},{"damage":0.0,"enemies":"Snecko","floor":25.0,"turns":2.0},{"damage":13.0,"enemies":"conspire:SneckoGhost","floor":30.0,"turns":3.0},{"damage":23.0,"enemies":"Pondfish","floor":33.0,"turns":4.0},{"damage":7.0,"enemies":"Orb Walker","floor":35.0,"turns":2.0},{"damage":4.0,"enemies":"3 Darklings","floor":38.0,"turns":2.0},{"damage":5.0,"enemies":"4 Shapes","floor":39.0,"turns":2.0},{"damage":3.0,"enemies":"Reptomancer","floor":40.0,"turns":2.0},{"damage":0.0,"enemies":"R_Hoarder","floor":42.0,"turns":4.0},{"damage":9.0,"enemies":"Giant Head","floor":44.0,"turns":4.0},{"damage":0.0,"enemies":"Jaw Worm Horde","floor":45.0,"turns":3.0},{"damage":0.0,"enemies":"Sphere and 2 Shapes","floor":46.0,"turns":2.0},{"damage":27.0,"enemies":"Mind Bloom Boss Battle","floor":48.0,"turns":4.0},{"damage":70.0,"enemies":"conspire:OrnateMirror","floor":50.0,"turns":4.0},{"damage":6.0,"enemies":"Shield and Spear","floor":54.0,"turns":3.0},{"damage":79,"enemies":"The Heart","floor":55,"turns":6}],"seed_played":"-4771553322354661439","potions_obtained":[{"floor":5.0,"key":"Strength Potion"},{"floor":8.0,"key":"LiquidBronze"},{"floor":11.0,"key":"LiquidMemories"},{"floor":16.0,"key":"BottledMiracle"},{"floor":22.0,"key":"Weak Potion"},{"floor":23.0,"key":"Swift Potion"},{"floor":25.0,"key":"EntropicBrew"},{"floor":30.0,"key":"champ:CounterPotion"},{"floor":39.0,"key":"ZuzhouPotion:ReiMu"},{"floor":44.0,"key":"Milkshake"},{"floor":48.0,"key":"Adrenaline Potion"},{"floor":52.0,"key":"MagicPotion:ReiMu"},{"floor":52.0,"key":"bronze:BurnAndBuffPotion"}],"is_trial":false,"path_per_floor":["M","?","M","$","M","?","R","M","T","R","E","$","?","?","R","B",null,"M","?","M","?","M","E","R","M","T","?","$","R","E","$","R","B",null,"M","?","$","M","M","E","?","E","T","E","M","M","R","?","R","B",null,"R","$","E","B"],"character_chosen":"WATCHER","items_purchased":["ReplayTheSpireMod:Private Reserves","Lee\u0027s Waffle","StoneCalendar","Fire Potion","Adaptation","Toolbox"],"campfire_rested":2,"item_purchase_floors":[4,28,28,28,53,53],"current_hp_per_floor":[72,72,72,72,72,72,72,57,57,72,54,54,59,59,59,59,77,59,59,59,59,53,36,36,36,36,36,84,84,71,71,71,48,84,77,77,77,73,68,65,65,65,65,56,56,56,56,29,53,23,80,80,80,74,0,0],"gold":101,"neow_bonus":"THREE_ENEMY_KILL","is_daily":false,"chose_seed":false,"campfire_upgraded":9,"win_rate":0.0,"timestamp":1614163948,"path_taken":["M","?","?","$","M","?","R","M","T","R","E","?","?","?","R","BOSS","M","?","M","?","M","E","R","M","T","?","?","R","E","?","R","BOSS","M","?","?","?","M","E","?","E","T","E","M","M","R","?","R","BOSS","R","$","E","BOSS"],"items_purchased_type":["Card","Relic","Relic","Potion","Card","Relic"],"build_version":"2020-12-22","purchased_purges":0,"victory":false,"max_hp_per_floor":[72,72,72,72,72,72,72,72,72,72,72,72,77,77,77,77,77,77,77,77,77,77,77,77,77,77,77,84,84,84,84,84,84,84,84,84,84,84,84,84,80,80,80,80,80,80,80,80,80,80,80,80,80,80,80,80],"card_choices":[{"not_picked":["Replay:BluntJabs","CrushJoints"],"picked":"EmptyFist","floor":1.0},{"not_picked":["SignatureMove","Wallop"],"picked":"FearNoEvil","floor":3.0},{"not_picked":["Study","ThirdEye"],"picked":"Worship","floor":5.0},{"not_picked":["Consecrate","WreathOfFlame"],"picked":"ClearTheMind","floor":8.0},{"not_picked":["Replay:Vibes","EmptyFist"],"picked":"Wallop","floor":11.0},{"not_picked":["Wallop","BattleHymn"],"picked":"Replay:AtTheReady","floor":14.0},{"not_picked":["Omniscience","Replay:LoomingThreat"],"picked":"Brilliance","floor":16.0},{"not_picked":["ReachHeaven","Replay:ManipulateFuture+1","ClearTheMind"],"picked":"CrushJoints+1","floor":18.0},{"not_picked":["CrushJoints","Swivel","Crescendo"],"picked":"Halt","floor":20.0},{"not_picked":["SashWhip","Replay:Anticipation","Collect"],"picked":"Meditate","floor":22.0},{"not_picked":["Protect","CrushJoints","Replay:AtTheReady"],"picked":"Prostrate","floor":23.0},{"not_picked":["CrushJoints","FollowUp","Establishment"],"picked":"SashWhip+1","floor":25.0},{"not_picked":["ClearTheMind","BowlingBash","Swivel"],"picked":"JustLucky","floor":30.0},{"not_picked":["Omniscience","Ragnarok","LessonLearned"],"picked":"Replay:AllIn","floor":33.0},{"not_picked":["Perseverance","Crescendo","FollowUp"],"picked":"Prostrate+1","floor":35.0},{"not_picked":["SashWhip","CrushJoints+1","SandsOfTime"],"picked":"Crescendo","floor":38.0},{"not_picked":["FlyingSleeves+1","BowlingBash+1","WheelKick"],"picked":"ThirdEye+1","floor":39.0},{"not_picked":["FlyingSleeves","EmptyFist","Replay:AllIn"],"picked":"BowlingBash+1","floor":40.0},{"not_picked":["Swivel","EmptyFist","CrushJoints"],"picked":"DeusExMachina","floor":42.0},{"not_picked":["Weave","Worship+1","Replay:Cycle"],"picked":"Consecrate+1","floor":44.0},{"not_picked":["ReachHeaven+1","TalkToTheHand","Consecrate"],"picked":"Worship","floor":45.0},{"not_picked":["SignatureMove","Protect+1","EmptyFist+1","Replay:ManipulateFuture"],"picked":"SKIP","floor":46.0},{"not_picked":["FlurryOfBlows","Evaluate+1","BowlingBash+1"],"picked":"TalkToTheHand+1","floor":54.0}],"player_experience":124408,"relics_obtained":[{"floor":9.0,"key":"Gremlin Food"},{"floor":11.0,"key":"MawBank"},{"floor":14.0,"key":"Replay:Arrowhead"},{"floor":23.0,"key":"Lizard Tail"},{"floor":26.0,"key":"Happy Flower"},{"floor":30.0,"key":"Chameleon Ring"},{"floor":40.0,"key":"Blue Doll"},{"floor":42.0,"key":"ReplayTheSpireMod:Lightbulb"},{"floor":44.0,"key":"Replay:Bottled Flurry"},{"floor":48.0,"key":"PureWhite:ReiMu"},{"floor":54.0,"key":"Blood Vial"}],"event_choices":[{"damage_healed":0.0,"max_hp_gain":0.0,"max_hp_loss":0.0,"gold_gain":0.0,"cards_transformed":["Strike_P"],"event_name":"Transmorgrifier","player_choice":"Transformed","floor":2.0,"gold_loss":0.0,"damage_taken":0.0,"cards_obtained":["Brilliance"]},{"damage_healed":0.0,"max_hp_gain":0.0,"max_hp_loss":0.0,"gold_gain":0.0,"event_name":"conspire:LoneGhost","player_choice":"Agree","floor":6.0,"gold_loss":0.0,"damage_taken":0.0},{"damage_healed":0.0,"max_hp_gain":5.0,"max_hp_loss":0.0,"gold_gain":0.0,"event_name":"Big Fish","player_choice":"Donut","floor":13.0,"gold_loss":0.0,"damage_taken":0.0},{"damage_healed":0.0,"max_hp_gain":0.0,"max_hp_loss":0.0,"gold_gain":0.0,"event_name":"ZunEvent","player_choice":"π∫¬Ú…Òæ∆","floor":19.0,"gold_loss":40.0,"damage_taken":0.0,"relics_obtained":["ZunR:ReiMu"]},{"cards_removed":["conspire:GhostlyDefend"],"damage_healed":0.0,"max_hp_gain":0.0,"max_hp_loss":0.0,"gold_gain":0.0,"event_name":"Designer","player_choice":"Upgrade and Remove","floor":36.0,"gold_loss":90.0,"damage_taken":0.0,"cards_upgraded":["FearNoEvil"]},{"damage_healed":0.0,"max_hp_gain":0.0,"max_hp_loss":4.0,"gold_gain":0.0,"event_name":"Winding Halls","player_choice":"Max HP","floor":41.0,"gold_loss":0.0,"damage_taken":0.0},{"damage_healed":0.0,"max_hp_gain":0.0,"max_hp_loss":0.0,"gold_gain":0.0,"event_name":"MindBloom","player_choice":"Fight","floor":48.0,"gold_loss":0.0,"damage_taken":0.0}],"is_beta":false,"boss_relics":[{"not_picked":["RedLine:ReiMu","Replay:Ancient Bell"],"picked":"Honey Jar"},{"not_picked":["Runic Dome","Kintsugi"],"picked":"Empty Cage"}],"items_purged_floors":[],"is_endless":false,"potions_floor_spawned":[5,8,11,16,22,23,25,30,38,39,44,48],"killed_by":"The Heart","ascension_level":1}}