{"host":"vrsxkkch9ccrec7k","time":1614156853,"event":{"mods":["Act Like it!","BaseMod","Bestiary","Better Altar","Better Match","Better Note","Better Sensory Stone","Better Skull","Better Third Choice","Better Vampires","Downfall","Minty Spire (QoL Compilation)","Permanent Neow","Relic Stats","Spicy Shops","StSLib"],"gold_per_floor":[99,113,133,152,152,252,252,272,272,272,272,299,299,52,70,70,70,70],"floor_reached":16,"language":"ENG","playtime":644,"items_purged":["downfall:Icky"],"score":180,"play_id":"190b6274-7d98-4094-9e56-42f9c761781c","local_time":"20210224035413","is_ascension_mode":true,"campfire_choices":[{"data":"champ:Execute","floor":1,"key":"SMITH"},{"data":"champ:EndlessRage","floor":9,"key":"SMITH"},{"floor":13,"key":"REST"}],"circlet_count":0,"master_deck":["AscendersBane","champ:Strike","champ:Strike","champ:Strike","champ:Strike","champ:Defend","champ:Defend","champ:Defend","champ:Defend","champ:Execute+1","champ:Taunt+1","champ:PreciseThrust","champ:CrownThrow","champ:ShieldWall","champ:EndlessRage+1","champ:CalledShot","champ:TornadoPunch","champ:UltimateStance","champ:BringItOn"],"relics":["champ:ChampionCrown","sneckomod:BlankCard","Blue Candle","Meat on the Bone","MealTicket","OrangePellets"],"acts_visited":["Exordium"],"potions_floor_usage":[16,16],"damage_taken":[{"damage":13,"enemies":"Jaw Worm","floor":2,"turns":4},{"damage":11,"enemies":"Small Slimes","floor":3,"turns":2},{"damage":10,"enemies":"Cultist","floor":4,"turns":3},{"damage":8,"enemies":"3 Louse","floor":8,"turns":3},{"damage":53,"enemies":"Gremlin Nob","floor":12,"turns":4},{"damage":21,"enemies":"downfall:FleeingMerchant","floor":14,"turns":4},{"damage":21,"enemies":"Blue Slaver","floor":15,"turns":4},{"damage":59,"enemies":"DF_ARCHETYPE_STREAMLINE","floor":16,"turns":11}],"seed_played":"-2927469962896895254","potions_obtained":[{"floor":2,"key":"LiquidBronze"},{"floor":4,"key":"GamblersBrew"},{"floor":8,"key":"Fire Potion"},{"floor":15,"key":"Strength Potion"}],"is_trial":false,"path_per_floor":["R","M","M","M","?","?","T","M","R","?","?","E","R","$","M","B"],"character_chosen":"THE_CHAMP","items_purchased":["OrangePellets","champ:UltimateStance"],"campfire_rested":1,"item_purchase_floors":[14,14],"current_hp_per_floor":[73,70,69,69,64,64,64,56,56,56,56,35,59,73,52,0,0,0],"gold":70,"neow_bonus":"RANDOM_COMMON_RELIC","is_daily":false,"chose_seed":false,"campfire_upgraded":2,"win_rate":0.0,"timestamp":1614156853,"path_taken":["R","M","M","M","?","?","T","?","R","?","?","E","R","$","M","BOSS"],"items_purchased_type":["Relic","Card"],"build_version":"2020-12-22","purchased_purges":1,"victory":false,"max_hp_per_floor":[81,81,81,81,81,81,81,81,81,81,81,81,81,81,81,81,81,81],"relic_stats":{"OrangePellets":[0],"counters":[8,35],"Blue Candle":[2],"MealTicket":15,"obtain_stats":[{"OrangePellets":14,"sneckomod:BlankCard":0,"Blue Candle":5,"champ:ChampionCrown":0,"MealTicket":12,"Meat on the Bone":7},{"OrangePellets":6,"sneckomod:BlankCard":0,"Blue Candle":3,"champ:ChampionCrown":0,"MealTicket":5,"Meat on the Bone":3},{"OrangePellets":20,"sneckomod:BlankCard":0,"Blue Candle":9,"champ:ChampionCrown":0,"MealTicket":16,"Meat on the Bone":9}],"Meat on the Bone":12},"card_choices":[{"not_picked":["champ:BladeFlurry","champ:SwordSigil"],"picked":"champ:PreciseThrust","floor":2},{"not_picked":["champ:Backstep","champ:StanceDance"],"picked":"champ:CrownThrow","floor":3},{"not_picked":["champ:ViciousMockery","champ:FanOfKnives"],"picked":"champ:ShieldWall","floor":4},{"not_picked":["champ:CrownThrow","champ:PreciseThrust"],"picked":"champ:EndlessRage","floor":8},{"not_picked":["champ:FancyFootwork","champ:EndlessRage"],"picked":"champ:CalledShot","floor":12},{"not_picked":["champ:PreciseThrust","champ:FlashCut"],"picked":"champ:TornadoPunch","floor":14},{"not_picked":["champ:Haymaker","champ:Circumvent"],"picked":"champ:BringItOn","floor":15}],"player_experience":2014011,"relics_obtained":[{"floor":7,"key":"Meat on the Bone"},{"floor":12,"key":"MealTicket"}],"event_choices":[],"is_beta":false,"boss_relics":[],"items_purged_floors":[14],"is_endless":false,"potions_floor_spawned":[2,4,8,15],"killed_by":"DF_ARCHETYPE_STREAMLINE","ascension_level":16}}