{"host":"hpdezpg731xgox4e","time":1614130105,"event":{"mods":["2.2 Compatiblity","Aspiration","BaseMod","Downfall","GifTheSpireLib","Minty Spire (QoL Compilation)","Shop Mod","StSLib"],"gold_per_floor":[99,109,209,209,70,70,70,70,97,11,11,25,25,43,61,157,157,157,157,157,157,101,101,126,186,244,244,301,358,61,61,80,80,80,80],"floor_reached":33,"language":"ENG","playtime":2183,"items_purged":[],"score":293,"play_id":"06649c65-715a-4b15-b0da-438c3c9af43b","local_time":"20210223202825","is_ascension_mode":false,"campfire_choices":[{"data":"champ:Execute","floor":1,"key":"SMITH"},{"data":"champ:Shatter","floor":6,"key":"SMITH"},{"data":"champ:StanceDance","floor":13,"key":"SMITH"},{"data":"champ:UltimateStance","floor":18,"key":"SMITH"},{"data":"champ:SwordThrow","floor":23,"key":"SMITH"},{"floor":27,"key":"REST"}],"circlet_count":0,"master_deck":["champ:Strike+1","champ:Strike+1","champ:Strike+1","champ:Strike+1","champ:Defend","champ:Defend","champ:Defend","champ:Defend","champ:Execute+1","champ:Taunt+1","champ:Shatter+1","champ:Encircle+1","champ:BerserkersShout","champ:HeartStrike+1","champ:RecklessLeap+1","champ:BerserkersShout","champ:ArenaPreparation","champ:StanceDance+1","champ:FaceSlap","champ:Haymaker","champ:UltimateStance+1","champ:Encircle+1","champ:SwordThrow+1","champ:UltimateStance","champ:UltimateStance+1","champ:ShieldWall","champ:AdrenalArmor","champ:EnragedBash","champ:Haymaker"],"relics":["champ:ChampionCrownUpgraded","aspiration:HatOfInfinitePower","downfall:KnowingSkull","Boot","Torii","Nloth\u0027s Gift"],"acts_visited":["Exordium","TheCity"],"potions_floor_usage":[16,22,25,32,33],"damage_taken":[{"damage":10,"enemies":"2 Louse","floor":2,"turns":3},{"damage":10,"enemies":"downfall:FleeingMerchant","floor":5,"turns":4},{"damage":56,"enemies":"Lagavulin","floor":9,"turns":6},{"damage":60,"enemies":"downfall:FleeingMerchant","floor":10,"turns":4},{"damage":25,"enemies":"Small Slimes","floor":12,"turns":2},{"damage":23,"enemies":"Jaw Worm","floor":14,"turns":3},{"damage":20,"enemies":"downfall:LooterAlt","floor":15,"turns":2},{"damage":40,"enemies":"WA_ARCHETYPE_RETAIN","floor":16,"turns":4},{"damage":0,"enemies":"Chosen","floor":20,"turns":1},{"damage":68,"enemies":"downfall:FleeingMerchant","floor":22,"turns":4},{"damage":43,"enemies":"Shell Parasite","floor":25,"turns":2},{"damage":29,"enemies":"Snake Plant","floor":26,"turns":3},{"damage":33,"enemies":"Cultist and Chosen","floor":28,"turns":4},{"damage":23,"enemies":"Snecko","floor":29,"turns":3},{"damage":76,"enemies":"3 Cultists","floor":32,"turns":4},{"damage":87,"enemies":"SI_MIRROR_ARCHETYPE","floor":33,"turns":6}],"seed_played":"-7642183159293048964","potions_obtained":[{"floor":12,"key":"Energy Potion"},{"floor":14,"key":"sneckomod:MuddlingPotion"},{"floor":15,"key":"EssenceOfSteel"},{"floor":16,"key":"DistilledChaos"},{"floor":25,"key":"FearPotion"},{"floor":26,"key":"Slimebound:ThreeZeroPotion"}],"is_trial":false,"path_per_floor":["R","M","?","?","$","R","T","?","E","$","?","M","R","M","M","B",null,"R","?","M","?","$","R","T","M","M","R","M","M","$","?","M","B"],"character_chosen":"THE_CHAMP","items_purchased":["champ:BerserkersShout","champ:HeartStrike","champ:ArenaPreparation","champ:UltimateStance","DollysMirror","champ:ShieldWall","champ:AdrenalArmor","Torii"],"campfire_rested":1,"item_purchase_floors":[5,5,10,22,22,22,22,30],"current_hp_per_floor":[90,90,90,90,90,90,90,90,69,54,54,54,54,51,41,41,90,90,90,90,81,68,68,68,55,41,68,60,57,57,57,56,0,0,0],"gold":80,"neow_bonus":"UPGRADE_CARD","is_daily":false,"chose_seed":false,"campfire_upgraded":5,"win_rate":0.0,"timestamp":1614130105,"path_taken":["R","M","?","?","?","R","T","?","E","?","?","M","R","M","M","BOSS","R","?","M","?","$","R","T","M","M","R","M","?","$","?","M","BOSS"],"items_purchased_type":["Card","Card","Card","Card","Relic","Card","Card","Relic"],"build_version":"2020-12-22","purchased_purges":0,"victory":false,"max_hp_per_floor":[90,90,90,90,90,90,90,90,90,90,90,90,90,90,90,90,90,90,90,90,90,90,90,90,90,90,90,90,90,90,90,90,90,90,90],"card_choices":[{"not_picked":["champ:RapidStrikes","champ:AdrenalArmor"],"picked":"champ:Shatter","floor":2},{"not_picked":["champ:CalledShot","champ:PreemptiveStrike"],"picked":"champ:Encircle","floor":5},{"not_picked":["champ:RisingSlash","champ:EnGarde"],"picked":"champ:RecklessLeap","floor":9},{"not_picked":["champ:CrownThrow","champ:Backstep"],"picked":"champ:BerserkersShout","floor":10},{"not_picked":["champ:PerfectedStrike","champ:Haymaker"],"picked":"champ:StanceDance","floor":12},{"not_picked":["champ:DeathBlow","champ:SkillfulDodge"],"picked":"champ:FaceSlap","floor":14},{"not_picked":["champ:EndlessRage","champ:CrownThrow"],"picked":"champ:Haymaker","floor":15},{"not_picked":["champ:DancingMaster","champ:VampiricStrike"],"picked":"champ:UltimateStance","floor":16},{"not_picked":["champ:GladiatorStyle","champ:TornadoPunch"],"picked":"champ:Encircle+1","floor":20},{"not_picked":["champ:RapidStrikes","champ:TornadoPunch"],"picked":"champ:SwordThrow","floor":22},{"not_picked":["champ:PreciseThrust+1","champ:Lariat"],"picked":"champ:EnragedBash","floor":25},{"not_picked":["champ:FocusedDefense+1","champ:RisingSlash"],"picked":"champ:Haymaker","floor":26},{"not_picked":["champ:GutPunch","champ:IronFortress","champ:BerserkersShout"],"picked":"SKIP","floor":28},{"not_picked":["champ:CrownThrow+1","champ:PerfectedStrike+1","champ:GladiatorStyle"],"picked":"SKIP","floor":29},{"not_picked":["champ:EnragedBash","champ:DefensiveStyle","champ:BringItOn"],"picked":"SKIP","floor":32}],"player_experience":113010,"relics_obtained":[{"floor":7,"key":"aspiration:HatOfInfinitePower"},{"floor":9,"key":"Toy Ornithopter"},{"floor":24,"key":"Boot"}],"event_choices":[],"is_beta":false,"boss_relics":[{"not_picked":["Philosopher\u0027s Stone","SlaversCollar"],"picked":"champ:ChampionCrownUpgraded"}],"items_purged_floors":[],"is_endless":false,"potions_floor_spawned":[12,14,15,16,25,26],"killed_by":"SI_MIRROR_ARCHETYPE","ascension_level":0}}