{"host":"rmsq46plbpwfbxcc","time":1614181365,"event":{"mods":["AchievementEnabler","BaseMod","Colored Map","Colored Powertips","DeckTracker","KOR Keyword Fix","Minty Spire (QoL Compilation)","Permanent Neow","Quick Restart","SuperFastMode"],"gold_per_floor":[118,131,144,144,159,159,184,184,209,221,249,249,249,264,264,339,339,355,81,281,281,297,297,329,329,329,329,361,375,389,83,83,159,159,176,176,189,205,205,205],"floor_reached":39,"language":"KOR","playtime":1177,"items_purged":["Strike_G","Predator"],"score":733,"play_id":"0946be9a-6f6b-43c8-834a-ad7377d1f8eb","local_time":"20210225004245","is_ascension_mode":true,"campfire_choices":[{"data":"Blade Dance","floor":6.0,"key":"SMITH"},{"data":"Footwork","floor":8.0,"key":"SMITH"},{"data":"Accuracy","floor":13.0,"key":"SMITH"},{"data":"Neutralize","floor":15.0,"key":"SMITH"},{"data":"Well Laid Plans","floor":23,"key":"SMITH"},{"floor":25,"key":"REST"},{"data":"Tactician","floor":32,"key":"SMITH"}],"circlet_count":0,"master_deck":["AscendersBane","Strike_G","Strike_G","Defend_G","Defend_G","Defend_G","Survivor","Neutralize+1","PiercingWail+1","Noxious Fumes+1","Predator+1","Blade Dance+1","Footwork+1","Accuracy+1","Backflip","Corpse Explosion","Well Laid Plans+1","Tactician+1"],"relics":["Astrolabe","FaceOfCleric","Tiny Chest","Centennial Puzzle","Black Star","Membership Card","Anchor","Pantograph","Snake Skull","Orichalcum","Toy Ornithopter","Incense Burner","Vajra","Eternal Feather","Mercury Hourglass","SacredBark"],"acts_visited":["Exordium","TheCity","TheBeyond"],"potions_floor_usage":[22,28,33,38],"damage_taken":[{"damage":3.0,"enemies":"2 Louse","floor":1.0,"turns":2.0},{"damage":0.0,"enemies":"Cultist","floor":2.0,"turns":4.0},{"damage":4.0,"enemies":"Jaw Worm","floor":3.0,"turns":3.0},{"damage":4.0,"enemies":"2 Fungi Beasts","floor":5.0,"turns":4.0},{"damage":23.0,"enemies":"Gremlin Nob","floor":7.0,"turns":4.0},{"damage":6.0,"enemies":"Exordium Thugs","floor":10.0,"turns":4.0},{"damage":13.0,"enemies":"Lagavulin","floor":11.0,"turns":7.0},{"damage":6.0,"enemies":"3 Louse","floor":14.0,"turns":4.0},{"damage":12.0,"enemies":"The Guardian","floor":16.0,"turns":10.0},{"damage":7.0,"enemies":"Chosen","floor":18.0,"turns":4.0},{"damage":4,"enemies":"2 Thieves","floor":22,"turns":2},{"damage":35,"enemies":"Book of Stabbing","floor":24,"turns":7},{"damage":11,"enemies":"Slavers","floor":28,"turns":2},{"damage":9,"enemies":"Snake Plant","floor":29,"turns":5},{"damage":6,"enemies":"Sentry and Sphere","floor":30,"turns":3},{"damage":18,"enemies":"Champ","floor":33,"turns":9},{"damage":34,"enemies":"3 Darklings","floor":35,"turns":3},{"damage":0,"enemies":"3 Shapes","floor":37,"turns":3},{"damage":0,"enemies":"Maw","floor":38,"turns":7},{"damage":50,"enemies":"Transient","floor":39,"turns":3}],"seed_played":"-1086614286407786746","potions_obtained":[{"floor":1.0,"key":"EssenceOfSteel"},{"floor":2.0,"key":"PowerPotion"},{"floor":11.0,"key":"GamblersBrew"},{"floor":16.0,"key":"LiquidMemories"},{"floor":22,"key":"BlessingOfTheForge"},{"floor":24,"key":"SkillPotion"},{"floor":30,"key":"PowerPotion"},{"floor":37,"key":"Poison Potion"}],"is_trial":false,"path_per_floor":["M","M","M","?","M","R","E","R","T","M","E","?","R","M","R","B",null,"M","$","?","T","M","R","E","R","T","?","E","M","M","$","R","B",null,"M","?","M","M","M"],"character_chosen":"THE_SILENT","items_purchased":["Membership Card","Anchor","Eternal Feather","Mercury Hourglass"],"campfire_rested":1,"item_purchase_floors":[19,19,31,31],"current_hp_per_floor":[56,56,52,52,49,49,27,27,27,22,10,33,33,28,28,17,58,52,52,52,52,49,49,15,37,37,37,32,24,19,19,28,41,70,37,37,38,44,0,0],"gold":205,"neow_bonus":"BOSS_RELIC","is_daily":false,"chose_seed":false,"campfire_upgraded":6,"win_rate":0.0,"timestamp":1614181365,"path_taken":["M","M","M","?","M","R","E","R","T","?","E","?","R","M","R","BOSS","M","$","?","?","M","R","E","R","T","?","E","?","M","$","R","BOSS","M","?","M","M","M"],"items_purchased_type":["Relic","Relic","Relic","Relic"],"build_version":"2020-12-22","purchased_purges":2,"victory":false,"max_hp_per_floor":[66,66,66,66,67,67,68,68,68,69,70,70,70,71,71,72,72,73,73,73,73,74,74,75,75,75,75,76,77,78,78,78,79,79,80,76,77,78,78,78],"card_choices":[{"not_picked":["Concentrate","Dagger Throw","PiercingWail"],"picked":"SKIP","floor":1.0},{"not_picked":["Acrobatics","Poisoned Stab"],"picked":"Blade Dance","floor":2.0},{"not_picked":["Tools of the Trade","Noxious Fumes","Caltrops"],"picked":"SKIP","floor":3.0},{"not_picked":["Dagger Throw","Deadly Poison"],"picked":"Footwork","floor":5.0},{"not_picked":["Noxious Fumes","Bouncing Flask","Blade Dance"],"picked":"SKIP","floor":7.0},{"not_picked":["Finisher","Choke"],"picked":"Accuracy","floor":10.0},{"not_picked":["Accuracy","Outmaneuver","Bane"],"picked":"SKIP","floor":11.0},{"not_picked":["Underhanded Strike","Dodge and Roll"],"picked":"Backflip","floor":14.0},{"not_picked":["Storm of Steel","Wraith Form v2"],"picked":"Corpse Explosion","floor":16.0},{"not_picked":["Backflip","Poisoned Stab","PiercingWail"],"picked":"SKIP","floor":18.0},{"not_picked":["Riddle With Holes","Distraction"],"picked":"Well Laid Plans","floor":22},{"not_picked":["Poisoned Stab","Masterful Stab","Deflect"],"picked":"SKIP","floor":24},{"not_picked":["Endless Agony+1","Dagger Throw+1","Setup"],"picked":"SKIP","floor":28},{"not_picked":["Blade Dance","Distraction"],"picked":"Tactician","floor":29},{"not_picked":["Slice","Prepared","Poisoned Stab"],"picked":"SKIP","floor":30},{"not_picked":["Slice","Crippling Poison","Expertise"],"picked":"SKIP","floor":35},{"not_picked":["Endless Agony","Leg Sweep+1","Dagger Throw"],"picked":"SKIP","floor":37},{"not_picked":["Dagger Spray","Accuracy+1","Flying Knee"],"picked":"SKIP","floor":38}],"player_experience":662951,"relics_obtained":[{"floor":7.0,"key":"Tiny Chest"},{"floor":11.0,"key":"Centennial Puzzle"},{"floor":21,"key":"Pantograph"},{"floor":24,"key":"Snake Skull"},{"floor":24,"key":"Orichalcum"},{"floor":26,"key":"Toy Ornithopter"},{"floor":28,"key":"Incense Burner"},{"floor":28,"key":"Vajra"}],"event_choices":[{"damage_healed":0.0,"max_hp_gain":0.0,"max_hp_loss":0.0,"gold_gain":0.0,"event_name":"FaceTrader","player_choice":"Trade","floor":4.0,"gold_loss":0.0,"damage_taken":0.0,"relics_obtained":["FaceOfCleric"]},{"damage_healed":23.0,"max_hp_gain":0.0,"max_hp_loss":0.0,"gold_gain":0.0,"event_name":"Big Fish","player_choice":"Banana","floor":12.0,"gold_loss":0.0,"damage_taken":0.0},{"damage_healed":0,"gold_gain":250,"player_choice":"Bet on Owner","damage_taken":0,"max_hp_gain":0,"max_hp_loss":0,"event_name":"The Joust","floor":20,"gold_loss":50},{"damage_healed":0,"gold_gain":0,"cards_transformed":["Defend_G"],"player_choice":"Transformed","damage_taken":0,"max_hp_gain":0,"max_hp_loss":0,"event_name":"Transmorgrifier","floor":27,"gold_loss":0,"cards_obtained":["Predator"]},{"damage_healed":0,"gold_gain":0,"player_choice":"Max HP","damage_taken":0,"max_hp_gain":0,"max_hp_loss":4,"event_name":"Winding Halls","floor":36,"gold_loss":0}],"is_beta":false,"boss_relics":[{"not_picked":["Runic Dome","Tiny House"],"picked":"Black Star"},{"not_picked":["Runic Pyramid","Velvet Choker"],"picked":"SacredBark"}],"items_purged_floors":[19,31],"is_endless":false,"potions_floor_spawned":[1,2,11,16,22,24,30,37],"killed_by":"Transient","ascension_level":14}}