{"host":"ocllwaoi18j60ltd","time":1614168528,"event":{"mods":["BaseMod","DeckTracker","Minty Spire (QoL Compilation)","Permanent Neow","Quick Restart","StSLib","SuperFastMode"],"gold_per_floor":[110,123,67,67,77,111,111,83,83,112,112,112,112,138,138,138,138],"floor_reached":16,"language":"KOR","playtime":255,"items_purged":[],"score":236,"play_id":"1df8b002-d8b6-4482-ba4c-4ab6be9140c4","local_time":"20210224210848","is_ascension_mode":true,"campfire_choices":[{"data":"Biased Cognition","floor":7,"key":"SMITH"},{"data":"Fusion","floor":15,"key":"SMITH"}],"circlet_count":0,"master_deck":["AscendersBane","Strike_B","Strike_B","Defend_B","Defend_B","Defend_B","Defend_B","Zap","Dualcast+1","Biased Cognition+1","Tempest","Genetic Algorithm","Cold Snap","Coolheaded","Coolheaded","Barrage","Ball Lightning","Fusion+1"],"relics":["Cracked Core","Juzu Bracelet","Ancient Tea Set","StrikeDummy","Bronze Scales"],"acts_visited":["Exordium"],"potions_floor_usage":[16],"damage_taken":[{"damage":0,"enemies":"2 Louse","floor":1,"turns":1},{"damage":6,"enemies":"Cultist","floor":2,"turns":3},{"damage":0,"enemies":"Small Slimes","floor":5,"turns":2},{"damage":28,"enemies":"Lagavulin","floor":6,"turns":6},{"damage":16,"enemies":"Exordium Thugs","floor":8,"turns":5},{"damage":1,"enemies":"Gremlin Nob","floor":10,"turns":3},{"damage":2,"enemies":"Lagavulin","floor":14,"turns":5},{"damage":17,"enemies":"Slime Boss","floor":16,"turns":7}],"seed_played":"-5155967671490690883","potions_obtained":[{"floor":5,"key":"Dexterity Potion"},{"floor":6,"key":"SteroidPotion"},{"floor":14,"key":"DuplicationPotion"}],"is_trial":false,"path_per_floor":["M","M","$","?","M","E","R","M","T","E","?","$","?","E","R","B"],"character_chosen":"DEFECT","items_purchased":["Cold Snap"],"campfire_rested":0,"item_purchase_floors":[3],"current_hp_per_floor":[64,58,58,58,58,30,30,14,14,13,13,13,13,11,11,0,0],"gold":138,"neow_bonus":"ONE_RANDOM_RARE_CARD","is_daily":false,"chose_seed":false,"campfire_upgraded":2,"win_rate":0.0,"timestamp":1614168528,"path_taken":["M","M","$","?","?","E","R","M","T","E","?","$","?","E","R","BOSS"],"items_purchased_type":["Card"],"build_version":"2020-12-22","purchased_purges":0,"victory":false,"max_hp_per_floor":[71,71,71,71,71,71,71,71,71,71,71,71,71,71,71,71,71],"card_choices":[{"not_picked":["Leap","Streamline"],"picked":"Tempest","floor":1},{"not_picked":["Gash","Darkness"],"picked":"Genetic Algorithm","floor":2},{"not_picked":["Stack","Leap"],"picked":"Coolheaded","floor":5},{"not_picked":["Redo","Static Discharge"],"picked":"Coolheaded","floor":6},{"not_picked":["Compile Driver","Sweeping Beam"],"picked":"Barrage","floor":8},{"not_picked":["Streamline","Sweeping Beam"],"picked":"Ball Lightning","floor":10},{"not_picked":["BootSequence","Doom and Gloom","Stack"],"picked":"SKIP","floor":14}],"player_experience":865288,"relics_obtained":[{"floor":6,"key":"Juzu Bracelet"},{"floor":9,"key":"Ancient Tea Set"},{"floor":10,"key":"StrikeDummy"},{"floor":14,"key":"Bronze Scales"}],"event_choices":[{"cards_removed":["Strike_B"],"damage_healed":0,"gold_gain":0,"player_choice":"Offered Basic","damage_taken":0,"max_hp_gain":0,"max_hp_loss":0,"event_name":"Bonfire Elementals","floor":4,"gold_loss":0},{"damage_healed":0,"gold_gain":0,"cards_transformed":["Strike_B"],"player_choice":"Transformed","damage_taken":0,"max_hp_gain":0,"max_hp_loss":0,"event_name":"Transmorgrifier","floor":11,"gold_loss":0,"cards_obtained":["Fusion"]},{"damage_healed":0,"gold_gain":0,"player_choice":"Grow","damage_taken":0,"max_hp_gain":0,"max_hp_loss":0,"event_name":"Living Wall","floor":13,"gold_loss":0,"cards_upgraded":["Dualcast"]}],"is_beta":false,"boss_relics":[],"items_purged_floors":[],"is_endless":false,"potions_floor_spawned":[5,6,14],"killed_by":"Slime Boss","ascension_level":20}}