{"host":"5sw3zovcv0q4yiho","time":1614134651,"event":{"mods":["BaseMod","Minty Spire (QoL Compilation)","Replay The Spire","StSLib"],"gold_per_floor":[116,8,22,22,36,68,83,83,154,154,154,154,189,189,189,289,289,302,316,316,144,157,157,157,157],"floor_reached":24,"language":"ENG","playtime":2450,"items_purged":["Strike_B","Writhe"],"score":204,"play_id":"86bc3ddd-a3dd-426f-bbe1-0ef3cd67c91d","local_time":"20210223204411","is_ascension_mode":false,"campfire_choices":[{"floor":8.0,"key":"REST"},{"data":"Fusion","floor":10.0,"key":"SMITH"},{"data":"Zap","floor":12.0,"key":"SMITH"},{"floor":15.0,"key":"RECALL"},{"floor":23,"key":"REST"}],"circlet_count":0,"master_deck":["Defend_B","Zap+1","Dualcast","Machine Learning","Gash","Beam Cell+1","Conserve Battery","Fusion+1","Melter","Beam Cell","BootSequence","Amplify","CommonCold","Redo+1","Glacier","Gash","Defragment","Ball Lightning","Conserve Battery"],"relics":["Cracked Core","Prayer Wheel","Pen Nib","Kintsugi"],"acts_visited":["Exordium","TheCity"],"potions_floor_usage":[22,22],"damage_taken":[{"damage":1.0,"enemies":"Cultist","floor":1.0,"turns":3.0},{"damage":5.0,"enemies":"2 Louse","floor":3.0,"turns":3.0},{"damage":0.0,"enemies":"Small Slimes","floor":5.0,"turns":3.0},{"damage":32.0,"enemies":"Gremlin Nob","floor":6.0,"turns":4.0},{"damage":9.0,"enemies":"2 Fungi Beasts","floor":7.0,"turns":4.0},{"damage":9.0,"enemies":"Lagavulin","floor":13.0,"turns":4.0},{"damage":20.0,"enemies":"Slime Boss","floor":16.0,"turns":9.0},{"damage":20.0,"enemies":"Shell Parasite","floor":18.0,"turns":6.0},{"damage":36,"enemies":"3 Byrds","floor":19,"turns":5},{"damage":18,"enemies":"3 Cultists","floor":22,"turns":5},{"damage":28,"enemies":"Chosen and Byrds","floor":24,"turns":6}],"seed_played":"-7126325375632225632","potions_obtained":[{"floor":6.0,"key":"SteroidPotion"},{"floor":16.0,"key":"FocusPotion"},{"floor":19,"key":"AttackPotion"}],"is_trial":false,"path_per_floor":["M","$","M","$","M","E","M","R","T","R","?","R","E","?","R","B",null,"M","M","?","$","M","R","M"],"character_chosen":"DEFECT","items_purchased":["Beam Cell+1","Defragment"],"campfire_rested":2,"item_purchase_floors":[2,21],"current_hp_per_floor":[74,74,69,69,69,37,28,50,50,50,50,50,41,41,41,21,75,55,19,19,19,1,23,0,0],"gold":157,"neow_bonus":"ONE_RANDOM_RARE_CARD","is_daily":false,"chose_seed":false,"campfire_upgraded":2,"win_rate":0.0,"timestamp":1614134651,"path_taken":["M","$","M","$","M","E","?","R","T","R","?","R","E","?","R","BOSS","M","M","?","$","?","R","M"],"items_purchased_type":["Card","Card"],"build_version":"2020-12-22","purchased_purges":2,"victory":false,"max_hp_per_floor":[75,75,75,75,75,75,75,75,75,75,75,75,75,75,75,75,75,75,75,75,75,75,75,75,75],"card_choices":[{"not_picked":["Streamline","Compile Driver"],"picked":"Gash","floor":1.0},{"not_picked":["Sweeping Beam","Stack"],"picked":"Conserve Battery","floor":3.0},{"not_picked":["Self Repair","FIFO Queue"],"picked":"Fusion","floor":5.0},{"not_picked":["Leap","Go for the Eyes"],"picked":"Melter","floor":6.0},{"not_picked":["Panic Button","Redo"],"picked":"Beam Cell","floor":7.0},{"not_picked":["ReplayTheSpireMod:GoodbyeWorld","Fusion","ReplayTheSpireMod:Reroute Power"],"picked":"SKIP","floor":7.0},{"not_picked":["Go for the Eyes","ReplayRNGCard"],"picked":"BootSequence","floor":13.0},{"not_picked":["Biased Cognition","Reboot"],"picked":"Amplify","floor":16.0},{"not_picked":["Conserve Battery","Barrage"],"picked":"Redo","floor":18.0},{"not_picked":["Heatsinks+1","Leap","ReplayTheSpireMod:Reroute Power"],"picked":"SKIP","floor":18.0},{"not_picked":["Doom and Gloom","ReplayTheSpireMod:Repulse"],"picked":"Glacier","floor":19},{"not_picked":["Coolheaded","BasicCrystalCard+1"],"picked":"Gash","floor":19},{"not_picked":["Steam Power+1","Barrage"],"picked":"Ball Lightning","floor":22},{"not_picked":["Streamline","Leap"],"picked":"Conserve Battery","floor":22}],"player_experience":320786,"relics_obtained":[{"floor":6.0,"key":"Prayer Wheel"},{"floor":13.0,"key":"Pen Nib"}],"event_choices":[{"damage_healed":0.0,"max_hp_gain":0.0,"max_hp_loss":0.0,"gold_gain":0.0,"event_name":"Shining Light","player_choice":"Ignored","floor":11.0,"gold_loss":0.0,"damage_taken":0.0},{"damage_healed":0,"gold_gain":0,"player_choice":"Upgraded","damage_taken":0,"max_hp_gain":0,"max_hp_loss":0,"event_name":"Upgrade Shrine","floor":20,"gold_loss":0,"cards_upgraded":["Redo"]}],"is_beta":false,"boss_relics":[{"not_picked":["Cursed Key","ReplayTheSpireMod:DimensionalGlitch"],"picked":"Kintsugi"}],"items_purged_floors":[2,21],"is_endless":false,"potions_floor_spawned":[6,16,19],"killed_by":"Chosen and Byrds","ascension_level":0}}