{"host":"lsar2779b552p7jm","time":1614124952,"event":{"mods":["Act Like it!","BaseMod","Colored Powertips","Conspire","Curses Come First","Downfall","Friendly Minions","Infinite Spire","Lobotomy","MarisaÅiñ∂âJÅ@ñÇóùçπÅj","Minty Spire (QoL Compilation)","Reliquary","Replay The Spire","Robot Space Explorer","StSLib","The Construct","The Cursed","The Disciple","The Marked","The Mystic","The Servant 0.9.4"],"gold_per_floor":[112,129,129,29,65,65,65,65,65,89,89,109,109,141,101,123,123],"floor_reached":16,"language":"ENG","playtime":850,"items_purged":[],"score":100,"play_id":"aa74d653-05a4-4645-9f1c-1e55fcaa4dd9","local_time":"20210224010232","is_ascension_mode":false,"campfire_choices":[{"floor":6,"key":"REST"},{"floor":9,"key":"REST"}],"circlet_count":0,"master_deck":["construct:Strike_Gold","construct:Strike_Gold","construct:Strike_Gold","construct:Strike_Gold","construct:Strike_Gold","construct:Defend_Gold","construct:Defend_Gold","construct:Defend_Gold","construct:Defend_Gold","construct:Defend_Gold","construct:AttackMode","construct:DefenseMode","construct:ReactiveShield","VoidDream","construct:FierceBash","Wellcheers","conspire:SpireCoStock","conspire:SpireCoStock","construct:ClusterMines","RedShoes","construct:PowerUp","GalaxyChild","construct:ModeShift","MHz","construct:Stasis","PunishingBird"],"relics":["construct:Cogwheel","CogitoBucket","Garlic","Gremlin Food","reliquary:Aerogel"],"acts_visited":["Exordium"],"potions_floor_usage":[16,16],"damage_taken":[{"damage":9,"enemies":"2 Louse","floor":1,"turns":4},{"damage":10,"enemies":"Jaw Worm","floor":2,"turns":5},{"damage":12,"enemies":"Small Slimes","floor":5,"turns":6},{"damage":11,"enemies":"2 Fungi Beasts","floor":10,"turns":4},{"damage":37,"enemies":"Red Slaver","floor":12,"turns":9},{"damage":62,"enemies":"3 Sentries","floor":14,"turns":15},{"damage":15,"enemies":"Gremlin Nob","floor":16,"turns":3}],"seed_played":"-2550830665545124743","potions_obtained":[{"floor":1,"key":"Explosive Potion"},{"floor":5,"key":"champ:CounterPotion"},{"floor":14,"key":"Ancient Potion"},{"floor":15,"key":"Adrenaline Potion"}],"is_trial":false,"path_per_floor":["M","M","?","?","M","R","PTL","PTL","R","M","T","M","?","E","?","E"],"character_chosen":"THE_CONSTRUCT_MOD","items_purchased":[],"campfire_rested":2,"item_purchase_floors":[],"current_hp_per_floor":[76,66,54,54,42,67,67,67,85,74,74,37,65,3,3,0,0],"gold":123,"neow_bonus":"","is_daily":false,"chose_seed":false,"campfire_upgraded":0,"win_rate":0.0,"timestamp":1614124952,"path_taken":["M","M","?","?","M","R","PTL","PTL","R","M","T","M","?","E","?","E"],"items_purchased_type":[],"build_version":"2020-12-22","purchased_purges":0,"victory":false,"max_hp_per_floor":[85,85,85,85,85,85,85,85,85,85,85,85,85,85,85,85,85],"card_choices":[{"not_picked":["construct:SuppressiveFire","construct:Backfire"],"picked":"construct:ReactiveShield","floor":1},{"not_picked":["UniverseFragment","PunishingBird"],"picked":"VoidDream","floor":1},{"not_picked":["construct:Impenetrable","construct:ScrapCannon"],"picked":"construct:FierceBash","floor":2},{"not_picked":["FairyFestival","Yin"],"picked":"Wellcheers","floor":2},{"not_picked":["construct:Overcharge","construct:Impenetrable"],"picked":"construct:ClusterMines","floor":5},{"not_picked":["WallGazer","Murderer"],"picked":"RedShoes","floor":5},{"not_picked":["construct:SweepLaser","construct:HeavyBolt"],"picked":"construct:PowerUp","floor":10},{"not_picked":["SpiderBud","OldLady"],"picked":"GalaxyChild","floor":10},{"not_picked":["construct:Accumulate","construct:Backfire"],"picked":"construct:ModeShift","floor":12},{"not_picked":["HappyTeddy","MeatLantern"],"picked":"MHz","floor":12},{"not_picked":["construct:ChargeShot","construct:Impenetrable"],"picked":"construct:Stasis","floor":14},{"not_picked":["CherryBlossoms","HeroicMonk"],"picked":"PunishingBird","floor":14}],"player_experience":2820,"relics_obtained":[{"floor":11,"key":"Gremlin Food"},{"floor":14,"key":"reliquary:Aerogel"}],"event_choices":[{"damage_healed":0,"gold_gain":0,"player_choice":"Success","damage_taken":12,"relics_obtained":["Garlic"],"max_hp_gain":0,"max_hp_loss":0,"event_name":"Scrap Ooze","floor":3,"gold_loss":0},{"damage_healed":0,"gold_gain":0,"player_choice":"Invest 2","damage_taken":0,"max_hp_gain":0,"max_hp_loss":0,"event_name":"conspire:Investor","floor":4,"gold_loss":0},{"damage_healed":28,"gold_gain":0,"player_choice":"Banana","damage_taken":0,"max_hp_gain":0,"max_hp_loss":0,"event_name":"Big Fish","floor":13,"gold_loss":0},{"damage_healed":0,"gold_gain":0,"player_choice":"Bought 3 Potions","damage_taken":0,"max_hp_gain":0,"max_hp_loss":0,"event_name":"The Woman in Blue","floor":15,"gold_loss":0}],"is_beta":false,"boss_relics":[],"items_purged_floors":[],"is_endless":false,"potions_floor_spawned":[1,5,14],"killed_by":"Gremlin Nob","ascension_level":0}}