{"host":"gzbnijtwtwcj06nn","time":1614209936,"event":{"mods":["AchievementEnabler","BaseMod","Better Note","Colored Map","Colored Powertips","Downfall","Highlight Path","Minty Spire (QoL Compilation)","Quick Restart","Rare Cards Sparkle","StSLib","SuperFastMode","The IronCluck","slay the spire mod where everything is the same but ironclad has a cowboy hat"],"gold_per_floor":[99,118,28,46,46,31,56,66,79,79,98,127,27,60,79,179,179,79,94,94,106,116,143,143,161,188,88,73,73,73,102,124,222,222,222,236,60,74,87,104,104,104,104,114,125,144,144,161,175,175,175,202,21,21,21,21],"floor_reached":57,"language":"ENG","playtime":15350,"items_purged":["hexamod:Strike","downfall:Malfunctioning"],"score":1330,"play_id":"c8fa059f-ef0a-4598-8d72-3243d0990d99","local_time":"20210225003856","is_ascension_mode":false,"campfire_choices":[{"floor":1.0,"key":"RECALL"},{"data":"hexamod:WildfireWeapon","floor":10.0,"key":"SMITH"},{"floor":13.0,"key":"REST"},{"data":"hexamod:SearingWound","floor":18.0,"key":"SMITH"},{"data":"1","floor":27,"key":"LIFT"},{"data":"2","floor":35,"key":"LIFT"},{"data":"3","floor":43,"key":"LIFT"},{"data":"hexamod:SearingWound","floor":47,"key":"SMITH"},{"data":"hexamod:ExtraCrispy","floor":54,"key":"SMITH"}],"circlet_count":0,"master_deck":["hexamod:Strike","hexamod:Strike+1","hexamod:Strike+1","hexamod:Defend","hexamod:Defend+1","hexamod:Defend","hexamod:Defend","hexamod:Sear+1","hexamod:Float+1","hexamod:FlamesFromBeyond","hexamod:GhostLash+1","hexamod:Haunt","hexamod:WildfireWeapon+1","hexamod:ExtraCrispy+1","hexamod:GiftsFromTheDead+1","hexamod:NightmareGuise","hexamod:SearingWound+1","hexamod:FirstSeal","hexamod:ThermalTransfer+1","hexamod:BurningTouch+1","hexamod:FlamesFromBeyond","hexamod:Incineration","hexamod:HeatMetal","hexamod:Hexaguard+1","hexamod:ShieldOfDarkness","hexamod:PhantomCloak+1","hexamod:GhostLash","hexamod:ThermalTransfer+1","hexamod:SearingWound+1","hexamod:GhostflameBarrier+1","hexamod:ThermalTransfer+1","hexamod:RainOfEmbers+1","hexamod:Incineration+1","hexamod:GhostflameBarrier+1","hexamod:FlamesFromBeyond","hexamod:HeatCrush+1","hexamod:FlamesFromBeyond"],"relics":["hexamod:SpiritBrand","Gremlin Horn","downfall:HeartBlessingBlue","hexamod:SoulConsumer","hexamod:IceCube","downfall:HeartBlessingGreen","Girya","Eternal Feather","Thread and Needle","downfall:HeartBlessingRed","Strawberry","hexamod:TheBrokenSeal","SlaversCollar","ClockworkSouvenir","Potion Belt","Molten Egg 2","Bronze Scales"],"acts_visited":["Exordium","TheCity","TheBeyond","TheEnding"],"potions_floor_usage":[26,26,26,31,40,45,45,50,55,55,56],"damage_taken":[{"damage":0.0,"enemies":"Cultist","floor":2.0,"turns":3.0},{"damage":0.0,"enemies":"downfall:FleeingMerchant","floor":3.0,"turns":4.0},{"damage":1.0,"enemies":"Jaw Worm","floor":4.0,"turns":3.0},{"damage":5.0,"enemies":"downfall:FleeingMerchant","floor":6.0,"turns":4.0},{"damage":0.0,"enemies":"Small Slimes","floor":8.0,"turns":3.0},{"damage":0.0,"enemies":"2 Fungi Beasts","floor":9.0,"turns":3.0},{"damage":15.0,"enemies":"Exordium Thugs","floor":11.0,"turns":4.0},{"damage":23.0,"enemies":"Gremlin Nob","floor":12.0,"turns":5.0},{"damage":26.0,"enemies":"3 Sentries","floor":14.0,"turns":8.0},{"damage":5.0,"enemies":"Large Slime","floor":15.0,"turns":6.0},{"damage":11.0,"enemies":"WA_ARCHETYPE_RETAIN","floor":16.0,"turns":7.0},{"damage":30.0,"enemies":"downfall:LooterAlt2","floor":19.0,"turns":4.0},{"damage":10.0,"enemies":"Spheric Guardian","floor":21.0,"turns":3.0},{"damage":22.0,"enemies":"Shelled Parasite and Fungi","floor":22.0,"turns":6.0},{"damage":11,"enemies":"Gremlin Leader","floor":23,"turns":6},{"damage":8,"enemies":"Centurion and Healer","floor":25,"turns":6},{"damage":40,"enemies":"Slavers","floor":26,"turns":6},{"damage":7,"enemies":"downfall:FleeingMerchant","floor":28,"turns":4},{"damage":12,"enemies":"Book of Stabbing","floor":31,"turns":5},{"damage":24,"enemies":"Cultist and Chosen","floor":32,"turns":6},{"damage":0,"enemies":"SI_MIRROR_ARCHETYPE","floor":33,"turns":10},{"damage":6,"enemies":"3 Darklings","floor":36,"turns":5},{"damage":0,"enemies":"downfall:FleeingMerchant","floor":37,"turns":2},{"damage":0,"enemies":"Orb Walker","floor":38,"turns":3},{"damage":35,"enemies":"Jaw Worm Horde","floor":39,"turns":4},{"damage":30,"enemies":"Writhing Mass","floor":40,"turns":4},{"damage":1,"enemies":"Sphere and 2 Shapes","floor":44,"turns":4},{"damage":0,"enemies":"4 Shapes","floor":45,"turns":5},{"damage":0,"enemies":"Writhing Mass","floor":46,"turns":4},{"damage":0,"enemies":"Spire Growth","floor":48,"turns":4},{"damage":0,"enemies":"Maw","floor":49,"turns":4},{"damage":3,"enemies":"DF_ARCHETYPE_ORBS","floor":50,"turns":4},{"damage":17,"enemies":"downfall:CharBossMerchant","floor":52,"turns":6},{"damage":31,"enemies":"downfall:NeowBoss","floor":55,"turns":11},{"damage":34,"enemies":"downfall:NeowBossFinal","floor":56,"turns":7}],"seed_played":"-6774291528051051423","potions_obtained":[{"floor":4.0,"key":"Dexterity Potion"},{"floor":9.0,"key":"Swift Potion"},{"floor":11.0,"key":"Strength Potion"},{"floor":12.0,"key":"AttackPotion"},{"floor":15.0,"key":"hexamod:EctoCoolerPotion"},{"floor":15.0,"key":"GamblersBrew"},{"floor":16.0,"key":"Weak Potion"},{"floor":19.0,"key":"SteroidPotion"},{"floor":19.0,"key":"Fire Potion"},{"floor":22.0,"key":"LiquidMemories"},{"floor":22.0,"key":"Ancient Potion"},{"floor":23,"key":"LiquidBronze"},{"floor":25,"key":"Strength Potion"},{"floor":26,"key":"Guardian:BlockOnCardUsePotion"},{"floor":28,"key":"LiquidBronze"},{"floor":31,"key":"Dexterity Potion"},{"floor":32,"key":"SkillPotion"},{"floor":38,"key":"PowerPotion"},{"floor":40,"key":"SkillPotion"}],"is_trial":false,"path_per_floor":["R","M","$","M","?","$","T","M","M","R","M","E","R","E","M","B",null,"R","M","?","M","M","E","T","M","E","R","$","?","?","E","M","B",null,"R","M","$","M","M","M","T","?","R","M","M","M","R","M","M","B",null,"E","$","R","B","B",null],"character_chosen":"THE_SPIRIT","items_purchased":["ClockworkSouvenir","Potion Belt","Block Potion","DistilledChaos","hexamod:HeatCrush+1","Dexterity Potion","hexamod:FlamesFromBeyond"],"campfire_rested":1,"item_purchase_floors":[37,37,37,37,53,53,53],"current_hp_per_floor":[70,70,70,69,69,64,64,64,64,64,49,26,60,34,33,26,80,80,61,61,65,61,68,68,78,56,74,78,78,78,80,97,97,97,97,97,97,97,69,50,50,50,68,67,71,75,93,93,97,97,97,91,91,97,77,54],"gold":21,"neow_bonus":"UPGRADE_CARD","is_daily":false,"chose_seed":false,"campfire_upgraded":4,"win_rate":0.0,"timestamp":1614209936,"path_taken":["R","M","?","M","?","$","T","M","M","R","M","E","R","E","M","BOSS","R","M","?","M","M","E","T","M","E","R","$","?","?","E","M","BOSS","R","M","$","M","M","M","T","?","R","M","M","M","R","M","M","BOSS","E","$","R","BOSS","BOSS"],"items_purchased_type":["Relic","Relic","Potion","Potion","Card","Potion","Card"],"build_version":"2020-12-22","purchased_purges":2,"victory":true,"max_hp_per_floor":[70,70,70,70,70,70,70,70,70,70,70,70,80,80,80,80,80,80,80,80,80,80,80,80,80,80,80,80,80,80,87,97,97,97,97,97,97,97,97,97,97,97,97,97,97,97,97,97,97,97,97,97,97,97,97,97],"card_choices":[{"not_picked":["hexamod:InspiringFlames","hexamod:HauntingEcho"],"picked":"hexamod:FlamesFromBeyond","floor":2.0},{"not_picked":["hexamod:NightmareStrike","hexamod:Hexaguard"],"picked":"hexamod:GhostLash","floor":3.0},{"not_picked":["hexamod:SkipABeat","hexamod:ShieldOfDarkness"],"picked":"hexamod:Haunt","floor":4.0},{"not_picked":["hexamod:NightmareGuise","hexamod:SpectersWail"],"picked":"hexamod:WildfireWeapon","floor":6.0},{"not_picked":["hexamod:GhostLash","hexamod:HauntingEcho"],"picked":"hexamod:ExtraCrispy","floor":8.0},{"not_picked":["hexamod:BacktrackSmack","hexamod:SpectralSpark","hexamod:SpectersWail"],"picked":"SKIP","floor":9.0},{"not_picked":["hexamod:GhostflameBarrier","hexamod:ShieldOfDarkness"],"picked":"hexamod:FifthSeal","floor":11.0},{"not_picked":["hexamod:ShieldOfDarkness","hexamod:GhostLash"],"picked":"hexamod:GiftsFromTheDead","floor":12.0},{"not_picked":["hexamod:ThirdSeal","hexamod:SecondSeal"],"picked":"hexamod:FourthSeal","floor":14.0},{"not_picked":["hexamod:NightmareStrike","hexamod:InspiringFlames"],"picked":"hexamod:NightmareGuise","floor":14.0},{"not_picked":["hexamod:SixthSeal","hexamod:ThirdSeal"],"picked":"hexamod:FirstSeal","floor":15.0},{"not_picked":["hexamod:Firestarter","hexamod:AdvancingGuard"],"picked":"hexamod:ThirdSeal","floor":15.0},{"not_picked":["hexamod:HexaLevel","hexamod:Toasty"],"picked":"hexamod:SearingWound","floor":16.0},{"not_picked":["hexamod:GiftsFromTheDead","hexamod:VolcanoVisage"],"picked":"hexamod:SixthSeal","floor":16.0},{"not_picked":["hexamod:FourthSeal","hexamod:SixthSeal"],"picked":"hexamod:FirstSeal","floor":19.0},{"not_picked":["hexamod:SwordOfDarkness+1","hexamod:DynamicBlow","hexamod:BacktrackSmack"],"picked":"SKIP","floor":19.0},{"not_picked":["hexamod:CatchUp","hexamod:RetreatToShadows","hexamod:SpectralAdrenaline"],"picked":"SKIP","floor":19.0},{"not_picked":["hexamod:HauntingEcho","hexamod:Hexaguard"],"picked":"hexamod:ThermalTransfer+1","floor":21.0},{"not_picked":["hexamod:GhostLash","hexamod:PhantomCloak"],"picked":"hexamod:BurningTouch+1","floor":21.0},{"not_picked":["hexamod:FirstSeal","hexamod:SixthSeal"],"picked":"hexamod:SecondSeal","floor":22.0},{"not_picked":["hexamod:GiftsFromTheDead","hexamod:NightmareStrike+1"],"picked":"hexamod:FlamesFromBeyond","floor":22.0},{"not_picked":["hexamod:CatchUp+1","hexamod:NightmareGuise","hexamod:InspiringFlames"],"picked":"SKIP","floor":22.0},{"not_picked":["hexamod:CatchUp+1","hexamod:NightmareGuise","hexamod:InspiringFlames"],"picked":"SKIP","floor":22.0},{"not_picked":["hexamod:HauntingEcho","hexamod:DynamicBlow"],"picked":"hexamod:Incineration","floor":23},{"not_picked":["hexamod:FastForward","hexamod:ShieldOfDarkness"],"picked":"hexamod:HeatMetal","floor":23},{"not_picked":["hexamod:GhostOfSpireFuture","hexamod:SecondSeal"],"picked":"hexamod:Hexaguard+1","floor":25},{"not_picked":["hexamod:Rewind","hexamod:Hexaguard"],"picked":"hexamod:ShieldOfDarkness","floor":25},{"not_picked":["hexamod:HeatCrush","hexamod:RadiantFlame"],"picked":"hexamod:PhantomCloak+1","floor":26},{"not_picked":["hexamod:ThermalTransfer","hexamod:SkipABeat","hexamod:NightmareGuise"],"picked":"SKIP","floor":26},{"not_picked":["hexamod:ShieldOfDarkness","hexamod:CatchUp","hexamod:ThermalTransfer"],"picked":"SKIP","floor":28},{"not_picked":["hexamod:HexaLevel","hexamod:Hexaguard"],"picked":"hexamod:GhostLash","floor":31},{"not_picked":["hexamod:SpectersWail","hexamod:BurningTouch"],"picked":"hexamod:ThermalTransfer+1","floor":32},{"not_picked":["hexamod:GhostOfSpirePresent","hexamod:GhostflameInferno"],"picked":"hexamod:SearingWound","floor":33},{"not_picked":["hexamod:GhostShield+1","hexamod:HeatMetal+1","hexamod:Firestarter"],"picked":"SKIP","floor":36},{"not_picked":["hexamod:GhostOfSpireFuture","hexamod:PowerFromBeyond+1","hexamod:DynamicBlow"],"picked":"SKIP","floor":37},{"not_picked":["hexamod:Firestarter+1","hexamod:DynamicBlow"],"picked":"hexamod:GhostflameBarrier+1","floor":38},{"not_picked":["hexamod:InspiringFlames+1","hexamod:GhostLash","hexamod:SuperheatedStrike"],"picked":"SKIP","floor":39},{"not_picked":["hexamod:NightmareStrike","hexamod:SkipABeat+1","hexamod:HeatMetal"],"picked":"SKIP","floor":40},{"not_picked":["hexamod:HexaLevel","hexamod:AdvancingGuard+1"],"picked":"hexamod:ThermalTransfer+1","floor":44},{"not_picked":["hexamod:InspiringFlames","hexamod:AdvancingGuard+1","hexamod:FourthSeal"],"picked":"SKIP","floor":45},{"not_picked":["hexamod:HauntingEcho+1","hexamod:PowerFromBeyond"],"picked":"hexamod:RainOfEmbers+1","floor":46},{"not_picked":["hexamod:FastForward","hexamod:ThermalTransfer+1"],"picked":"hexamod:Incineration+1","floor":48},{"not_picked":["hexamod:GhostLash+1","hexamod:GhostShield+1"],"picked":"hexamod:GhostflameBarrier+1","floor":49},{"not_picked":["hexamod:GhostLash+1","hexamod:HeatCrush+1"],"picked":"hexamod:FlamesFromBeyond","floor":52}],"player_experience":402635,"relics_obtained":[{"floor":12.0,"key":"Gremlin Horn"},{"floor":14.0,"key":"hexamod:SoulConsumer"},{"floor":23,"key":"Girya"},{"floor":24,"key":"Eternal Feather"},{"floor":26,"key":"Thread and Needle"},{"floor":31,"key":"Strawberry"},{"floor":41,"key":"Molten Egg 2"},{"floor":52,"key":"Bronze Scales"}],"event_choices":[{"cards_removed":["hexamod:FifthSeal"],"damage_healed":0.0,"max_hp_gain":0.0,"max_hp_loss":0.0,"gold_gain":0.0,"event_name":"betterNote:BetterNote","player_choice":"Give","floor":20.0,"gold_loss":0.0,"damage_taken":0.0,"cards_obtained":["Strike_B"]}],"is_beta":false,"boss_relics":[{"not_picked":["Tiny House","Pandora\u0027s Box"],"picked":"hexamod:IceCube"},{"not_picked":["Black Star","Astrolabe"],"picked":"SlaversCollar"}],"items_purged_floors":[3,37],"is_endless":false,"potions_floor_spawned":[4,9,11,12,15,19,22,23,31,32,33,38,39,40,44],"ascension_level":0}}