{"host":"lg1piimdyocafd6j","time":1614187523,"event":{"mods":["AchievementEnabler","BaseMod","Better Third Choice","BetterRewards","Colored Map","Colored Powertips","Downfall","Minty Spire (QoL Compilation)","Quick Restart","Rare Cards Sparkle","Remove Card Discount Mod","Shop Mod","StSLib","SuperFastMode"],"gold_per_floor":[116,133,144,156,156,156,187,187,213,213,239,255,275,219,219,219,219],"floor_reached":16,"language":"ENG","playtime":7684,"items_purged":["Defend_G","Neutralize","Strike_G","Strike_G","Defend_G","Strike_G","Strike_G","Strike_G","Defend_G"],"score":137,"play_id":"02b7a34b-2078-40bf-99cd-d77e437d1506","local_time":"20210224182523","is_ascension_mode":false,"campfire_choices":[{"data":"Sadistic Nature","floor":6,"key":"SMITH"},{"floor":15,"key":"RECALL"}],"circlet_count":0,"master_deck":["Defend_G","Defend_G","Survivor","Blur+1","Sadistic Nature+1","Poisoned Stab","Footwork","Poisoned Stab","Footwork","Poisoned Stab"],"relics":["Ring of the Snake","Happy Flower","Anchor"],"acts_visited":["Exordium"],"potions_floor_usage":[],"damage_taken":[{"damage":0,"enemies":"Cultist","floor":1,"turns":4},{"damage":0,"enemies":"2 Louse","floor":2,"turns":5},{"damage":6,"enemies":"Small Slimes","floor":3,"turns":3},{"damage":0,"enemies":"Blue Slaver","floor":4,"turns":4},{"damage":0,"enemies":"Lagavulin","floor":7,"turns":7},{"damage":12,"enemies":"3 Sentries","floor":11,"turns":13},{"damage":0,"enemies":"Exordium Wildlife","floor":12,"turns":5},{"damage":2,"enemies":"3 Louse","floor":13,"turns":5},{"damage":0,"enemies":"The Guardian","floor":16,"turns":2}],"seed_played":"4609916856399107280","potions_obtained":[{"floor":3,"key":"Block Potion"},{"floor":7,"key":"CunningPotion"},{"floor":12,"key":"FearPotion"}],"is_trial":false,"path_per_floor":["M","M","M","M","?","R","E","$","T","?","E","M","M","$","R","B"],"character_chosen":"THE_SILENT","items_purchased":["Blur","Sadistic Nature","Poisoned Stab","Footwork","Poisoned Stab","Footwork","Poisoned Stab"],"campfire_rested":0,"item_purchase_floors":[0,0,0,0,0,0,14],"current_hp_per_floor":[70,70,64,64,64,64,64,64,64,64,52,52,50,50,50,50,50],"gold":219,"neow_bonus":"","is_daily":false,"chose_seed":false,"campfire_upgraded":1,"win_rate":0.0,"timestamp":1614187523,"path_taken":["M","?","M","M","?","R","E","$","T","?","E","M","M","$","R","BOSS"],"items_purchased_type":["Card","Card","Card","Card","Card","Card","Card"],"build_version":"2020-12-22","purchased_purges":9,"victory":false,"max_hp_per_floor":[70,70,70,70,70,70,70,70,70,70,70,70,70,70,70,70,70],"card_choices":[{"not_picked":["Underhanded Strike","Slice","Backflip"],"picked":"SKIP","floor":1},{"not_picked":["PiercingWail","Concentrate","Prepared"],"picked":"SKIP","floor":2},{"not_picked":["Calculated Gamble","Prepared","Heel Hook"],"picked":"SKIP","floor":3},{"not_picked":["Dash","Bane","Quick Slash"],"picked":"SKIP","floor":4},{"not_picked":["Quick Slash","Slice","Bane"],"picked":"SKIP","floor":7},{"not_picked":["Dodge and Roll","Leg Sweep","Backstab"],"picked":"SKIP","floor":11},{"not_picked":["All Out Attack","Slice","Quick Slash"],"picked":"SKIP","floor":12},{"not_picked":["All Out Attack","Slice","Quick Slash"],"picked":"SKIP","floor":12},{"not_picked":["All Out Attack","Slice","Quick Slash"],"picked":"SKIP","floor":12},{"not_picked":["Outmaneuver","Infinite Blades","Terror"],"picked":"SKIP","floor":13}],"player_experience":216835,"relics_obtained":[{"floor":7,"key":"Happy Flower"},{"floor":11,"key":"Anchor"}],"event_choices":[{"damage_healed":0,"gold_gain":0,"player_choice":"Ignored","damage_taken":0,"max_hp_gain":0,"max_hp_loss":0,"event_name":"Golden Wing","floor":5,"gold_loss":0},{"damage_healed":0,"gold_gain":0,"player_choice":"Upgraded","damage_taken":0,"max_hp_gain":0,"max_hp_loss":0,"event_name":"Upgrade Shrine","floor":10,"gold_loss":0,"cards_upgraded":["Blur"]}],"is_beta":false,"boss_relics":[],"items_purged_floors":[0,0,0,0,0,0,14,14,14],"is_endless":false,"potions_floor_spawned":[3,7,12,13],"killed_by":"The Guardian","ascension_level":0}}