{"host":"f97mkdti7dx29mjq","time":1614139363,"event":{"mods":["BaseMod","Colored Powertips","Minty Spire (QoL Compilation)","Quick Restart","Rare Cards Sparkle","StSLib"],"gold_per_floor":[116,127,147,159,169,169,201,201,201,201,211,140,152,327,327,430,430,444,196,177,92,104,137,148,167,192,204,256,292,313,325,337,461,473,508,520,226,226,249,249,292,314,366,425,455,455,464,492,492,492,492],"floor_reached":50,"language":"ENG","playtime":3476,"items_purged":[],"score":616,"play_id":"5cce995f-6e3b-44c6-8c48-b7727d7d7633","local_time":"20210223230243","is_ascension_mode":false,"campfire_choices":[{"data":"Poisoned Stab","floor":6,"key":"SMITH"},{"data":"Noxious Fumes","floor":15,"key":"SMITH"},{"data":"Backflip","floor":27,"key":"SMITH"},{"data":"Leg Sweep","floor":32,"key":"SMITH"},{"data":"Accuracy","floor":40,"key":"SMITH"},{"data":"Reflex","floor":46,"key":"SMITH"},{"data":"Bandage Up","floor":49,"key":"SMITH"}],"circlet_count":0,"master_deck":["Strike_G","Strike_G","Strike_G","Strike_G","Defend_G","Defend_G","Defend_G","Defend_G","Survivor","Neutralize","Crippling Poison+1","Deflect+1","Poisoned Stab+1","All Out Attack+1","Deadly Poison","Leg Sweep+1","Quick Slash","Noxious Fumes+1","Masterful Stab","Doubt","Burst","Prepared+1","Apotheosis+1","Noxious Fumes","Noxious Fumes+1","Acrobatics","Backflip+1","Deflect","Eviscerate","Cloak And Dagger+1","Reflex","Phantasmal Killer","Predator+1","Accuracy+1","Slice","Reflex+1","Reflex+1","Bouncing Flask+1","Parasite","Blur+1","Bandage Up+1","Infinite Blades+1"],"relics":["Coffee Dripper","Lizard Tail","Matryoshka","Runic Pyramid","War Paint","Shuriken","MawBank","Blood Vial","CeramicFish","WristBlade","Bottled Flame","Mango","Centennial Puzzle","Anchor","The Specimen"],"acts_visited":["Exordium","TheCity","TheBeyond"],"potions_floor_usage":[16,16,22,29,33,39,41,41,42],"damage_taken":[{"damage":0,"enemies":"2 Louse","floor":1,"turns":4},{"damage":1,"enemies":"Jaw Worm","floor":2,"turns":4},{"damage":0,"enemies":"Cultist","floor":3,"turns":4},{"damage":6,"enemies":"Blue Slaver","floor":4,"turns":4},{"damage":1,"enemies":"Exordium Thugs","floor":5,"turns":4},{"damage":17,"enemies":"Lagavulin","floor":7,"turns":7},{"damage":0,"enemies":"3 Louse","floor":11,"turns":1},{"damage":0,"enemies":"2 Fungi Beasts","floor":13,"turns":2},{"damage":10,"enemies":"Slime Boss","floor":16,"turns":6},{"damage":5,"enemies":"Chosen","floor":18,"turns":4},{"damage":12,"enemies":"2 Thieves","floor":20,"turns":4},{"damage":19,"enemies":"Shelled Parasite and Fungi","floor":22,"turns":5},{"damage":12,"enemies":"Book of Stabbing","floor":23,"turns":6},{"damage":0,"enemies":"3 Cultists","floor":24,"turns":3},{"damage":11,"enemies":"Snecko","floor":25,"turns":5},{"damage":7,"enemies":"Gremlin Leader","floor":28,"turns":5},{"damage":6,"enemies":"Snake Plant","floor":29,"turns":5},{"damage":0,"enemies":"Champ","floor":33,"turns":10},{"damage":18,"enemies":"3 Darklings","floor":35,"turns":5},{"damage":7,"enemies":"Orb Walker","floor":39,"turns":4},{"damage":13,"enemies":"Reptomancer","floor":41,"turns":6},{"damage":20,"enemies":"Jaw Worm Horde","floor":42,"turns":4},{"damage":1,"enemies":"Mind Bloom Boss Battle","floor":44,"turns":6},{"damage":35,"enemies":"Writhing Mass","floor":45,"turns":5},{"damage":5,"enemies":"4 Shapes","floor":48,"turns":5},{"damage":51,"enemies":"Time Eater","floor":50,"turns":5}],"seed_played":"7999107594326729911","potions_obtained":[{"floor":3,"key":"BlessingOfTheForge"},{"floor":4,"key":"GamblersBrew"},{"floor":5,"key":"SneckoOil"},{"floor":11,"key":"Dexterity Potion"},{"floor":20,"key":"ColorlessPotion"},{"floor":22,"key":"LiquidBronze"},{"floor":24,"key":"DuplicationPotion"},{"floor":33,"key":"ColorlessPotion"},{"floor":35,"key":"Ancient Potion"},{"floor":39,"key":"SteroidPotion"}],"is_trial":false,"path_per_floor":["M","M","M","M","M","R","E","?","T","?","M","$","M","?","R","B",null,"M","$","M","?","M","E","M","M","T","R","E","M","?","?","R","B",null,"M","?","$","?","M","R","E","M","T","?","M","R","?","M","R","B"],"character_chosen":"THE_SILENT","items_purchased":["Noxious Fumes","Apotheosis","Noxious Fumes","Accuracy","Bottled Flame"],"campfire_rested":0,"item_purchase_floors":[12,19,19,37,37],"current_hp_per_floor":[70,69,69,63,62,62,45,31,31,31,31,31,31,31,31,21,70,65,65,53,53,34,22,22,11,11,11,6,2,2,2,2,4,70,52,52,52,52,47,47,50,32,32,33,42,42,42,39,39,0,0],"gold":492,"neow_bonus":"BOSS_RELIC","is_daily":false,"chose_seed":false,"campfire_upgraded":7,"win_rate":0.0,"timestamp":1614139363,"path_taken":["M","M","M","M","M","R","E","?","T","?","?","$","M","?","R","BOSS","M","$","M","?","M","E","M","M","T","R","E","M","?","?","R","BOSS","M","?","$","?","M","R","E","M","T","?","M","R","?","M","R","BOSS"],"items_purchased_type":["Card","Card","Card","Card","Relic"],"build_version":"2020-12-22","purchased_purges":0,"victory":false,"max_hp_per_floor":[70,70,70,70,70,70,70,70,70,70,70,70,70,70,70,70,70,70,70,70,70,70,70,70,70,70,70,70,70,70,70,70,70,70,70,70,70,70,70,70,84,84,84,84,84,84,84,84,84,84,84],"card_choices":[{"not_picked":["Bane","Cloak And Dagger"],"picked":"Crippling Poison","floor":1},{"not_picked":["Finisher","Slice"],"picked":"Deflect","floor":2},{"not_picked":["Distraction","Dash"],"picked":"Poisoned Stab","floor":3},{"not_picked":["Terror","Outmaneuver"],"picked":"All Out Attack","floor":4},{"not_picked":["Dagger Throw","Quick Slash"],"picked":"Deadly Poison","floor":5},{"not_picked":["Malaise","Slice"],"picked":"Leg Sweep","floor":7},{"not_picked":["Deflect","All Out Attack"],"picked":"Quick Slash","floor":11},{"not_picked":["Finisher","Blade Dance"],"picked":"Masterful Stab","floor":13},{"not_picked":["Die Die Die","Malaise"],"picked":"Burst","floor":16},{"not_picked":["Outmaneuver","Caltrops"],"picked":"Prepared+1","floor":18},{"not_picked":["Prepared","Masterful Stab+1"],"picked":"Noxious Fumes+1","floor":20},{"not_picked":["Deflect","Underhanded Strike"],"picked":"Acrobatics","floor":22},{"not_picked":["Deflect","Bane"],"picked":"Backflip","floor":23},{"not_picked":["Sucker Punch+1","Masterful Stab"],"picked":"Deflect","floor":24},{"not_picked":["Bane","Quick Slash"],"picked":"Eviscerate","floor":25},{"not_picked":["Tools of the Trade","Backflip"],"picked":"Cloak And Dagger+1","floor":28},{"not_picked":["Cloak And Dagger","Crippling Poison"],"picked":"Reflex","floor":29},{"not_picked":["After Image","Doppelganger"],"picked":"Phantasmal Killer","floor":33},{"not_picked":["Acrobatics","Bane"],"picked":"Predator+1","floor":35},{"not_picked":["Skewer+1","Heel Hook+1"],"picked":"Slice","floor":39},{"not_picked":["All Out Attack","Masterful Stab"],"picked":"Reflex+1","floor":41},{"not_picked":["Underhanded Strike+1","Backflip+1"],"picked":"Reflex","floor":42},{"not_picked":["Prepared+1","Slice+1"],"picked":"Bouncing Flask+1","floor":44},{"not_picked":["Dagger Throw+1","Bane"],"picked":"Blur+1","floor":45},{"not_picked":["Mind Blast","Impatience"],"picked":"Bandage Up","floor":47},{"not_picked":["PiercingWail+1","Accuracy"],"picked":"Infinite Blades+1","floor":48}],"player_experience":198271,"relics_obtained":[{"floor":7,"key":"Lizard Tail"},{"floor":9,"key":"Matryoshka"},{"floor":23,"key":"Shuriken"},{"floor":26,"key":"MawBank"},{"floor":26,"key":"Blood Vial"},{"floor":28,"key":"CeramicFish"},{"floor":41,"key":"Mango"},{"floor":43,"key":"Centennial Puzzle"},{"floor":43,"key":"Anchor"},{"floor":44,"key":"The Specimen"}],"event_choices":[{"damage_healed":0,"gold_gain":0,"player_choice":"Entered Light","damage_taken":14,"max_hp_gain":0,"max_hp_loss":0,"event_name":"Shining Light","floor":8,"gold_loss":0,"cards_upgraded":["Deflect","All Out Attack"]},{"cards_removed":["Strike_G"],"damage_healed":0,"gold_gain":0,"player_choice":"Purged","damage_taken":0,"max_hp_gain":0,"max_hp_loss":0,"event_name":"Purifier","floor":10,"gold_loss":0},{"damage_healed":0,"gold_gain":175,"player_choice":"AGREE","damage_taken":0,"max_hp_gain":0,"max_hp_loss":0,"event_name":"Liars Game","floor":14,"gold_loss":0,"cards_obtained":["Doubt"]},{"damage_healed":0,"gold_gain":0,"player_choice":"Obtained Relic","damage_taken":0,"relics_obtained":["War Paint"],"max_hp_gain":0,"max_hp_loss":0,"event_name":"Addict","floor":21,"gold_loss":85},{"damage_healed":0,"gold_gain":0,"player_choice":"Smashed Altar","damage_taken":0,"max_hp_gain":0,"max_hp_loss":0,"event_name":"Forgotten Altar","floor":30,"gold_loss":0,"cards_obtained":["Decay"]},{"cards_removed":["Decay"],"damage_healed":0,"gold_gain":0,"player_choice":"Elegance","damage_taken":0,"max_hp_gain":0,"max_hp_loss":0,"event_name":"Back to Basics","floor":31,"gold_loss":0},{"cards_removed":["Defend_G"],"damage_healed":0,"gold_gain":0,"player_choice":"Removed Skill","damage_taken":0,"max_hp_gain":0,"max_hp_loss":0,"event_name":"Falling","floor":36,"gold_loss":0},{"damage_healed":0,"gold_gain":0,"player_choice":"Ignored","damage_taken":0,"max_hp_gain":0,"max_hp_loss":0,"event_name":"Tomb of Lord Red Mask","floor":38,"gold_loss":0},{"damage_healed":0,"gold_gain":0,"player_choice":"Fight","damage_taken":0,"max_hp_gain":0,"max_hp_loss":0,"event_name":"MindBloom","floor":44,"gold_loss":0},{"damage_healed":0,"gold_gain":0,"player_choice":"Memory 1","damage_taken":0,"max_hp_gain":0,"max_hp_loss":0,"event_name":"SensoryStone","floor":47,"gold_loss":0}],"is_beta":false,"boss_relics":[{"not_picked":["SlaversCollar","Busted Crown"],"picked":"Runic Pyramid"},{"not_picked":["SacredBark","HoveringKite"],"picked":"WristBlade"}],"items_purged_floors":[],"is_endless":false,"potions_floor_spawned":[3,4,5,11,20,22,24,33,35,39],"killed_by":"Time Eater","ascension_level":0}}