{"host":"Hutts","time":1614140597,"event":{"mods":["BaseMod","Downfall","Googly Eyes","Hermit","Minty Spire (QoL Compilation)","StSLib","The Cursed","The IronCluck"],"gold_per_floor":[113,113,3,78,95,95,130,130,130,150,176,176,29,48,48,143,143,126,146,57,76,76,107,123,123,123,158,12,25,25,42,42,144,144,160,160,211,231,231,231,258,258,305,323,323,323,339,98,98,98],"floor_reached":51,"language":"ENG","playtime":3378,"items_purged":["hermit:Strike_Hermit"],"score":748,"play_id":"f35c911a-7038-417e-b1c5-56868813043e","local_time":"20210223222317","is_ascension_mode":false,"campfire_choices":[{"data":"hermit:GoldenBullet","floor":6,"key":"SMITH"},{"floor":12,"key":"REST"},{"data":"hermit:Snapshot","floor":15,"key":"SMITH"},{"data":"hermit:GhostlyPresence","floor":25,"key":"SMITH"},{"data":"RitualDagger","floor":32,"key":"SMITH"},{"floor":40,"key":"REST"},{"floor":42,"key":"REST"},{"floor":45,"key":"DIG"},{"floor":49,"key":"DIG"}],"circlet_count":0,"master_deck":["hermit:Strike_Hermit","hermit:Strike_Hermit","hermit:Defend_Hermit","hermit:Defend_Hermit","hermit:Defend_Hermit","hermit:Snapshot+1","hermit:Covet+1","hermit:Dive+1","hermit:GoldenBullet+1","hermit:Dive+1","hermit:Glare+1","Impatience","hermit:CalledShot+1","Decay","hermit:Quickdraw+1","hermit:GhostlyPresence+1","hermit:Misfire+1","RitualDagger+1","CurseOfTheBell","hermit:Reprieve","hermit:PistolWhip+1","hermit:TakeAim+1","hermit:FatalDesire+1","Discovery"],"relics":["Empty Cage","Strawberry","Pocketwatch","Orichalcum","Letter Opener","DollysMirror","Black Star","StrikeDummy","Oddly Smooth Stone","HornCleat","War Paint","FossilizedHelix","Akabeko","Calling Bell","Bag of Marbles","Slimebound:PreparedRelic","Shovel","hermit:CharredGlove","Frozen Egg 2","Pear","Bronze Scales","Mummified Hand","Bag of Preparation","Gambling Chip"],"acts_visited":["Exordium","TheCity","TheBeyond"],"potions_floor_usage":[23,27,29,33,37,50,50,50],"damage_taken":[{"damage":1,"enemies":"Cultist","floor":1,"turns":3},{"damage":1,"enemies":"Jaw Worm","floor":5,"turns":6},{"damage":11,"enemies":"3 Sentries","floor":7,"turns":11},{"damage":0,"enemies":"2 Louse","floor":10,"turns":2},{"damage":9,"enemies":"Gremlin Nob","floor":11,"turns":4},{"damage":0,"enemies":"Gremlin Gang","floor":14,"turns":4},{"damage":13,"enemies":"Hexaghost","floor":16,"turns":16},{"damage":0,"enemies":"2 Thieves","floor":18,"turns":4},{"damage":0,"enemies":"Shell Parasite","floor":19,"turns":6},{"damage":0,"enemies":"3 Cultists","floor":21,"turns":6},{"damage":0,"enemies":"Gremlin Leader","floor":23,"turns":7},{"damage":5,"enemies":"Snake Plant","floor":24,"turns":4},{"damage":9,"enemies":"Book of Stabbing","floor":27,"turns":7},{"damage":0,"enemies":"Snecko","floor":29,"turns":3},{"damage":0,"enemies":"Shelled Parasite and Fungi","floor":31,"turns":3},{"damage":8,"enemies":"Automaton","floor":33,"turns":14},{"damage":0,"enemies":"Orb Walker","floor":35,"turns":2},{"damage":55,"enemies":"2 Orb Walkers","floor":37,"turns":6},{"damage":11,"enemies":"3 Darklings","floor":38,"turns":10},{"damage":13,"enemies":"Reptomancer","floor":41,"turns":9},{"damage":0,"enemies":"Spire Growth","floor":44,"turns":3},{"damage":14,"enemies":"Transient","floor":47,"turns":5},{"damage":45,"enemies":"Donu and Deca","floor":50,"turns":13}],"seed_played":"-3342134435986158312","potions_obtained":[{"floor":5,"key":"SneckoOil"},{"floor":19,"key":"PowerPotion"},{"floor":24,"key":"Dexterity Potion"},{"floor":29,"key":"DistilledChaos"},{"floor":33,"key":"Ancient Potion"},{"floor":35,"key":"Weak Potion"},{"floor":44,"key":"SteroidPotion"},{"floor":47,"key":"Swift Potion"}],"is_trial":false,"path_per_floor":["M","?","$","?","M","R","E","T","T","M","E","R","$","M","R","B",null,"M","M","$","M","?","E","M","R","T","E","$","M","?","M","R","B",null,"M","?","?","M","?","R","E","R","T","M","R","?","M","$","R","B",null],"character_chosen":"HERMIT","items_purchased":["hermit:GoldenBullet","DollysMirror","Impatience","Akabeko","Bag of Preparation","Discovery"],"campfire_rested":3,"item_purchase_floors":[3,13,20,28,48,48],"current_hp_per_floor":[74,74,74,63,62,62,58,58,58,58,49,73,73,73,73,60,82,82,82,82,82,82,82,77,77,77,68,68,68,62,62,62,54,82,82,82,27,24,24,48,53,80,80,84,84,92,78,78,78,61],"gold":98,"neow_bonus":"BOSS_RELIC","is_daily":false,"chose_seed":false,"campfire_upgraded":4,"win_rate":0.0,"timestamp":1614140597,"path_taken":["M","?","$","?","M","R","E","?","T","M","E","R","?","M","R","BOSS","M","M","$","?","?","E","M","R","T","E","$","M","?","?","R","BOSS","M","?","?","M","?","R","E","R","T","M","R","?","?","$","R","BOSS"],"items_purchased_type":["Card","Relic","Card","Relic","Relic","Card"],"build_version":"2020-12-18","purchased_purges":1,"victory":true,"max_hp_per_floor":[75,75,75,75,75,75,82,82,82,82,82,82,82,82,82,82,82,82,82,82,82,82,82,82,82,82,82,82,82,82,82,82,82,82,82,82,82,82,82,82,92,92,92,92,92,92,92,92,92,92],"card_choices":[{"not_picked":["hermit:NoHoldsBarred","hermit:BodyArmor"],"picked":"hermit:Dive","floor":1},{"not_picked":["hermit:BodyArmor","hermit:Quickdraw","hermit:Vantage"],"picked":"SKIP","floor":5},{"not_picked":["hermit:Coalescence","hermit:TakeCover","hermit:Quickdraw"],"picked":"SKIP","floor":7},{"not_picked":["hermit:FinalCanter","hermit:HoleUp","hermit:Gestalt"],"picked":"SKIP","floor":10},{"not_picked":["hermit:HoleUp","hermit:Shortfuse","hermit:TrackingShot"],"picked":"SKIP","floor":11},{"not_picked":["hermit:Showdown","hermit:Roulette","hermit:SprayPray"],"picked":"SKIP","floor":14},{"not_picked":["hermit:EyeOfTheStorm+1","hermit:LowProfile+1"],"picked":"hermit:Determination","floor":18},{"not_picked":["hermit:HoleUp","hermit:Showdown"],"picked":"hermit:Glare","floor":19},{"not_picked":["hermit:Gambit","hermit:WideOpen+1"],"picked":"hermit:CalledShot+1","floor":21},{"not_picked":["hermit:NoHoldsBarred","hermit:WideOpen"],"picked":"hermit:Quickdraw+1","floor":23},{"not_picked":["hermit:CalledShot+1","hermit:EyeOfTheStorm"],"picked":"hermit:GhostlyPresence","floor":24},{"not_picked":["hermit:Magnum","hermit:Spite"],"picked":"hermit:Misfire+1","floor":27},{"not_picked":["hermit:CursedWeapon","hermit:Feint","hermit:Ricochet"],"picked":"SKIP","floor":29},{"not_picked":["hermit:Gestalt","hermit:Glare","hermit:ItchyTrigger"],"picked":"SKIP","floor":31},{"not_picked":["hermit:ItchyTrigger+1","hermit:Manifest+1","hermit:GhostlyPresence"],"picked":"SKIP","floor":35},{"not_picked":["hermit:Gestalt","hermit:Roulette"],"picked":"hermit:Reprieve","floor":37},{"not_picked":["hermit:TakeAim+1","hermit:BodyArmor+1","hermit:TrackingShot"],"picked":"SKIP","floor":38},{"not_picked":["hermit:CursedWeapon","hermit:HoleUp+1"],"picked":"hermit:PistolWhip+1","floor":41},{"not_picked":["hermit:TrackingShot","hermit:Dive"],"picked":"hermit:TakeAim+1","floor":44},{"not_picked":["hermit:Quickdraw+1","hermit:Manifest+1"],"picked":"hermit:FatalDesire+1","floor":47}],"player_experience":1077156,"relics_obtained":[{"floor":7,"key":"Strawberry"},{"floor":8,"key":"Pocketwatch"},{"floor":9,"key":"Orichalcum"},{"floor":11,"key":"Letter Opener"},{"floor":23,"key":"StrikeDummy"},{"floor":23,"key":"Oddly Smooth Stone"},{"floor":26,"key":"HornCleat"},{"floor":27,"key":"War Paint"},{"floor":27,"key":"FossilizedHelix"},{"floor":34,"key":"Bag of Marbles"},{"floor":34,"key":"Slimebound:PreparedRelic"},{"floor":34,"key":"Shovel"},{"floor":37,"key":"hermit:CharredGlove"},{"floor":41,"key":"Frozen Egg 2"},{"floor":41,"key":"Pear"},{"floor":43,"key":"Bronze Scales"},{"floor":45,"key":"Mummified Hand"},{"floor":49,"key":"Gambling Chip"}],"event_choices":[{"damage_healed":0,"gold_gain":0,"player_choice":"Grow","damage_taken":0,"max_hp_gain":0,"max_hp_loss":0,"event_name":"Living Wall","floor":2,"gold_loss":0,"cards_upgraded":["hermit:Dive"]},{"damage_healed":0,"gold_gain":75,"player_choice":"Gather Gold","damage_taken":11,"max_hp_gain":0,"max_hp_loss":0,"event_name":"World of Goop","floor":4,"gold_loss":0},{"damage_healed":0,"gold_gain":0,"player_choice":"Smashed Altar","damage_taken":0,"max_hp_gain":0,"max_hp_loss":0,"event_name":"Forgotten Altar","floor":22,"gold_loss":0,"cards_obtained":["Decay"]},{"damage_healed":0,"gold_gain":0,"player_choice":"Joined the Cult","damage_taken":6,"max_hp_gain":0,"max_hp_loss":0,"event_name":"Nest","floor":30,"gold_loss":0,"cards_obtained":["RitualDagger"]},{"damage_healed":0,"gold_gain":0,"player_choice":"Ignored","damage_taken":0,"max_hp_gain":0,"max_hp_loss":0,"event_name":"Tomb of Lord Red Mask","floor":36,"gold_loss":0},{"damage_healed":0,"gold_gain":0,"player_choice":"Fight","damage_taken":0,"max_hp_gain":0,"max_hp_loss":0,"event_name":"Mysterious Sphere","floor":37,"gold_loss":0},{"cards_removed":["hermit:Determination"],"damage_healed":0,"gold_gain":0,"player_choice":"Removed Power","damage_taken":0,"max_hp_gain":0,"max_hp_loss":0,"event_name":"Falling","floor":39,"gold_loss":0},{"damage_healed":8,"gold_gain":0,"player_choice":"Full Heal","damage_taken":0,"max_hp_gain":0,"max_hp_loss":0,"event_name":"Wheel of Change","floor":46,"gold_loss":0}],"is_beta":true,"boss_relics":[{"not_picked":["Philosopher\u0027s Stone","Runic Dome"],"picked":"Black Star"},{"not_picked":["Tiny House","Sozu"],"picked":"Calling Bell"}],"items_purged_floors":[3],"is_endless":false,"potions_floor_spawned":[5,19,24,29,33,35,44,47],"ascension_level":0}}