{"host":"ow66nzv2xecjoor3","time":1614148583,"event":{"mods":["BaseMod","Bestiary","Block Reminder","Colored Powertips","Curses Come First","Highlight Path","Keyboard Shortcuts","Minty Spire (QoL Compilation)","Permanent Neow","Relic Stats","StSLib","UnlockEverythingMod"],"gold_per_floor":[119,134,4,14,33,33,66,76,76,76,105,121,121,121,121,197,197,212,231,248,27,27,59,69,97,97,125,125,75,108,122,122,196,196,214,7,24,24,34,34,44,70,70,70,96,113,142,156,156,156,156,156,156,25,51,51,51],"floor_reached":56,"language":"ENG","playtime":3954,"items_purged":["Strike_P","Strike_P","Decay","Strike_P","Blasphemy+1"],"score":2218,"play_id":"e48cae56-3e3f-4afc-9a86-6ec5673b8f78","local_time":"20210224003623","is_ascension_mode":true,"campfire_choices":[{"data":"WindmillStrike","floor":6.0,"key":"SMITH"},{"floor":13.0,"key":"REST"},{"floor":15.0,"key":"REST"},{"floor":32.0,"key":"REST"},{"data":"Blasphemy","floor":40.0,"key":"SMITH"},{"data":"MentalFortress","floor":44.0,"key":"SMITH"},{"floor":49.0,"key":"RECALL"},{"data":"SpiritShield","floor":53.0,"key":"SMITH"}],"circlet_count":0,"master_deck":["AscendersBane","Defend_P","Defend_P+1","Defend_P","Eruption","Vigilance","Scrawl+1","WindmillStrike+1","WindmillStrike","BowlingBash","Crescendo","Prostrate","SpiritShield+1","SandsOfTime","InnerPeace+1","ThirdEye+1","Judgement+1","EmptyFist","Perseverance+1","EmptyMind+1","Indignation+1","Omniscience+1","Halt+1","ClearTheMind+1","Evaluate+1","Crescendo+1","Protect+1","Omniscience+1","BattleHymn","Blind+1","MentalFortress+1","WheelKick","Blasphemy+1","InnerPeace+1","Scrawl+1","MentalFortress+1"],"relics":["PureWater","Bronze Scales","White Beast Statue","Toxic Egg 2","TeardropLocket","SlaversCollar","Darkstone Periapt","Smiling Mask","Bottled Flame","Akabeko","Red Mask","Coffee Dripper","War Paint","Bag of Marbles","Ginger","Mango","CaptainsWheel"],"acts_visited":["Exordium","TheCity","TheBeyond","TheEnding"],"potions_floor_usage":[56,56],"damage_taken":[{"damage":0.0,"enemies":"Cultist","floor":1.0,"turns":2.0},{"damage":7.0,"enemies":"Jaw Worm","floor":2.0,"turns":4.0},{"damage":2.0,"enemies":"Small Slimes","floor":4.0,"turns":3.0},{"damage":6.0,"enemies":"Looter","floor":5.0,"turns":3.0},{"damage":17.0,"enemies":"3 Sentries","floor":7.0,"turns":5.0},{"damage":1.0,"enemies":"2 Fungi Beasts","floor":8.0,"turns":3.0},{"damage":3.0,"enemies":"Gremlin Nob","floor":11.0,"turns":3.0},{"damage":0.0,"enemies":"Blue Slaver","floor":12.0,"turns":3.0},{"damage":3.0,"enemies":"Hexaghost","floor":16.0,"turns":8.0},{"damage":0.0,"enemies":"Spheric Guardian","floor":18.0,"turns":2.0},{"damage":0.0,"enemies":"3 Byrds","floor":19.0,"turns":3.0},{"damage":0.0,"enemies":"3 Cultists","floor":20.0,"turns":2.0},{"damage":0.0,"enemies":"Gremlin Leader","floor":23.0,"turns":4.0},{"damage":12.0,"enemies":"Snake Plant","floor":24.0,"turns":3.0},{"damage":8.0,"enemies":"Book of Stabbing","floor":25.0,"turns":4.0},{"damage":26.0,"enemies":"Slavers","floor":27.0,"turns":4.0},{"damage":1.0,"enemies":"Masked Bandits","floor":30.0,"turns":2.0},{"damage":0.0,"enemies":"Chosen and Byrds","floor":31.0,"turns":2.0},{"damage":23.0,"enemies":"Automaton","floor":33.0,"turns":10.0},{"damage":0.0,"enemies":"3 Darklings","floor":35.0,"turns":2.0},{"damage":0.0,"enemies":"Orb Walker","floor":37.0,"turns":2.0},{"damage":0.0,"enemies":"Jaw Worm Horde","floor":39.0,"turns":2.0},{"damage":0.0,"enemies":"Sphere and 2 Shapes","floor":41.0,"turns":3.0},{"damage":0.0,"enemies":"Nemesis","floor":42.0,"turns":1.0},{"damage":2.0,"enemies":"Reptomancer","floor":45.0,"turns":2.0},{"damage":0.0,"enemies":"Writhing Mass","floor":46.0,"turns":1.0},{"damage":0.0,"enemies":"Nemesis","floor":47.0,"turns":1.0},{"damage":0.0,"enemies":"3 Darklings","floor":48.0,"turns":1.0},{"damage":28.0,"enemies":"Donu and Deca","floor":50.0,"turns":8.0},{"damage":6.0,"enemies":"Awakened One","floor":51.0,"turns":14.0},{"damage":5.0,"enemies":"Shield and Spear","floor":55.0,"turns":6.0},{"damage":71,"enemies":"The Heart","floor":56,"turns":3}],"seed_played":"-1576618747639768458","potions_obtained":[{"floor":1.0,"key":"Strength Potion"},{"floor":4.0,"key":"StancePotion"},{"floor":7.0,"key":"FearPotion"},{"floor":11.0,"key":"Energy Potion"},{"floor":16.0,"key":"GamblersBrew"},{"floor":19.0,"key":"BlessingOfTheForge"},{"floor":23.0,"key":"CultistPotion"},{"floor":37.0,"key":"PowerPotion"},{"floor":45.0,"key":"FearPotion"},{"floor":55.0,"key":"Strength Potion"}],"is_trial":false,"path_per_floor":["M","M","$","M","M","R","E","M","T","$","E","M","R","?","R","B",null,"M","M","M","$","?","E","M","E","T","E","?","$","?","M","R","B",null,"M","$","M","?","M","R","M","E","T","R","E","M","E","M","R","B","B",null,"R","$","E","B"],"character_chosen":"WATCHER","items_purchased":["Crescendo","Perseverance+1","EmptyMind+1","War Paint","Scrawl+1"],"campfire_rested":3,"item_purchase_floors":[3,21,21,36,54],"current_hp_per_floor":[43,36,36,34,28,28,11,10,10,10,7,7,27,9,29,26,58,58,58,58,58,58,58,46,38,38,12,18,18,17,17,39,16,60,60,60,60,60,60,60,60,60,60,60,58,58,72,72,72,44,38,76,76,76,71,0,0],"gold":51,"neow_bonus":"TRANSFORM_TWO_CARDS","is_daily":false,"chose_seed":false,"campfire_upgraded":4,"win_rate":0.0,"timestamp":1614148583,"path_taken":["M","M","$","M","?","R","E","M","T","$","E","M","R","?","R","BOSS","M","M","M","$","?","E","M","E","T","E","?","$","?","M","R","BOSS","M","$","M","?","M","R","M","E","T","R","E","M","E","M","R","BOSS","BOSS","R","$","E","BOSS"],"items_purchased_type":["Card","Card","Card","Relic","Card"],"build_version":"2020-12-22","purchased_purges":5,"victory":false,"max_hp_per_floor":[68,68,68,68,68,68,68,68,68,68,68,68,68,68,68,68,68,68,68,68,68,68,68,68,68,68,68,74,74,74,74,74,74,74,74,74,74,74,74,74,74,74,74,74,74,74,88,88,88,88,88,88,88,88,88,88,88],"relic_stats":{"Darkstone Periapt":6,"counters":[32,116],"Bronze Scales":[394],"Ginger":[2],"War Paint":["Defend_P","Scrawl"],"Smiling Mask":300,"obtain_stats":[{"Darkstone Periapt":23,"Mango":47,"TeardropLocket":14,"Ginger":45,"War Paint":36,"Smiling Mask":25,"White Beast Statue":9,"Akabeko":27,"SlaversCollar":17,"Bottled Flame":26,"CaptainsWheel":55,"Bronze Scales":7,"Red Mask":30,"Coffee Dripper":34,"Bag of Marbles":42,"PureWater":0,"Toxic Egg 2":11},{"Darkstone Periapt":13,"Mango":27,"TeardropLocket":8,"Ginger":25,"War Paint":20,"Smiling Mask":15,"White Beast Statue":6,"Akabeko":16,"SlaversCollar":9,"Bottled Flame":15,"CaptainsWheel":31,"Bronze Scales":5,"Red Mask":17,"Coffee Dripper":19,"Bag of Marbles":24,"PureWater":0,"Toxic Egg 2":7},{"Darkstone Periapt":45,"Mango":84,"TeardropLocket":26,"Ginger":82,"War Paint":72,"Smiling Mask":52,"White Beast Statue":20,"Akabeko":56,"SlaversCollar":34,"Bottled Flame":52,"CaptainsWheel":113,"Bronze Scales":17,"Red Mask":58,"Coffee Dripper":70,"Bag of Marbles":80,"PureWater":0,"Toxic Egg 2":23}]},"card_choices":[{"not_picked":["Nirvana","EmptyBody"],"picked":"WindmillStrike","floor":1.0},{"not_picked":["Halt","InnerPeace"],"picked":"BowlingBash","floor":2.0},{"not_picked":["EmptyFist","ClearTheMind"],"picked":"Prostrate","floor":4.0},{"not_picked":["Protect","FlyingSleeves"],"picked":"SpiritShield","floor":5.0},{"not_picked":["Ragnarok","CutThroughFate"],"picked":"Blasphemy","floor":7.0},{"not_picked":["PathToVictory","ThirdEye"],"picked":"SandsOfTime","floor":8.0},{"not_picked":["Study","JustLucky"],"picked":"InnerPeace+1","floor":11.0},{"not_picked":["Consecrate","Evaluate+1"],"picked":"ThirdEye+1","floor":12.0},{"not_picked":["Alpha+1","Ragnarok"],"picked":"Judgement+1","floor":16.0},{"not_picked":["BowlingBash","Consecrate"],"picked":"EmptyFist","floor":18.0},{"not_picked":["Study","CrushJoints","FollowUp"],"picked":"SKIP","floor":19.0},{"not_picked":["FollowUp","CarveReality","FlurryOfBlows"],"picked":"SKIP","floor":20.0},{"not_picked":["Crescendo+1","FlurryOfBlows"],"picked":"Omniscience+1","floor":23.0},{"not_picked":["Fasting2","Conclude"],"picked":"Halt+1","floor":24.0},{"not_picked":["Brilliance","BowlingBash"],"picked":"ClearTheMind+1","floor":25.0},{"not_picked":["WreathOfFlame+1","Conclude"],"picked":"Evaluate+1","floor":27.0},{"not_picked":["Consecrate","Conclude"],"picked":"Crescendo+1","floor":30.0},{"not_picked":["JustLucky+1","SashWhip"],"picked":"Protect+1","floor":31.0},{"not_picked":["Alpha+1","MasterReality"],"picked":"Omniscience+1","floor":33.0},{"not_picked":["BowlingBash","JustLucky","FollowUp"],"picked":"SKIP","floor":35.0},{"not_picked":["BowlingBash","FlurryOfBlows"],"picked":"BattleHymn","floor":37.0},{"not_picked":["Dark Shackles+1","Flash of Steel"],"picked":"Blind+1","floor":38.0},{"not_picked":["ThirdEye+1","ClearTheMind+1","Crescendo+1"],"picked":"SKIP","floor":39.0},{"not_picked":["ThirdEye+1","CutThroughFate"],"picked":"MentalFortress","floor":41.0},{"not_picked":["LikeWater","Weave","LessonLearned"],"picked":"SKIP","floor":42.0},{"not_picked":["Crescendo+1","Weave+1","Conclude+1"],"picked":"SKIP","floor":45.0},{"not_picked":["ClearTheMind+1","SignatureMove"],"picked":"WheelKick","floor":46.0},{"not_picked":["Crescendo+1","FlurryOfBlows"],"picked":"Blasphemy+1","floor":47.0},{"not_picked":["SashWhip","Perseverance+1"],"picked":"InnerPeace+1","floor":48.0},{"not_picked":["BowlingBash","ForeignInfluence+1"],"picked":"MentalFortress+1","floor":55.0}],"player_experience":2973938,"relics_obtained":[{"floor":7.0,"key":"Bronze Scales"},{"floor":9.0,"key":"White Beast Statue"},{"floor":11.0,"key":"Toxic Egg 2"},{"floor":23.0,"key":"Darkstone Periapt"},{"floor":25.0,"key":"Smiling Mask"},{"floor":26.0,"key":"Bottled Flame"},{"floor":27.0,"key":"Akabeko"},{"floor":30.0,"key":"Red Mask"},{"floor":42.0,"key":"Bag of Marbles"},{"floor":45.0,"key":"Ginger"},{"floor":47.0,"key":"Mango"},{"floor":55.0,"key":"CaptainsWheel"}],"event_choices":[{"damage_healed":0.0,"max_hp_gain":0.0,"max_hp_loss":0.0,"gold_gain":0.0,"event_name":"Scrap Ooze","player_choice":"Success","floor":14.0,"gold_loss":0.0,"damage_taken":18.0,"relics_obtained":["TeardropLocket"]},{"damage_healed":0.0,"max_hp_gain":0.0,"max_hp_loss":0.0,"gold_gain":0.0,"event_name":"The Library","player_choice":"Read","floor":22.0,"gold_loss":0.0,"damage_taken":0.0,"cards_obtained":["Indignation"]},{"damage_healed":0.0,"max_hp_gain":0.0,"max_hp_loss":0.0,"gold_gain":0.0,"event_name":"Forgotten Altar","player_choice":"Smashed Altar","floor":28.0,"gold_loss":0.0,"damage_taken":0.0,"cards_obtained":["Decay"]},{"damage_healed":0.0,"max_hp_gain":0.0,"max_hp_loss":0.0,"gold_gain":0.0,"event_name":"Masked Bandits","player_choice":"Fought Bandits","floor":30.0,"gold_loss":0.0,"damage_taken":0.0},{"damage_healed":0.0,"max_hp_gain":0.0,"max_hp_loss":0.0,"gold_gain":0.0,"event_name":"SensoryStone","player_choice":"Memory 1","floor":38.0,"gold_loss":0.0,"damage_taken":0.0}],"is_beta":false,"boss_relics":[{"not_picked":["Ectoplasm","Runic Pyramid"],"picked":"SlaversCollar"},{"not_picked":["Empty Cage","Runic Dome"],"picked":"Coffee Dripper"}],"items_purged_floors":[3,21,29,36,54],"is_endless":false,"potions_floor_spawned":[1,4,7,8,11,12,16,18,19,20,23,24,25,27,30,31,33,35,37,39,41,42,45,46,47,48,55],"killed_by":"The Heart","ascension_level":20}}