{"host":"fnk117zi8wf5078t","time":1614180563,"event":{"mods":["AchievementEnabler","BaseMod","Colored Map","Minty Spire (QoL Compilation)","Rare Cards Sparkle","SuperFastMode","everything is the same but u backflip on backflip"],"gold_per_floor":[110,120,139,139,57,57,57,57],"floor_reached":7,"language":"KOR","playtime":284,"items_purged":[],"score":66,"play_id":"c37d67c9-e292-4fcb-965d-3701d170dcc0","local_time":"20210225002923","is_ascension_mode":true,"campfire_choices":[{"data":"Fission","floor":6,"key":"SMITH"}],"circlet_count":0,"master_deck":["AscendersBane","Strike_B","Strike_B","Strike_B","Strike_B","Defend_B","Defend_B","Defend_B","Defend_B","Zap","Dualcast","Decay","Steam Power","Beam Cell","Tempest","Turbo","Fission+1","Bandage Up"],"relics":["Cracked Core","Prayer Wheel"],"acts_visited":["Exordium"],"potions_floor_usage":[],"damage_taken":[{"damage":3,"enemies":"Cultist","floor":1,"turns":3},{"damage":5,"enemies":"2 Louse","floor":2,"turns":3},{"damage":16,"enemies":"Small Slimes","floor":3,"turns":4},{"damage":82,"enemies":"3 Sentries","floor":7,"turns":10}],"seed_played":"5206029671328640866","potions_obtained":[{"floor":2,"key":"PotionOfCapacity"}],"is_trial":false,"path_per_floor":["M","M","M","?","$","R","E"],"character_chosen":"DEFECT","items_purchased":["Bandage Up"],"campfire_rested":0,"item_purchase_floors":[5],"current_hp_per_floor":[65,60,44,75,75,75,0,0],"gold":57,"neow_bonus":"ONE_RARE_RELIC","is_daily":false,"chose_seed":false,"campfire_upgraded":1,"win_rate":0.0,"timestamp":1614180563,"path_taken":["M","M","M","?","?","R","E"],"items_purchased_type":["Card"],"build_version":"2020-12-22","purchased_purges":0,"victory":false,"max_hp_per_floor":[75,75,75,75,75,75,75,75],"card_choices":[{"not_picked":["Steam","Gash"],"picked":"Steam Power","floor":1},{"not_picked":["Coolheaded","Cold Snap"],"picked":"Beam Cell","floor":1},{"not_picked":["Blizzard","Beam Cell"],"picked":"Tempest","floor":2},{"not_picked":["Hello World","Conserve Battery"],"picked":"Turbo","floor":2},{"not_picked":["Steam Power","Ball Lightning"],"picked":"Fission","floor":3},{"not_picked":["Beam Cell","Conserve Battery","Hologram"],"picked":"SKIP","floor":3}],"player_experience":436358,"relics_obtained":[],"event_choices":[{"damage_healed":31,"gold_gain":0,"player_choice":"Full Heal","damage_taken":0,"max_hp_gain":0,"max_hp_loss":0,"event_name":"Wheel of Change","floor":4,"gold_loss":0}],"is_beta":false,"boss_relics":[],"items_purged_floors":[],"is_endless":false,"potions_floor_spawned":[2],"killed_by":"3 Sentries","ascension_level":12}}