{"host":"4yf2n7l3ni368tvf","time":1614141463,"event":{"mods":["AchievementEnabler","BaseMod","Colored Map","DeckTracker","Keyboard Shortcuts","Minty Spire (QoL Compilation)","SuperFastMode"],"gold_per_floor":[111,125,125,140,151,185,185,200,226,226,239,272,272,51,51,153,153,168,181,181,181],"floor_reached":20,"language":"KOR","playtime":732,"items_purged":[],"score":233,"play_id":"948974ce-ad11-42f0-beab-f44ac690f09c","local_time":"20210224133743","is_ascension_mode":true,"campfire_choices":[{"floor":7,"key":"REST"},{"data":"Body Slam","floor":10,"key":"SMITH"},{"data":"Dropkick","floor":15,"key":"SMITH"}],"circlet_count":0,"master_deck":["Strike_R","Strike_R","Strike_R","Strike_R","Strike_R","Defend_R","Defend_R","Defend_R","Defend_R","Bash","Enlightenment+1","Battle Trance","Armaments","Headbutt","Body Slam+1","Shrug It Off","Dropkick+1","Double Tap","Twin Strike+1"],"relics":["Burning Blood","Meat on the Bone","Strawberry","Anchor","Bag of Marbles","SlaversCollar"],"acts_visited":["Exordium","TheCity"],"potions_floor_usage":[6,12],"damage_taken":[{"damage":7.0,"enemies":"Jaw Worm","floor":1.0,"turns":3.0},{"damage":6.0,"enemies":"Cultist","floor":2.0,"turns":3.0},{"damage":12.0,"enemies":"Small Slimes","floor":4.0,"turns":4.0},{"damage":29.0,"enemies":"Blue Slaver","floor":5.0,"turns":5.0},{"damage":25,"enemies":"3 Sentries","floor":6,"turns":9},{"damage":9,"enemies":"3 Louse","floor":8,"turns":4},{"damage":6,"enemies":"2 Fungi Beasts","floor":11,"turns":4},{"damage":16,"enemies":"Gremlin Nob","floor":12,"turns":3},{"damage":42,"enemies":"Slime Boss","floor":16,"turns":12},{"damage":54,"enemies":"Spheric Guardian","floor":18,"turns":6},{"damage":32,"enemies":"3 Byrds","floor":19,"turns":7},{"damage":30,"enemies":"Snake Plant","floor":20,"turns":2}],"seed_played":"8182874849894086913","potions_obtained":[{"floor":1.0,"key":"AttackPotion"},{"floor":2.0,"key":"DuplicationPotion"},{"floor":6,"key":"Fire Potion"},{"floor":19,"key":"Strength Potion"}],"is_trial":false,"path_per_floor":["M","M","$","M","M","E","R","M","T","R","M","E","?","$","R","B",null,"M","M","M"],"character_chosen":"IRONCLAD","items_purchased":["Bag of Marbles","Dropkick"],"campfire_rested":1,"item_purchase_floors":[14,14],"current_hp_per_floor":[79,79,79,73,50,31,55,52,59,59,59,61,61,61,61,37,75,39,25,0,0],"gold":181,"neow_bonus":"RANDOM_COLORLESS","is_daily":false,"chose_seed":false,"campfire_upgraded":2,"win_rate":0.0,"timestamp":1614141463,"path_taken":["M","M","$","M","M","E","R","M","T","R","M","E","?","$","R","BOSS","M","M","M"],"items_purchased_type":["Relic","Card"],"build_version":"2020-12-22","purchased_purges":0,"victory":false,"max_hp_per_floor":[80,80,80,80,80,80,80,80,87,87,87,87,87,87,87,87,87,87,87,87,87],"card_choices":[{"not_picked":["Purity","Dramatic Entrance"],"picked":"Enlightenment","floor":0.0},{"not_picked":["Warcry","True Grit"],"picked":"Battle Trance","floor":1.0},{"not_picked":["Reckless Charge","Thunderclap","Clothesline"],"picked":"SKIP","floor":2.0},{"not_picked":["Havoc","Iron Wave"],"picked":"Armaments","floor":4.0},{"not_picked":["Anger","Battle Trance"],"picked":"Headbutt","floor":5.0},{"not_picked":["Cleave","Sword Boomerang"],"picked":"Body Slam","floor":6},{"not_picked":["Dark Embrace","Wild Strike"],"picked":"Shrug It Off","floor":8},{"not_picked":["Carnage","Hemokinesis","Havoc"],"picked":"SKIP","floor":11},{"not_picked":["Brutality","Pommel Strike","Carnage"],"picked":"SKIP","floor":12},{"not_picked":["Impervious","Juggernaut"],"picked":"Double Tap","floor":16},{"not_picked":["Clash+1","Sentinel","Flex"],"picked":"SKIP","floor":18},{"not_picked":["True Grit+1","Pommel Strike+1"],"picked":"Twin Strike+1","floor":19}],"player_experience":277968,"relics_obtained":[{"floor":6,"key":"Meat on the Bone"},{"floor":9,"key":"Strawberry"},{"floor":12,"key":"Anchor"}],"event_choices":[{"damage_healed":0,"gold_gain":0,"player_choice":"Forge","damage_taken":0,"max_hp_gain":0,"max_hp_loss":0,"event_name":"Accursed Blacksmith","floor":13,"gold_loss":0,"cards_upgraded":["Enlightenment"]}],"is_beta":false,"boss_relics":[{"not_picked":["Fusion Hammer","Cursed Key"],"picked":"SlaversCollar"}],"items_purged_floors":[],"is_endless":false,"potions_floor_spawned":[1,2,6,19],"killed_by":"Snake Plant","ascension_level":5}}