{"host":"8vqkh0x3c7vpgzzm","time":1614200833,"event":{"mods":["AchievementEnabler","BaseMod","Colored Map","Colored Powertips","Curses Come First","DeckTracker","Highlight Path","Minty Spire (QoL Compilation)","Permanent Neow","Quick Restart","Random Character Mod","Rare Cards Sparkle","Relic Sorter","Relic Stats","StSLib","SuperFastMode","Unceasing Turn Reminder","egg","everything is the same but u backflip on backflip"],"gold_per_floor":[110,129,1,21,21,21,56,69,96,14,37,87,113,113,113,190,190,203,223,223,223,9,44,44,44,44,44,44,44,73,91,91,165,165,179,190,190,209,220,220,220,220,220,239,66,66,81,100,100,100],"floor_reached":51,"language":"ENG","playtime":2194,"items_purged":["Defend_B","Writhe"],"score":1286,"play_id":"629c4eba-63bb-4c0e-832a-f0515b4c5901","local_time":"20210224220713","is_ascension_mode":true,"campfire_choices":[{"data":"Zap","floor":6,"key":"SMITH"},{"floor":15,"key":"REST"},{"floor":24,"key":"REST"},{"data":"Dualcast","floor":29,"key":"SMITH"},{"floor":32,"key":"REST"},{"floor":40,"key":"REST"},{"data":"J.A.X.","floor":42,"key":"SMITH"},{"data":"Defragment","floor":46,"key":"SMITH"},{"floor":49,"key":"REST"}],"circlet_count":0,"master_deck":["AscendersBane","Strike_B","Strike_B","Defend_B+1","Zap+1","Dualcast+1","Undo","Gash","Steam","Ball Lightning","Defragment+1","Hologram+1","Steam","Cold Snap","Buffer","Fission","Conserve Battery","Scrape","Chill","Coolheaded","J.A.X.+1","Steam","Gash","Chill+1","Glacier+1","Beam Cell+1","Creative AI","Reboot"],"relics":["Cracked Core","Bronze Scales","Tiny Chest","Regal Pillow","Strawberry","Bottled Lightning","StoneCalendar","Runic Dome","Art of War","Oddly Smooth Stone","Unceasing Top","War Paint","Nuclear Battery","Pantograph","Eternal Feather"],"acts_visited":["Exordium","TheCity","TheBeyond"],"potions_floor_usage":[13,23,30,50,50],"damage_taken":[{"damage":2,"enemies":"Jaw Worm","floor":1,"turns":3},{"damage":1,"enemies":"Cultist","floor":2,"turns":4},{"damage":3,"enemies":"2 Louse","floor":4,"turns":3},{"damage":16,"enemies":"3 Sentries","floor":7,"turns":6},{"damage":16,"enemies":"Gremlin Gang","floor":8,"turns":3},{"damage":8,"enemies":"Gremlin Nob","floor":13,"turns":4},{"damage":35,"enemies":"Hexaghost","floor":16,"turns":8},{"damage":2,"enemies":"Spheric Guardian","floor":18,"turns":6},{"damage":9,"enemies":"Chosen","floor":19,"turns":5},{"damage":27,"enemies":"Gremlin Leader","floor":23,"turns":8},{"damage":15,"enemies":"Book of Stabbing","floor":30,"turns":5},{"damage":23,"enemies":"Shelled Parasite and Fungi","floor":31,"turns":6},{"damage":37,"enemies":"Collector","floor":33,"turns":11},{"damage":5,"enemies":"3 Darklings","floor":35,"turns":6},{"damage":13,"enemies":"Orb Walker","floor":36,"turns":5},{"damage":25,"enemies":"Maw","floor":38,"turns":7},{"damage":6,"enemies":"Writhing Mass","floor":39,"turns":5},{"damage":3,"enemies":"3 Darklings","floor":44,"turns":7},{"damage":23,"enemies":"Maw","floor":47,"turns":7},{"damage":15,"enemies":"4 Shapes","floor":48,"turns":7},{"damage":51,"enemies":"Time Eater","floor":50,"turns":9}],"seed_played":"610939937254984646","potions_obtained":[{"floor":2,"key":"Weak Potion"},{"floor":4,"key":"SneckoOil"},{"floor":13,"key":"Fire Potion"},{"floor":19,"key":"Energy Potion"},{"floor":23,"key":"Weak Potion"},{"floor":30,"key":"AttackPotion"}],"is_trial":false,"path_per_floor":["M","M","$","M","?","R","E","M","T","$","T","?","E","T","R","B",null,"M","M","$","?","$","E","R","?","T","?","$","R","E","M","R","B",null,"M","M","T","M","M","R","?","R","T","M","$","R","M","M","R","B",null],"character_chosen":"DEFECT","items_purchased":["Steam","Steam","Cold Snap","Scrape","Chill","Creative AI"],"campfire_rested":5,"item_purchase_floors":[3,10,10,22,22,45],"current_hp_per_floor":[62,61,61,58,58,58,42,26,26,26,33,26,18,18,54,19,58,56,47,47,47,47,20,56,56,56,56,56,56,41,18,54,17,58,53,40,40,15,9,45,45,45,45,42,42,57,34,19,70,20],"gold":100,"neow_bonus":"REMOVE_TWO","is_daily":false,"chose_seed":false,"campfire_upgraded":4,"win_rate":0.0,"timestamp":1614200833,"path_taken":["M","M","$","M","?","R","E","M","T","?","?","?","E","?","R","BOSS","M","M","$","?","$","E","R","?","T","?","$","R","E","M","R","BOSS","M","M","?","M","M","R","?","R","T","M","$","R","M","M","R","BOSS"],"items_purchased_type":["Card","Card","Card","Card","Card","Card"],"build_version":"2020-12-22","purchased_purges":2,"victory":true,"max_hp_per_floor":[64,64,64,64,64,64,64,64,64,64,71,71,71,71,71,71,71,71,71,71,71,71,71,71,71,71,71,71,71,71,71,71,71,71,71,71,71,71,71,71,71,71,71,71,71,71,71,71,71,71],"relic_stats":{"Regal Pillow":75,"counters":[21,125],"Bronze Scales":[389],"Pantograph":1,"Tiny Chest":2,"StoneCalendar":[246],"Eternal Feather":30,"Art of War":[10],"War Paint":["Hologram","Defend_B"],"obtain_stats":[{"Regal Pillow":9,"Oddly Smooth Stone":23,"StoneCalendar":14,"Eternal Feather":43,"War Paint":30,"Nuclear Battery":34,"Runic Dome":17,"Bronze Scales":5,"Strawberry":11,"Pantograph":37,"Tiny Chest":7,"Art of War":21,"Bottled Lightning":13,"Cracked Core":0,"Unceasing Top":26},{"Regal Pillow":5,"Oddly Smooth Stone":10,"StoneCalendar":6,"Eternal Feather":17,"War Paint":11,"Nuclear Battery":13,"Runic Dome":7,"Bronze Scales":3,"Strawberry":5,"Pantograph":15,"Tiny Chest":4,"Art of War":9,"Bottled Lightning":6,"Cracked Core":0,"Unceasing Top":10},{"Regal Pillow":19,"Oddly Smooth Stone":50,"StoneCalendar":23,"Eternal Feather":95,"War Paint":55,"Nuclear Battery":72,"Runic Dome":31,"Bronze Scales":10,"Strawberry":19,"Pantograph":83,"Tiny Chest":16,"Art of War":42,"Bottled Lightning":23,"Cracked Core":0,"Unceasing Top":50}],"Unceasing Top":[117]},"card_choices":[{"not_picked":["Compile Driver","Stack"],"picked":"Undo","floor":1},{"not_picked":["Storm","Streamline"],"picked":"Gash","floor":2},{"not_picked":["Barrage","Leap"],"picked":"Ball Lightning","floor":4},{"not_picked":["Multi-Cast","Doom and Gloom"],"picked":"Defragment","floor":7},{"not_picked":["Streamline","Storm"],"picked":"Hologram","floor":8},{"not_picked":["Darkness","Cold Snap"],"picked":"Buffer","floor":13},{"not_picked":["Echo Form","Electrodynamics"],"picked":"Fission","floor":16},{"not_picked":["Barrage+1","Stack"],"picked":"Conserve Battery","floor":18},{"not_picked":["Stack","Leap","Barrage"],"picked":"SKIP","floor":19},{"not_picked":["Storm+1","Reprogram"],"picked":"Coolheaded","floor":23},{"not_picked":["Compile Driver","Turbo"],"picked":"Steam","floor":30},{"not_picked":["Redo","Blizzard+1","Conserve Battery"],"picked":"SKIP","floor":31},{"not_picked":["Ball Lightning","Conserve Battery","Glacier"],"picked":"SKIP","floor":35},{"not_picked":["Rip and Tear+1","Sunder+1"],"picked":"Gash","floor":36},{"not_picked":["Force Field","Melter+1"],"picked":"Chill+1","floor":38},{"not_picked":["Coolheaded","BootSequence"],"picked":"Glacier+1","floor":39},{"not_picked":["Aggregate+1","Compile Driver"],"picked":"Beam Cell+1","floor":44},{"not_picked":["Beam Cell+1","Redo"],"picked":"Reboot","floor":47},{"not_picked":["Chaos","Barrage+1","Rebound"],"picked":"SKIP","floor":48}],"player_experience":651330,"relics_obtained":[{"floor":7,"key":"Tiny Chest"},{"floor":9,"key":"Regal Pillow"},{"floor":11,"key":"Strawberry"},{"floor":13,"key":"Bottled Lightning"},{"floor":14,"key":"StoneCalendar"},{"floor":23,"key":"Oddly Smooth Stone"},{"floor":26,"key":"Unceasing Top"},{"floor":30,"key":"War Paint"},{"floor":37,"key":"Pantograph"},{"floor":43,"key":"Eternal Feather"}],"event_choices":[{"damage_healed":0,"gold_gain":0,"player_choice":"Gave Potion","damage_taken":0,"relics_obtained":["Bronze Scales"],"max_hp_gain":0,"max_hp_loss":0,"event_name":"WeMeetAgain","floor":5,"gold_loss":0},{"damage_healed":0,"gold_gain":50,"player_choice":"Touch","damage_taken":7,"max_hp_gain":0,"max_hp_loss":0,"event_name":"FaceTrader","floor":12,"gold_loss":0},{"damage_healed":0,"gold_gain":0,"player_choice":"Opened","damage_taken":0,"relics_obtained":["Art of War"],"max_hp_gain":0,"max_hp_loss":0,"event_name":"The Mausoleum","floor":21,"gold_loss":0,"cards_obtained":["Writhe"]},{"damage_healed":0,"gold_gain":0,"player_choice":"Obtain J.A.X.","damage_taken":0,"max_hp_gain":0,"max_hp_loss":0,"event_name":"Drug Dealer","floor":25,"gold_loss":0,"cards_obtained":["J.A.X."]},{"cards_removed":["Strike_B"],"damage_healed":0,"gold_gain":0,"player_choice":"Elegance","damage_taken":0,"max_hp_gain":0,"max_hp_loss":0,"event_name":"Back to Basics","floor":27,"gold_loss":0},{"cards_removed":["Defend_B"],"damage_healed":0,"gold_gain":0,"player_choice":"Purged","damage_taken":0,"max_hp_gain":0,"max_hp_loss":0,"event_name":"Purifier","floor":41,"gold_loss":0}],"is_beta":false,"boss_relics":[{"not_picked":["Snecko Eye","Velvet Choker"],"picked":"Runic Dome"},{"not_picked":["Coffee Dripper","Inserter"],"picked":"Nuclear Battery"}],"items_purged_floors":[3,22],"is_endless":false,"potions_floor_spawned":[2,4,13,19,23,30,35,44],"ascension_level":17}}