{"host":"6hzrz31j95f2y1pa","time":1614130070,"event":{"mods":["BaseMod","Colored Map","Downfall","Minty Spire (QoL Compilation)","StSLib"],"gold_per_floor":[99,115,107,207,229,147,147,166,178,211,211,245,245,138,165,248,248,148,168,168,190,21,32,32,32,54,72,93,112,112,125,140,227,227,27,47,47,70,70,70,70],"floor_reached":39,"language":"ENG","playtime":5915,"items_purged":["downfall:Icky","hexamod:Strike"],"score":734,"play_id":"dc6d1f52-e687-4f9f-8587-308bca5813cf","local_time":"20210223202750","is_ascension_mode":true,"campfire_choices":[{"data":"hexamod:Sear","floor":1,"key":"SMITH"},{"floor":18,"key":"RECALL"},{"floor":25,"key":"REST"},{"floor":35,"key":"REST"}],"circlet_count":0,"master_deck":["AscendersBane","hexamod:Strike","hexamod:Strike","hexamod:Defend","hexamod:Defend+1","hexamod:Sear+1","hexamod:Float+1","hexamod:GhostflameBarrier","hexamod:FirstSeal","hexamod:SecondSeal","hexamod:Hexaguard","hexamod:BacktrackSmack","hexamod:StepThrough","hexamod:HauntingEcho","hexamod:ForkedFlame","hexamod:HexaLevel","hexamod:Rewind+1","hexamod:SpectersWail","hexamod:TimeWarp","hexamod:NightmareStrike","hexamod:SixthSeal","hexamod:ThermalTransfer","hexamod:UnlimitedPower","hexamod:ChargedBarrage","hexamod:Hexaguard+1"],"relics":["hexamod:SpiritBrand","Smiling Mask","MealTicket","Art of War","Fusion Hammer","downfall:HeartBlessingGreen","Guardian:BottledAnomaly","Busted Crown","downfall:HeartBlessingRed","downfall:HeartBlessingBlue"],"acts_visited":["Exordium","TheCity","TheBeyond"],"potions_floor_usage":[10,23,28,33,33,38],"damage_taken":[{"damage":0,"enemies":"2 Louse","floor":2,"turns":2},{"damage":2,"enemies":"Jaw Worm","floor":5,"turns":3},{"damage":0,"enemies":"downfall:FleeingMerchant","floor":6,"turns":4},{"damage":0,"enemies":"Small Slimes","floor":8,"turns":5},{"damage":5,"enemies":"3 Louse","floor":9,"turns":4},{"damage":14,"enemies":"Gremlin Nob","floor":10,"turns":5},{"damage":15,"enemies":"3 Sentries","floor":12,"turns":6},{"damage":0,"enemies":"downfall:FleeingMerchant","floor":14,"turns":4},{"damage":1,"enemies":"Blue Slaver","floor":15,"turns":3},{"damage":13,"enemies":"SI_SHIV_ARCHETYPE","floor":16,"turns":6},{"damage":14,"enemies":"Spheric Guardian","floor":19,"turns":6},{"damage":10,"enemies":"Shell Parasite","floor":21,"turns":5},{"damage":2,"enemies":"downfall:FleeingMerchant","floor":22,"turns":4},{"damage":25,"enemies":"Snake Plant","floor":23,"turns":3},{"damage":11,"enemies":"Centurion and Healer","floor":26,"turns":6},{"damage":17,"enemies":"Sentry and Sphere","floor":27,"turns":4},{"damage":24,"enemies":"Shelled Parasite and Fungi","floor":28,"turns":6},{"damage":13,"enemies":"Cultist and Chosen","floor":29,"turns":7},{"damage":11,"enemies":"Snake Plant","floor":31,"turns":3},{"damage":10,"enemies":"Centurion and Healer","floor":32,"turns":5},{"damage":6,"enemies":"WA_ARCHETYPE_CALM","floor":33,"turns":8},{"damage":5,"enemies":"Orb Walker","floor":36,"turns":2},{"damage":46,"enemies":"3 Darklings","floor":38,"turns":5},{"damage":38,"enemies":"Jaw Worm Horde","floor":39,"turns":3}],"seed_played":"2075701551471054828","potions_obtained":[{"floor":8,"key":"Energy Potion"},{"floor":10,"key":"SpeedPotion"},{"floor":16,"key":"Weak Potion"},{"floor":23,"key":"GamblersBrew"},{"floor":27,"key":"Block Potion"},{"floor":31,"key":"Block Potion"},{"floor":38,"key":"Fruit Juice"}],"is_trial":false,"path_per_floor":["R","M","?","?","M","$","T","M","M","E","?","E","?","$","M","B",null,"R","M","?","M","$","M","T","R","M","M","M","M","?","M","M","B",null,"R","M","?","M","M"],"character_chosen":"THE_SPIRIT","items_purchased":["hexamod:SpectersWail","Guardian:BottledAnomaly"],"campfire_rested":2,"item_purchase_floors":[14,22],"current_hp_per_floor":[57,57,50,50,55,62,62,63,63,56,56,48,53,68,67,54,65,65,58,58,55,68,50,50,68,64,54,37,31,31,20,17,18,56,78,73,73,39,1,1,1],"gold":70,"neow_bonus":"UPGRADE_CARD","is_daily":false,"chose_seed":false,"campfire_upgraded":1,"win_rate":0.0,"timestamp":1614130070,"path_taken":["R","M","?","?","M","$","T","?","M","E","?","E","?","$","M","BOSS","R","M","?","M","$","M","T","R","M","M","M","M","?","M","M","BOSS","R","M","?","M","M"],"items_purchased_type":["Card","Relic"],"build_version":"2020-12-22","purchased_purges":2,"victory":false,"max_hp_per_floor":[63,63,63,63,63,63,63,63,63,63,63,63,68,68,68,68,68,68,68,68,68,68,68,68,68,68,68,68,68,68,68,68,68,68,78,78,78,83,83,83,83],"card_choices":[{"not_picked":["hexamod:SuperheatedStrike","hexamod:Firestarter"],"picked":"hexamod:GhostflameBarrier","floor":2},{"not_picked":["hexamod:NightmareGuise","hexamod:InspiringFlames"],"picked":"hexamod:Hexaguard","floor":5},{"not_picked":["hexamod:ShieldOfDarkness","hexamod:GhostOfSpirePast"],"picked":"hexamod:BacktrackSmack","floor":6},{"not_picked":["hexamod:NightmareGuise","hexamod:SuperheatedStrike"],"picked":"hexamod:StepThrough","floor":8},{"not_picked":["hexamod:Firestarter","hexamod:SwordOfDarkness"],"picked":"hexamod:HauntingEcho","floor":9},{"not_picked":["hexamod:BacktrackSmack","hexamod:HeatCrush","hexamod:NightmareStrike"],"picked":"SKIP","floor":10},{"not_picked":["hexamod:ThirdSeal","hexamod:NecessarySacrifice"],"picked":"hexamod:HexaLevel","floor":12},{"not_picked":["hexamod:Haunt","hexamod:GhostLash"],"picked":"hexamod:Rewind","floor":14},{"not_picked":["hexamod:ShieldOfDarkness","hexamod:FirstSeal","hexamod:Rewind"],"picked":"SKIP","floor":15},{"not_picked":["hexamod:GhostLash","hexamod:SpectersWail","hexamod:InspiringFlames"],"picked":"SKIP","floor":19},{"not_picked":["hexamod:ThermalTransfer","hexamod:EmpoweredFlame+1","hexamod:Haunt"],"picked":"SKIP","floor":21},{"not_picked":["hexamod:BurningTouch","hexamod:SwordOfDarkness","hexamod:HeatShield"],"picked":"SKIP","floor":22},{"not_picked":["hexamod:SpectersWail","hexamod:BurningTouch","hexamod:FastForward"],"picked":"SKIP","floor":23},{"not_picked":["hexamod:BurningTouch","hexamod:NightmareStrike","hexamod:AdvancingGuard"],"picked":"SKIP","floor":26},{"not_picked":["hexamod:FourthSeal","hexamod:SwordOfDarkness"],"picked":"hexamod:TimeWarp","floor":27},{"not_picked":["hexamod:Firestarter","hexamod:SpectersWail","hexamod:FastForward"],"picked":"SKIP","floor":28},{"not_picked":["hexamod:HeatMetal","hexamod:SecondSeal","hexamod:SpectersWail+1"],"picked":"SKIP","floor":29},{"not_picked":["hexamod:HauntingEcho","hexamod:SpectralSpark"],"picked":"hexamod:ThermalTransfer","floor":31},{"not_picked":["hexamod:Firestarter+1","hexamod:SuperheatedStrike+1","hexamod:GhostLash"],"picked":"SKIP","floor":32},{"not_picked":["hexamod:GiftsFromTheDead","hexamod:SixthSeal"],"picked":"hexamod:UnlimitedPower","floor":33},{"not_picked":["hexamod:ChargedBarrage"],"picked":"SKIP","floor":36},{"not_picked":[],"picked":"hexamod:ChargedBarrage","floor":36},{"not_picked":[],"picked":"hexamod:Hexaguard+1","floor":38}],"player_experience":1473538,"relics_obtained":[{"floor":7,"key":"Smiling Mask"},{"floor":10,"key":"MealTicket"},{"floor":12,"key":"Art of War"}],"event_choices":[{"damage_healed":0,"gold_gain":0,"cards_transformed":["hexamod:Defend"],"player_choice":"Change","damage_taken":0,"max_hp_gain":0,"max_hp_loss":0,"event_name":"Living Wall","floor":11,"gold_loss":0,"cards_obtained":["hexamod:ForkedFlame"]},{"damage_healed":0,"gold_gain":0,"player_choice":"Donut","damage_taken":0,"max_hp_gain":5,"max_hp_loss":0,"event_name":"Big Fish","floor":13,"gold_loss":0},{"damage_healed":0,"gold_gain":0,"cards_transformed":["hexamod:Defend","hexamod:Strike"],"player_choice":"Became Test Subject","damage_taken":0,"max_hp_gain":0,"max_hp_loss":0,"event_name":"Drug Dealer","floor":30,"gold_loss":0,"cards_obtained":["hexamod:NightmareStrike","hexamod:SixthSeal"]},{"damage_healed":0,"gold_gain":0,"player_choice":"Ignored","damage_taken":0,"max_hp_gain":0,"max_hp_loss":0,"event_name":"Mysterious Sphere","floor":37,"gold_loss":0}],"is_beta":false,"boss_relics":[{"not_picked":["SacredBark","expansioncontent:StudyCardRelic"],"picked":"Fusion Hammer"},{"not_picked":["Runic Pyramid","Velvet Choker"],"picked":"Busted Crown"}],"items_purged_floors":[6,14],"is_endless":false,"potions_floor_spawned":[8,10,16,23,27,31,32,38],"killed_by":"Jaw Worm Horde","ascension_level":17}}