{"host":"w7tt687j332gugiq","time":1614159167,"event":{"mods":["BaseMod","Minty Spire (QoL Compilation)","StSLib"],"gold_per_floor":[112,123,134,134,134,134,174,174,197,197,218,62,75,75,75,75,75],"floor_reached":16,"language":"ZHS","playtime":393,"items_purged":[],"score":150,"play_id":"cdca5619-c3f2-4d7c-87b3-81f472f220b9","local_time":"20210224173247","is_ascension_mode":true,"campfire_choices":[{"data":"Neutralize","floor":6.0,"key":"SMITH"},{"floor":8.0,"key":"REST"},{"data":"Footwork","floor":10.0,"key":"SMITH"},{"floor":15.0,"key":"REST"}],"circlet_count":0,"master_deck":["AscendersBane","Strike_G","Strike_G","Strike_G","Strike_G","Strike_G","Defend_G","Defend_G","Defend_G","Defend_G","Defend_G","Survivor","Neutralize+1","Dodge and Roll","Footwork+1","Terror","Injury","Acrobatics","Adrenaline+1"],"relics":["HoveringKite","Tiny Chest","Golden Idol","Regal Pillow","Boot"],"acts_visited":["Exordium"],"potions_floor_usage":[16],"damage_taken":[{"damage":2.0,"enemies":"Cultist","floor":1.0,"turns":4.0},{"damage":1.0,"enemies":"Small Slimes","floor":2.0,"turns":5.0},{"damage":6.0,"enemies":"2 Louse","floor":3.0,"turns":4.0},{"damage":41.0,"enemies":"Gremlin Nob","floor":7.0,"turns":6.0},{"damage":2.0,"enemies":"Looter","floor":11.0,"turns":4.0},{"damage":30.0,"enemies":"Lots of Slimes","floor":13.0,"turns":8.0},{"damage":55,"enemies":"Slime Boss","floor":16,"turns":9}],"seed_played":"1183641004431966136","potions_obtained":[{"floor":1.0,"key":"AttackPotion"},{"floor":2.0,"key":"Swift Potion"},{"floor":3.0,"key":"GamblersBrew"}],"is_trial":false,"path_per_floor":["M","M","M","?","?","R","E","R","T","R","M","$","M","?","R","B"],"character_chosen":"THE_SILENT","items_purchased":["Adrenaline"],"campfire_rested":2,"item_purchase_floors":[12],"current_hp_per_floor":[61,60,54,47,47,47,6,42,42,42,40,40,10,10,46,0,0],"gold":75,"neow_bonus":"BOSS_RELIC","is_daily":false,"chose_seed":false,"campfire_upgraded":2,"win_rate":0.0,"timestamp":1614159167,"path_taken":["M","M","?","?","?","R","E","R","T","R","M","$","M","?","R","BOSS"],"items_purchased_type":["Card"],"build_version":"2020-12-22","purchased_purges":0,"victory":false,"max_hp_per_floor":[70,70,70,70,70,70,70,70,70,70,70,70,70,70,70,70,70],"card_choices":[{"not_picked":["Backstab","Endless Agony"],"picked":"Dodge and Roll","floor":1.0},{"not_picked":["Blade Dance","Dagger Throw"],"picked":"Footwork","floor":2.0},{"not_picked":["Outmaneuver","Masterful Stab"],"picked":"Terror","floor":3.0},{"not_picked":["Well Laid Plans","Bane"],"picked":"Acrobatics","floor":7.0},{"not_picked":["Outmaneuver","Finisher","Poisoned Stab"],"picked":"SKIP","floor":11.0},{"not_picked":["Flying Knee","Outmaneuver","Eviscerate"],"picked":"SKIP","floor":13.0}],"player_experience":168860,"relics_obtained":[{"floor":7.0,"key":"Regal Pillow"},{"floor":9.0,"key":"Boot"}],"event_choices":[{"damage_healed":0.0,"max_hp_gain":0.0,"max_hp_loss":0.0,"gold_gain":0.0,"event_name":"Scrap Ooze","player_choice":"Success","floor":4.0,"gold_loss":0.0,"damage_taken":7.0,"relics_obtained":["Tiny Chest"]},{"damage_healed":0.0,"max_hp_gain":0.0,"max_hp_loss":0.0,"gold_gain":0.0,"event_name":"Golden Idol","player_choice":"Take Wound","floor":5.0,"gold_loss":0.0,"damage_taken":0.0,"relics_obtained":["Golden Idol"],"cards_obtained":["Injury"]},{"damage_healed":0.0,"max_hp_gain":0.0,"max_hp_loss":0.0,"gold_gain":0.0,"event_name":"Upgrade Shrine","player_choice":"Upgraded","floor":14.0,"gold_loss":0.0,"damage_taken":0.0,"cards_upgraded":["Adrenaline"]}],"is_beta":false,"boss_relics":[],"items_purged_floors":[],"is_endless":false,"potions_floor_spawned":[1,2,3],"killed_by":"Slime Boss","ascension_level":10}}