{"host":"5tzvto3beate6p8b","time":1614195704,"event":{"mods":["BaseMod","Colored Map","DeckTracker","Minty Spire (QoL Compilation)","Relic Stats","StSLib","SuperFastMode"],"gold_per_floor":[109,109,70,83,42,368,368,379,379,379,359,359,403,417,417,516,516,539,539,518,518,537,537,537,537],"floor_reached":24,"language":"JPN","playtime":862,"items_purged":[],"score":458,"play_id":"6663a038-b253-4539-b132-5bc58c9a2a5f","local_time":"20210225044144","is_ascension_mode":true,"campfire_choices":[{"data":"Skewer","floor":7.0,"key":"SMITH"},{"data":"Well Laid Plans","floor":12.0,"key":"SMITH"},{"data":"Neutralize","floor":15.0,"key":"SMITH"},{"floor":23,"key":"REST"}],"circlet_count":0,"master_deck":["AscendersBane","Strike_G","Strike_G","Defend_G","Defend_G","Defend_G","Defend_G","Defend_G","Survivor","Neutralize+1","Skewer+1","Backflip","Well Laid Plans+1","Poisoned Stab","Dagger Throw","Venomology","Catalyst","Malaise","Die Die Die+1","Skewer+1","Backflip+1","Deadly Poison","Catalyst","Catalyst"],"relics":["Ring of the Snake","NeowsBlessing","InkBottle","Old Coin","Singing Bowl","Golden Idol","Regal Pillow","Astrolabe"],"acts_visited":["Exordium","TheCity"],"potions_floor_usage":[16,16,16,18,20,24,24],"damage_taken":[{"damage":0.0,"enemies":"Small Slimes","floor":1.0,"turns":1.0},{"damage":0.0,"enemies":"Cultist","floor":4.0,"turns":1.0},{"damage":0.0,"enemies":"Gremlin Nob","floor":6.0,"turns":1.0},{"damage":0.0,"enemies":"2 Louse","floor":8.0,"turns":2.0},{"damage":22.0,"enemies":"Lagavulin","floor":13.0,"turns":6.0},{"damage":4.0,"enemies":"2 Fungi Beasts","floor":14.0,"turns":5.0},{"damage":1,"enemies":"Slime Boss","floor":16,"turns":6},{"damage":12,"enemies":"Shell Parasite","floor":18,"turns":9},{"damage":12,"enemies":"2 Thieves","floor":20,"turns":4},{"damage":17,"enemies":"Snake Plant","floor":22,"turns":4},{"damage":53,"enemies":"Slavers","floor":24,"turns":3}],"seed_played":"1822283803188230163","potions_obtained":[{"floor":1.0,"key":"Strength Potion"},{"floor":8.0,"key":"Strength Potion"},{"floor":11.0,"key":"DuplicationPotion"},{"floor":16,"key":"Block Potion"},{"floor":18,"key":"Fire Potion"}],"is_trial":false,"path_per_floor":["M","?","$","M","$","E","R","M","T","?","?","R","E","M","R","B",null,"M","?","M","?","M","R","E"],"character_chosen":"THE_SILENT","items_purchased":["Skewer","Well Laid Plans"],"campfire_rested":1,"item_purchase_floors":[3,5],"current_hp_per_floor":[59,59,59,59,59,59,59,59,59,59,59,59,37,33,33,32,53,41,41,29,29,14,47,0,0],"gold":537,"neow_bonus":"THREE_ENEMY_KILL","is_daily":false,"chose_seed":false,"campfire_upgraded":3,"win_rate":0.0,"timestamp":1614195704,"path_taken":["M","?","?","M","$","E","R","?","T","?","?","R","E","M","R","BOSS","M","?","M","?","M","R","E"],"items_purchased_type":["Card","Card"],"build_version":"2020-12-22","purchased_purges":0,"victory":false,"max_hp_per_floor":[66,66,66,66,66,66,66,66,66,60,60,60,60,60,60,60,60,60,60,60,60,62,62,62,62],"relic_stats":{"Regal Pillow":15,"Singing Bowl":2,"counters":[11,42],"Golden Idol":45,"Astrolabe":["Die Die Die","Skewer","Backflip"],"obtain_stats":[{"Regal Pillow":13,"NeowsBlessing":0,"Singing Bowl":9,"Golden Idol":10,"Astrolabe":17,"InkBottle":2,"Ring of the Snake":0,"Old Coin":6},{"Regal Pillow":5,"NeowsBlessing":0,"Singing Bowl":4,"Golden Idol":4,"Astrolabe":7,"InkBottle":1,"Ring of the Snake":0,"Old Coin":3},{"Regal Pillow":11,"NeowsBlessing":0,"Singing Bowl":5,"Golden Idol":5,"Astrolabe":22,"InkBottle":1,"Ring of the Snake":0,"Old Coin":3}],"InkBottle":[10],"Ring of the Snake":[22]},"card_choices":[{"not_picked":["Concentrate","Deflect"],"picked":"Quick Slash","floor":1.0},{"not_picked":["Bane","Poisoned Stab"],"picked":"Backflip","floor":4.0},{"not_picked":["Prepared","Infinite Blades"],"picked":"Poisoned Stab","floor":6.0},{"not_picked":["Endless Agony","Calculated Gamble"],"picked":"Dagger Throw","floor":8.0},{"not_picked":["Escape Plan","Sucker Punch"],"picked":"Venomology","floor":13.0},{"not_picked":["Acrobatics","Dodge and Roll"],"picked":"Catalyst","floor":14.0},{"not_picked":["A Thousand Cuts","Envenom"],"picked":"Malaise","floor":16},{"not_picked":["Slice","Riddle With Holes"],"picked":"Deadly Poison","floor":18},{"not_picked":["Blade Dance","Well Laid Plans"],"picked":"Catalyst","floor":20},{"not_picked":["Predator","Quick Slash","Eviscerate"],"picked":"Singing Bowl","floor":22}],"player_experience":876746,"relics_obtained":[{"floor":6.0,"key":"Old Coin"},{"floor":9.0,"key":"Singing Bowl"},{"floor":13.0,"key":"Regal Pillow"}],"event_choices":[{"cards_removed":["Quick Slash"],"damage_healed":0.0,"max_hp_gain":0.0,"max_hp_loss":0.0,"gold_gain":0.0,"event_name":"WeMeetAgain","player_choice":"Gave Card","floor":2.0,"gold_loss":0.0,"damage_taken":0.0,"relics_obtained":["InkBottle"]},{"damage_healed":0.0,"max_hp_gain":0.0,"max_hp_loss":6.0,"gold_gain":0.0,"event_name":"Golden Idol","player_choice":"Lose Max HP","floor":10.0,"gold_loss":0.0,"damage_taken":0.0,"relics_obtained":["Golden Idol"]},{"damage_healed":0.0,"max_hp_gain":0.0,"max_hp_loss":0.0,"gold_gain":0.0,"event_name":"The Woman in Blue","player_choice":"Bought 1 Potion","floor":11.0,"gold_loss":0.0,"damage_taken":0.0},{"damage_healed":0,"gold_gain":0,"player_choice":"Ignored","damage_taken":0,"max_hp_gain":0,"max_hp_loss":0,"event_name":"Ghosts","floor":19,"gold_loss":0},{"damage_healed":0,"gold_gain":0,"player_choice":"Read","damage_taken":0,"max_hp_gain":0,"max_hp_loss":0,"event_name":"The Library","floor":21,"gold_loss":0,"cards_obtained":["Catalyst"]}],"is_beta":false,"boss_relics":[{"not_picked":["Runic Dome","Busted Crown"],"picked":"Astrolabe"}],"items_purged_floors":[],"is_endless":false,"potions_floor_spawned":[1,8,16,18],"killed_by":"Slavers","ascension_level":20}}