{"host":"13o02hya6v6rzuva","time":1614153397,"event":{"mods":["BaseMod","Minty Spire (QoL Compilation)","Relic Stats"],"gold_per_floor":[118,131,206,206,220,264,264,264,264],"floor_reached":8,"language":"ENG","playtime":326,"items_purged":[],"score":87,"play_id":"406c7e54-9b9c-4005-a0bd-4d8d554aeef3","local_time":"20210224085637","is_ascension_mode":true,"campfire_choices":[],"circlet_count":0,"master_deck":["AscendersBane","Strike_G","Strike_G","Strike_G","Strike_G","Strike_G","Defend_G","Defend_G","Defend_G","Defend_G","Defend_G","Survivor","Neutralize","Sucker Punch","Bouncing Flask","Injury","Burst","PiercingWail"],"relics":["Sozu","Golden Idol","Smiling Mask"],"acts_visited":["Exordium"],"potions_floor_usage":[],"damage_taken":[{"damage":0,"enemies":"2 Louse","floor":1,"turns":4},{"damage":7,"enemies":"Small Slimes","floor":2,"turns":5},{"damage":0,"enemies":"Cultist","floor":5,"turns":3},{"damage":27,"enemies":"3 Sentries","floor":6,"turns":7},{"damage":25,"enemies":"Lagavulin","floor":8,"turns":7}],"seed_played":"-5323886489071407293","potions_obtained":[],"is_trial":false,"path_per_floor":["M","M","?","?","M","E","?","E"],"character_chosen":"THE_SILENT","items_purchased":[],"campfire_rested":0,"item_purchase_floors":[],"current_hp_per_floor":[63,56,45,45,45,18,18,0,0],"gold":264,"neow_bonus":"BOSS_RELIC","is_daily":false,"chose_seed":false,"campfire_upgraded":0,"win_rate":0.0,"timestamp":1614153397,"path_taken":["M","M","?","?","M","E","?","E"],"items_purchased_type":[],"build_version":"2020-12-22","purchased_purges":0,"victory":false,"max_hp_per_floor":[70,70,70,70,70,70,70,70,70],"relic_stats":{"Sozu":4,"counters":[5,26],"Golden Idol":12,"Smiling Mask":0,"obtain_stats":[{"Sozu":0,"Golden Idol":4,"Smiling Mask":6,"Ring of the Snake":0},{"Sozu":0,"Golden Idol":2,"Smiling Mask":4,"Ring of the Snake":0},{"Sozu":0,"Golden Idol":9,"Smiling Mask":19,"Ring of the Snake":0}]},"card_choices":[{"not_picked":["Deflect","Eviscerate"],"picked":"Sucker Punch","floor":1},{"not_picked":["Prepared","Cloak And Dagger"],"picked":"Bouncing Flask","floor":2},{"not_picked":["Heel Hook","Calculated Gamble"],"picked":"Burst","floor":5},{"not_picked":["Heel Hook","Dagger Spray"],"picked":"PiercingWail","floor":6}],"player_experience":1250572,"relics_obtained":[{"floor":6,"key":"Smiling Mask"}],"event_choices":[{"damage_healed":0,"gold_gain":75,"player_choice":"Gather Gold","damage_taken":11,"max_hp_gain":0,"max_hp_loss":0,"event_name":"World of Goop","floor":3,"gold_loss":0},{"damage_healed":0,"gold_gain":0,"player_choice":"Take Wound","damage_taken":0,"relics_obtained":["Golden Idol"],"max_hp_gain":0,"max_hp_loss":0,"event_name":"Golden Idol","floor":4,"gold_loss":0,"cards_obtained":["Injury"]},{"damage_healed":0,"gold_gain":0,"player_choice":"Got Potions","damage_taken":0,"max_hp_gain":0,"max_hp_loss":0,"event_name":"Lab","floor":7,"gold_loss":0}],"is_beta":false,"boss_relics":[],"items_purged_floors":[],"is_endless":false,"potions_floor_spawned":[2],"killed_by":"Lagavulin","ascension_level":11}}