{"host":"nbofzmb1hl9rnais","time":1614207303,"event":{"mods":["BaseMod","Colored Map","Hermit","Minty Spire (QoL Compilation)","StSLib","The Bug Knight"],"gold_per_floor":[114,126,137,148,159,159,194,214,214,214,59,59,59,79,79,182,182,194,226,240,240,266,293,293,307,383,383,393,43,43,43,43,146,146,166,166,180,194,69,104,104,122,122,47,47,58,71,82,82,82],"floor_reached":51,"language":"ENG","playtime":3746,"items_purged":["Bouncing Flask","Noxious Fumes","Regret"],"score":735,"play_id":"8af8c199-4dd5-40bc-9cf5-87cdddab9f76","local_time":"20210224145503","daily_mods":["SealedDeck","Green Cards"],"is_ascension_mode":true,"campfire_choices":[{"data":"HollowMod:BrokenVessel","floor":10,"key":"SMITH"},{"data":"HollowMod:NewGlowingWomb","floor":12,"key":"SMITH"},{"data":"HollowMod:MawleksShell","floor":15,"key":"SMITH"},{"data":"HollowMod:ShadowDash","floor":24,"key":"SMITH"},{"data":"Backflip","floor":27,"key":"SMITH"},{"data":"HollowMod:WhiteLadysBlessing","floor":32,"key":"SMITH"},{"floor":41,"key":"DIG"},{"floor":49,"key":"DIG"}],"circlet_count":0,"master_deck":["HollowMod:DoubleDash","HollowMod:NewLittleFool","Cloak And Dagger","Backflip+1","Backstab","HollowMod:MawleksShell+1","HollowMod:TaintedHusks","HollowMod:InfectedCysts","HollowMod:BrokenVessel+1","HollowMod:GoodIntentions","Outmaneuver","Die Die Die","HollowMod:NewGlowingWomb+1","HollowMod:DoubleDash","HollowMod:WhiteLadysBlessing+1","CurseOfTheBell","HollowMod:ShadowDash+1","HollowMod:CornifersMapStart","Footwork+1","Apotheosis+1","HollowMod:SoulMaster","Injury","HollowMod:VengefulVoid+1","HollowMod:SiblingsShadow","HollowMod:SiblingsSouls+1","Pain","HollowMod:NewJinnsSoul","HollowMod:DescendingDark"],"relics":["HollowMod:VesselMask","Mercury Hourglass","Gambling Chip","Bird Faced Urn","Calling Bell","Bronze Scales","HollowMod:StagPassRelic","Mango","Red Mask","HollowMod:GreatKnightMask","StoneCalendar","Meat on the Bone","MutagenicStrength","Happy Flower","Cursed Key","HornCleat","Shovel","Nunchaku","Torii","Pear"],"acts_visited":["Exordium","TheCity","TheBeyond"],"potions_floor_usage":[18,23,33,33,40,42,50],"damage_taken":[{"damage":0,"enemies":"Cultist","floor":1,"turns":3},{"damage":0,"enemies":"Small Slimes","floor":2,"turns":1},{"damage":8,"enemies":"Jaw Worm","floor":3,"turns":3},{"damage":0,"enemies":"3 Louse","floor":4,"turns":2},{"damage":13,"enemies":"Blue Slaver","floor":5,"turns":4},{"damage":10,"enemies":"3 Sentries","floor":7,"turns":5},{"damage":4,"enemies":"Large Slime","floor":8,"turns":3},{"damage":17,"enemies":"Exordium Wildlife","floor":14,"turns":3},{"damage":9,"enemies":"Hexaghost","floor":16,"turns":9},{"damage":0,"enemies":"3 Byrds","floor":18,"turns":1},{"damage":4,"enemies":"Masked Bandits","floor":19,"turns":2},{"damage":16,"enemies":"Spheric Guardian","floor":20,"turns":4},{"damage":4,"enemies":"HollowMod:Zote","floor":22,"turns":2},{"damage":37,"enemies":"Gremlin Leader","floor":23,"turns":5},{"damage":26,"enemies":"Cultist and Chosen","floor":25,"turns":5},{"damage":8,"enemies":"3 Cultists","floor":28,"turns":3},{"damage":36,"enemies":"Automaton","floor":33,"turns":9},{"damage":11,"enemies":"3 Shapes","floor":35,"turns":3},{"damage":3,"enemies":"3 Darklings","floor":37,"turns":3},{"damage":13,"enemies":"Maw","floor":38,"turns":10},{"damage":36,"enemies":"Nemesis","floor":40,"turns":7},{"damage":13,"enemies":"Transient","floor":42,"turns":5},{"damage":28,"enemies":"Writhing Mass","floor":46,"turns":5},{"damage":54,"enemies":"Maw","floor":47,"turns":7},{"damage":13,"enemies":"4 Shapes","floor":48,"turns":3},{"damage":66,"enemies":"Awakened One","floor":50,"turns":20}],"seed_played":"4191609395199645090","potions_obtained":[{"floor":5,"key":"DistilledChaos"},{"floor":14,"key":"Dexterity Potion"},{"floor":16,"key":"BlessingOfTheForge"},{"floor":22,"key":"Energy Potion"},{"floor":25,"key":"EssenceOfSteel"},{"floor":28,"key":"CultistPotion"},{"floor":35,"key":"Strength Potion"},{"floor":37,"key":"Swift Potion"},{"floor":40,"key":"GamblersBrew"},{"floor":42,"key":"FairyPotion"}],"is_trial":true,"path_per_floor":["M","M","M","M","M","?","E","M","T","R","$","R","?","M","R","B",null,"M","?","M","?","?","E","R","M","T","R","M","$","?","T","R","B",null,"M","T","M","M","$","E","R","M","T","$","?","M","M","M","R","B",null],"character_chosen":"THE_BUGKNIGHT","items_purchased":["HollowMod:NewGlowingWomb","Footwork","Apotheosis","GamblersBrew"],"campfire_rested":0,"item_purchase_floors":[11,29,29,44],"current_hp_per_floor":[75,75,67,67,54,54,44,40,40,40,40,40,40,29,29,26,89,89,87,73,73,77,48,48,30,30,30,40,40,40,40,40,24,89,84,84,89,80,80,54,54,51,51,51,51,45,13,18,28,17],"gold":82,"neow_bonus":"","is_daily":false,"chose_seed":false,"campfire_upgraded":6,"win_rate":0.0,"timestamp":1614207303,"path_taken":["M","M","M","?","M","?","E","?","T","R","$","R","?","M","R","BOSS","M","?","M","?","?","E","R","M","T","R","?","$","?","?","R","BOSS","M","?","M","M","$","E","R","M","T","$","?","M","M","M","R","BOSS"],"items_purchased_type":["Card","Card","Card","Potion"],"build_version":"2020-12-22","purchased_purges":3,"victory":true,"max_hp_per_floor":[75,75,75,75,75,75,75,75,75,75,75,75,75,75,75,75,89,89,89,89,89,89,89,89,89,89,89,89,89,89,89,89,89,89,89,89,89,89,89,89,89,89,89,89,89,89,89,89,99,99],"card_choices":[{"not_picked":["Outmaneuver","Finisher"],"picked":"HollowMod:GoodIntentions","floor":1},{"not_picked":["HollowMod:PureNailStrike","Quick Slash","Dagger Throw"],"picked":"SKIP","floor":2},{"not_picked":["PiercingWail","HollowMod:SoulSplash","HollowMod:SoulStrike"],"picked":"SKIP","floor":3},{"not_picked":["HollowMod:MawleksShell","Dagger Spray","Expertise"],"picked":"SKIP","floor":4},{"not_picked":["Accuracy","PiercingWail"],"picked":"Noxious Fumes","floor":5},{"not_picked":["HollowMod:GreatSlash","HollowMod:SiblingsShadow","HollowMod:DashSlash"],"picked":"SKIP","floor":7},{"not_picked":["HollowMod:InfectedCysts","HollowMod:SoulSplash","Dagger Spray"],"picked":"SKIP","floor":8},{"not_picked":["Skewer","Tactician"],"picked":"HollowMod:DoubleDash","floor":14},{"not_picked":["HollowMod:LordofShades","HollowMod:SoulMaster"],"picked":"HollowMod:WhiteLadysBlessing","floor":16},{"not_picked":["Cloak And Dagger","Deadly Poison+1","HollowMod:FallenFury"],"picked":"SKIP","floor":18},{"not_picked":["PiercingWail+1","Setup"],"picked":"HollowMod:ShadowDash","floor":20},{"not_picked":["HollowMod:PureVessel","HollowMod:QuirrelsAssistance","Prepared+1"],"picked":"SKIP","floor":23},{"not_picked":["Flechettes","Choke"],"picked":"HollowMod:CornifersMapStart","floor":25},{"not_picked":["HollowMod:TaintedHusks","Poisoned Stab+1","Dagger Spray+1"],"picked":"SKIP","floor":28},{"not_picked":["Envenom","HollowMod:RadiancesLament"],"picked":"HollowMod:SoulMaster","floor":33},{"not_picked":["HollowMod:LifebloodCocoon+1","Backstab+1","Acrobatics"],"picked":"SKIP","floor":35},{"not_picked":["Accuracy+1","Footwork","Deadly Poison"],"picked":"SKIP","floor":37},{"not_picked":["HollowMod:SharpenedShadows","HollowMod:InfectedAttack"],"picked":"HollowMod:VengefulVoid+1","floor":38},{"not_picked":["HollowMod:AwokenDreamNail","Well Laid Plans+1"],"picked":"HollowMod:SiblingsShadow","floor":40},{"not_picked":["Blur","HollowMod:GoodIntentions"],"picked":"HollowMod:SiblingsSouls+1","floor":42},{"not_picked":["HollowMod:DashSlash+1","Dagger Throw","Cloak And Dagger+1"],"picked":"SKIP","floor":46},{"not_picked":["Quick Slash+1","HollowMod:SharpenedNail"],"picked":"HollowMod:NewJinnsSoul","floor":47},{"not_picked":["Poisoned Stab","PiercingWail"],"picked":"HollowMod:DescendingDark","floor":48}],"player_experience":214276,"relics_obtained":[{"floor":7,"key":"Mercury Hourglass"},{"floor":9,"key":"Gambling Chip"},{"floor":17,"key":"Bronze Scales"},{"floor":17,"key":"HollowMod:StagPassRelic"},{"floor":17,"key":"Mango"},{"floor":19,"key":"Red Mask"},{"floor":22,"key":"HollowMod:GreatKnightMask"},{"floor":23,"key":"StoneCalendar"},{"floor":26,"key":"Meat on the Bone"},{"floor":31,"key":"Happy Flower"},{"floor":36,"key":"HornCleat"},{"floor":40,"key":"Shovel"},{"floor":41,"key":"Nunchaku"},{"floor":43,"key":"Torii"},{"floor":49,"key":"Pear"}],"event_choices":[{"damage_healed":0,"gold_gain":0,"player_choice":"2 cards matched","damage_taken":0,"max_hp_gain":0,"max_hp_loss":0,"event_name":"Match and Keep!","floor":6,"gold_loss":0,"cards_obtained":["Outmaneuver","Die Die Die"]},{"damage_healed":0,"gold_gain":0,"player_choice":"Box","damage_taken":0,"relics_obtained":["Bird Faced Urn"],"max_hp_gain":0,"max_hp_loss":0,"event_name":"Big Fish","floor":13,"gold_loss":0,"cards_obtained":["Regret"]},{"damage_healed":0,"gold_gain":0,"player_choice":"Fought Bandits","damage_taken":0,"max_hp_gain":0,"max_hp_loss":0,"event_name":"Masked Bandits","floor":19,"gold_loss":0},{"damage_healed":0,"gold_gain":0,"player_choice":"Inject Mutagens","damage_taken":0,"relics_obtained":["MutagenicStrength"],"max_hp_gain":0,"max_hp_loss":0,"event_name":"Drug Dealer","floor":30,"gold_loss":0},{"damage_healed":0,"gold_gain":0,"player_choice":"Memory 1","damage_taken":0,"max_hp_gain":0,"max_hp_loss":0,"event_name":"SensoryStone","floor":45,"gold_loss":0}],"is_beta":false,"boss_relics":[{"not_picked":["Velvet Choker","Philosopher\u0027s Stone"],"picked":"Calling Bell"},{"not_picked":["Empty Cage","Astrolabe"],"picked":"Cursed Key"}],"items_purged_floors":[11,29,39],"is_endless":false,"potions_floor_spawned":[5,14,16,22,25,28,35,37,40,42,47],"ascension_level":1}}