{"host":"4anqaax1ytd3l1k1","time":1614162905,"event":{"mods":["2.2 Compatiblity","AlwaysNeverKeys","BaseMod","BetterRewards","CatGirl Mod","Hermit","HexUI Lib","Minty Spire (QoL Compilation)","StSLib","The Servant 0.9.4","The Vixen"],"gold_per_floor":[118,135,155,155,155,155,184,184,209,236,251,266,281,338,338,338,338],"floor_reached":16,"language":"ENG","playtime":1153,"items_purged":[],"score":112,"play_id":"7f4dec78-abe2-4da8-baf3-d472f4188129","local_time":"20210224213505","is_ascension_mode":false,"campfire_choices":[{"data":"hermit:TrackingShot","floor":6,"key":"SMITH"},{"data":"hermit:TakeAim","floor":8,"key":"SMITH"},{"floor":15,"key":"REST"}],"circlet_count":0,"master_deck":["hermit:Strike_Hermit","hermit:Strike_Hermit","hermit:Strike_Hermit","hermit:Strike_Hermit","hermit:Defend_Hermit","hermit:Defend_Hermit","hermit:Defend_Hermit","hermit:Defend_Hermit","hermit:Snapshot","hermit:Covet","hermit:TrackingShot+1","hermit:ItchyTrigger","hermit:Maintenance+1","hermit:TakeAim+1","hermit:TakeCover","hermit:BodyArmor","hermit:TrackingShot","hermit:Headshot"],"relics":["hermit:Momento","Orichalcum","Potion Belt","Smiling Mask"],"acts_visited":["Exordium"],"potions_floor_usage":[7,7,13],"damage_taken":[{"damage":2,"enemies":"Small Slimes","floor":1,"turns":4},{"damage":0,"enemies":"2 Louse","floor":2,"turns":2},{"damage":5,"enemies":"Cultist","floor":3,"turns":4},{"damage":26,"enemies":"Lagavulin","floor":7,"turns":7},{"damage":18,"enemies":"Gremlin Nob","floor":10,"turns":5},{"damage":15,"enemies":"Exordium Wildlife","floor":11,"turns":6},{"damage":4,"enemies":"Large Slime","floor":12,"turns":5},{"damage":2,"enemies":"3 Louse","floor":13,"turns":3},{"damage":42,"enemies":"Hexaghost","floor":16,"turns":11}],"seed_played":"4106070997765267342","potions_obtained":[{"floor":2,"key":"Regen Potion"},{"floor":3,"key":"EssenceOfSteel"},{"floor":11,"key":"SneckoOil"}],"is_trial":false,"path_per_floor":["M","M","M","?","?","R","E","R","T","E","M","M","M","?","R","B"],"character_chosen":"HERMIT","items_purchased":[],"campfire_rested":1,"item_purchase_floors":[],"current_hp_per_floor":[80,80,75,75,67,67,55,55,55,37,22,18,16,16,40,0,0],"gold":338,"neow_bonus":"TEN_PERCENT_HP_BONUS","is_daily":false,"chose_seed":false,"campfire_upgraded":2,"win_rate":0.0,"timestamp":1614162905,"path_taken":["M","M","M","?","?","R","E","R","T","E","?","M","M","?","R","BOSS"],"items_purchased_type":[],"build_version":"2020-12-22","purchased_purges":0,"victory":false,"max_hp_per_floor":[82,82,82,82,82,82,82,82,82,82,82,82,82,82,82,82,82],"card_choices":[{"not_picked":["hermit:Ricochet","hermit:Misfire"],"picked":"hermit:TrackingShot","floor":1},{"not_picked":["hermit:Desperado","hermit:Dissolve"],"picked":"hermit:ItchyTrigger","floor":2},{"not_picked":["hermit:Quickdraw","hermit:Headshot"],"picked":"hermit:Maintenance","floor":3},{"not_picked":["hermit:Cheat","hermit:OverwhelmingPower"],"picked":"hermit:TakeAim","floor":7},{"not_picked":["hermit:Snipe","hermit:Feint"],"picked":"hermit:TakeCover","floor":10},{"not_picked":["hermit:Cheat","hermit:Desperado"],"picked":"hermit:BodyArmor","floor":11},{"not_picked":["hermit:Cheat","hermit:HoleUp"],"picked":"hermit:TrackingShot","floor":12},{"not_picked":["hermit:Feint","hermit:TrackingShot"],"picked":"hermit:Headshot","floor":13}],"player_experience":142781,"relics_obtained":[{"floor":7,"key":"Orichalcum"},{"floor":9,"key":"Potion Belt"},{"floor":10,"key":"Smiling Mask"}],"event_choices":[{"damage_healed":0,"gold_gain":0,"player_choice":"Grow","damage_taken":0,"max_hp_gain":0,"max_hp_loss":0,"event_name":"Living Wall","floor":4,"gold_loss":0,"cards_upgraded":["hermit:Maintenance"]},{"damage_healed":0,"gold_gain":0,"player_choice":"Damaged","damage_taken":8,"max_hp_gain":0,"max_hp_loss":0,"event_name":"Wheel of Change","floor":5,"gold_loss":0},{"damage_healed":0,"gold_gain":57,"player_choice":"Gained Gold","damage_taken":0,"max_hp_gain":0,"max_hp_loss":0,"event_name":"Golden Wing","floor":14,"gold_loss":0}],"is_beta":false,"boss_relics":[],"items_purged_floors":[],"is_endless":false,"potions_floor_spawned":[2,3,11],"killed_by":"Hexaghost","ascension_level":0}}