{"host":"w14xfy17z3c5mpoi","time":1614152512,"event":{"mods":["AchievementEnabler","BaseMod","Minty Spire (QoL Compilation)","Relic Stats"],"gold_per_floor":[119,269,29,29,98,129,129,160,185,220,235,245,1,19,19,19,19],"floor_reached":16,"language":"ENG","playtime":708,"items_purged":["Doubt"],"score":311,"play_id":"0c3bd405-0091-4d2e-9d62-e07e995bafd1","local_time":"20210224024152","is_ascension_mode":true,"campfire_choices":[{"data":"Dash","floor":7,"key":"SMITH"},{"floor":15,"key":"REST"}],"circlet_count":0,"master_deck":["AscendersBane","Strike_G","Strike_G","Strike_G","Strike_G","Strike_G","Defend_G","Defend_G","Defend_G","Defend_G","Defend_G","Survivor","Neutralize","Dash+1","Flying Knee","Footwork","Poisoned Stab","Footwork","Backstab","Footwork","Backflip"],"relics":["Ring of the Snake","NeowsBlessing","Omamori","Dream Catcher","Singing Bowl","Snake Skull","Centennial Puzzle"],"acts_visited":["Exordium"],"potions_floor_usage":[10,10,14,16],"damage_taken":[{"damage":0,"enemies":"Cultist","floor":1,"turns":1},{"damage":0,"enemies":"Gremlin Nob","floor":6,"turns":1},{"damage":0,"enemies":"3 Sentries","floor":8,"turns":2},{"damage":27,"enemies":"Lagavulin","floor":10,"turns":8},{"damage":0,"enemies":"2 Louse","floor":11,"turns":2},{"damage":0,"enemies":"Jaw Worm","floor":12,"turns":4},{"damage":1,"enemies":"Gremlin Gang","floor":14,"turns":6},{"damage":74,"enemies":"Slime Boss","floor":16,"turns":12}],"seed_played":"-3503889258875294231","potions_obtained":[{"floor":1,"key":"SpeedPotion"},{"floor":8,"key":"Weak Potion"},{"floor":11,"key":"SkillPotion"}],"is_trial":false,"path_per_floor":["M","?","$","?","?","E","R","E","T","E","M","M","$","M","R","B"],"character_chosen":"THE_SILENT","items_purchased":["Omamori","Backstab","Footwork","Regen Potion"],"campfire_rested":1,"item_purchase_floors":[3,13,13,13],"current_hp_per_floor":[59,59,59,64,64,64,64,64,64,37,37,37,37,38,59,0,0],"gold":19,"neow_bonus":"THREE_ENEMY_KILL","is_daily":false,"chose_seed":false,"campfire_upgraded":1,"win_rate":0.0,"timestamp":1614152512,"path_taken":["M","?","$","?","?","E","R","E","T","E","M","M","$","M","R","BOSS"],"items_purchased_type":["Relic","Card","Card","Potion"],"build_version":"2020-12-22","purchased_purges":1,"victory":false,"max_hp_per_floor":[66,66,66,71,71,71,71,71,71,71,71,71,71,73,73,73,73],"relic_stats":{"Dream Catcher":1,"Centennial Puzzle":[6],"Singing Bowl":2,"counters":[8,36],"Snake Skull":[6],"obtain_stats":[{"Dream Catcher":6,"Centennial Puzzle":10,"NeowsBlessing":0,"Singing Bowl":8,"Snake Skull":9,"Omamori":3,"Ring of the Snake":0},{"Dream Catcher":2,"Centennial Puzzle":4,"NeowsBlessing":0,"Singing Bowl":3,"Snake Skull":3,"Omamori":1,"Ring of the Snake":0},{"Dream Catcher":2,"Centennial Puzzle":12,"NeowsBlessing":0,"Singing Bowl":4,"Snake Skull":4,"Omamori":1,"Ring of the Snake":0}],"Ring of the Snake":[16]},"card_choices":[{"not_picked":["Accuracy","Sucker Punch"],"picked":"Dash","floor":1},{"not_picked":["Well Laid Plans","Acrobatics"],"picked":"Flying Knee","floor":6},{"not_picked":["Skewer","Grand Finale"],"picked":"Footwork","floor":10},{"not_picked":["Leg Sweep","Dagger Spray"],"picked":"Poisoned Stab","floor":11},{"not_picked":["Underhanded Strike","Backflip"],"picked":"Footwork","floor":12},{"not_picked":["Sucker Punch","PiercingWail","Underhanded Strike"],"picked":"Singing Bowl","floor":14},{"not_picked":["Endless Agony","Corpse Explosion"],"picked":"Backflip","floor":15}],"player_experience":801704,"relics_obtained":[{"floor":6,"key":"Dream Catcher"},{"floor":8,"key":"Singing Bowl"},{"floor":9,"key":"Snake Skull"},{"floor":10,"key":"Centennial Puzzle"}],"event_choices":[{"damage_healed":0,"gold_gain":150,"player_choice":"AGREE","damage_taken":0,"max_hp_gain":0,"max_hp_loss":0,"event_name":"Liars Game","floor":2,"gold_loss":0,"cards_obtained":["Doubt"]},{"damage_healed":0,"gold_gain":0,"player_choice":"Donut","damage_taken":0,"max_hp_gain":5,"max_hp_loss":0,"event_name":"Big Fish","floor":4,"gold_loss":0},{"damage_healed":0,"gold_gain":69,"player_choice":"Gained Gold","damage_taken":0,"max_hp_gain":0,"max_hp_loss":0,"event_name":"Golden Wing","floor":5,"gold_loss":0}],"is_beta":false,"boss_relics":[],"items_purged_floors":[3],"is_endless":false,"potions_floor_spawned":[1,8,11],"killed_by":"Slime Boss","ascension_level":17}}