{"host":"lv7etzzgwahaenh9","time":1614133638,"event":{"mods":["AchievementEnabler","BaseMod","Colored Map","Colored Powertips","Highlight Path","Minty Spire (QoL Compilation)","Permanent Neow","Quick Restart","Random Character Button","StSLib"],"gold_per_floor":[113,124,144,155,166,199,199,199,199],"floor_reached":8,"language":"ENG","playtime":338,"items_purged":[],"score":102,"play_id":"09822b19-2a66-44ae-8b8f-44bfdbe4da8a","local_time":"20210223182718","is_ascension_mode":true,"campfire_choices":[{"floor":7,"key":"REST"}],"circlet_count":0,"master_deck":["AscendersBane","Strike_G","Strike_G","Strike_G","Strike_G","Strike_G","Defend_G","Defend_G","Defend_G","Defend_G","Defend_G","Survivor","Neutralize","Dagger Throw","Backflip","Masterful Stab","Deadly Poison","PiercingWail","Calculated Gamble"],"relics":["Sozu","Shuriken"],"acts_visited":["Exordium"],"potions_floor_usage":[],"damage_taken":[{"damage":0,"enemies":"Cultist","floor":1,"turns":5},{"damage":1,"enemies":"2 Louse","floor":2,"turns":3},{"damage":0,"enemies":"Small Slimes","floor":3,"turns":3},{"damage":8,"enemies":"Blue Slaver","floor":4,"turns":4},{"damage":5,"enemies":"Exordium Wildlife","floor":5,"turns":4},{"damage":36,"enemies":"Gremlin Nob","floor":6,"turns":5},{"damage":15,"enemies":"Lagavulin","floor":8,"turns":7}],"seed_played":"-8041306568113882674","potions_obtained":[],"is_trial":false,"path_per_floor":["M","M","M","M","M","E","R","E"],"character_chosen":"THE_SILENT","items_purchased":[],"campfire_rested":1,"item_purchase_floors":[],"current_hp_per_floor":[59,58,58,50,45,9,28,13,13],"gold":199,"neow_bonus":"BOSS_RELIC","is_daily":false,"chose_seed":false,"campfire_upgraded":0,"win_rate":0.0,"timestamp":1614133638,"path_taken":["M","M","M","M","M","E","R","E"],"items_purchased_type":[],"build_version":"2020-12-22","purchased_purges":0,"victory":false,"max_hp_per_floor":[66,66,66,66,66,66,66,66,66],"card_choices":[{"not_picked":["Backstab","Leg Sweep"],"picked":"Dagger Throw","floor":1},{"not_picked":["Slice","PiercingWail"],"picked":"Backflip","floor":2},{"not_picked":["Outmaneuver","PiercingWail"],"picked":"Masterful Stab","floor":3},{"not_picked":["Dodge and Roll","Prepared"],"picked":"Deadly Poison","floor":4},{"not_picked":["Cloak And Dagger","Sucker Punch"],"picked":"PiercingWail","floor":5},{"not_picked":["Acrobatics","Masterful Stab"],"picked":"Calculated Gamble","floor":6}],"player_experience":543059,"relics_obtained":[{"floor":6,"key":"Shuriken"}],"event_choices":[],"is_beta":false,"boss_relics":[],"items_purged_floors":[],"is_endless":false,"potions_floor_spawned":[1,3],"killed_by":"Lagavulin","ascension_level":14}}