{"host":"y0i0tbisecj7yjyn","time":1614151614,"event":{"mods":["2.2 Compatiblity","AchievementEnabler","AlwaysNeverKeys","BaseMod","Better Third Choice","BetterRewards","Colored Map","Colored Powertips","Curses Come First","Disable Question Mark Monsters","Displayed Cursed Tome","Highlight Path","Keyboard Shortcuts","Minty Spire (QoL Compilation)","Quick Restart","Random Character Button","Rare Cards Sparkle","Relic Stats","Reliquary","Smile Girya","StSLib","SuperFastMode","Transform Curses","Weighted Paths"],"gold_per_floor":[113,64,64,76,1,27,27,52,52,63,80,106,106,118,118,213,213,229,241,241,241,156,156,156],"floor_reached":23,"language":"ENG","playtime":1837,"items_purged":["Decay"],"score":251,"play_id":"1e3b01e7-2041-482b-a489-cc7104edc057","local_time":"20210224012654","is_ascension_mode":true,"campfire_choices":[{"floor":13,"key":"REST"},{"data":"Zap","floor":15,"key":"SMITH"}],"circlet_count":0,"master_deck":["Strike_B","Strike_B","Strike_B","Defend_B","Defend_B","Defend_B","Defend_B","Zap+1","Dualcast","Barrage","Ball Lightning","Chill","Thunder Strike","Loop","Fission","Self Repair","Blizzard","Cold Snap","Ball Lightning","Multi-Cast+1","Chill+1","Conserve Battery+1"],"relics":["Cracked Core","Eternal Feather","Blue Candle","Toxic Egg 2","Boot","reliquary:RedCape","TungstenRod"],"acts_visited":["Exordium","TheCity"],"potions_floor_usage":[6,8,14,14,19],"damage_taken":[{"damage":2,"enemies":"Jaw Worm","floor":1,"turns":4},{"damage":0,"enemies":"Cultist","floor":4,"turns":2},{"damage":23,"enemies":"Gremlin Nob","floor":6,"turns":4},{"damage":20,"enemies":"3 Sentries","floor":8,"turns":3},{"damage":0,"enemies":"2 Louse","floor":10,"turns":2},{"damage":17,"enemies":"Exordium Wildlife","floor":11,"turns":3},{"damage":20,"enemies":"Lagavulin","floor":12,"turns":7},{"damage":0,"enemies":"3 Louse","floor":14,"turns":2},{"damage":51,"enemies":"Slime Boss","floor":16,"turns":8},{"damage":4,"enemies":"Spheric Guardian","floor":18,"turns":3},{"damage":8,"enemies":"Chosen","floor":19,"turns":3},{"damage":74,"enemies":"Gremlin Leader","floor":23,"turns":6}],"seed_played":"7009781872598298724","potions_obtained":[{"floor":1,"key":"EssenceOfSteel"},{"floor":6,"key":"PowerPotion"},{"floor":11,"key":"Explosive Potion"},{"floor":12,"key":"Block Potion"},{"floor":18,"key":"AttackPotion"}],"is_trial":false,"path_per_floor":["M","$","?","M","$","E","?","E","T","M","M","E","R","M","R","B",null,"M","M","?","?","?","E"],"character_chosen":"DEFECT","items_purchased":["Ball Lightning"],"campfire_rested":1,"item_purchase_floors":[2],"current_hp_per_floor":[80,80,80,80,80,57,57,37,37,37,27,14,47,47,56,12,82,78,77,68,68,68,0,0],"gold":156,"neow_bonus":"TEN_PERCENT_HP_BONUS","is_daily":false,"chose_seed":false,"campfire_upgraded":1,"win_rate":0.0,"timestamp":1614151614,"path_taken":["M","$","?","?","?","E","?","E","T","?","?","E","R","M","R","BOSS","M","M","?","?","?","E"],"items_purchased_type":["Card"],"build_version":"2020-12-22","purchased_purges":1,"victory":false,"max_hp_per_floor":[82,82,82,82,82,82,82,82,82,82,82,82,82,82,82,82,82,82,82,82,82,82,82,82],"relic_stats":{"counters":[23,97],"Blue Candle":[0],"Eternal Feather":18,"Boot":[15],"obtain_stats":[{"Potion Belt":9,"Lantern":21,"reliquary:PrincelyHelmet":20,"reliquary:Firecrackers":12,"Blue Candle":8,"Eternal Feather":6,"Pen Nib":7,"Omamori":2,"reliquary:RedCape":17,"Boot":12,"Black Star":17,"Toxic Egg 2":9,"Cracked Core":0,"TungstenRod":22},{"Potion Belt":4,"Lantern":10,"reliquary:PrincelyHelmet":10,"reliquary:Firecrackers":6,"Blue Candle":15,"Eternal Feather":14,"Pen Nib":4,"Omamori":1,"reliquary:RedCape":20,"Boot":18,"Black Star":8,"Toxic Egg 2":15,"Cracked Core":0,"TungstenRod":22},{"Potion Belt":15,"Lantern":45,"reliquary:PrincelyHelmet":45,"reliquary:Firecrackers":24,"Blue Candle":63,"Eternal Feather":60,"Pen Nib":15,"Omamori":3,"reliquary:RedCape":85,"Boot":75,"Black Star":38,"Toxic Egg 2":63,"Cracked Core":0,"TungstenRod":91}],"TungstenRod":8},"card_choices":[{"not_picked":["BootSequence","Streamline"],"picked":"Barrage","floor":1},{"not_picked":["Compile Driver","Reinforced Body"],"picked":"Chill","floor":4},{"not_picked":["Fusion","Compile Driver"],"picked":"Thunder Strike","floor":6},{"not_picked":["Fusion","Coolheaded"],"picked":"Fission","floor":8},{"not_picked":["Conserve Battery+1","Sweeping Beam"],"picked":"Self Repair","floor":10},{"not_picked":["Sweeping Beam","Gash"],"picked":"Blizzard","floor":11},{"not_picked":["Recycle+1","Coolheaded+1"],"picked":"Cold Snap","floor":12},{"not_picked":["Rebound","Melter"],"picked":"Ball Lightning","floor":14},{"not_picked":["Meteor Strike","Thunder Strike"],"picked":"Multi-Cast+1","floor":16},{"not_picked":["Self Repair","Compile Driver+1"],"picked":"Chill+1","floor":18},{"not_picked":["Consume+1","Gash+1"],"picked":"Conserve Battery+1","floor":19}],"player_experience":548523,"relics_obtained":[{"floor":6,"key":"Eternal Feather"},{"floor":8,"key":"Blue Candle"},{"floor":9,"key":"Toxic Egg 2"},{"floor":12,"key":"Boot"}],"event_choices":[{"damage_healed":0,"gold_gain":0,"player_choice":"Cursed","damage_taken":0,"max_hp_gain":0,"max_hp_loss":0,"event_name":"Wheel of Change","floor":3,"gold_loss":0,"cards_obtained":["Decay"]},{"damage_healed":0,"gold_gain":0,"cards_transformed":["Strike_B"],"player_choice":"Transformed","damage_taken":0,"max_hp_gain":0,"max_hp_loss":0,"event_name":"Transmorgrifier","floor":7,"gold_loss":0,"cards_obtained":["Loop"]},{"damage_healed":0,"gold_gain":0,"player_choice":"Stopped","damage_taken":9,"max_hp_gain":0,"max_hp_loss":0,"event_name":"Cursed Tome","floor":20,"gold_loss":0},{"damage_healed":0,"gold_gain":0,"player_choice":"Ignored","damage_taken":0,"max_hp_gain":0,"max_hp_loss":0,"event_name":"Beggar","floor":21,"gold_loss":0},{"damage_healed":0,"gold_gain":0,"player_choice":"Obtained Relic","damage_taken":0,"relics_obtained":["TungstenRod"],"max_hp_gain":0,"max_hp_loss":0,"event_name":"Addict","floor":22,"gold_loss":85}],"is_beta":false,"boss_relics":[{"not_picked":["Ectoplasm","reliquary:Craggleroot"],"picked":"reliquary:RedCape"}],"items_purged_floors":[5],"is_endless":false,"potions_floor_spawned":[1,6,11,12,18],"killed_by":"Gremlin Leader","ascension_level":4}}