{"host":"53w25izqmiakdcya","time":1614160232,"event":{"mods":["BaseMod","Colored Powertips","Downfall","Minty Spire (QoL Compilation)","Quick Restart","Rare Cards Sparkle","StSLib"],"gold_per_floor":[99,117,136,148,165,165,165,165,200,212,225,225,254,265,275,373,373,373,373,373,393,14,41,41,57,57,68,68,85,185,196,215,316,316,216,228,239,39,55,55,79,91,25,44,55,72,90,90,90,90],"floor_reached":48,"language":"ENG","playtime":3978,"items_purged":[],"score":469,"play_id":"e1fea4d8-f8f0-4c95-b49c-1d3ec2b0157b","local_time":"20210224035032","is_ascension_mode":false,"campfire_choices":[{"data":"Guardian:FloatingOrbs","floor":1.0,"key":"SMITH"},{"data":"Guardian:PrimingBeam","floor":8.0,"key":"SMITH"},{"floor":12.0,"key":"REST"},{"floor":18.0,"key":"RECALL"},{"floor":26.0,"key":"REST"},{"floor":28.0,"key":"REST"},{"data":"Guardian:Emergency","floor":35,"key":"SMITH"},{"floor":40,"key":"REST"}],"circlet_count":0,"master_deck":["Guardian:Strike_Guardian","Guardian:Strike_Guardian","Guardian:Strike_Guardian","Guardian:Strike_Guardian","Guardian:Defend_Guardian","Guardian:Defend_Guardian","Guardian:Defend_Guardian","Guardian:Defend_Guardian","Guardian:CurlUp","Guardian:TwinSlam","Guardian:FloatingOrbs+1","Guardian:PrismaticBeam","Guardian:PrimingBeam+1","Guardian:PrismaticBarrier","Guardian:CrystalBeam","Guardian:SpikerProtocol","Guardian:SentryBeam","Guardian:Preprogram","Guardian:AncientConstruct","Guardian:PiercingHide","expansioncontent:StudyTheSpire","Guardian:Emergency+1","Guardian:Recover+1","Guardian:RefractedBeam+1","Guardian:SpikerProtocol","Guardian:RollAttack","Guardian:BronzeOrb","Guardian:RevengeProtocol","Guardian:MultiBeam","Guardian:BaubleBeam","Guardian:BronzeOrb","Guardian:Recover+1","Guardian:Orbwalk+1","Guardian:BronzeOrb+1","Guardian:Gem_Red","Guardian:Gem_Lightblue","Guardian:BodySlam+1","Guardian:Gem_Crimson","Guardian:Gem_Green"],"relics":["Guardian:ModeShifter","Singing Bowl","Torii","Odd Mushroom","SlaversCollar","Bronze Scales","Red Mask","Bag of Marbles","downfall:HeartBlessingRed","Omamori"],"acts_visited":["Exordium","TheCity","TheBeyond"],"potions_floor_usage":[31,33,33,33,48],"damage_taken":[{"damage":0.0,"enemies":"Cultist","floor":2.0,"turns":4.0},{"damage":7.0,"enemies":"2 Louse","floor":3.0,"turns":3.0},{"damage":6.0,"enemies":"Jaw Worm","floor":4.0,"turns":4.0},{"damage":13.0,"enemies":"Large Slime","floor":5.0,"turns":9.0},{"damage":16.0,"enemies":"3 Sentries","floor":9.0,"turns":10.0},{"damage":10.0,"enemies":"Exordium Wildlife","floor":10.0,"turns":3.0},{"damage":11.0,"enemies":"downfall:LooterAlt","floor":11.0,"turns":4.0},{"damage":6.0,"enemies":"The Mushroom Lair","floor":13.0,"turns":5.0},{"damage":3.0,"enemies":"Lots of Slimes","floor":14.0,"turns":5.0},{"damage":13.0,"enemies":"Red Slaver","floor":15.0,"turns":3.0},{"damage":26.0,"enemies":"DF_ARCHETYPE_STREAMLINE","floor":16.0,"turns":8.0},{"damage":11.0,"enemies":"Spheric Guardian","floor":21.0,"turns":4.0},{"damage":0.0,"enemies":"downfall:FleeingMerchant","floor":22.0,"turns":4.0},{"damage":27.0,"enemies":"Masked Bandits","floor":23.0,"turns":5.0},{"damage":0.0,"enemies":"3 Byrds","floor":25.0,"turns":3.0},{"damage":18.0,"enemies":"Shelled Parasite and Fungi","floor":27.0,"turns":6.0},{"damage":31.0,"enemies":"Cultist and Chosen","floor":29.0,"turns":7.0},{"damage":14,"enemies":"Centurion and Healer","floor":31,"turns":6},{"damage":1,"enemies":"Shelled Parasite and Fungi","floor":32,"turns":5},{"damage":14,"enemies":"WA_ARCHETYPE_CALM","floor":33,"turns":10},{"damage":17,"enemies":"3 Darklings","floor":36,"turns":6},{"damage":1,"enemies":"Orb Walker","floor":37,"turns":3},{"damage":0,"enemies":"downfall:FleeingMerchant","floor":38,"turns":4},{"damage":10,"enemies":"3 Darklings","floor":39,"turns":5},{"damage":0,"enemies":"Sphere and 2 Shapes","floor":42,"turns":5},{"damage":1,"enemies":"downfall:FleeingMerchant","floor":43,"turns":4},{"damage":30,"enemies":"Maw","floor":44,"turns":8},{"damage":11,"enemies":"Jaw Worm Horde","floor":45,"turns":4},{"damage":1,"enemies":"3 Darklings","floor":46,"turns":6},{"damage":20,"enemies":"4 Shapes","floor":47,"turns":8},{"damage":27,"enemies":"Nemesis","floor":48,"turns":8}],"seed_played":"-2569947085640288156","potions_obtained":[{"floor":3.0,"key":"SteroidPotion"},{"floor":4.0,"key":"Guardian:DefensiveModePotion"},{"floor":11.0,"key":"bronze:BurnAndBuffPotion"},{"floor":13.0,"key":"FearPotion"},{"floor":23.0,"key":"Guardian:AcceleratePotion"},{"floor":32,"key":"Explosive Potion"},{"floor":33,"key":"Strength Potion"},{"floor":39,"key":"Block Potion"},{"floor":44,"key":"Swift Potion"}],"is_trial":false,"path_per_floor":["R","M","M","M","M","?","T","R","E","M","M","R","?","M","M","B",null,"R","?","?","M","$","?","T","M","R","M","R","M","?","M","M","B",null,"R","M","M","$","M","R","T","M","$","M","M","M","M","E"],"character_chosen":"GUARDIAN","items_purchased":["Bronze Scales","Guardian:Gem_Green","expansioncontent:StudyTheSpire","Guardian:BaubleBeam","Guardian:BronzeOrb","Guardian:Gem_Red"],"campfire_rested":4,"item_purchase_floors":[22,22,22,38,38,43],"current_hp_per_floor":[80,80,73,67,54,80,80,80,64,54,43,67,61,58,47,21,82,82,82,66,55,55,28,28,28,54,36,62,31,31,17,16,2,87,87,70,69,69,59,85,85,85,84,54,43,42,22,0,0,0],"gold":90,"neow_bonus":"THREE_CARDS","is_daily":false,"chose_seed":false,"campfire_upgraded":3,"win_rate":0.0,"timestamp":1614160232,"path_taken":["R","M","M","M","M","?","T","R","E","M","M","R","?","M","M","BOSS","R","?","?","M","$","?","T","M","R","M","R","?","?","?","M","BOSS","R","M","M","$","M","R","T","M","$","M","M","M","M","E"],"items_purchased_type":["Relic","Card","Card","Card","Card","Card"],"build_version":"2020-12-22","purchased_purges":0,"victory":false,"max_hp_per_floor":[80,80,80,80,80,80,80,80,80,80,80,80,80,80,82,82,82,82,82,87,87,87,87,87,87,87,87,87,87,87,87,87,87,87,87,87,87,87,87,87,87,87,87,87,87,87,87,87,87,87],"card_choices":[{"not_picked":["Guardian:RefractedBeam","Guardian:Emergency"],"picked":"Guardian:FloatingOrbs","floor":0.0},{"not_picked":["Guardian:Reroute","Guardian:ChargeUp"],"picked":"Guardian:PrismaticBeam","floor":2.0},{"not_picked":["Guardian:PiercingHide","Guardian:Suspension"],"picked":"Guardian:Gem_Red","floor":3.0},{"not_picked":["Guardian:VentSteam","Guardian:Clone"],"picked":"Guardian:Gem_Green","floor":4.0},{"not_picked":["Guardian:Reroute","Guardian:ChargeCore"],"picked":"Guardian:PrimingBeam","floor":5.0},{"not_picked":["Guardian:ConstructionForm","Guardian:Reroute"],"picked":"Guardian:PrismaticBarrier","floor":9.0},{"not_picked":["Guardian:Orbwalk","Guardian:Suspension"],"picked":"Guardian:CrystalBeam","floor":10.0},{"not_picked":["Guardian:Gem_Green","Guardian:TimeCapacitor"],"picked":"Guardian:SpikerProtocol","floor":11.0},{"not_picked":["Guardian:Gem_Lightblue","Guardian:Emergency"],"picked":"Guardian:SentryBeam","floor":13.0},{"not_picked":["Guardian:CrystalBeam","Guardian:PiercingHide"],"picked":"Guardian:Preprogram","floor":14.0},{"not_picked":["Guardian:CrystalBeam","Guardian:Reroute","Guardian:Clone"],"picked":"Singing Bowl","floor":15.0},{"not_picked":["Guardian:ConstructionForm","Guardian:StasisStrike"],"picked":"Guardian:AncientConstruct","floor":16.0},{"not_picked":["Guardian:ChargeCore","Guardian:Suspension"],"picked":"Guardian:Gem_Cyan","floor":21.0},{"not_picked":["Guardian:TemporalStrike","Guardian:PrimingBeam+1"],"picked":"Guardian:PiercingHide","floor":22.0},{"not_picked":["Guardian:Suspension+1","Guardian:PrimingBeam"],"picked":"Guardian:Emergency","floor":23.0},{"not_picked":["Guardian:TimeSifter","Guardian:WalkerClaw"],"picked":"Guardian:Recover+1","floor":25.0},{"not_picked":["Guardian:Gem_Yellow","Guardian:ShieldCharger"],"picked":"Guardian:RefractedBeam+1","floor":27.0},{"not_picked":["Guardian:PrismaticBeam","Guardian:PrimingBeam+1"],"picked":"Guardian:SpikerProtocol","floor":29.0},{"not_picked":["Guardian:PrimingBeam+1","Guardian:PrismaticBeam+1"],"picked":"Guardian:RollAttack","floor":31},{"not_picked":["Guardian:CrystalBeam","Guardian:Gem_Red"],"picked":"Guardian:BronzeOrb","floor":32},{"not_picked":["Guardian:AncientConstruct","Guardian:GemFinder"],"picked":"Guardian:RevengeProtocol","floor":33},{"not_picked":["Guardian:TimeCapacitor+1","Guardian:ChargeCore+1"],"picked":"Guardian:Gem_Green","floor":36},{"not_picked":["Guardian:Gem_Fragmented","Guardian:FuturePlans+1"],"picked":"Guardian:Gem_Red","floor":37},{"not_picked":["Guardian:HyperBeam_Guardian","Guardian:PrimingBeam+1"],"picked":"Guardian:MultiBeam","floor":38},{"not_picked":["Guardian:Clone+1","Guardian:ChargeUp+1"],"picked":"Guardian:Recover+1","floor":39},{"not_picked":["Guardian:FuturePlans","Guardian:VentSteam+1"],"picked":"Guardian:Orbwalk+1","floor":42},{"not_picked":["Guardian:PiercingHide","Guardian:CrystalBeam+1"],"picked":"Guardian:BronzeOrb+1","floor":43},{"not_picked":["Guardian:PiercingHide+1","Guardian:GuardianWhirl+1"],"picked":"Guardian:Gem_Lightblue","floor":44},{"not_picked":["Guardian:Gem_Lightblue","Guardian:Gem_Crimson"],"picked":"Guardian:BodySlam+1","floor":45},{"not_picked":["Guardian:CompilePackage","Guardian:Gem_Lightblue"],"picked":"Guardian:Gem_Crimson","floor":46},{"not_picked":["Guardian:Suspension","Guardian:WalkerClaw"],"picked":"Guardian:Gem_Green","floor":47}],"player_experience":593490,"relics_obtained":[{"floor":7.0,"key":"Singing Bowl"},{"floor":9.0,"key":"Torii"},{"floor":13.0,"key":"Odd Mushroom"},{"floor":23.0,"key":"Red Mask"},{"floor":24.0,"key":"Bag of Marbles"},{"floor":41,"key":"Omamori"}],"event_choices":[{"damage_healed":26.0,"max_hp_gain":0.0,"max_hp_loss":0.0,"gold_gain":0.0,"event_name":"Big Fish","player_choice":"Banana","floor":6.0,"gold_loss":0.0,"damage_taken":0.0},{"damage_healed":0.0,"max_hp_gain":0.0,"max_hp_loss":0.0,"gold_gain":0.0,"event_name":"Mushrooms","player_choice":"Fought Mushrooms","floor":13.0,"gold_loss":0.0,"damage_taken":0.0},{"damage_healed":0.0,"max_hp_gain":0.0,"max_hp_loss":0.0,"gold_gain":0.0,"event_name":"Masked Bandits","player_choice":"Fought Bandits","floor":23.0,"gold_loss":0.0,"damage_taken":0.0}],"is_beta":false,"boss_relics":[{"not_picked":["Black Star","Calling Bell"],"picked":"SlaversCollar"},{"not_picked":["Coffee Dripper","Snecko Eye","Guardian:ModeShifterPlus"]}],"items_purged_floors":[],"is_endless":false,"potions_floor_spawned":[3,4,11,13,14,23,25,29,32,33,39,44,45,46],"killed_by":"Nemesis","ascension_level":0}}