{"host":"uyfpom4rlahfoee4","time":1614199143,"event":{"mods":["BaseMod","Downfall","Minty Spire (QoL Compilation)","StSLib"],"gold_per_floor":[99,118,118,135,148,148,148,448,466,566,114,131,148,161,179,179,179,179],"floor_reached":16,"language":"ENG","playtime":1173,"items_purged":[],"score":96,"play_id":"123d0b75-6ff2-42cf-9d6c-7bbb60cbd196","local_time":"20210224123903","is_ascension_mode":false,"campfire_choices":[{"data":"Guardian:CurlUp","floor":1,"key":"SMITH"},{"data":"Guardian:PrimingBeam","floor":6,"key":"SMITH"}],"circlet_count":0,"master_deck":["Guardian:Strike_Guardian","Guardian:Strike_Guardian","Guardian:Strike_Guardian","Guardian:Defend_Guardian","Guardian:Defend_Guardian","Guardian:Defend_Guardian","Guardian:Defend_Guardian","Guardian:CurlUp+1","Guardian:TwinSlam+1","Guardian:PrimingBeam+1","Guardian:BronzeOrb","Guardian:Suspension","downfall:Icky","downfall:Icky","Guardian:RollAttack","Guardian:PrismaticBeam","Guardian:TemporalStrike","Guardian:Incinerate","Guardian:PrimingBeam","Guardian:ArmoredProtocol","Guardian:Gem_Red","Guardian:PiercingHide","Guardian:Planning","Guardian:Recover"],"relics":["Guardian:ModeShifter","Kunai","White Beast Statue","Thread and Needle"],"acts_visited":["Exordium"],"potions_floor_usage":[10,11,11,11,13,16,16,16],"damage_taken":[{"damage":6,"enemies":"Jaw Worm","floor":2,"turns":4},{"damage":0,"enemies":"Small Slimes","floor":4,"turns":3},{"damage":0,"enemies":"Cultist","floor":5,"turns":3},{"damage":3,"enemies":"Exordium Wildlife","floor":9,"turns":4},{"damage":45,"enemies":"downfall:LadyInBlue","floor":10,"turns":15},{"damage":0,"enemies":"downfall:FleeingMerchant","floor":11,"turns":4},{"damage":0,"enemies":"2 Fungi Beasts","floor":12,"turns":2},{"damage":2,"enemies":"Large Slime","floor":13,"turns":5},{"damage":0,"enemies":"Blue Slaver","floor":14,"turns":4},{"damage":1,"enemies":"downfall:LooterAlt","floor":15,"turns":3},{"damage":25,"enemies":"WA_ARCHETYPE_RETAIN","floor":16,"turns":10}],"seed_played":"-8159114706100573226","potions_obtained":[{"floor":9,"key":"SkillPotion"},{"floor":10,"key":"SneckoOil"},{"floor":10,"key":"Explosive Potion"},{"floor":10,"key":"Regen Potion"},{"floor":10,"key":"Weak Potion"},{"floor":11,"key":"hexamod:SoulburnPotion"},{"floor":12,"key":"Guardian:BlockOnCardUsePotion"},{"floor":13,"key":"LiquidMemories"},{"floor":14,"key":"Energy Potion"},{"floor":15,"key":"Strength Potion"}],"is_trial":false,"path_per_floor":["R","M","?","M","M","R","T","?","M","?","$","M","M","M","M","B"],"character_chosen":"GUARDIAN","items_purchased":["Thread and Needle","Guardian:Incinerate","Guardian:PrimingBeam","Guardian:ArmoredProtocol"],"campfire_rested":0,"item_purchase_floors":[11,11,11,11],"current_hp_per_floor":[80,74,74,74,74,74,74,74,71,26,40,40,38,38,37,12,12,12],"gold":179,"neow_bonus":"UPGRADE_CARD","is_daily":false,"chose_seed":false,"campfire_upgraded":2,"win_rate":0.0,"timestamp":1614199143,"path_taken":["R","M","?","M","M","R","T","?","M","?","$","M","M","M","M","BOSS"],"items_purchased_type":["Relic","Card","Card","Card"],"build_version":"2020-12-22","purchased_purges":0,"victory":false,"max_hp_per_floor":[80,80,80,80,80,80,80,80,80,80,80,80,80,80,80,80,80,80],"card_choices":[{"not_picked":["Guardian:CrystalBeam","Guardian:Reroute"],"picked":"Guardian:PrimingBeam","floor":2},{"not_picked":["Guardian:ConstructionForm","Guardian:Planning"],"picked":"Guardian:BronzeOrb","floor":4},{"not_picked":["Guardian:Gem_Cyan","Guardian:Gem_White"],"picked":"Guardian:Suspension","floor":5},{"not_picked":["Guardian:Gem_Green","Guardian:Gem_Red"],"picked":"Guardian:RollAttack","floor":9},{"not_picked":["Guardian:Gem_Green","Guardian:WalkerClaw"],"picked":"Guardian:PrismaticBeam","floor":10},{"not_picked":["Guardian:Gem_Cyan","Guardian:ShieldCharger"],"picked":"Guardian:TemporalStrike","floor":11},{"not_picked":["Guardian:ChargeCore","Guardian:RollAttack"],"picked":"Guardian:Gem_Red","floor":12},{"not_picked":["Guardian:ShieldSpikes","Guardian:TemporalStrike"],"picked":"Guardian:PiercingHide","floor":13},{"not_picked":["Guardian:Suspension","Guardian:WalkerClaw"],"picked":"Guardian:Planning","floor":14},{"not_picked":["Guardian:HyperBeam_Guardian","Guardian:Gem_White"],"picked":"Guardian:Recover","floor":15}],"player_experience":169389,"relics_obtained":[{"floor":7,"key":"Kunai"},{"floor":10,"key":"White Beast Statue"}],"event_choices":[],"is_beta":false,"boss_relics":[],"items_purged_floors":[],"is_endless":false,"potions_floor_spawned":[9,10,11,12,13,14,15],"killed_by":"WA_ARCHETYPE_RETAIN","ascension_level":0}}