{"host":"bun66rhxl4zngnso","time":1614143714,"event":{"mods":["2.2 Compatiblity","AchievementEnabler","Act Like it!","Arknights","BaseMod","KOR Keyword Fix","KinomotoSakuraMod(ÙÊñýÜâ?)","Koishi","Marisa£¨Ùöéë¡¡Øª×âÞÞ£©","Minty Spire (QoL Compilation)","Permanent Neow","Reimu£¨ÚÏ???£©","Remilia£¨?Ú·×é?£©","StSLib","SuperFastMode","The Runesmith","The Servant 0.9.4","Youmu£¨ûëÛÞèí?£©"],"gold_per_floor":[111,111,111,6,41,41,41],"floor_reached":6,"language":"KOR","playtime":524,"items_purged":[],"score":34,"play_id":"3bf86a65-34af-4973-8ab1-76467257220a","local_time":"20210224141514","is_ascension_mode":false,"campfire_choices":[],"circlet_count":0,"master_deck":["ats:Strike C","ats:Strike G","ats:Strike S","ats:Strike V","ats:Armor Crushing Shot","ats:Defend","ats:Defend","ats:Defend","ats:Defend","ats:Emotion Absorption","Enlightenment","ats:Counter Healing Mode+1","Jack Of All Trades","ats:Shell Defense","ats:Apocalypse"],"relics":["ats:Sanity"],"acts_visited":["Exordium"],"potions_floor_usage":[6],"damage_taken":[{"damage":0,"enemies":"Small Slimes","floor":1,"turns":3},{"damage":12,"enemies":"Jaw Worm","floor":5,"turns":5},{"damage":80,"enemies":"3 Sentries","floor":6,"turns":12}],"seed_played":"-6079568732038144440","potions_obtained":[{"floor":1,"key":"Ancient Potion"}],"is_trial":false,"path_per_floor":["M","?","?","$","M","E"],"character_chosen":"DOCTOR_CLASS","items_purchased":["Jack Of All Trades","ats:Shell Defense"],"campfire_rested":0,"item_purchase_floors":[4,4],"current_hp_per_floor":[72,72,72,72,60,0,0],"gold":41,"neow_bonus":"RANDOM_COLORLESS","is_daily":false,"chose_seed":false,"campfire_upgraded":0,"win_rate":0.0,"timestamp":1614143714,"path_taken":["M","?","?","?","M","E"],"items_purchased_type":["Card","Card"],"build_version":"2020-12-22","purchased_purges":0,"victory":false,"max_hp_per_floor":[72,72,72,72,72,72,72],"card_choices":[{"not_picked":["Dramatic Entrance","Mind Blast"],"picked":"Enlightenment","floor":0},{"not_picked":["ats:Guard Mode","ats:Powerful Strike"],"picked":"ats:Counter Healing Mode","floor":1},{"not_picked":["ats:Flexible Camouflage","ats:Blood Oath"],"picked":"ats:Apocalypse","floor":5}],"player_experience":10445,"relics_obtained":[],"event_choices":[{"damage_healed":0,"gold_gain":0,"player_choice":"Grow","damage_taken":0,"max_hp_gain":0,"max_hp_loss":0,"event_name":"Living Wall","floor":2,"gold_loss":0,"cards_upgraded":["ats:Counter Healing Mode"]},{"damage_healed":0,"gold_gain":0,"player_choice":"Ignored","damage_taken":0,"max_hp_gain":0,"max_hp_loss":0,"event_name":"Golden Wing","floor":3,"gold_loss":0}],"is_beta":false,"boss_relics":[],"items_purged_floors":[],"is_endless":false,"potions_floor_spawned":[1],"killed_by":"3 Sentries","ascension_level":0}}