{"host":"6n0bwkgbkn8ajkoa","time":1614157967,"event":{"mods":["AchievementEnabler","Aspiration","BaseMod","Colored Map","Conspire","Downfall","Highlight Path","Hubris","Infinite Spire","Minty Spire (QoL Compilation)","Quick Restart","Replay The Spire","Spikes Relics","StSLib"],"gold_per_floor":[110,126,126,35,46,75,7,37,88,106,118,193,10,23,23,126,126,143,162,162,162,174,209,209,229,229,229,241,275,297,69,69,69,69],"floor_reached":33,"language":"ENG","playtime":1204,"items_purged":["Strike_B","Strike_B"],"score":394,"play_id":"4f4c1afb-4582-4c8b-b082-5b761f17c9db","local_time":"20210224101247","is_ascension_mode":true,"campfire_choices":[{"floor":15.0,"key":"REST"},{"floor":24.0,"key":"REST"},{"floor":27.0,"key":"REST"},{"floor":32.0,"key":"REST"}],"circlet_count":0,"master_deck":["Strike_B","Strike_B","Defend_B","Defend_B","Defend_B","Defend_B","Zap","Dualcast+1","Skim","Gash","Beam Cell","Go for the Eyes+1","FTL","Leap","Rip and Tear","Go for the Eyes","Gash","Scrape","Steam","Gash+1","Go for the Eyes+1","Steam","Gash","Go for the Eyes"],"relics":["Cracked Core","The Courier","Potion Belt","Orichalcum","Philosopher\u0027s Stone","Dead Branch","Kunai","MawBank","Whetstone"],"acts_visited":[],"potions_floor_usage":[],"damage_taken":[{"damage":0.0,"enemies":"Cultist","floor":1.0,"turns":2.0},{"damage":2.0,"enemies":"Jaw Worm","floor":2.0,"turns":3.0},{"damage":3.0,"enemies":"Small Slimes","floor":5.0,"turns":2.0},{"damage":41.0,"enemies":"Gremlin Nob","floor":6.0,"turns":5.0},{"damage":10.0,"enemies":"Lagavulin","floor":8.0,"turns":6.0},{"damage":1.0,"enemies":"Looter","floor":10.0,"turns":3.0},{"damage":4.0,"enemies":"Red Slaver","floor":11.0,"turns":4.0},{"damage":2.0,"enemies":"Blue Slaver","floor":14.0,"turns":2.0},{"damage":28.0,"enemies":"The Guardian","floor":16.0,"turns":8.0},{"damage":4.0,"enemies":"Chosen","floor":18.0,"turns":4.0},{"damage":16.0,"enemies":"Shell Parasite","floor":19.0,"turns":5.0},{"damage":43.0,"enemies":"Sentry and Sphere","floor":22.0,"turns":7.0},{"damage":16.0,"enemies":"Book of Stabbing","floor":23.0,"turns":5.0},{"damage":10.0,"enemies":"Chosen and Byrds","floor":25.0,"turns":6.0},{"damage":10.0,"enemies":"Snecko","floor":28.0,"turns":5.0},{"damage":41.0,"enemies":"Gremlin Leader","floor":29.0,"turns":8.0},{"damage":6.0,"enemies":"Shelled Parasite and Fungi","floor":30.0,"turns":5.0},{"damage":0,"enemies":"Champ","floor":33,"turns":1}],"seed_played":"-3094576752235769236","potions_obtained":[{"floor":2.0,"key":"Dexterity Potion"},{"floor":8.0,"key":"Swift Potion"},{"floor":10.0,"key":"Regen Potion"},{"floor":11.0,"key":"Strength Potion"},{"floor":18.0,"key":"FairyPotion"},{"floor":22.0,"key":"LiquidMemories"},{"floor":29.0,"key":"SneckoOil"}],"is_trial":false,"path_per_floor":["M","M","?","$","M","E","$","E","T","M","M","?","$","M","R","B",null,"M","M","?","?","M","E","R","M","T","R","M","E","M","$","R","B"],"character_chosen":"DEFECT","items_purchased":["Beam Cell","Go for the Eyes","FTL","Leap","Gash","Scrape","Steam","Whetstone","Dexterity Potion"],"campfire_rested":4,"item_purchase_floors":[4,4,7,7,13,13,13,31,31],"current_hp_per_floor":[82,80,80,80,77,36,36,26,26,25,33,25,25,23,47,19,82,78,62,46,46,3,20,46,36,36,62,52,11,5,5,31,31,31],"gold":69,"neow_bonus":"TEN_PERCENT_HP_BONUS","is_daily":false,"chose_seed":false,"campfire_upgraded":0,"win_rate":0.0,"timestamp":1614157967,"path_taken":["M","M","?","$","?","E","$","E","T","?","M","?","$","M","R","BOSS","M","M","?","?","M","E","R","M","T","R","M","E","M","$","R","BOSS"],"items_purchased_type":["Card","Card","Card","Card","Card","Card","Card","Relic","Potion"],"build_version":"2020-12-22","purchased_purges":2,"victory":false,"max_hp_per_floor":[82,82,82,82,82,82,82,82,82,82,82,82,82,82,82,82,82,82,82,87,87,87,87,87,87,87,87,87,87,87,87,87,87,87],"card_choices":[{"not_picked":["Barrage","Hologram"],"picked":"Skim","floor":1.0},{"not_picked":["Compile Driver","Skim"],"picked":"Gash","floor":2.0},{"not_picked":["Coolheaded","Stack","Sweeping Beam"],"picked":"SKIP","floor":5.0},{"not_picked":["Glacier","Redo","Aggregate"],"picked":"SKIP","floor":6.0},{"not_picked":["Multi-Cast","Redo"],"picked":"Rip and Tear","floor":8.0},{"not_picked":["Capacitor","Coolheaded","Doom and Gloom"],"picked":"SKIP","floor":10.0},{"not_picked":["Hologram","Compile Driver"],"picked":"Go for the Eyes","floor":11.0},{"not_picked":["Self Repair","Electrodynamics"],"picked":"Gash","floor":14.0},{"not_picked":["Cold Snap","Barrage"],"picked":"Go for the Eyes+1","floor":18.0},{"not_picked":["Barrage+1","Ball Lightning"],"picked":"Steam","floor":19.0},{"not_picked":["Hello World","Doom and Gloom","Rip and Tear"],"picked":"SKIP","floor":22.0},{"not_picked":["Echo Form","Cold Snap"],"picked":"Gash","floor":23.0},{"not_picked":["Reinforced Body","Turbo","Hello World+1"],"picked":"SKIP","floor":25.0},{"not_picked":["Barrage+1","Ball Lightning"],"picked":"Go for the Eyes","floor":28.0},{"not_picked":["Sweeping Beam+1","Darkness+1","Rip and Tear"],"picked":"SKIP","floor":29.0},{"not_picked":["Recycle+1","Tempest","Go for the Eyes"],"picked":"SKIP","floor":30.0}],"player_experience":116609,"relics_obtained":[{"floor":6.0,"key":"The Courier"},{"floor":8.0,"key":"Potion Belt"},{"floor":9.0,"key":"Orichalcum"},{"floor":23.0,"key":"Dead Branch"},{"floor":26.0,"key":"Kunai"},{"floor":29.0,"key":"MawBank"}],"event_choices":[{"damage_healed":0.0,"max_hp_gain":0.0,"max_hp_loss":0.0,"gold_gain":0.0,"event_name":"Upgrade Shrine","player_choice":"Upgraded","floor":3.0,"gold_loss":0.0,"damage_taken":0.0,"cards_upgraded":["Dualcast"]},{"damage_healed":0.0,"max_hp_gain":0.0,"max_hp_loss":0.0,"gold_gain":75.0,"event_name":"FaceTrader","player_choice":"Touch","floor":12.0,"gold_loss":0.0,"damage_taken":8.0},{"damage_healed":0.0,"max_hp_gain":5.0,"max_hp_loss":0.0,"gold_gain":0.0,"event_name":"Forgotten Altar","player_choice":"Shed Blood","floor":20.0,"gold_loss":0.0,"damage_taken":21.0},{"damage_healed":0.0,"max_hp_gain":0.0,"max_hp_loss":0.0,"gold_gain":0.0,"event_name":"The Mausoleum","player_choice":"Ignored","floor":21.0,"gold_loss":0.0,"damage_taken":0.0}],"is_beta":false,"boss_relics":[{"not_picked":["Sozu","Ectoplasm"],"picked":"Philosopher\u0027s Stone"}],"items_purged_floors":[13,31],"is_endless":false,"potions_floor_spawned":[2,8,10,11,18,22,29],"killed_by":"Champ","ascension_level":3}}