{"host":"4par9lyhj7bf4dsa","time":1614140135,"event":{"mods":["AchievementEnabler","BaseMod","Colored Map","Minty Spire (QoL Compilation)","Relic Stats","StSLib"],"gold_per_floor":[117,92,42,108,118,146,161,161,161,161,161],"floor_reached":10,"language":"ENG","playtime":422,"items_purged":[],"score":112,"play_id":"74ebab74-a2ac-4082-bcb4-7cb1fc4961d4","local_time":"20210224151535","is_ascension_mode":true,"campfire_choices":[{"data":"Dash","floor":8,"key":"SMITH"}],"circlet_count":0,"master_deck":["AscendersBane","Strike_G","Strike_G","Strike_G","Strike_G","Defend_G","Defend_G","Defend_G","Defend_G","Defend_G","Survivor","Neutralize","Dash+1","Sucker Punch","Crippling Poison","All Out Attack"],"relics":["Black Star","Unceasing Top","Ninja Scroll","Calipers"],"acts_visited":["Exordium"],"potions_floor_usage":[10],"damage_taken":[{"damage":0,"enemies":"2 Louse","floor":1,"turns":3},{"damage":4,"enemies":"Small Slimes","floor":5,"turns":4},{"damage":26,"enemies":"3 Sentries","floor":6,"turns":15},{"damage":0,"enemies":"Jaw Worm","floor":7,"turns":3},{"damage":32,"enemies":"Gremlin Nob","floor":10,"turns":4}],"seed_played":"1979758943323418687","potions_obtained":[{"floor":1,"key":"CultistPotion"},{"floor":7,"key":"Block Potion"}],"is_trial":false,"path_per_floor":["M","$","?","?","M","E","M","R","T","E"],"character_chosen":"THE_SILENT","items_purchased":["Sucker Punch"],"campfire_rested":0,"item_purchase_floors":[2],"current_hp_per_floor":[59,59,59,59,55,29,29,29,29,0,0],"gold":161,"neow_bonus":"BOSS_RELIC","is_daily":false,"chose_seed":false,"campfire_upgraded":1,"win_rate":0.0,"timestamp":1614140135,"path_taken":["M","$","?","?","M","E","?","R","T","E"],"items_purchased_type":["Card"],"build_version":"2020-12-22","purchased_purges":0,"victory":false,"max_hp_per_floor":[66,66,66,66,66,66,66,66,66,66,66],"relic_stats":{"counters":[5,29],"Black Star":1,"obtain_stats":[{"Calipers":9,"Ninja Scroll":6,"Black Star":0,"Unceasing Top":6,"Ring of the Snake":0},{"Calipers":4,"Ninja Scroll":3,"Black Star":0,"Unceasing Top":3,"Ring of the Snake":0},{"Calipers":25,"Ninja Scroll":22,"Black Star":0,"Unceasing Top":22,"Ring of the Snake":0}],"Unceasing Top":[0]},"card_choices":[{"not_picked":["Outmaneuver","Flying Knee"],"picked":"Dash","floor":1},{"not_picked":["Poisoned Stab","Dodge and Roll"],"picked":"Crippling Poison","floor":5},{"not_picked":["Tactician","Outmaneuver"],"picked":"All Out Attack","floor":6},{"not_picked":["Acrobatics","Dagger Throw","Tactician"],"picked":"SKIP","floor":7}],"player_experience":1060758,"relics_obtained":[{"floor":6,"key":"Unceasing Top"},{"floor":6,"key":"Ninja Scroll"},{"floor":9,"key":"Calipers"}],"event_choices":[{"cards_removed":["Strike_G"],"damage_healed":0,"gold_gain":0,"player_choice":"Card Removal","damage_taken":0,"max_hp_gain":0,"max_hp_loss":0,"event_name":"The Cleric","floor":3,"gold_loss":50},{"damage_healed":0,"gold_gain":66,"player_choice":"Gained Gold","damage_taken":0,"max_hp_gain":0,"max_hp_loss":0,"event_name":"Golden Wing","floor":4,"gold_loss":0}],"is_beta":false,"boss_relics":[],"items_purged_floors":[],"is_endless":false,"potions_floor_spawned":[1,7],"killed_by":"Gremlin Nob","ascension_level":14}}