{"host":"1wqkiqy0sjhdftq4","time":1614150676,"event":{"mods":["ATMod(∞¢Ë™Mod)","Act Like it!","BaseMod","Minty Spire (QoL Compilation)","Prisma Mod","Reimu£®≤©¿ˆ¡È√Œ£©","Relic Stats","Replay The Spire","Spicy Shops","StSLib"],"gold_per_floor":[116,116,116,128,128,163,163,163,163],"floor_reached":8,"language":"ZHS","playtime":212,"items_purged":[],"score":158,"play_id":"a3a10b17-fb2f-4bc0-a343-0241aac10c03","local_time":"20210224151116","is_ascension_mode":true,"campfire_choices":[{"data":"AT_DrawKnifeCut","floor":7.0,"key":"SMITH"}],"circlet_count":0,"master_deck":["AscendersBane","Strike_B","Strike_B","Strike_B","Defend_B","Defend_B+1","Defend_B","Defend_B","Zap+1","Dualcast","AT_DrawKnifeCut+1"],"relics":["Cracked Core","AT_ATBox","NeowsBlessing","Anchor","War Paint"],"acts_visited":["Exordium"],"potions_floor_usage":[8],"damage_taken":[{"damage":0.0,"enemies":"Small Slimes","floor":1.0,"turns":1.0},{"damage":0.0,"enemies":"2 Louse","floor":4.0,"turns":1.0},{"damage":0.0,"enemies":"3 Sentries","floor":6.0,"turns":2.0},{"damage":61,"enemies":"Gremlin Nob","floor":8,"turns":4}],"seed_played":"4053459020333264597","potions_obtained":[{"floor":4.0,"key":"Dexterity Potion"},{"floor":6.0,"key":"Swift Potion"}],"is_trial":false,"path_per_floor":["M","?","?","M","?","E","R","E"],"character_chosen":"DEFECT","items_purchased":[],"campfire_rested":0,"item_purchase_floors":[],"current_hp_per_floor":[64,64,29,29,29,29,29,0,0],"gold":163,"neow_bonus":"THREE_ENEMY_KILL","is_daily":false,"chose_seed":false,"campfire_upgraded":1,"win_rate":0.0,"timestamp":1614150676,"path_taken":["M","?","?","M","?","E","R","E"],"items_purchased_type":[],"build_version":"2020-12-22","purchased_purges":0,"victory":false,"max_hp_per_floor":[71,71,71,71,71,71,71,71,71],"relic_stats":{"counters":[4,8],"War Paint":["Defend_B","Zap"],"obtain_stats":[{"Anchor":3,"AT_ATBox":0,"NeowsBlessing":0,"War Paint":6,"Cracked Core":0},{"Anchor":1,"AT_ATBox":0,"NeowsBlessing":0,"War Paint":3,"Cracked Core":0},{"Anchor":1,"AT_ATBox":0,"NeowsBlessing":0,"War Paint":4,"Cracked Core":0}]},"card_choices":[{"not_picked":["Turbo","Fusion","Time Bomb"],"picked":"SKIP","floor":1.0},{"not_picked":["Go for the Eyes","Darkness","BasicCrystalCard"],"picked":"SKIP","floor":4.0},{"not_picked":["Doom and Gloom","Amplify","Gash"],"picked":"SKIP","floor":6.0}],"player_experience":573202,"relics_obtained":[{"floor":6.0,"key":"War Paint"}],"event_choices":[{"damage_healed":0.0,"max_hp_gain":0.0,"max_hp_loss":0.0,"gold_gain":0.0,"event_name":"Scrap Ooze","player_choice":"Success","floor":3.0,"gold_loss":0.0,"damage_taken":35.0,"relics_obtained":["Anchor"]},{"damage_healed":0.0,"max_hp_gain":0.0,"max_hp_loss":0.0,"gold_gain":0.0,"event_name":"Shining Light","player_choice":"Ignored","floor":5.0,"gold_loss":0.0,"damage_taken":0.0}],"is_beta":false,"boss_relics":[],"items_purged_floors":[],"is_endless":false,"potions_floor_spawned":[4,6],"killed_by":"Gremlin Nob","ascension_level":20}}