{"host":"qc8p2flj7wsy3zpg","time":1614143652,"event":{"mods":["BaseMod","Highlight Path","Minty Spire (QoL Compilation)","Monster List Patch","Relic Stats","StSLib"],"gold_per_floor":[12,51,109,109,144,144,144],"floor_reached":6,"language":"ENG","playtime":233,"items_purged":[],"score":72,"play_id":"600b6f7b-86c4-4a28-8eab-2b3a1051eee3","local_time":"20210223231412","is_ascension_mode":true,"campfire_choices":[],"circlet_count":0,"master_deck":["AscendersBane","Strike_B","Strike_B","Strike_B","Strike_B","Defend_B","Defend_B","Defend_B","Defend_B","Zap","Dualcast","HandOfGreed","Lockon","Coolheaded"],"relics":["Cracked Core","Golden Idol"],"acts_visited":["Exordium"],"potions_floor_usage":[6],"damage_taken":[{"damage":9.0,"enemies":"Jaw Worm","floor":1.0,"turns":4.0},{"damage":6.0,"enemies":"2 Louse","floor":2.0,"turns":2.0},{"damage":0.0,"enemies":"Cultist","floor":5.0,"turns":2.0},{"damage":50,"enemies":"3 Sentries","floor":6,"turns":10}],"seed_played":"-8383537060025037886","potions_obtained":[{"floor":1.0,"key":"ColorlessPotion"}],"is_trial":false,"path_per_floor":["M","M","?","?","M","E"],"character_chosen":"DEFECT","items_purchased":[],"campfire_rested":0,"item_purchase_floors":[],"current_hp_per_floor":[55,49,49,49,49,0,0],"gold":144,"neow_bonus":"RANDOM_COLORLESS_2","is_daily":false,"chose_seed":false,"campfire_upgraded":0,"win_rate":0.0,"timestamp":1614143652,"path_taken":["M","M","?","?","M","E"],"items_purchased_type":[],"build_version":"2020-12-22","purchased_purges":0,"victory":false,"max_hp_per_floor":[71,71,71,64,64,64,64],"relic_stats":{"counters":[4,18],"Golden Idol":3,"obtain_stats":[{"Golden Idol":4,"Cracked Core":0},{"Golden Idol":2,"Cracked Core":0},{"Golden Idol":6,"Cracked Core":0}]},"card_choices":[{"not_picked":["The Bomb","Thinking Ahead"],"picked":"HandOfGreed","floor":0.0},{"not_picked":["Steam","Leap"],"picked":"Lockon","floor":1.0},{"not_picked":["Steam","Static Discharge"],"picked":"Coolheaded","floor":2.0}],"player_experience":2427229,"relics_obtained":[],"event_choices":[{"damage_healed":0.0,"max_hp_gain":0.0,"max_hp_loss":0.0,"gold_gain":58.0,"event_name":"Golden Wing","player_choice":"Gained Gold","floor":3.0,"gold_loss":0.0,"damage_taken":0.0},{"damage_healed":0.0,"max_hp_gain":0.0,"max_hp_loss":7.0,"gold_gain":0.0,"event_name":"Golden Idol","player_choice":"Lose Max HP","floor":4.0,"gold_loss":0.0,"damage_taken":0.0,"relics_obtained":["Golden Idol"]}],"is_beta":false,"boss_relics":[],"items_purged_floors":[],"is_endless":false,"potions_floor_spawned":[1],"killed_by":"3 Sentries","ascension_level":20}}