{"host":"l4d5err6t6pjh8c1","time":1614198611,"event":{"mods":["BaseMod","Colored Map","Hermit","Minty Spire (QoL Compilation)","Rare Cards Sparkle","StSLib","The IronCluck"],"gold_per_floor":[126,126,126,161,161,240,240,240,290,290,319,398,429,452,452,452,452],"floor_reached":16,"language":"ENG","playtime":1475,"items_purged":[],"score":110,"play_id":"b2577346-e960-4364-a199-aa332526fdbb","local_time":"20210224213011","is_ascension_mode":false,"campfire_choices":[{"data":"hermit:Determination","floor":8,"key":"SMITH"},{"floor":10,"key":"REST"},{"floor":15,"key":"REST"}],"circlet_count":0,"master_deck":["hermit:Strike_Hermit","hermit:Strike_Hermit","hermit:Strike_Hermit+1","hermit:Strike_Hermit","hermit:Defend_Hermit","hermit:Defend_Hermit","hermit:Defend_Hermit","hermit:Snapshot","hermit:Covet","Normality","hermit:DeadOrAlive+1","hermit:Snipe","Injury","hermit:Ricochet","hermit:Determination+1","hermit:Determination","hermit:FromBeyond","hermit:Gambit"],"relics":["hermit:Momento","Golden Idol","Ornamental Fan","Smiling Mask","hermit:Spyglass"],"acts_visited":["Exordium"],"potions_floor_usage":[16,16,16],"damage_taken":[{"damage":10,"enemies":"Small Slimes","floor":1,"turns":5},{"damage":15,"enemies":"Jaw Worm","floor":4,"turns":5},{"damage":28,"enemies":"Gremlin Nob","floor":6,"turns":5},{"damage":5,"enemies":"2 Louse","floor":11,"turns":2},{"damage":26,"enemies":"Lagavulin","floor":12,"turns":7},{"damage":0,"enemies":"2 Fungi Beasts","floor":13,"turns":2},{"damage":11,"enemies":"Red Slaver","floor":14,"turns":4},{"damage":35,"enemies":"Hexaghost","floor":16,"turns":9}],"seed_played":"-5820524942457886492","potions_obtained":[{"floor":12,"key":"LiquidMemories"},{"floor":13,"key":"hermit:BlackBile"},{"floor":14,"key":"Dexterity Potion"}],"is_trial":false,"path_per_floor":["M","?","?","M","?","E","?","R","T","R","M","E","M","M","R","B"],"character_chosen":"HERMIT","items_purchased":[],"campfire_rested":2,"item_purchase_floors":[],"current_hp_per_floor":[65,50,50,35,60,32,32,32,32,54,49,23,23,12,34,0,0],"gold":452,"neow_bonus":"THREE_RARE_CARDS","is_daily":false,"chose_seed":false,"campfire_upgraded":1,"win_rate":0.0,"timestamp":1614198611,"path_taken":["M","?","?","M","?","E","?","R","T","R","?","E","M","M","R","BOSS"],"items_purchased_type":[],"build_version":"2020-12-22","purchased_purges":0,"victory":false,"max_hp_per_floor":[75,75,75,75,75,75,75,75,75,75,75,75,75,75,75,75,75],"card_choices":[{"not_picked":["hermit:FatalDesire","hermit:Dissolve"],"picked":"hermit:DeadOrAlive","floor":0.0},{"not_picked":["hermit:Dive","hermit:Misfire"],"picked":"hermit:Snipe","floor":1},{"not_picked":["hermit:ItchyTrigger","hermit:DeadMansHand"],"picked":"hermit:Ricochet","floor":4},{"not_picked":["hermit:Glare","hermit:Quickdraw"],"picked":"hermit:Determination","floor":6},{"not_picked":["hermit:WideOpen","hermit:Desperado"],"picked":"hermit:Determination","floor":11},{"not_picked":["hermit:Snipe","hermit:FullyLoaded","hermit:TakeAim"],"picked":"SKIP","floor":12},{"not_picked":["hermit:Manifest","hermit:TrackingShot"],"picked":"hermit:FromBeyond","floor":13},{"not_picked":["hermit:Desperado","hermit:Misfire"],"picked":"hermit:Gambit","floor":14}],"player_experience":389039,"relics_obtained":[{"floor":6,"key":"Ornamental Fan"},{"floor":9,"key":"Smiling Mask"},{"floor":12,"key":"hermit:Spyglass"}],"event_choices":[{"damage_healed":0,"gold_gain":0,"player_choice":"Entered Light","damage_taken":15,"max_hp_gain":0,"max_hp_loss":0,"event_name":"Shining Light","floor":2,"gold_loss":0,"cards_upgraded":["hermit:Strike_Hermit","hermit:DeadOrAlive"]},{"damage_healed":0,"gold_gain":0,"player_choice":"Take Wound","damage_taken":0,"relics_obtained":["Golden Idol"],"max_hp_gain":0,"max_hp_loss":0,"event_name":"Golden Idol","floor":3,"gold_loss":0,"cards_obtained":["Injury"]},{"damage_healed":25,"gold_gain":0,"player_choice":"Banana","damage_taken":0,"max_hp_gain":0,"max_hp_loss":0,"event_name":"Big Fish","floor":5,"gold_loss":0},{"cards_removed":["hermit:Defend_Hermit"],"damage_healed":0,"gold_gain":0,"player_choice":"Purged","damage_taken":0,"max_hp_gain":0,"max_hp_loss":0,"event_name":"Purifier","floor":7,"gold_loss":0}],"is_beta":false,"boss_relics":[],"items_purged_floors":[],"is_endless":false,"potions_floor_spawned":[12,13,14],"killed_by":"Hexaghost","ascension_level":0}}