{"host":"sgdhw3pdkzxa44vc","time":1614138339,"event":{"mods":["BaseMod","Bestiary","Colored Map","Highlight Path","Minty Spire (QoL Compilation)","Relic Stats"],"gold_per_floor":[115,13,23,47,79,122,151,181,218,230,242,254,266,312,324,440,452,475,501,524,550,477,489,501,513,525,562,673,718,747,779,791,899,911,942,966,978,990,1012,1024,1062,809,860,860,880,895,411,438,438,438,438,438,22,49,49,49],"floor_reached":55,"language":"ENG","playtime":2338,"items_purged":["Strike_B","Strike_B"],"score":777,"play_id":"c16355e5-90cd-4e76-93af-8819ebaca93a","local_time":"20210224054539","is_ascension_mode":false,"campfire_choices":[{"data":"Zap","floor":10,"key":"SMITH"},{"floor":13,"key":"REST"},{"floor":15,"key":"RECALL"},{"floor":23,"key":"REST"},{"floor":25,"key":"REST"},{"floor":32,"key":"REST"},{"floor":40,"key":"REST"},{"floor":44,"key":"REST"},{"floor":49,"key":"REST"},{"floor":52,"key":"REST"}],"circlet_count":0,"master_deck":["Strike_B+1","Strike_B","Defend_B","Defend_B","Defend_B","Defend_B+1","Zap+1","Dualcast","BootSequence","Glacier","Cold Snap+1","Compile Driver+1","Loop","Sunder","Melter","Doom and Gloom+1","Electrodynamics","Steam+1","Barrage+1","Go for the Eyes+1","Defragment+1","Necronomicurse","Steam+1","Glacier+1","Thunder Strike","Glacier","Madness+1","Madness","Capacitor+1","Ball Lightning+1","Apotheosis","Cold Snap","White Noise+1","Sunder","Coolheaded+1","Capacitor+1"],"relics":["Cracked Core","MawBank","Orichalcum","Regal Pillow","Whetstone","Fusion Hammer","Emotion Chip","Necronomicon","HornCleat","Mercury Hourglass","Smiling Mask","SacredBark","MealTicket","War Paint","CaptainsWheel","Gremlin Horn","Letter Opener","Runic Capacitor","Art of War"],"acts_visited":["Exordium","TheCity","TheBeyond","TheEnding"],"potions_floor_usage":[14,16,20,27,33,45,46,48,55,55],"damage_taken":[{"damage":1,"enemies":"Cultist","floor":1,"turns":3},{"damage":0,"enemies":"Jaw Worm","floor":3,"turns":4},{"damage":0,"enemies":"Small Slimes","floor":5,"turns":4},{"damage":16,"enemies":"Gremlin Nob","floor":6,"turns":4},{"damage":3,"enemies":"Exordium Wildlife","floor":7,"turns":4},{"damage":0,"enemies":"Gremlin Gang","floor":8,"turns":5},{"damage":9,"enemies":"3 Sentries","floor":14,"turns":6},{"damage":10,"enemies":"Slime Boss","floor":16,"turns":8},{"damage":0,"enemies":"Chosen","floor":18,"turns":3},{"damage":0,"enemies":"3 Byrds","floor":19,"turns":2},{"damage":0,"enemies":"Snecko","floor":20,"turns":4},{"damage":2,"enemies":"Sentry and Sphere","floor":21,"turns":4},{"damage":12,"enemies":"Gremlin Leader","floor":27,"turns":6},{"damage":13,"enemies":"Book of Stabbing","floor":29,"turns":5},{"damage":4,"enemies":"Snake Plant","floor":30,"turns":3},{"damage":0,"enemies":"3 Cultists","floor":31,"turns":2},{"damage":23,"enemies":"Collector","floor":33,"turns":9},{"damage":0,"enemies":"3 Darklings","floor":35,"turns":5},{"damage":0,"enemies":"3 Shapes","floor":36,"turns":4},{"damage":19,"enemies":"Writhing Mass","floor":39,"turns":6},{"damage":30,"enemies":"Nemesis","floor":41,"turns":9},{"damage":0,"enemies":"Spire Growth","floor":45,"turns":5},{"damage":5,"enemies":"4 Shapes","floor":46,"turns":3},{"damage":12,"enemies":"Reptomancer","floor":48,"turns":7},{"damage":36,"enemies":"Donu and Deca","floor":50,"turns":8},{"damage":32,"enemies":"Shield and Spear","floor":54,"turns":8},{"damage":111,"enemies":"The Heart","floor":55,"turns":12}],"seed_played":"-2263561561269925788","potions_obtained":[{"floor":3,"key":"SmokeBomb"},{"floor":5,"key":"Weak Potion"},{"floor":6,"key":"SkillPotion"},{"floor":19,"key":"Block Potion"},{"floor":20,"key":"Regen Potion"},{"floor":21,"key":"Ancient Potion"},{"floor":30,"key":"Energy Potion"},{"floor":39,"key":"FairyPotion"},{"floor":41,"key":"Explosive Potion"},{"floor":46,"key":"Dexterity Potion"},{"floor":54,"key":"FearPotion"}],"is_trial":false,"path_per_floor":["M","$","M","T","M","E","M","M","T","R","?","T","R","E","R","B",null,"M","M","M","M","?","R","?","R","T","E","?","E","M","M","R","B",null,"M","M","?","?","M","R","E","$","T","R","M","M","$","E","R","B",null,"R","$","E","B"],"character_chosen":"DEFECT","items_purchased":["Glacier","Cold Snap","Apotheosis","Cold Snap","CaptainsWheel","SkillPotion","Sunder","Letter Opener","Runic Capacitor"],"campfire_rested":8,"item_purchase_floors":[2,2,42,42,47,47,47,53,53],"current_hp_per_floor":[81,81,81,81,81,65,62,62,62,62,46,46,82,73,73,63,82,82,82,82,80,80,82,66,82,82,82,82,69,65,65,82,59,82,82,82,72,72,53,82,52,67,67,82,82,77,82,70,82,46,82,82,82,50,0,0],"gold":49,"neow_bonus":"TEN_PERCENT_HP_BONUS","is_daily":false,"chose_seed":false,"campfire_upgraded":1,"win_rate":0.0,"timestamp":1614138339,"path_taken":["M","?","M","?","M","E","?","M","T","R","?","?","R","E","R","BOSS","M","M","?","M","?","R","?","R","T","E","?","E","M","M","R","BOSS","M","M","?","?","M","R","E","$","T","R","M","M","$","E","R","BOSS","R","$","E","BOSS"],"items_purchased_type":["Card","Card","Card","Card","Relic","Potion","Card","Relic","Relic"],"build_version":"2020-12-22","purchased_purges":2,"victory":false,"max_hp_per_floor":[82,82,82,82,82,82,82,82,82,82,82,82,82,82,82,82,82,82,82,82,82,82,82,82,82,82,82,82,82,82,82,82,82,82,82,82,82,82,82,82,82,82,82,82,82,82,82,82,82,82,82,82,82,82,82,82],"relic_stats":{"Regal Pillow":17,"Gremlin Horn":[2,2],"counters":[27,143],"Whetstone":["Doom and Gloom","Strike_B"],"Letter Opener":[25],"Orichalcum":[66],"War Paint":["Madness","Defend_B"],"MawBank":456,"Smiling Mask":75,"Mercury Hourglass":[361],"Emotion Chip":[93,31,49,13,0],"MealTicket":20,"Necronomicon":[27],"Art of War":[1],"obtain_stats":[{"Regal Pillow":9,"Gremlin Horn":48,"SacredBark":34,"Runic Capacitor":53,"Whetstone":14,"Letter Opener":53,"Orichalcum":6,"War Paint":43,"MawBank":4,"Smiling Mask":29,"Mercury Hourglass":27,"Emotion Chip":22,"CaptainsWheel":47,"HornCleat":26,"MealTicket":41,"Fusion Hammer":17,"Necronomicon":24,"Art of War":54,"Cracked Core":0},{"Regal Pillow":6,"Gremlin Horn":24,"SacredBark":17,"Runic Capacitor":25,"Whetstone":7,"Letter Opener":25,"Orichalcum":4,"War Paint":21,"MawBank":2,"Smiling Mask":14,"Mercury Hourglass":13,"Emotion Chip":12,"CaptainsWheel":23,"HornCleat":12,"MealTicket":21,"Fusion Hammer":8,"Necronomicon":12,"Art of War":26,"Cracked Core":0},{"Regal Pillow":24,"Gremlin Horn":115,"SacredBark":76,"Runic Capacitor":123,"Whetstone":30,"Letter Opener":123,"Orichalcum":15,"War Paint":100,"MawBank":7,"Smiling Mask":62,"Mercury Hourglass":57,"Emotion Chip":51,"CaptainsWheel":108,"HornCleat":51,"MealTicket":100,"Fusion Hammer":38,"Necronomicon":51,"Art of War":131,"Cracked Core":0}]},"card_choices":[{"not_picked":["Gash","Hello World"],"picked":"BootSequence","floor":1},{"not_picked":["Hologram","FTL"],"picked":"Compile Driver","floor":3},{"not_picked":["White Noise","Turbo"],"picked":"Loop","floor":5},{"not_picked":["Sweeping Beam","Stack"],"picked":"Sunder","floor":6},{"not_picked":["Skim","Barrage"],"picked":"Melter","floor":7},{"not_picked":["Stack","Compile Driver"],"picked":"Doom and Gloom","floor":8},{"not_picked":["Aggregate","Beam Cell","Multi-Cast"],"picked":"SKIP","floor":14},{"not_picked":["Seek","Thunder Strike"],"picked":"Electrodynamics","floor":16},{"not_picked":["Steam Power","Streamline"],"picked":"Steam+1","floor":18},{"not_picked":["Gash+1","Sweeping Beam"],"picked":"Barrage+1","floor":19},{"not_picked":["Beam Cell","Aggregate"],"picked":"Go for the Eyes+1","floor":20},{"not_picked":["Conserve Battery","Genetic Algorithm"],"picked":"Defragment+1","floor":21},{"not_picked":["Go for the Eyes","Lockon+1"],"picked":"Steam+1","floor":27},{"not_picked":["Steam","FTL","Lockon"],"picked":"SKIP","floor":29},{"not_picked":["Compile Driver","Self Repair"],"picked":"Glacier+1","floor":30},{"not_picked":["Fusion","Gash+1","Rip and Tear+1"],"picked":"SKIP","floor":31},{"not_picked":["Electrodynamics","Core Surge"],"picked":"Thunder Strike","floor":33},{"not_picked":["Beam Cell+1","Streamline"],"picked":"Glacier","floor":35},{"not_picked":["Hello World","Doom and Gloom","Loop"],"picked":"SKIP","floor":36},{"not_picked":["Melter+1","Cold Snap"],"picked":"Capacitor+1","floor":39},{"not_picked":["Sweeping Beam+1","Doom and Gloom"],"picked":"Ball Lightning+1","floor":41},{"not_picked":["Darkness","Recycle","Force Field"],"picked":"SKIP","floor":45},{"not_picked":["Capacitor","Steam+1"],"picked":"White Noise+1","floor":46},{"not_picked":["Meteor Strike","Turbo+1"],"picked":"Coolheaded+1","floor":48},{"not_picked":["Gash","Amplify"],"picked":"Capacitor+1","floor":54}],"player_experience":574550,"relics_obtained":[{"floor":4,"key":"MawBank"},{"floor":6,"key":"Orichalcum"},{"floor":9,"key":"Regal Pillow"},{"floor":14,"key":"Whetstone"},{"floor":24,"key":"Necronomicon"},{"floor":26,"key":"HornCleat"},{"floor":27,"key":"Mercury Hourglass"},{"floor":29,"key":"Smiling Mask"},{"floor":41,"key":"MealTicket"},{"floor":43,"key":"War Paint"},{"floor":48,"key":"Gremlin Horn"},{"floor":54,"key":"Art of War"}],"event_choices":[{"damage_healed":0,"gold_gain":0,"player_choice":"Entered Light","damage_taken":16,"max_hp_gain":0,"max_hp_loss":0,"event_name":"Shining Light","floor":11,"gold_loss":0,"cards_upgraded":["Compile Driver","Cold Snap"]},{"damage_healed":0,"gold_gain":0,"player_choice":"Obtained Relic","damage_taken":0,"relics_obtained":["Emotion Chip"],"max_hp_gain":0,"max_hp_loss":0,"event_name":"Addict","floor":22,"gold_loss":85},{"damage_healed":0,"gold_gain":0,"player_choice":"Obtained Book","damage_taken":16,"max_hp_gain":0,"max_hp_loss":0,"event_name":"Cursed Tome","floor":24,"gold_loss":0},{"damage_healed":0,"gold_gain":99,"player_choice":"Stole From Cult","damage_taken":0,"max_hp_gain":0,"max_hp_loss":0,"event_name":"Nest","floor":28,"gold_loss":0},{"damage_healed":0,"gold_gain":0,"player_choice":"Embrace Madness","damage_taken":10,"max_hp_gain":0,"max_hp_loss":0,"event_name":"Winding Halls","floor":37,"gold_loss":0,"cards_obtained":["Madness","Madness"]},{"damage_healed":0,"gold_gain":0,"player_choice":"Memory 1","damage_taken":0,"max_hp_gain":0,"max_hp_loss":0,"event_name":"SensoryStone","floor":38,"gold_loss":0}],"is_beta":false,"boss_relics":[{"not_picked":["Ectoplasm","Tiny House"],"picked":"Fusion Hammer"},{"not_picked":["Runic Pyramid","Busted Crown"],"picked":"SacredBark"}],"items_purged_floors":[42,47],"is_endless":false,"potions_floor_spawned":[3,5,6,19,20,21,30,39,41,46,54],"killed_by":"The Heart","ascension_level":0}}