{"host":"rm0ctv8qd8mnbkg1","time":1614188066,"event":{"mods":["Act Like it!","Aspiration","BaseMod","Beaked The Cultist","BetterRewards","Colored Map","DNKmod","Dark Map","Defuse TimeMaze Blight","Friendly Minions","Gensokyo","Hubris","Library of Ruina","Library of Ruina Extra","Marisa????????","Minty Spire (QoL Compilation)","MostiFishMod","Permanent Neow","Rare Cards Sparkle","Relic Sorter","Reliquary","Replay The Spire","Ruina","RumiaBox-????????","Shade Mod","Shop Mod","Spicy Shops","Spire Arcade","StSLib","The Animator","The Construct","The Servant 0.9.4","TheVacant","Wandering Minibosses","??????REMEMod"],"gold_per_floor":[10011,10028,10046,8623,8634,8634,8668,8668,8668,8306,8324,8324,8354,8371,8371,8466,8466,8480,8491,8510,8510,8004,8037,8037,8037,8037,8788,7949,7963,7963,7978,7978,8081,8081,8093,8103,8103,8123,7393,7419,7432,7432,7432,6480,6480,5452,5452,5465,5465,5465,5465],"floor_reached":52,"language":"ENG","playtime":1157,"items_purged":[],"score":1189,"play_id":"de71d431-9247-40bc-97d1-1a26c15eafbb","local_time":"20210224173426","is_ascension_mode":false,"campfire_choices":[{"data":"construct:SiegeForm","floor":6,"key":"SMITH"},{"data":"Poisoned Stab","floor":8,"key":"SMITH"},{"data":"Deadly Poison","floor":15,"key":"SMITH"},{"data":"Gensokyo:TurboGranny","floor":24,"key":"SMITH"},{"data":"Crippling Poison","floor":32,"key":"SMITH"},{"data":"Draining Mist","floor":42,"key":"SMITH"},{"data":"MostiFishMod:ShivMaster","floor":45,"key":"SMITH"},{"data":"MostiFishMod:SpreadingSpore","floor":47,"key":"SMITH"},{"data":"REME_Flogging","floor":49,"key":"SMITH"}],"circlet_count":0,"master_deck":["LeRegole+1","Strike_G","Strike_G","Strike_G","Strike_G","Strike_G","Defend_G","Defend_G","Defend_G","Defend_G","Defend_G","Survivor+1","Neutralize+1","construct:SiegeForm+1","Infinite Blades","Deadly Poison+1","Flying Knee","Poisoned Stab+1","All Out Attack","Flying Knee","ReplayTheSpireMod:Scrap Shanks","ReplayTheSpireMod:Scrap Shanks","REME_GreenPollution","Flechettes","Deflect","MostiFishMod:FrostNova","Gensokyo:CrescentMoonSlash","Bane","Corpse Explosion+1","Accuracy","Fluid Movement","Dagger Spray+1","Gensokyo:TurboGranny+1","Deadly Poison","Toxin Wave+1","Hidden Blade+1","ReplayTheSpireMod:Necrosis+1","Poisoned Stab+1","Sucker Punch","Crippling Poison+1","Deadly Poison","Infinite Blades","Panache","Fluid Movement+1","Cloak And Dagger","MostiFishMod:SpreadingSpore+1","Toxin Wave+1","Riddle With Holes","Draining Mist+1","Dagger Spray+1","REME_ShadowStrike+1","MostiFishMod:ShivMaster+1","Poisoned Stab+1","Toxin Wave","REME_Flogging+1","hubris:Sniper+1"],"relics":["Ring of the Snake","REME_ComplimentaryCards","DaveBox","Technique","StrikeDummy","hubris:GlazedTorus","Replay:WaspNest","Kunai","DollysMirror","OriginationStaff","MealTicket","aspiration:EmptySkull","Chemical X","reliquary:SharkskinSheath","PatriotShield","Orrery","Frozen Eye","Paper Crane","Pondfish Scales","wanderingMiniBosses:MasterThiefsPresence","PreservedInsect","ClockworkSouvenir","Strange Spoon","aspiration:Lifesprig","Mummified Hand","Black Star","Replay:Wax Seal","Boot","Molten Egg 2","reliquary:PartyBalloon","reliquary:Firecrackers","Omamori","Potion Belt","Bottled Flame","Guide Book","reliquary:BrokenClock","reliquary:RadioactivePellet","Dodecahedron","Replay:Rubber Ducky","PageOfApocalypseBird","ReplayTheSpireMod:TigerMarble"],"acts_visited":["Exordium","Gensokyo:Gensokyo","Gensokyo:Gensokyoer"],"potions_floor_usage":[50,50,50],"damage_taken":[{"damage":0,"enemies":"Gensokyo:3_Fairies","floor":1,"turns":2},{"damage":0,"enemies":"Gensokyo:2_Kodama","floor":2,"turns":2},{"damage":0,"enemies":"Gensokyo:Python","floor":3,"turns":3},{"damage":0,"enemies":"Gensokyo:2_Rabbits","floor":5,"turns":1},{"damage":7,"enemies":"Gensokyo:Aya","floor":7,"turns":4},{"damage":5,"enemies":"Gensokyo:Gryphon_and_Rabbit","floor":11,"turns":3},{"damage":0,"enemies":"Gensokyo:Mamizou","floor":13,"turns":3},{"damage":0,"enemies":"Gensokyo:VengefulSpirit","floor":14,"turns":2},{"damage":0,"enemies":"Gensokyo:Reimu","floor":16,"turns":4},{"damage":0,"enemies":"Gensokyo:Chomper","floor":18,"turns":1},{"damage":0,"enemies":"Gensokyo:3_Dogs","floor":19,"turns":2},{"damage":2,"enemies":"Gensokyo:Slime_Group","floor":20,"turns":2},{"damage":0,"enemies":"Gensokyo:Koishi","floor":23,"turns":1},{"damage":0,"enemies":"Gensokyo:Wraith","floor":27,"turns":4},{"damage":0,"enemies":"Gensokyo:Swordslinger","floor":29,"turns":1},{"damage":0,"enemies":"Gensokyo:Monolith_and_Dog","floor":31,"turns":1},{"damage":0,"enemies":"Gensokyo:Eiki","floor":33,"turns":3},{"damage":0,"enemies":"Gensokyo:AncientGuardian","floor":35,"turns":2},{"damage":0,"enemies":"Gensokyo:3_Bats","floor":36,"turns":1},{"damage":0,"enemies":"Gensokyo:3_Boulders","floor":38,"turns":1},{"damage":0,"enemies":"Gensokyo:Marisa","floor":40,"turns":2},{"damage":0,"enemies":"Gensokyo:SeedOfUnknown","floor":41,"turns":2},{"damage":0,"enemies":"Gensokyo:Dusk_and_Dawn","floor":48,"turns":2},{"damage":0,"enemies":"Gensokyo:Yuyuko","floor":50,"turns":3},{"damage":0,"enemies":"Gensokyo:Yuyuko","floor":51,"turns":3}],"seed_played":"8398366995448523478","potions_obtained":[{"floor":5,"key":"Energy Potion"},{"floor":13,"key":"Fire Potion"},{"floor":14,"key":"Adrenaline Potion"},{"floor":20,"key":"Venom Potion"},{"floor":48,"key":"GamblersBrew"}],"is_trial":false,"path_per_floor":["M","M","M","$","M","R","E","R","T","$","M","?","E","M","R","B",null,"M","M","M","?","COS","E","R","?","T","M","$","M","T","M","R","B",null,"M","M","?","M","$","E","M","R","T","$","R","$","R","M","R","B",null,null],"character_chosen":"THE_SILENT","items_purchased":["StrikeDummy","hubris:GlazedTorus","Replay:WaspNest","Kunai","All Out Attack","Flying Knee","ReplayTheSpireMod:Scrap Shanks","DollysMirror","Deflect","aspiration:EmptySkull","Chemical X","PreservedInsect","ClockworkSouvenir","Infinite Blades","Strange Spoon","Panache","aspiration:Lifesprig","Replay:Wax Seal","Boot","Draining Mist","Molten Egg 2","reliquary:PartyBalloon","Potion Belt","MostiFishMod:ShivMaster","Poisoned Stab+1","Toxin Wave","Bottled Flame","Guide Book","reliquary:BrokenClock","reliquary:RadioactivePellet","Dodecahedron","REME_Flogging","Replay:Rubber Ducky","PageOfApocalypseBird","ReplayTheSpireMod:TigerMarble"],"campfire_rested":0,"item_purchase_floors":[4,4,4,4,4,4,4,4,10,10,10,28,28,28,28,28,28,39,39,39,39,39,44,44,44,44,44,44,44,46,46,46,46,46,46],"current_hp_per_floor":[1000,1000,1000,1000,1000,1000,993,993,993,1000,995,845,845,845,845,845,1000,1000,1000,998,998,998,998,998,998,998,998,1000,1000,1000,1000,1000,1000,1000,1000,1000,1000,1000,1000,1000,1000,1000,1000,1000,1000,1000,1000,1000,1000,1000,1000],"gold":5465,"neow_bonus":"THREE_CARDS","is_daily":false,"chose_seed":false,"campfire_upgraded":9,"win_rate":0.0,"timestamp":1614188066,"path_taken":["M","M","M","$","M","R","E","R","T","$","M","?","E","?","R","BOSS","M","?","M","?","COS","E","R","?","T","M","$","M","?","M","R","BOSS","M","M","?","?","$","E","M","R","T","?","R","$","R","M","R","BOSS"],"items_purchased_type":["Relic","Relic","Relic","Relic","Card","Card","Card","Relic","Card","Relic","Relic","Relic","Relic","Card","Relic","Card","Relic","Relic","Relic","Card","Relic","Relic","Relic","Card","Card","Card","Relic","Relic","Relic","Relic","Relic","Card","Relic","Relic","Relic"],"build_version":"2020-12-22","purchased_purges":0,"victory":true,"max_hp_per_floor":[1000,1000,1000,1000,1000,1000,1000,1000,1000,1000,1000,1000,1000,1000,1000,1000,1000,1000,1000,1000,1000,1000,1000,1000,1000,1000,1000,1000,1000,1000,1000,1000,1000,1000,1000,1000,1000,1000,1000,1000,1000,1000,1000,1000,1000,1000,1000,1000,1000,1000,1000],"card_choices":[{"not_picked":["Acrobatics","PiercingWail"],"picked":"Infinite Blades","floor":0},{"not_picked":["Acrobatics","Backflip"],"picked":"Deadly Poison","floor":1},{"not_picked":["MostiFishMod:PerfectParry","Sucker Punch"],"picked":"Flying Knee","floor":2},{"not_picked":["Outmaneuver","Deadly Poison"],"picked":"Poisoned Stab","floor":3},{"not_picked":["Reflex","aspiration:Lunge"],"picked":"REME_GreenPollution","floor":5},{"not_picked":["Underhanded Strike","MostiFishMod:PerfectParry"],"picked":"Flechettes","floor":7},{"not_picked":["Dagger Throw","Underhanded Strike"],"picked":"MostiFishMod:FrostNova","floor":11},{"not_picked":["Dagger Throw","Predator"],"picked":"Bane","floor":13},{"not_picked":["Expertise","MostiFishMod:InvigoratingSolution","Predator"],"picked":"SKIP","floor":14},{"not_picked":["MostiFishMod:Opportunism","Adrenaline"],"picked":"Corpse Explosion","floor":16},{"not_picked":["Deflect","Caltrops"],"picked":"Accuracy","floor":18},{"not_picked":["Leg Sweep","Dodge and Roll+1"],"picked":"Fluid Movement","floor":19},{"not_picked":["ReplayTheSpireMod:The Works+1","Bane+1"],"picked":"Dagger Spray+1","floor":20},{"not_picked":["Blade Dance","Outmaneuver"],"picked":"Deadly Poison","floor":22},{"not_picked":["PiercingWail","Deadly Poison"],"picked":"Toxin Wave+1","floor":22},{"not_picked":["hubris:SlightOfHand","Flechettes"],"picked":"Hidden Blade+1","floor":22},{"not_picked":["Dagger Throw+1","Cloak And Dagger"],"picked":"ReplayTheSpireMod:Necrosis","floor":22},{"not_picked":["Dodge and Roll","Slice"],"picked":"Poisoned Stab+1","floor":22},{"not_picked":["Tools of the Trade","hubris:Sniper+1"],"picked":"Sucker Punch","floor":23},{"not_picked":["Escape Plan","Cloak And Dagger"],"picked":"Deadly Poison","floor":27},{"not_picked":["Slice+1","Quick Slash"],"picked":"Fluid Movement+1","floor":29},{"not_picked":["REME_ShadowStrike","Outmaneuver"],"picked":"Cloak And Dagger","floor":31},{"not_picked":["Glass Knife","REME_CopyPotion"],"picked":"MostiFishMod:SpreadingSpore","floor":33},{"not_picked":["Quick Slash+1","Hidden Blade+1"],"picked":"Toxin Wave+1","floor":35},{"not_picked":["Deflect+1","Hidden Blade+1","Dash"],"picked":"SKIP","floor":36},{"not_picked":["PiercingWail","Replay:Bag of Tricks"],"picked":"Riddle With Holes","floor":38},{"not_picked":["Blade Dance","Corpse Explosion"],"picked":"Dagger Spray+1","floor":40},{"not_picked":["Blade Dance+1","MostiFishMod:PerfectParry"],"picked":"REME_ShadowStrike+1","floor":41},{"not_picked":["PiercingWail","Flechettes+1"],"picked":"hubris:Sniper+1","floor":48}],"player_experience":308357,"relics_obtained":[{"floor":7,"key":"OriginationStaff"},{"floor":9,"key":"MealTicket"},{"floor":13,"key":"reliquary:SharkskinSheath"},{"floor":23,"key":"Paper Crane"},{"floor":26,"key":"Pondfish Scales"},{"floor":27,"key":"wanderingMiniBosses:MasterThiefsPresence"},{"floor":30,"key":"Mummified Hand"},{"floor":40,"key":"reliquary:Firecrackers"},{"floor":43,"key":"Omamori"}],"event_choices":[],"is_beta":false,"boss_relics":[{"not_picked":["FixedStarFall","SlaversCollar"],"picked":"PatriotShield"},{"not_picked":["GuanYuAspect","aspiration:SecretTechniqueScroll"],"picked":"Black Star"}],"items_purged_floors":[],"is_endless":false,"potions_floor_spawned":[3,5,13,14,20,23,29,31,35,41,48],"ascension_level":0}}