{"host":"4ih4fq53sefgqhvb","time":1614134284,"event":{"mods":["AchievementEnabler","Aspiration","Bard","BaseMod","BetterRewards","Colored Map","Colored Powertips","Conspire","Downfall","Googly Eyes","Hermit","Highlight Path","Hubris","Infinite Spire","Jedi Mod","Jorbs\u0027s Wanderer Trilogy","Marisa????????","Mimic Mod","Minty Spire (QoL Compilation)","Quick Restart","Relic Stats","Replay The Spire","Shop Mod","StSLib","The Animator","The Cursed","The Disciple","The Jungle","The Runesmith","The Servant 0.9.4"],"gold_per_floor":[99,109,9,28,39,71,119,119,19,59,82,108,132,149,175,177,177,177],"floor_reached":16,"language":"ENG","playtime":981,"items_purged":[],"score":106,"play_id":"9e9383c7-b14f-4f49-b963-c5af1a18fac2","local_time":"20210223183804","is_ascension_mode":false,"campfire_choices":[{"floor":1,"key":"RECALL"},{"floor":9,"key":"REST"}],"circlet_count":0,"master_deck":["sneckomod:Strike","sneckomod:Strike","sneckomod:Strike","sneckomod:Defend","sneckomod:Defend","sneckomod:Defend","sneckomod:TailWhip","sneckomod:SnekBite","sneckomod:Unknown","sneckomod:Unknown","animator:Curse_Nutcracker","Apotheosis","sneckomod:DiceBoulder","Ghostly","sneckomod:Nope","sneckomod:UnknownRareAttack","sneckomod:DiceCrush","hubris:Disease","animator:Curse_Nutcracker","hubris:InfiniteBlow","sneckomod:UnendingSupply","sneckomod:UnknownX","sneckomod:UnknownUncommonPower","sneckomod:Unknown1Cost","sneckomod:MorePower","sneckomod:UnknownUncommonSkill+1","sneckomod:UnknownBlock"],"relics":["sneckomod:SneckoSoul","infinitespire:Midas Blood","downfall:HeartBlessingBlue","hubris:AstralHammer"],"acts_visited":[],"potions_floor_usage":[11,14],"damage_taken":[{"damage":12,"enemies":"Small Slimes","floor":2,"turns":3},{"damage":0,"enemies":"conspire:RoseBush","floor":4,"turns":3},{"damage":12,"enemies":"Jaw Worm","floor":5,"turns":3},{"damage":63,"enemies":"Gremlin Nob","floor":6,"turns":6},{"damage":5,"enemies":"Blue Slaver","floor":11,"turns":3},{"damage":28,"enemies":"Lots of Slimes","floor":12,"turns":6},{"damage":8,"enemies":"Exordium Wildlife","floor":13,"turns":4},{"damage":0,"enemies":"Large Slime","floor":14,"turns":2},{"damage":22,"enemies":"downfall:LooterAlt","floor":15,"turns":4},{"damage":24,"enemies":"DF_ARCHETYPE_STREAMLINE","floor":16,"turns":3}],"seed_played":"-7201642817348797252","potions_obtained":[{"floor":4,"key":"FearPotion"},{"floor":6,"key":"sneckomod:MuddlingPotion"},{"floor":11,"key":"FairyPotion"},{"floor":12,"key":"Energy Potion"}],"is_trial":false,"path_per_floor":["R","M","?","M","M","E","T","?","R","?","M","M","M","M","M","B"],"character_chosen":"THE_SNECKO","items_purchased":[],"campfire_rested":1,"item_purchase_floors":[],"current_hp_per_floor":[90,78,78,78,66,3,3,3,43,43,38,10,2,2,13,0,0,0],"gold":177,"neow_bonus":"RANDOM_COLORLESS_2","is_daily":false,"chose_seed":false,"campfire_upgraded":0,"win_rate":0.0,"timestamp":1614134284,"path_taken":["R","M","?","M","M","E","T","?","R","?","M","?","M","?","M","BOSS"],"items_purchased_type":[],"build_version":"2020-12-22","purchased_purges":0,"victory":false,"max_hp_per_floor":[90,90,90,90,90,90,90,90,100,100,100,100,100,100,100,100,100,100],"relic_stats":{"counters":[10,37],"obtain_stats":[{"downfall:HeartBlessingBlue":9,"hubris:AstralHammer":10,"sneckomod:SneckoSoul":0,"infinitespire:Midas Blood":6},{"downfall:HeartBlessingBlue":4,"hubris:AstralHammer":4,"sneckomod:SneckoSoul":0,"infinitespire:Midas Blood":4},{"downfall:HeartBlessingBlue":15,"hubris:AstralHammer":15,"sneckomod:SneckoSoul":0,"infinitespire:Midas Blood":15}]},"card_choices":[{"not_picked":["Thinking Ahead","Secret Technique"],"picked":"Apotheosis","floor":0},{"not_picked":["sneckomod:DiceBlock","sneckomod:WideSting"],"picked":"sneckomod:DiceBoulder","floor":2},{"not_picked":["sneckomod:UnknownCommonAttack","sneckomod:MasterEye"],"picked":"sneckomod:Nope","floor":4},{"not_picked":["sneckomod:QuickMove","sneckomod:UnknownCommonAttack"],"picked":"sneckomod:UnknownRareAttack","floor":5},{"not_picked":["sneckomod:UnknownDraw","sneckomod:UnknownBlock"],"picked":"sneckomod:DiceCrush","floor":6},{"not_picked":["ReplayTheSpireMod:Haul","infinitespire:NeuralNetwork"],"picked":"hubris:InfiniteBlow","floor":8},{"not_picked":["sneckomod:IronFang","sneckomod:Nope"],"picked":"sneckomod:UnendingSupply","floor":10},{"not_picked":["sneckomod:RainOfDice","sneckomod:Nope"],"picked":"sneckomod:UnknownX","floor":11},{"not_picked":["sneckomod:QuickBite","sneckomod:QuickMove"],"picked":"sneckomod:UnknownUncommonPower","floor":12},{"not_picked":["sneckomod:IronFang","sneckomod:UnendingSupply"],"picked":"sneckomod:Unknown1Cost","floor":13},{"not_picked":["sneckomod:ImprovisedAttack","sneckomod:Nope"],"picked":"sneckomod:MorePower","floor":14},{"not_picked":["sneckomod:Unknown1Cost+1","sneckomod:UnknownStrike+1"],"picked":"sneckomod:UnknownUncommonSkill+1","floor":15},{"not_picked":["sneckomod:Unknown1Cost","sneckomod:CheapStock"],"picked":"sneckomod:UnknownBlock","floor":15}],"player_experience":1013243,"relics_obtained":[{"floor":6,"key":"infinitespire:Midas Blood"},{"floor":10,"key":"hubris:AstralHammer"}],"event_choices":[{"damage_healed":0,"gold_gain":0,"player_choice":"Argue","damage_taken":0,"max_hp_gain":0,"max_hp_loss":0,"event_name":"conspire:LoneGhost","floor":3,"gold_loss":0}],"is_beta":false,"boss_relics":[],"items_purged_floors":[],"is_endless":false,"potions_floor_spawned":[4,6,11,12],"killed_by":"DF_ARCHETYPE_STREAMLINE","ascension_level":0}}