{"host":"y9t3brv5y5t41vuj","time":1614166173,"event":{"mods":["AchievementEnabler","BaseMod","BetterRewards","Block Reminder","Colored Map","Colored Powertips","Conspire","Highlight Path","Hubris","Infinite Spire","Minty Spire (QoL Compilation)","Quick Restart","Replay The Spire","Shop Mod","StSLib","SuperFastMode","Unceasing Turn Reminder"],"gold_per_floor":[115,78,93,105,125,125,159,185,185,195,195],"floor_reached":10,"language":"ENG","playtime":270,"items_purged":["Strike_G","Strike_G"],"score":88,"play_id":"2182e1cb-ed1d-42e4-a858-21d49da7d4b1","local_time":"20210224122933","is_ascension_mode":true,"campfire_choices":[{"floor":6,"key":"REST"}],"circlet_count":0,"master_deck":["Strike_G","Strike_G","Strike_G","Defend_G","Defend_G","Defend_G","Defend_G","Defend_G","Survivor","Neutralize","Footwork","Catalyst","Poisoned Stab","Bouncing Flask","Well Laid Plans","Escape Plan","Deflect","Deadly Poison"],"relics":["MerchantsRug","Replay:Baseball","Akabeko","Replay:Bandana","Bronze Scales"],"acts_visited":["Exordium"],"potions_floor_usage":[10],"damage_taken":[{"damage":0,"enemies":"conspire:RoseBush","floor":1,"turns":3},{"damage":0,"enemies":"Small Slimes","floor":3,"turns":4},{"damage":6,"enemies":"Cultist","floor":4,"turns":3},{"damage":6,"enemies":"conspire:2 RoseBushes","floor":5,"turns":5},{"damage":28,"enemies":"Lagavulin","floor":7,"turns":5},{"damage":1,"enemies":"2 Fungi Beasts","floor":8,"turns":4},{"damage":13,"enemies":"3 Sentries","floor":10,"turns":5}],"seed_played":"-3870987286233171405","potions_obtained":[{"floor":3,"key":"SkillPotion"}],"is_trial":false,"path_per_floor":["M","$","M","M","M","R","E","M","T","E"],"character_chosen":"THE_SILENT","items_purchased":["Footwork","MerchantsRug","Replay:Baseball","Catalyst","Poisoned Stab","Akabeko","Well Laid Plans"],"campfire_rested":1,"item_purchase_floors":[0,0,0,0,0,0,2],"current_hp_per_floor":[32,32,32,26,20,41,13,12,12,0,0],"gold":195,"neow_bonus":"","is_daily":false,"chose_seed":false,"campfire_upgraded":0,"win_rate":0.0,"timestamp":1614166173,"path_taken":["M","$","M","M","M","R","E","M","T","E"],"items_purchased_type":["Card","Relic","Relic","Card","Card","Relic","Card"],"build_version":"2020-12-22","purchased_purges":2,"victory":false,"max_hp_per_floor":[70,70,70,70,70,70,70,70,70,70,70],"card_choices":[{"not_picked":["Dodge and Roll","Prepared"],"picked":"Bouncing Flask","floor":1},{"not_picked":["Endless Agony","Acrobatics","PiercingWail"],"picked":"SKIP","floor":3},{"not_picked":["Quick Slash","Predator","Dodge and Roll"],"picked":"SKIP","floor":4},{"not_picked":["Hidden Blade","conspire:DoublingDagger"],"picked":"Escape Plan","floor":5},{"not_picked":["Poisoned Stab","Riddle With Holes"],"picked":"Deflect","floor":7},{"not_picked":["Deflect","ReplayTheSpireMod:From All Sides"],"picked":"Deadly Poison","floor":8}],"player_experience":555688,"relics_obtained":[{"floor":7,"key":"Replay:Bandana"},{"floor":9,"key":"Bronze Scales"}],"event_choices":[],"is_beta":false,"boss_relics":[],"items_purged_floors":[0,0],"is_endless":false,"potions_floor_spawned":[3],"killed_by":"3 Sentries","ascension_level":5}}