{"host":"pirkuvwza0ghvq8i","time":1614133289,"event":{"mods":["Aspiration","BaseMod","Colored Map","Colored Powertips","DeckTracker","Highlight Path","Hubris","Infinite Spire","Minty Spire (QoL Compilation)","Quick Restart","Random Character Button","Relic Sorter","Replay The Spire","StSLib","Synergy Search","The Cursed","The Disciple","The Jungle","The Runesmith"],"gold_per_floor":[110,127,127,144,158,192,192,192,19,37,60,71,71,89,89,105,105,210,210,210,210],"floor_reached":20,"language":"ENG","playtime":2437,"items_purged":["Strike_G"],"score":176,"play_id":"fb6ca8e1-6355-459e-8806-7153fec944bb","local_time":"20210223182129","is_ascension_mode":false,"campfire_choices":[{"floor":13,"key":"REST"},{"data":"Caltrops","floor":15,"key":"SMITH"},{"floor":17,"key":"REST"}],"circlet_count":0,"master_deck":["Strike_G","Strike_G","Strike_G","Strike_G","Defend_G","Defend_G","Defend_G","Defend_G","Defend_G","Survivor","Neutralize","Slice","ReplayTheSpireMod:Scrap Shanks","Flying Knee","Poisoned Stab","Infinite Blades","Specialist","Caltrops+1","Blade Dance","Backstab","ReplayTheSpireMod:Speed Training","Corpse Explosion"],"relics":["Ring of the Snake","Ancient Tea Set","infinitespire:CursedDice","Regal Pillow","aspiration:MobileForge"],"acts_visited":["Exordium","Exordium"],"potions_floor_usage":[6,18,18],"damage_taken":[{"damage":0,"enemies":"Cultist","floor":1,"turns":6},{"damage":0,"enemies":"Small Slimes","floor":2,"turns":3},{"damage":3,"enemies":"infinitespire:Voidling","floor":4,"turns":5},{"damage":4,"enemies":"Lots of Slimes","floor":5,"turns":5},{"damage":20,"enemies":"Gremlin Nob","floor":6,"turns":5},{"damage":1,"enemies":"Exordium Wildlife","floor":10,"turns":4},{"damage":12,"enemies":"Large Slime","floor":12,"turns":5},{"damage":15,"enemies":"Exordium Thugs","floor":14,"turns":5},{"damage":5,"enemies":"Looter","floor":16,"turns":2},{"damage":85,"enemies":"Fading Forest","floor":18,"turns":11},{"damage":0,"enemies":"theJungle:5_Spyders","floor":20,"turns":2}],"seed_played":"1375680896804252382","potions_obtained":[{"floor":1,"key":"Adrenaline Potion"},{"floor":6,"key":"SpeedPotion"},{"floor":14,"key":"SkillPotion"}],"is_trial":false,"path_per_floor":["M","M","?","M","M","E","PTL","PTL","$","M","T","M","R","M","R","M","R","B",null,"M"],"character_chosen":"THE_SILENT","items_purchased":["Specialist"],"campfire_rested":2,"item_purchase_floors":[9],"current_hp_per_floor":[70,70,70,67,63,43,43,43,43,42,42,30,66,51,51,46,70,42,70,70,70],"gold":210,"neow_bonus":"RANDOM_COMMON_RELIC","is_daily":false,"chose_seed":false,"campfire_upgraded":1,"win_rate":0.0,"timestamp":1614133289,"path_taken":["M","?","?","?","M","E","PTL","PTL","$","?","T","M","R","?","R","M","R","BOSS","M"],"items_purchased_type":["Card"],"build_version":"2020-12-22","purchased_purges":1,"victory":false,"max_hp_per_floor":[70,70,70,70,70,70,70,70,70,70,70,70,70,70,70,70,70,70,70,70,70],"card_choices":[{"not_picked":["Sucker Punch","Quick Slash"],"picked":"Slice","floor":1},{"not_picked":["Quick Slash","Prepared"],"picked":"ReplayTheSpireMod:Scrap Shanks","floor":2},{"not_picked":["Dodge and Roll","PiercingWail"],"picked":"Flying Knee","floor":4},{"not_picked":["Bane","Hidden Blade"],"picked":"Poisoned Stab","floor":5},{"not_picked":["Storm of Steel","Riddle With Holes"],"picked":"Infinite Blades","floor":6},{"not_picked":["Underhanded Strike","Predator"],"picked":"Caltrops","floor":10},{"not_picked":["Bullet Time","Distraction"],"picked":"Blade Dance","floor":12},{"not_picked":["Sneak Up","Hidden Blade"],"picked":"Backstab","floor":14},{"not_picked":["Deflect","hubris:SlightOfHand"],"picked":"ReplayTheSpireMod:Speed Training","floor":16},{"not_picked":["Atom Bomb","ReplayTheSpireMod:From All Sides"],"picked":"Corpse Explosion","floor":18}],"player_experience":113903,"relics_obtained":[{"floor":6,"key":"infinitespire:CursedDice"},{"floor":11,"key":"Regal Pillow"}],"event_choices":[{"damage_healed":0,"gold_gain":0,"player_choice":"Ignored","damage_taken":0,"max_hp_gain":0,"max_hp_loss":0,"event_name":"NoteForYourself","floor":3,"gold_loss":0}],"is_beta":false,"boss_relics":[{"not_picked":["aspiration:FutureDiary","SlaversCollar"],"picked":"aspiration:MobileForge"}],"items_purged_floors":[9],"is_endless":false,"potions_floor_spawned":[1,6,14],"killed_by":"theJungle:5_Spyders","ascension_level":0}}