{"host":"0cm5wy4nhuju7tij","time":1614152148,"event":{"mods":["2.2 Compatiblity","AchievementEnabler","BaseMod","Better Third Choice","BetterRewards","Colored Powertips","Curses Come First","Custom Start","Displayed Cursed Tome","Downfall","Energized Spire","Evolution","Filter the Spire","Fireblade Mod","Hermit","Highlight Path","Jess\u0027s Bottle","Minty Spire (QoL Compilation)","Permanent Neow","Poor People Problems","Relic Filter Mod","Shop Mod","Spicy Shops","StSLib","The Cursed","The Servant 0.9.4","TheSwordswoman","TheVacant","Weighted Paths"],"gold_per_floor":[117,129,149,163,113,113,113],"floor_reached":6,"language":"ENG","playtime":486,"items_purged":[],"score":38,"play_id":"5e7f53d3-d282-4088-a3b8-0db1fc60f985","local_time":"20210224023548","is_ascension_mode":false,"campfire_choices":[],"circlet_count":0,"master_deck":["hermit:Strike_Hermit","hermit:Strike_Hermit","hermit:Strike_Hermit","hermit:Defend_Hermit","hermit:Defend_Hermit","hermit:Defend_Hermit","hermit:Defend_Hermit","hermit:Snapshot","hermit:Covet","hermit:Desperado","hermit:Ricochet","hermit:Combo","hermit:BodyArmor","hermit:Quickdraw"],"relics":["hermit:Momento","EVO:Axolotl"],"acts_visited":["Exordium"],"potions_floor_usage":[],"damage_taken":[{"damage":5,"enemies":"Jaw Worm","floor":1,"turns":3},{"damage":0,"enemies":"Small Slimes","floor":2,"turns":3},{"damage":2,"enemies":"2 Louse","floor":3,"turns":3},{"damage":19,"enemies":"Lots of Slimes","floor":4,"turns":5},{"damage":50,"enemies":"3 Sentries","floor":6,"turns":10}],"seed_played":"4892910014080983435","potions_obtained":[{"floor":3,"key":"EssenceOfSteel"}],"is_trial":false,"path_per_floor":["M","M","M","M","?","E"],"character_chosen":"HERMIT","items_purchased":[],"campfire_rested":0,"item_purchase_floors":[],"current_hp_per_floor":[70,70,68,49,49,0,0],"gold":113,"neow_bonus":"THREE_CARDS","is_daily":false,"chose_seed":false,"campfire_upgraded":0,"win_rate":0.0,"timestamp":1614152148,"path_taken":["M","M","M","M","?","E"],"items_purchased_type":[],"build_version":"2020-12-22","purchased_purges":0,"victory":false,"max_hp_per_floor":[75,75,75,75,75,75,75],"card_choices":[{"not_picked":["hermit:ItchyTrigger","hermit:Vantage"],"picked":"hermit:Desperado","floor":0},{"not_picked":["hermit:BodyArmor","hermit:LowProfile"],"picked":"hermit:Ricochet","floor":1},{"not_picked":["hermit:Horror","hermit:EyeOfTheStorm"],"picked":"hermit:Combo","floor":2},{"not_picked":["hermit:NoHoldsBarred","hermit:HoleUp"],"picked":"hermit:BodyArmor","floor":3},{"not_picked":["hermit:Manifest","hermit:Ricochet"],"picked":"hermit:Quickdraw","floor":4}],"player_experience":458701,"relics_obtained":[],"event_choices":[{"cards_removed":["hermit:Strike_Hermit"],"damage_healed":0,"gold_gain":0,"player_choice":"Card Removal","damage_taken":0,"max_hp_gain":0,"max_hp_loss":0,"event_name":"The Cleric","floor":5,"gold_loss":50}],"is_beta":false,"boss_relics":[],"items_purged_floors":[],"is_endless":false,"potions_floor_spawned":[3,4],"killed_by":"3 Sentries","ascension_level":0}}