{"host":"snd6571rw3150vxe","time":1614209738,"event":{"mods":["AchievementEnabler","BaseMod","Bestiary","Colored Powertips","Highlight Path","Minty Spire (QoL Compilation)","Quick Restart","Random Character Button","Relic Stats","StSLib","slay the spire mod where everything is the same but ironclad has a cowboy hat"],"gold_per_floor":[117,128,128,128,128,128,155,155,155,155,170,170,186,213,213,314,614,624,624,374,374,464,489,316,316,316,329,361,377,389,389,389,389,389],"floor_reached":33,"language":"ENG","playtime":2624,"items_purged":[],"score":341,"play_id":"3a317de5-16ed-4c79-a269-ec22d0fd0b5b","local_time":"20210225013538","is_ascension_mode":false,"campfire_choices":[{"floor":6,"key":"REST"},{"data":"Cleave","floor":8,"key":"SMITH"},{"data":"Sword Boomerang","floor":12,"key":"SMITH"},{"data":"Wild Strike","floor":15,"key":"SMITH"},{"floor":25,"key":"REST"},{"floor":32,"key":"REST"}],"circlet_count":0,"master_deck":["Strike_R","Strike_R","Strike_R","Strike_R","Strike_R","Defend_R","Defend_R","Defend_R","Defend_R","Bash","Cleave+1","Sword Boomerang+1","Fire Breathing","Wild Strike+1","Feed","CurseOfTheBell","Clothesline+1","Thunderclap","Wild Strike","Shrug It Off"],"relics":["Burning Blood","HornCleat","Question Card","Centennial Puzzle","Potion Belt","Calling Bell","Happy Flower","Letter Opener","Old Coin","Frozen Egg 2","Pantograph","Oddly Smooth Stone","Bottled Flame","Ancient Tea Set","Paper Frog"],"acts_visited":["Exordium","TheCity"],"potions_floor_usage":[18,23,28,28,28,30,33],"damage_taken":[{"damage":6,"enemies":"2 Louse","floor":1,"turns":4},{"damage":7,"enemies":"Small Slimes","floor":2,"turns":4},{"damage":22,"enemies":"3 Sentries","floor":7,"turns":8},{"damage":0,"enemies":"Cultist","floor":11,"turns":3},{"damage":0,"enemies":"Looter","floor":13,"turns":3},{"damage":21,"enemies":"Gremlin Nob","floor":14,"turns":4},{"damage":30,"enemies":"Slime Boss","floor":16,"turns":7},{"damage":10,"enemies":"3 Byrds","floor":18,"turns":6},{"damage":34,"enemies":"Slavers","floor":23,"turns":4},{"damage":20,"enemies":"2 Thieves","floor":27,"turns":3},{"damage":39,"enemies":"Gremlin Leader","floor":28,"turns":7},{"damage":13,"enemies":"Snake Plant","floor":29,"turns":4},{"damage":18,"enemies":"Sentry and Sphere","floor":30,"turns":5},{"damage":84,"enemies":"Automaton","floor":33,"turns":10}],"seed_played":"5791504173585226166","potions_obtained":[{"floor":1,"key":"SkillPotion"},{"floor":7,"key":"Strength Potion"},{"floor":14,"key":"GamblersBrew"},{"floor":23,"key":"BlessingOfTheForge"},{"floor":29,"key":"GamblersBrew"},{"floor":30,"key":"Fire Potion"}],"is_trial":false,"path_per_floor":["M","M","$","?","?","R","E","R","T","?","M","R","M","E","R","B",null,"M","?","$","?","?","E","$","R","T","M","E","M","M","?","R","B"],"character_chosen":"IRONCLAD","items_purchased":["Frozen Egg 2","Oddly Smooth Stone","Wild Strike"],"campfire_rested":3,"item_purchase_floors":[20,24,24],"current_hp_per_floor":[72,71,71,76,64,94,78,78,78,78,84,84,90,75,75,51,101,100,100,100,100,82,57,57,89,89,75,45,38,26,26,59,0,0],"gold":389,"neow_bonus":"TWENTY_PERCENT_HP_BONUS","is_daily":false,"chose_seed":false,"campfire_upgraded":3,"win_rate":0.0,"timestamp":1614209738,"path_taken":["M","M","$","?","?","R","E","R","T","?","?","R","M","E","R","BOSS","M","?","$","?","?","E","$","R","T","M","E","?","M","?","R","BOSS"],"items_purchased_type":["Relic","Relic","Card"],"build_version":"2020-12-22","purchased_purges":0,"victory":false,"max_hp_per_floor":[96,96,96,101,101,101,101,101,101,101,101,101,101,101,101,101,101,104,104,104,104,104,107,107,107,107,107,110,110,110,110,110,110,110],"relic_stats":{"Centennial Puzzle":[27],"Happy Flower":[13],"counters":[14,72],"Pantograph":25,"Letter Opener":[0],"Question Card":11,"obtain_stats":[{"Potion Belt":14,"Happy Flower":17,"Oddly Smooth Stone":24,"Letter Opener":17,"Frozen Egg 2":20,"Question Card":7,"Ancient Tea Set":28,"Burning Blood":0,"Old Coin":17,"Calling Bell":17,"Centennial Puzzle":9,"Bottled Flame":26,"HornCleat":5,"Pantograph":23,"Paper Frog":31},{"Potion Belt":6,"Happy Flower":7,"Oddly Smooth Stone":9,"Letter Opener":7,"Frozen Egg 2":8,"Question Card":3,"Ancient Tea Set":11,"Burning Blood":0,"Old Coin":7,"Calling Bell":7,"Centennial Puzzle":3,"Bottled Flame":9,"HornCleat":2,"Pantograph":9,"Paper Frog":13},{"Potion Belt":26,"Happy Flower":33,"Oddly Smooth Stone":43,"Letter Opener":33,"Frozen Egg 2":39,"Question Card":16,"Ancient Tea Set":53,"Burning Blood":0,"Old Coin":33,"Calling Bell":33,"Centennial Puzzle":16,"Bottled Flame":43,"HornCleat":8,"Pantograph":43,"Paper Frog":62}],"Burning Blood":78},"card_choices":[{"not_picked":["Rupture","Warcry","Shrug It Off"],"picked":"SKIP","floor":1},{"not_picked":["Dropkick","Twin Strike"],"picked":"Cleave","floor":2},{"not_picked":["Entrench","Clash","Dropkick"],"picked":"SKIP","floor":7},{"not_picked":["Shrug It Off","Rampage","Body Slam"],"picked":"Sword Boomerang","floor":11},{"not_picked":["Twin Strike","Ghostly Armor","Body Slam"],"picked":"Fire Breathing","floor":13},{"not_picked":["Sword Boomerang","Headbutt","Power Through"],"picked":"Wild Strike","floor":14},{"not_picked":["Fiend Fire","Impervious","Brutality"],"picked":"Feed","floor":16},{"not_picked":["Second Wind+1","Intimidate+1","Shrug It Off"],"picked":"Clothesline+1","floor":18},{"not_picked":["Cleave","Shrug It Off","Headbutt"],"picked":"Thunderclap","floor":23},{"not_picked":["Corruption+1","Headbutt","Sword Boomerang","Havoc"],"picked":"SKIP","floor":27},{"not_picked":["Entrench","Battle Trance","Heavy Blade+1","Armaments"],"picked":"SKIP","floor":28},{"not_picked":["Havoc","Entrench","Searing Blow","True Grit"],"picked":"SKIP","floor":29},{"not_picked":["Heavy Blade","Thunderclap","Blood for Blood"],"picked":"Shrug It Off","floor":30}],"player_experience":422070,"relics_obtained":[{"floor":7,"key":"Question Card"},{"floor":9,"key":"Centennial Puzzle"},{"floor":14,"key":"Potion Belt"},{"floor":17,"key":"Happy Flower"},{"floor":17,"key":"Letter Opener"},{"floor":17,"key":"Old Coin"},{"floor":23,"key":"Pantograph"},{"floor":26,"key":"Bottled Flame"},{"floor":28,"key":"Ancient Tea Set"}],"event_choices":[{"damage_healed":0,"gold_gain":0,"player_choice":"Donut","damage_taken":0,"max_hp_gain":5,"max_hp_loss":0,"event_name":"Big Fish","floor":4,"gold_loss":0},{"damage_healed":0,"gold_gain":0,"player_choice":"Success","damage_taken":12,"relics_obtained":["HornCleat"],"max_hp_gain":0,"max_hp_loss":0,"event_name":"Scrap Ooze","floor":5,"gold_loss":0},{"damage_healed":0,"gold_gain":0,"player_choice":"Bought 0 Potions","damage_taken":0,"max_hp_gain":0,"max_hp_loss":0,"event_name":"The Woman in Blue","floor":10,"gold_loss":0},{"damage_healed":0,"gold_gain":0,"player_choice":"Ignored","damage_taken":0,"max_hp_gain":0,"max_hp_loss":0,"event_name":"Vampires","floor":19,"gold_loss":0},{"damage_healed":0,"gold_gain":0,"player_choice":"Ignored","damage_taken":0,"max_hp_gain":0,"max_hp_loss":0,"event_name":"Beggar","floor":21,"gold_loss":0},{"damage_healed":0,"gold_gain":90,"player_choice":"POTION GOLD ","damage_taken":18,"max_hp_gain":0,"max_hp_loss":0,"event_name":"Knowing Skull","floor":22,"potions_obtained":["HeartOfIron"],"gold_loss":0,"cards_obtained":[]},{"damage_healed":0,"gold_gain":90,"player_choice":"POTION GOLD ","damage_taken":18,"max_hp_gain":0,"max_hp_loss":0,"event_name":"Knowing Skull","floor":22,"potions_obtained":["HeartOfIron"],"gold_loss":0,"cards_obtained":[]},{"damage_healed":0,"gold_gain":0,"player_choice":"Opened","damage_taken":0,"relics_obtained":["Paper Frog"],"max_hp_gain":0,"max_hp_loss":0,"event_name":"The Mausoleum","floor":31,"gold_loss":0}],"is_beta":false,"boss_relics":[{"not_picked":["Sozu","Fusion Hammer"],"picked":"Calling Bell"}],"items_purged_floors":[],"is_endless":false,"potions_floor_spawned":[1,7,14,23,29,30],"killed_by":"Automaton","ascension_level":0}}