{"host":"llzxi9jqk7yykm8l","time":1614140425,"event":{"mods":["BaseMod","Colored Map","Highlight Path","Minty Spire (QoL Compilation)","Replay The Spire","StSLib","Transform Curses"],"gold_per_floor":[117,135,154,169,181,181,181,199,199,214,230,250,47,47,47,148,148,128,141,155,254,268,268,268,268],"floor_reached":24,"language":"ENG","playtime":1596,"items_purged":[],"score":196,"play_id":"72a4074f-e674-4dc2-95f4-dd549016e84d","local_time":"20210223222025","is_ascension_mode":false,"campfire_choices":[{"data":"Anger","floor":6,"key":"SMITH"},{"data":"Shrug It Off","floor":15,"key":"SMITH"},{"floor":23,"key":"REST"}],"circlet_count":0,"master_deck":["Strike_R","Strike_R","Strike_R","Strike_R","Strike_R","Defend_R","Defend_R","Defend_R","Defend_R","Bash","Wild Strike","Pommel Strike","Twin Strike","Anger+1","Perfected Strike","ReplayTheSpireMod:Strike From Hell","Shrug It Off+1","Armaments","Cleave","Twin Strike","Limit Break","Thunderclap","ReplayTheSpireMod:Stacked+1","Wild Strike+1"],"relics":["Burning Blood","NeowsBlessing","HornCleat","Sling","Ring of Hypnosis"],"acts_visited":["Exordium","TheCity"],"potions_floor_usage":[16,18,22],"damage_taken":[{"damage":0,"enemies":"Small Slimes","floor":1,"turns":1},{"damage":0,"enemies":"Cultist","floor":2,"turns":1},{"damage":0,"enemies":"Jaw Worm","floor":3,"turns":1},{"damage":1,"enemies":"2 Fungi Beasts","floor":4,"turns":4},{"damage":4,"enemies":"Gremlin Gang","floor":5,"turns":6},{"damage":12,"enemies":"Blue Slaver","floor":8,"turns":3},{"damage":7,"enemies":"3 Louse","floor":10,"turns":2},{"damage":0,"enemies":"Red Slaver","floor":11,"turns":3},{"damage":1,"enemies":"Large Slime","floor":12,"turns":4},{"damage":28,"enemies":"Slime Boss","floor":16,"turns":10},{"damage":0,"enemies":"2 Thieves","floor":18,"turns":4},{"damage":20,"enemies":"Spheric Guardian","floor":19,"turns":4},{"damage":14,"enemies":"3 Cultists","floor":20,"turns":6},{"damage":48,"enemies":"Snake Plant","floor":22,"turns":7},{"damage":41,"enemies":"Shelled Parasite and Fungi","floor":24,"turns":6}],"seed_played":"6442426905899671411","potions_obtained":[{"floor":3,"key":"Death Potion"},{"floor":4,"key":"Venom Potion"},{"floor":7,"key":"Ancient Potion"},{"floor":7,"key":"Ancient Potion"},{"floor":11,"key":"Languid Potion"},{"floor":16,"key":"Block Potion"},{"floor":18,"key":"BlessingOfTheForge"},{"floor":19,"key":"EssenceOfSteel"}],"is_trial":false,"path_per_floor":["M","M","M","M","M","R","?","M","T","M","M","M","$","?","R","B",null,"M","M","M","?","M","R","M"],"character_chosen":"IRONCLAD","items_purchased":["Sling","Twin Strike"],"campfire_rested":1,"item_purchase_floors":[13,13],"current_hp_per_floor":[80,80,80,80,80,80,80,74,74,73,79,80,80,80,80,58,80,80,66,58,58,16,40,0,0],"gold":268,"neow_bonus":"THREE_ENEMY_KILL","is_daily":false,"chose_seed":false,"campfire_upgraded":2,"win_rate":0.0,"timestamp":1614140425,"path_taken":["M","M","M","M","M","R","?","M","T","M","M","M","$","?","R","BOSS","M","M","M","?","M","R","M"],"items_purchased_type":["Relic","Card"],"build_version":"2020-12-22","purchased_purges":0,"victory":false,"max_hp_per_floor":[80,80,80,80,80,80,80,80,80,80,80,80,80,80,80,80,80,80,80,80,80,80,80,80,80],"card_choices":[{"not_picked":["Power Through","Run Through"],"picked":"Wild Strike","floor":1},{"not_picked":["Sword Boomerang","ReplayReversal"],"picked":"Pommel Strike","floor":2},{"not_picked":["Reckless Charge","Run Through"],"picked":"Twin Strike","floor":3},{"not_picked":["Twin Strike","Dropkick"],"picked":"Anger","floor":4},{"not_picked":["Combust","Rupture"],"picked":"Perfected Strike","floor":5},{"not_picked":["Clothesline","Sword Boomerang"],"picked":"ReplayTheSpireMod:Strike From Hell","floor":8},{"not_picked":["Pommel Strike","Clothesline"],"picked":"Shrug It Off","floor":10},{"not_picked":["Carnage","Limit Break"],"picked":"Armaments","floor":11},{"not_picked":["ReplayTheSpireMod:LeadingStrike","Armaments"],"picked":"Cleave","floor":12},{"not_picked":["Berserk","Eclipse"],"picked":"Limit Break","floor":16},{"not_picked":["True Grit","Havoc"],"picked":"Thunderclap","floor":18},{"not_picked":["Hemokinesis","Searing Blow"],"picked":"ReplayTheSpireMod:Stacked+1","floor":19},{"not_picked":["Second Wind","Replay:Undeath\u0027s Touch","Combust"],"picked":"SKIP","floor":20},{"not_picked":["Dropkick","Clash"],"picked":"Wild Strike+1","floor":22}],"player_experience":2449098,"relics_obtained":[{"floor":9,"key":"HornCleat"},{"floor":14,"key":"Ring of Hypnosis"}],"event_choices":[{"damage_healed":0,"gold_gain":0,"player_choice":"Got Potions","damage_taken":0,"max_hp_gain":0,"max_hp_loss":0,"event_name":"Lab","floor":7,"gold_loss":0},{"damage_healed":0,"gold_gain":99,"player_choice":"Stole From Cult","damage_taken":0,"max_hp_gain":0,"max_hp_loss":0,"event_name":"Nest","floor":21,"gold_loss":0}],"is_beta":false,"boss_relics":[{"not_picked":["Runic Dome","Runic Pyramid","Replay:Drink Me"]}],"items_purged_floors":[],"is_endless":false,"potions_floor_spawned":[3,4,11,12,16,18,19],"killed_by":"Shelled Parasite and Fungi","ascension_level":0}}