{"host":"pletss163z7s8pvv","time":1614133241,"event":{"mods":["AchievementEnabler","Act Like it!","AlwaysNeverKeys","BaseMod","Better Altar","Better Match","Better Note","Better Sensory Stone","Better Skull","Better Third Choice","BetterRewards","Bossed Relics","CapriCore","ChefMod","Colored Map","Colored Powertips","Conspire","Dio Mod","Displayed Cursed Tome","Energized Spire","Evolution","Gensokyo","GifTheSpireLib","Hallownest","Hermit","Ironclad Rager","Jedi Mod","Marisa????????","Marked Mod","Minty Spire (QoL Compilation)","Reliquary","Replay The Spire","Retaliation","Ruina","Somnambulant","Spicy Shops","StS++","StSLib","The Administrix","The Alterego","The Animator","The Blue Laboratory","The Bug Knight","The Construct","The Cursed","The Disciple","The Forsaken","The Hierophant","The Necromancer","The Saiyan","The Vixen","The Wild Card","TheVacant","Transform Curses"],"gold_per_floor":[111,123,139,24,0,0,10,10,59,59,76,94,119,132,132,228,228,245,245,245,255,33,65,85,85,85,85,7,25,25,43,43,142,142,154,154,224,236,11,11,25,25,52,52,52,63,63,83,83,83,83,83,9,9,9],"floor_reached":54,"language":"ENG","playtime":2271,"items_purged":["jedi:BattleThirst","Doubt"],"score":559,"play_id":"99adc747-af22-482b-8958-0f56d6df1da5","local_time":"20210223202041","is_ascension_mode":false,"campfire_choices":[{"floor":6,"key":"REST"},{"data":"theWildCard:Lucifer","floor":10,"key":"SMITH"},{"floor":15,"key":"REST"},{"data":"theWildCard:PowerOfTheArcana","floor":27,"key":"SMITH"},{"data":"theWildCard:PowerOfTheArcana","floor":27,"key":"SMITH"},{"data":"theWildCard:PowerOfTheArcana","floor":30,"key":"SMITH"},{"data":"theWildCard:StingingStrike","floor":30,"key":"SMITH"},{"floor":32,"key":"REST"},{"floor":40,"key":"REST"},{"floor":42,"key":"RECALL"},{"floor":44,"key":"REST"},{"floor":49,"key":"REST"},{"data":"Replay:BasicMightCard","floor":52,"key":"SMITH"},{"data":"theWildCard:StingingStrike","floor":52,"key":"SMITH"}],"circlet_count":0,"master_deck":["theWildCard:BasicStrike","theWildCard:BasicStrike","theWildCard:BasicStrike","theWildCard:BasicStrike","theWildCard:BasicDefend","theWildCard:BasicDefend","theWildCard:BasicDefend","theWildCard:BasicDefend","theWildCard:CallToAdventure","theWildCard:Arsene","theWildCard:ArcaneArts","theWildCard:SeveringSlash","theWildCard:Lucifer+1","theWildCard:MagicalMight","theWildCard:MaskChange","theWildCard:PowerOfTheArcana+1","theWildCard:CryOfAgony","theWildCard:StingingStrike+1","theWildCard:PowerOfTheArcana+1","theWildCard:Loki","theWildCard:Caesar","theWildCard:Sakuya+1","theWildCard:StingingStrike+1","theWildCard:ArcanaArtistry+1","theWildCard:PowerOfTheArcana+1","theWildCard:EnergizedStroke","theWildCard:StingingStrike+1","theWildCard:Thanatos","theWildCard:ArcanaArtistry+1","theWildCard:StingingStrike+1","theWildCard:Metatron+1","theWildCard:Providence+1","theWildCard:TheUniverse","theWildCard:Polydeuces","theWildCard:ArcanaArtistry+1","Replay:BasicMightCard+1","jedi:LeechingStrike","theWildCard:ArcaneArts+1","theWildCard:MagicalMight+1","theWildCard:CryOfAgony+1","theWildCard:Salvation","theWildCard:ChangingDestiny","theWildCard:SeveringSlash","theWildCard:StalwartBlade+1"],"relics":["theWildCard:VelvetContract","EVO:Axolotl","Replay:Wax Seal","Replay:Multitool","ReplayTheSpireMod:DimensionalGlitch","Lizard Tail","Membership Card","Replay:Arrowhead","Shuriken","reliquary:Stiletto","theForsaken:PaleLantern","Toy Ornithopter","ReplayTheSpireMod:CursedCoin","Regal Pillow","Orichalcum","Orrery"],"acts_visited":["Exordium","TheCity","TheBeyond","TheEnding"],"potions_floor_usage":[16,16,23,33,50,50,50],"damage_taken":[{"damage":4,"enemies":"conspire:RoseBush","floor":1,"turns":3},{"damage":0,"enemies":"Cultist","floor":2,"turns":3},{"damage":14,"enemies":"2 Louse","floor":3,"turns":2},{"damage":20,"enemies":"Lots of Slimes","floor":7,"turns":4},{"damage":2,"enemies":"Blue Slaver","floor":11,"turns":4},{"damage":8,"enemies":"2 Fungi Beasts","floor":12,"turns":3},{"damage":15,"enemies":"Gremlin Nob","floor":13,"turns":5},{"damage":5,"enemies":"Exordium Wildlife","floor":14,"turns":2},{"damage":29,"enemies":"Hexaghost","floor":16,"turns":8},{"damage":14,"enemies":"conspire:FuzzyDice","floor":18,"turns":6},{"damage":7,"enemies":"3 Byrds","floor":21,"turns":7},{"damage":0,"enemies":"conspire:Head Lice","floor":23,"turns":2},{"damage":11,"enemies":"Cultist and Chosen","floor":24,"turns":3},{"damage":11,"enemies":"3 Cultists","floor":29,"turns":3},{"damage":30,"enemies":"Snake Plant","floor":31,"turns":5},{"damage":8,"enemies":"Collector","floor":33,"turns":5},{"damage":27,"enemies":"3 Shapes","floor":35,"turns":3},{"damage":20,"enemies":"Orb Walker","floor":38,"turns":3},{"damage":18,"enemies":"4 Shapes","floor":41,"turns":2},{"damage":3,"enemies":"Sphere and 2 Shapes","floor":46,"turns":2},{"damage":33,"enemies":"3 Darklings","floor":48,"turns":4},{"damage":139,"enemies":"Replay:Hell Engine","floor":50,"turns":11},{"damage":67,"enemies":"Shield and Spear","floor":54,"turns":5}],"seed_played":"-1059816712956659500","potions_obtained":[{"floor":2,"key":"blueLaboratory:Moonshine"},{"floor":11,"key":"blueLaboratory:TrueEctoplasm"},{"floor":12,"key":"Explosive Potion"},{"floor":13,"key":"blueLaboratory:RememoryPotion"},{"floor":18,"key":"blueLaboratory:PhilterOfMotion"},{"floor":20,"key":"blueLaboratory:ForbiddenFruitJuice"},{"floor":20,"key":"ColorlessPotion"},{"floor":24,"key":"blueLaboratory:AbyssPotion"},{"floor":29,"key":"blueLaboratory:ImpenetrablePotion"},{"floor":35,"key":"Energy Potion"},{"floor":41,"key":"PowerPotion"}],"is_trial":false,"path_per_floor":["M","M","M","$","?","R","M","?","T","R","M","M","E","M","R","B",null,"M","?","?","M","$","E","M","?","T","R","$","M","R","M","R","B",null,"M","?","?","M","$","R","M","R","T","R","?","M","?","M","R","B",null,"R","$","E"],"character_chosen":"THE_WILD_CARD","items_purchased":["theWildCard:MagicalMight","theWildCard:MaskChange","Membership Card","reliquary:Stiletto","ReplayTheSpireMod:CursedCoin","Regal Pillow","theWildCard:TheUniverse","Strength Potion","theWildCard:Polydeuces","Orrery"],"campfire_rested":6,"item_purchase_floors":[4,4,22,28,39,39,39,39,39,53],"current_hp_per_floor":[62,62,48,48,54,72,52,52,52,52,50,42,27,22,43,14,72,58,58,58,53,53,53,50,50,50,50,50,39,39,14,35,42,72,45,45,45,29,29,65,47,47,47,72,72,69,69,43,72,12,62,62,62,0,0],"gold":9,"neow_bonus":"TEN_PERCENT_HP_BONUS","is_daily":false,"chose_seed":false,"campfire_upgraded":7,"win_rate":0.0,"timestamp":1614133241,"path_taken":["M","M","?","$","?","R","M","?","T","R","M","M","E","?","R","BOSS","M","?","?","M","$","E","M","?","T","R","?","?","R","M","R","BOSS","M","?","?","M","$","R","M","R","T","R","?","M","?","M","R","BOSS","R","$","E"],"items_purchased_type":["Card","Card","Relic","Relic","Relic","Relic","Card","Potion","Card","Relic"],"build_version":"2020-12-22","purchased_purges":2,"victory":false,"max_hp_per_floor":[66,66,66,66,72,72,72,72,72,72,72,72,72,72,72,72,72,72,72,72,72,72,72,72,72,72,72,72,72,72,72,72,72,72,72,72,72,72,72,72,72,72,72,72,72,72,72,72,72,62,62,62,62,62,62],"card_choices":[{"not_picked":["theWildCard:UnderLockAndKey","theWildCard:Michael"],"picked":"theWildCard:ArcaneArts","floor":1},{"not_picked":["theWildCard:MagicMettle","theWildCard:Unburden"],"picked":"theWildCard:SeveringSlash","floor":2},{"not_picked":["theWildCard:Patience","theWildCard:PaleRider"],"picked":"theWildCard:Lucifer","floor":3},{"not_picked":["theWildCard:Polydeuces","theWildCard:ArcaneArts"],"picked":"theWildCard:PowerOfTheArcana","floor":7},{"not_picked":["theWildCard:BladeOfGenerations","theWildCard:MaskChange"],"picked":"theWildCard:CryOfAgony","floor":11},{"not_picked":["theWildCard:ShieldOfMany","theWildCard:Unburden"],"picked":"theWildCard:StingingStrike","floor":12},{"not_picked":["theWildCard:StalwartBlade","theWildCard:ManOfManyFaces"],"picked":"theWildCard:PowerOfTheArcana","floor":13},{"not_picked":["theWildCard:ArcaneArts","theWildCard:EnergyTheft"],"picked":"theWildCard:Loki","floor":14},{"not_picked":["theWildCard:FinalHour","theWildCard:Overwhelm"],"picked":"theWildCard:Caesar","floor":16},{"not_picked":["theWildCard:StalwartBlade","theWildCard:PowerOfTheArcana+1"],"picked":"theWildCard:Sakuya+1","floor":18},{"not_picked":["theWildCard:Proficiency","theWildCard:MaskChange"],"picked":"theWildCard:StingingStrike","floor":21},{"not_picked":["theWildCard:AllOutAttack","theWildCard:Patience"],"picked":"theWildCard:ArcanaArtistry+1","floor":23},{"not_picked":["theWildCard:ArcaneArts","theWildCard:Polydeuces"],"picked":"theWildCard:PowerOfTheArcana","floor":24},{"not_picked":["theWildCard:MagicMettle+1","theWildCard:IdentityTheft"],"picked":"theWildCard:EnergizedStroke","floor":29},{"not_picked":["theWildCard:ArcaneArts","theWildCard:Michael+1"],"picked":"theWildCard:StingingStrike+1","floor":31},{"not_picked":["theWildCard:FinalHour","theWildCard:TheArcanaUnleashed"],"picked":"theWildCard:Thanatos","floor":33},{"not_picked":["theWildCard:ArcaneArts","theWildCard:Michael+1"],"picked":"theWildCard:ArcanaArtistry+1","floor":35},{"not_picked":["theWildCard:BladeOfGenerations","theWildCard:Sakuya"],"picked":"theWildCard:StingingStrike+1","floor":37},{"not_picked":["theWildCard:IdentityTheft","theWildCard:PaleRider+1"],"picked":"theWildCard:Metatron+1","floor":37},{"not_picked":["theWildCard:SeveringSlash","theWildCard:UnderLockAndKey+1"],"picked":"theWildCard:Providence+1","floor":38},{"not_picked":["theWildCard:SacrificialStroke+1","theWildCard:BladeOfGenerations+1"],"picked":"theWildCard:ArcanaArtistry+1","floor":41},{"not_picked":["Swift Strike","ReplayTheSpireMod:Uncanny Aura"],"picked":"Replay:BasicMightCard","floor":45},{"not_picked":["Magnetism","StSpp:MindBarrier"],"picked":"jedi:LeechingStrike","floor":45},{"not_picked":["theWildCard:MaskChange+1","theWildCard:StalwartBlade"],"picked":"theWildCard:ArcaneArts+1","floor":46},{"not_picked":["theWildCard:Sakuya","theWildCard:StingingStrike+1"],"picked":"theWildCard:MagicalMight+1","floor":48},{"not_picked":["theWildCard:Michael+1","theWildCard:PaleRider"],"picked":"theWildCard:CryOfAgony+1","floor":53},{"not_picked":["theWildCard:BladeOfGenerations","theWildCard:Satanael"],"picked":"theWildCard:Salvation","floor":53},{"not_picked":["theWildCard:ManOfManyFaces+1","theWildCard:EnergyTheft"],"picked":"theWildCard:ChangingDestiny","floor":53},{"not_picked":["theWildCard:Sakuya+1","theWildCard:BladeOfGenerations"],"picked":"theWildCard:SeveringSlash","floor":53},{"not_picked":["theWildCard:SacrificialStroke+1","theWildCard:StingingStrike"],"picked":"theWildCard:StalwartBlade+1","floor":53}],"player_experience":550231,"relics_obtained":[{"floor":13,"key":"Replay:Multitool"},{"floor":23,"key":"Replay:Arrowhead"},{"floor":26,"key":"Shuriken"},{"floor":37,"key":"Toy Ornithopter"},{"floor":43,"key":"Orichalcum"}],"event_choices":[{"damage_healed":0,"gold_gain":0,"player_choice":"RENOUNCE","damage_taken":24,"max_hp_gain":0,"max_hp_loss":0,"event_name":"betterThird:BetterSerpent","floor":5,"gold_loss":24,"cards_obtained":["Enlightenment"]},{"damage_healed":0,"gold_gain":0,"player_choice":"Gave Potion","damage_taken":0,"relics_obtained":["Replay:Wax Seal"],"max_hp_gain":0,"max_hp_loss":0,"event_name":"WeMeetAgain","floor":8,"gold_loss":0},{"damage_healed":0,"gold_gain":0,"player_choice":"Got Potions","damage_taken":0,"max_hp_gain":0,"max_hp_loss":0,"event_name":"Lab","floor":20,"gold_loss":0},{"damage_healed":0,"gold_gain":0,"player_choice":"Ignored","damage_taken":0,"max_hp_gain":0,"max_hp_loss":0,"event_name":"Transmorgrifier","floor":25,"gold_loss":0},{"cards_removed":["Enlightenment"],"damage_healed":0,"gold_gain":0,"player_choice":"Removed Skill","damage_taken":0,"max_hp_gain":0,"max_hp_loss":0,"event_name":"Falling","floor":36,"gold_loss":0},{"damage_healed":0,"gold_gain":3,"player_choice":"1","damage_taken":0,"max_hp_gain":0,"max_hp_loss":0,"event_name":"betterStone:BetterStone","floor":45,"gold_loss":0},{"damage_healed":0,"gold_gain":0,"player_choice":"Leave","damage_taken":0,"max_hp_gain":0,"max_hp_loss":0,"event_name":"conspire:Investor","floor":47,"gold_loss":0}],"is_beta":false,"boss_relics":[{"not_picked":["reliquary:Ember","energizedSpire:SpiderWeb"],"picked":"ReplayTheSpireMod:DimensionalGlitch"},{"not_picked":["Empty Cage","conspire:RoyalGoblet"],"picked":"theForsaken:PaleLantern"}],"items_purged_floors":[22,39],"is_endless":false,"potions_floor_spawned":[2,11,12,13,18,24,29,35,41,46],"killed_by":"Shield and Spear","ascension_level":0}}