{"host":"tq99ucv8ezzqzioe","time":1614147683,"event":{"mods":["BaseMod","Colored Map","Downfall","Highlight Path","Minty Spire (QoL Compilation)","StSLib"],"gold_per_floor":[114,128,174,17,27,53,53,53,53,153,181,208,208,232,232,343,397,389,411,11,38,62,62,62],"floor_reached":23,"language":"ENG","playtime":965,"items_purged":[],"score":305,"play_id":"14f6bf8c-c276-4c68-b34f-f404fd84d3ec","local_time":"20210224012123","is_ascension_mode":true,"campfire_choices":[{"data":"FlyingSleeves","floor":7.0,"key":"SMITH"},{"data":"TalkToTheHand","floor":13.0,"key":"SMITH"},{"floor":15.0,"key":"REST"}],"circlet_count":0,"master_deck":["Eruption+1","Vigilance","FearNoEvil","FlyingSleeves+1","FollowUp","FlurryOfBlows","Vengeance","TalkToTheHand+1","FlyingSleeves","Devotion","Wallop","Perseverance","WaveOfTheHand","Prostrate","SashWhip","CarveReality","FlurryOfBlows+1","FlurryOfBlows","Worship","Prostrate","SpiritShield"],"relics":["Empty Cage","Strange Spoon","Bag of Marbles","CeramicFish","Pandora\u0027s Box","Bronze Scales","Frozen Eye","Happy Flower"],"acts_visited":["Exordium","TheCity"],"potions_floor_usage":[],"damage_taken":[{"damage":0.0,"enemies":"Cultist","floor":1.0,"turns":4.0},{"damage":8.0,"enemies":"2 Louse","floor":2.0,"turns":4.0},{"damage":4.0,"enemies":"Jaw Worm","floor":5.0,"turns":4.0},{"damage":0.0,"enemies":"Lagavulin","floor":6.0,"turns":3.0},{"damage":8.0,"enemies":"Exordium Wildlife","floor":11.0,"turns":6.0},{"damage":30.0,"enemies":"Gremlin Gang","floor":12.0,"turns":4.0},{"damage":8.0,"enemies":"Exordium Thugs","floor":14.0,"turns":2.0},{"damage":18.0,"enemies":"Hexaghost","floor":16.0,"turns":9.0},{"damage":25.0,"enemies":"2 Thieves","floor":18.0,"turns":4.0},{"damage":6.0,"enemies":"3 Byrds","floor":19.0,"turns":3.0},{"damage":7.0,"enemies":"Snecko","floor":21.0,"turns":4.0},{"damage":19,"enemies":"Book of Stabbing","floor":23,"turns":2}],"seed_played":"8232430310607636426","potions_obtained":[{"floor":2.0,"key":"AttackPotion"},{"floor":6.0,"key":"Dexterity Potion"},{"floor":12.0,"key":"champ:CounterPotion"},{"floor":16.0,"key":"BottledMiracle"},{"floor":19.0,"key":"Slimebound:ThreeZeroPotion"}],"is_trial":false,"path_per_floor":["M","M","T","$","M","E","R","?","T","?","M","M","R","M","R","B",null,"M","M","$","M","T","E"],"character_chosen":"WATCHER","items_purchased":["Strange Spoon","Worship","Bronze Scales","Frozen Eye","Prostrate"],"campfire_rested":1,"item_purchase_floors":[4,20,20,20,20],"current_hp_per_floor":[65,57,57,57,53,53,53,53,53,53,45,15,15,7,28,10,57,32,26,26,19,19,0,0],"gold":62,"neow_bonus":"BOSS_RELIC","is_daily":false,"chose_seed":false,"campfire_upgraded":2,"win_rate":0.0,"timestamp":1614147683,"path_taken":["M","M","?","$","?","E","R","?","T","?","M","M","R","M","R","BOSS","M","M","$","M","?","E"],"items_purchased_type":["Relic","Card","Relic","Relic","Card"],"build_version":"2020-12-22","purchased_purges":0,"victory":false,"max_hp_per_floor":[72,72,72,72,72,72,72,72,72,72,72,72,72,72,72,72,72,72,72,72,72,72,72,72],"card_choices":[{"not_picked":["EmptyFist","ThirdEye"],"picked":"FearNoEvil","floor":1.0},{"not_picked":["SashWhip","Evaluate"],"picked":"FlyingSleeves","floor":2.0},{"not_picked":["CutThroughFate","BowlingBash"],"picked":"FollowUp","floor":5.0},{"not_picked":["InnerPeace","Fasting2"],"picked":"FlurryOfBlows","floor":6.0},{"not_picked":["Pray","EmptyFist"],"picked":"Vengeance","floor":11.0},{"not_picked":["FollowUp","Crescendo"],"picked":"TalkToTheHand","floor":12.0},{"not_picked":["EmptyFist","Halt"],"picked":"FlyingSleeves","floor":14.0},{"not_picked":["Omniscience","Blasphemy"],"picked":"Devotion","floor":16.0},{"not_picked":["WheelKick","ForeignInfluence"],"picked":"FlurryOfBlows+1","floor":18.0},{"not_picked":["PathToVictory+1","Crescendo+1"],"picked":"FlurryOfBlows","floor":19.0},{"not_picked":["Wireheading","Halt+1"],"picked":"SpiritShield","floor":21.0}],"player_experience":1042573,"relics_obtained":[{"floor":6.0,"key":"Bag of Marbles"},{"floor":9.0,"key":"CeramicFish"},{"floor":22.0,"key":"Happy Flower"}],"event_choices":[{"damage_healed":0.0,"max_hp_gain":0.0,"max_hp_loss":0.0,"gold_gain":0.0,"event_name":"Living Wall","player_choice":"Grow","floor":8.0,"gold_loss":0.0,"damage_taken":0.0,"cards_upgraded":["Eruption"]},{"damage_healed":0.0,"max_hp_gain":0.0,"max_hp_loss":0.0,"gold_gain":100.0,"event_name":"Golden Shrine","player_choice":"Pray","floor":10.0,"gold_loss":0.0,"damage_taken":0.0}],"is_beta":false,"boss_relics":[{"not_picked":["bronze:MakeshiftBattery","Calling Bell"],"picked":"Pandora\u0027s Box"}],"items_purged_floors":[],"is_endless":false,"potions_floor_spawned":[2,6,12,16,19],"killed_by":"Book of Stabbing","ascension_level":8}}