{"host":"0tbecx6mc13icp35","time":1614188073,"event":{"mods":["AchievementEnabler","BaseMod","Colored Map","Colored Powertips","Minty Spire (QoL Compilation)","Relic Stats","Synergy Search","slay the spire mod where everything is the same but ironclad has a cowboy hat"],"gold_per_floor":[113,113,113,113,137,137,173,187,187,207,11,45,45,65,65,186,186,169,169,18,33,33,33,50,61,61,88,13,33,64,84,84,186,186,200,200,54,329,343,369,369,403,430,430,93,120,120,120],"floor_reached":47,"language":"ENG","playtime":2329,"items_purged":[],"score":631,"play_id":"a3f45561-657c-4c4c-926a-cc4553d1c256","local_time":"20210224203433","is_ascension_mode":true,"campfire_choices":[{"data":"Neutralize","floor":6,"key":"SMITH"},{"data":"All Out Attack","floor":13,"key":"SMITH"},{"data":"Skewer","floor":15,"key":"SMITH"},{"data":"Envenom","floor":23,"key":"SMITH"},{"data":"Noxious Fumes","floor":32,"key":"SMITH"},{"data":"A Thousand Cuts","floor":41,"key":"SMITH"},{"data":"Die Die Die","floor":44,"key":"SMITH"}],"circlet_count":0,"master_deck":["Strike_G","Strike_G","Strike_G","Strike_G","Strike_G","Defend_G","Defend_G","Defend_G+1","Defend_G+1","Survivor","Neutralize+1","All Out Attack+1","Slice","Burst+1","Backflip+1","Dagger Spray","Apotheosis+1","Setup+1","Skewer+1","Envenom+1","Poisoned Stab","Catalyst+1","Terror+1","Poisoned Stab","Noxious Fumes+1","Blur+1","Backflip+1","Crippling Poison+1","A Thousand Cuts+1","Prepared+1","Regret","Slice+1","Dash+1","Die Die Die+1","Deadly Poison+1","Prepared+1"],"relics":["Ring of the Snake","War Paint","Bloody Idol","Toxic Egg 2","Incense Burner","Gremlin Horn","MealTicket","Odd Mushroom","SlaversCollar","Meat on the Bone","Vajra","White Beast Statue","FossilizedHelix","Art of War","SacredBark","Bronze Scales","Juzu Bracelet","Kunai","Omamori","TwistedFunnel","Ancient Tea Set","InkBottle"],"acts_visited":["Exordium","TheCity","TheBeyond"],"potions_floor_usage":[25,27,30,30,31,33,33,40,42,42,47],"damage_taken":[{"damage":0,"enemies":"Cultist","floor":1,"turns":4},{"damage":0,"enemies":"Small Slimes","floor":5,"turns":4},{"damage":13,"enemies":"Lagavulin","floor":7,"turns":8},{"damage":0,"enemies":"Jaw Worm","floor":8,"turns":3},{"damage":0,"enemies":"3 Louse","floor":10,"turns":2},{"damage":2,"enemies":"The Mushroom Lair","floor":12,"turns":2},{"damage":0,"enemies":"Blue Slaver","floor":14,"turns":4},{"damage":26,"enemies":"Slime Boss","floor":16,"turns":11},{"damage":6,"enemies":"2 Thieves","floor":18,"turns":4},{"damage":3,"enemies":"Chosen","floor":21,"turns":5},{"damage":22,"enemies":"Centurion and Healer","floor":24,"turns":7},{"damage":20,"enemies":"Snake Plant","floor":25,"turns":4},{"damage":17,"enemies":"Gremlin Leader","floor":27,"turns":5},{"damage":7,"enemies":"Snecko","floor":29,"turns":4},{"damage":7,"enemies":"Slavers","floor":30,"turns":4},{"damage":13,"enemies":"3 Cultists","floor":31,"turns":4},{"damage":22,"enemies":"Automaton","floor":33,"turns":8},{"damage":6,"enemies":"Orb Walker","floor":35,"turns":4},{"damage":31,"enemies":"3 Darklings","floor":39,"turns":6},{"damage":26,"enemies":"Reptomancer","floor":40,"turns":6},{"damage":18,"enemies":"Nemesis","floor":42,"turns":5},{"damage":51,"enemies":"Giant Head","floor":46,"turns":8},{"damage":53,"enemies":"Writhing Mass","floor":47,"turns":4}],"seed_played":"-8216739782034655112","potions_obtained":[{"floor":1,"key":"Poison Potion"},{"floor":7,"key":"Block Potion"},{"floor":8,"key":"SpeedPotion"},{"floor":21,"key":"SteroidPotion"},{"floor":25,"key":"SpeedPotion"},{"floor":27,"key":"AttackPotion"},{"floor":30,"key":"GhostInAJar"},{"floor":31,"key":"AttackPotion"},{"floor":33,"key":"Regen Potion"},{"floor":35,"key":"Swift Potion"},{"floor":39,"key":"SneckoOil"},{"floor":40,"key":"Explosive Potion"},{"floor":42,"key":"EssenceOfSteel"},{"floor":46,"key":"SpeedPotion"}],"is_trial":false,"path_per_floor":["M","?","?","?","M","R","E","M","T","M","$","?","R","M","R","B",null,"M","?","$","M","?","R","M","M","T","E","?","M","E","M","R","B",null,"M","?","$","?","M","E","R","E","T","R","$","E","M"],"character_chosen":"THE_SILENT","items_purchased":["Apotheosis+1","Vajra","Bronze Scales","TwistedFunnel","Ancient Tea Set","Deadly Poison+1"],"campfire_rested":0,"item_purchase_floors":[11,20,37,45,45,45],"current_hp_per_floor":[70,53,50,50,50,50,37,37,37,37,52,50,50,50,50,24,70,64,64,70,67,67,67,50,47,47,47,47,45,43,47,47,42,70,69,69,70,70,44,67,67,54,59,59,70,36,0,0],"gold":120,"neow_bonus":"RANDOM_COMMON_RELIC","is_daily":false,"chose_seed":false,"campfire_upgraded":7,"win_rate":0.0,"timestamp":1614188073,"path_taken":["M","?","?","?","M","R","E","?","T","M","$","?","R","M","R","BOSS","M","?","$","M","?","R","M","M","T","E","?","?","E","M","R","BOSS","M","?","$","?","M","E","R","E","T","R","$","E","M"],"items_purchased_type":["Card","Relic","Relic","Relic","Relic","Card"],"build_version":"2020-12-22","purchased_purges":0,"victory":false,"max_hp_per_floor":[70,70,70,70,70,70,70,70,70,70,70,70,70,70,70,70,70,70,70,70,70,70,70,70,70,70,70,70,70,70,70,70,70,70,70,70,70,70,70,70,70,70,70,70,70,70,70,70],"relic_stats":{"Gremlin Horn":[23,23],"counters":[23,116],"Juzu Bracelet":0,"War Paint":["Defend_G","Defend_G"],"Bloody Idol":65,"Bronze Scales":[99],"MealTicket":33,"Art of War":[3],"Kunai":[3],"obtain_stats":[{"TwistedFunnel":45,"Gremlin Horn":7,"Golden Idol":2,"SacredBark":34,"Vajra":20,"Incense Burner":4,"Juzu Bracelet":40,"Omamori":43,"War Paint":0,"Odd Mushroom":12,"Ancient Tea Set":45,"White Beast Statue":26,"SlaversCollar":17,"Bloody Idol":22,"Bronze Scales":37,"MealTicket":9,"Art of War":30,"Kunai":42,"Toxic Egg 2":3,"FossilizedHelix":27,"InkBottle":46,"Ring of the Snake":0,"Meat on the Bone":19},{"TwistedFunnel":21,"Gremlin Horn":3,"Golden Idol":1,"SacredBark":17,"Vajra":9,"Incense Burner":1,"Juzu Bracelet":20,"Omamori":21,"War Paint":0,"Odd Mushroom":6,"Ancient Tea Set":21,"White Beast Statue":12,"SlaversCollar":8,"Bloody Idol":10,"Bronze Scales":18,"MealTicket":4,"Art of War":15,"Kunai":21,"Toxic Egg 2":1,"FossilizedHelix":13,"InkBottle":22,"Ring of the Snake":0,"Meat on the Bone":9},{"TwistedFunnel":104,"Gremlin Horn":16,"Golden Idol":4,"SacredBark":83,"Vajra":42,"Incense Burner":4,"Juzu Bracelet":99,"Omamori":104,"War Paint":0,"Odd Mushroom":23,"Ancient Tea Set":104,"White Beast Statue":58,"SlaversCollar":38,"Bloody Idol":47,"Bronze Scales":87,"MealTicket":19,"Art of War":71,"Kunai":104,"Toxic Egg 2":4,"FossilizedHelix":63,"InkBottle":112,"Ring of the Snake":0,"Meat on the Bone":42}],"InkBottle":[1],"Ring of the Snake":[46],"Meat on the Bone":60},"card_choices":[{"not_picked":["Poisoned Stab","Underhanded Strike"],"picked":"All Out Attack","floor":1},{"not_picked":["Reflex+1","Bane"],"picked":"Slice","floor":5},{"not_picked":["Poisoned Stab","Heel Hook"],"picked":"Burst+1","floor":7},{"not_picked":["Distraction+1","Deadly Poison+1"],"picked":"Backflip+1","floor":8},{"not_picked":["Well Laid Plans","Deflect+1"],"picked":"Dagger Spray","floor":10},{"not_picked":["Calculated Gamble+1","Underhanded Strike"],"picked":"Setup+1","floor":12},{"not_picked":["Setup+1","Deadly Poison+1"],"picked":"Skewer","floor":14},{"not_picked":["Malaise+1","Corpse Explosion+1"],"picked":"Envenom","floor":16},{"not_picked":["Dodge and Roll+1","Dash"],"picked":"Poisoned Stab","floor":18},{"not_picked":["Dodge and Roll+1","Flying Knee"],"picked":"Catalyst+1","floor":21},{"not_picked":["Outmaneuver+1","Escape Plan+1"],"picked":"Terror+1","floor":24},{"not_picked":["Backflip+1","Blade Dance+1"],"picked":"Poisoned Stab","floor":25},{"not_picked":["All Out Attack","Reflex+1"],"picked":"Noxious Fumes","floor":27},{"not_picked":["Prepared+1","Adrenaline+1"],"picked":"Blur+1","floor":29},{"not_picked":["Dodge and Roll+1","Leg Sweep+1"],"picked":"Backflip+1","floor":30},{"not_picked":["Cloak And Dagger+1","Backflip+1"],"picked":"Crippling Poison+1","floor":31},{"not_picked":["Burst+1","Bullet Time+1"],"picked":"A Thousand Cuts","floor":33},{"not_picked":["Bane","Tactician+1"],"picked":"Prepared+1","floor":35},{"not_picked":["Quick Slash","Underhanded Strike"],"picked":"Slice+1","floor":39},{"not_picked":["Dagger Throw+1","Escape Plan+1"],"picked":"Dash+1","floor":40},{"not_picked":["Poisoned Stab+1","Calculated Gamble+1"],"picked":"Die Die Die","floor":42},{"not_picked":["Quick Slash","Sucker Punch+1"],"picked":"Prepared+1","floor":46}],"player_experience":80100,"relics_obtained":[{"floor":7,"key":"Gremlin Horn"},{"floor":9,"key":"MealTicket"},{"floor":12,"key":"Odd Mushroom"},{"floor":26,"key":"White Beast Statue"},{"floor":27,"key":"FossilizedHelix"},{"floor":30,"key":"Art of War"},{"floor":40,"key":"Juzu Bracelet"},{"floor":42,"key":"Kunai"},{"floor":43,"key":"Omamori"},{"floor":46,"key":"InkBottle"}],"event_choices":[{"damage_healed":0,"gold_gain":0,"player_choice":"Take Damage","damage_taken":17,"relics_obtained":["Golden Idol"],"max_hp_gain":0,"max_hp_loss":0,"event_name":"Golden Idol","floor":2,"gold_loss":0},{"damage_healed":0,"gold_gain":0,"player_choice":"Success","damage_taken":3,"relics_obtained":["Toxic Egg 2"],"max_hp_gain":0,"max_hp_loss":0,"event_name":"Scrap Ooze","floor":3,"gold_loss":0},{"damage_healed":0,"gold_gain":0,"player_choice":"Gave Potion","damage_taken":0,"relics_obtained":["Incense Burner"],"max_hp_gain":0,"max_hp_loss":0,"event_name":"WeMeetAgain","floor":4,"gold_loss":0},{"damage_healed":0,"gold_gain":0,"player_choice":"Fought Mushrooms","damage_taken":0,"max_hp_gain":0,"max_hp_loss":0,"event_name":"Mushrooms","floor":12,"gold_loss":0},{"damage_healed":0,"gold_gain":0,"player_choice":"Opened","damage_taken":0,"relics_obtained":["Meat on the Bone"],"max_hp_gain":0,"max_hp_loss":0,"event_name":"The Mausoleum","floor":19,"gold_loss":0},{"damage_healed":0,"gold_gain":0,"player_choice":"Gave Idol","damage_taken":0,"relics_obtained":["Bloody Idol"],"max_hp_gain":0,"max_hp_loss":0,"event_name":"Forgotten Altar","floor":22,"relics_lost":["Golden Idol"],"gold_loss":0},{"cards_removed":["Defend_G"],"damage_healed":0,"gold_gain":0,"player_choice":"Gave Gold","damage_taken":0,"max_hp_gain":0,"max_hp_loss":0,"event_name":"Beggar","floor":28,"gold_loss":75},{"damage_healed":0,"gold_gain":0,"player_choice":"Ignored","damage_taken":0,"max_hp_gain":0,"max_hp_loss":0,"event_name":"Tomb of Lord Red Mask","floor":36,"gold_loss":0},{"damage_healed":0,"gold_gain":275,"player_choice":"Desecrate","damage_taken":0,"max_hp_gain":0,"max_hp_loss":0,"event_name":"Golden Shrine","floor":38,"gold_loss":0,"cards_obtained":["Regret"]}],"is_beta":false,"boss_relics":[{"not_picked":["Calling Bell","Sozu"],"picked":"SlaversCollar"},{"not_picked":["Pandora\u0027s Box","Velvet Choker"],"picked":"SacredBark"}],"items_purged_floors":[],"is_endless":false,"potions_floor_spawned":[1,7,8,21,25,27,29,30,31,33,35,39,40,42,46],"killed_by":"Writhing Mass","ascension_level":2}}