{"host":"euxksmtrtvfcjuzd","time":1614173336,"event":{"mods":["ATMod(°¢èªMod)","Aspiration","BaseMod","Dota2Spire","Energized Spire","Jedi Mod","Minty Spire (QoL Compilation)","Reliquary","Replay The Spire","Shop Mod","StSLib","TestMod","UnlockEverythingMod","Waifu the Spire","¡¾ÒÅÎï¿¨ÅÆ¡¿REMEMod"],"gold_per_floor":[114,114,64,64,74,74,74,74,74,94,94,94,94,107,107,207,207,226,240,240,240,126,167,167,167,167,167,167,192,192,215,215,323,323,346,367,97,118,142,181,181,201,201,201,297,297,365,765,765,827],"floor_reached":51,"language":"ZHS","playtime":1711,"items_purged":[],"score":1013,"play_id":"50531f41-2f1a-46fd-8c38-b8b8ff4813ea","local_time":"20210224212856","is_ascension_mode":false,"campfire_choices":[{"data":"Panic Button","floor":6,"key":"SMITH"},{"data":"AT_RightCognition","floor":8,"key":"SMITH"},{"data":"Dualcast","floor":11,"key":"SMITH"},{"data":"Chill","floor":13,"key":"SMITH"},{"data":"Aggregate","floor":15,"key":"SMITH"},{"data":"Electrodynamics","floor":24,"key":"SMITH"},{"data":"Zap","floor":27,"key":"SMITH"},{"data":"jedi:reiji","floor":30,"key":"SMITH"},{"data":"Ball Lightning","floor":32,"key":"SMITH"},{"data":"Redo","floor":41,"key":"SMITH"},{"data":"Thunder Strike","floor":44,"key":"SMITH"},{"data":"ReplayTheSpireMod:Calculation Training","floor":46,"key":"SMITH"},{"data":"Skim","floor":49,"key":"SMITH"}],"circlet_count":0,"master_deck":["Strike_B","Strike_B","Defend_B","Defend_B","Defend_B","Zap+1","Dualcast+1","AT_RightCognition+1","Chill+1","Panic Button+1","Doom and Gloom","Ball Lightning+1","Aggregate+1","Electrodynamics+1","jedi:locknload+1","jedi:reiji+1","Thunder Strike+1","Skim+1","Redo+1","ReplayTheSpireMod:Calculation Training+1"],"relics":["Cracked Core","AT_ATBox","REME_ComplimentaryCards","testmod-ObsoleteBoomerang","Pondfish Scales","testmod-D¨¦j¨¤vu","testmod-DeterminationOfClimber","MerchantsRug","Du-Vu Doll","Replay:Bottled Eggs","testmod-BatchProcessingSystem","DataDisk","Dota2Spire:BlackKingBar","AT_MibuBalloonWealth","jedi:bottledfury"],"acts_visited":["Exordium","TheCity","TheBeyond"],"potions_floor_usage":[33],"damage_taken":[{"damage":6,"enemies":"Jaw Worm","floor":1,"turns":3},{"damage":0,"enemies":"Small Slimes","floor":5,"turns":2},{"damage":0,"enemies":"2 Louse","floor":10,"turns":1},{"damage":0,"enemies":"Gremlin Gang","floor":14,"turns":2},{"damage":12,"enemies":"Slime Boss","floor":16,"turns":8},{"damage":0,"enemies":"Chosen","floor":18,"turns":2},{"damage":0,"enemies":"3 Byrds","floor":19,"turns":1},{"damage":1,"enemies":"Book of Stabbing","floor":23,"turns":2},{"damage":0,"enemies":"3 Cultists","floor":29,"turns":2},{"damage":0,"enemies":"Snake Plant","floor":31,"turns":1},{"damage":0,"enemies":"Collector","floor":33,"turns":2},{"damage":0,"enemies":"3 Shapes","floor":35,"turns":3},{"damage":0,"enemies":"Orb Walker","floor":36,"turns":1},{"damage":0,"enemies":"Spire Growth","floor":38,"turns":2},{"damage":0,"enemies":"3 Darklings","floor":39,"turns":1},{"damage":0,"enemies":"Nemesis","floor":40,"turns":4},{"damage":0,"enemies":"Writhing Mass","floor":42,"turns":1},{"damage":0,"enemies":"Sphere and 2 Shapes","floor":45,"turns":1},{"damage":0,"enemies":"R_Hoarder","floor":47,"turns":2},{"damage":0,"enemies":"Donu and Deca","floor":50,"turns":1}],"seed_played":"-2683021720519143976","potions_obtained":[{"floor":1,"key":"Strength Potion"},{"floor":16,"key":"Fruit Juice"},{"floor":23,"key":"jedi:coolantleak"},{"floor":33,"key":"PotionOfCapacity"},{"floor":35,"key":"Weak Potion"}],"is_trial":false,"path_per_floor":["M","?","?","?","M","R","T","R","T","M","R","T","R","M","R","B",null,"M","M","?","?","$","E","R","?","T","R","?","M","R","M","R","B",null,"M","M","$","M","M","E","R","M","T","R","M","R","E","?","R","B",null],"character_chosen":"DEFECT","items_purchased":["MerchantsRug","Skim","DataDisk","Redo"],"campfire_rested":0,"item_purchase_floors":[22,37,37,37],"current_hp_per_floor":[76,69,69,69,69,69,69,69,69,69,69,69,69,69,69,57,82,82,82,82,82,82,82,82,82,82,82,82,82,82,82,82,87,87,87,87,87,87,87,87,87,87,87,87,87,87,87,87,87,87],"gold":827,"neow_bonus":"TEN_PERCENT_HP_BONUS","is_daily":false,"chose_seed":false,"campfire_upgraded":13,"win_rate":0.0,"timestamp":1614173336,"path_taken":["M","?","?","?","M","R","?","R","T","M","R","?","R","M","R","BOSS","M","?","?","?","?","E","R","?","T","R","?","M","R","M","R","BOSS","M","M","$","?","M","E","R","M","T","R","M","R","E","?","R","BOSS"],"items_purchased_type":["Relic","Card","Relic","Card"],"build_version":"2020-12-22","purchased_purges":0,"victory":true,"max_hp_per_floor":[82,82,82,82,82,82,82,82,82,82,82,82,82,82,82,82,82,82,82,82,82,82,82,82,82,82,82,82,82,82,82,82,87,87,87,87,87,87,87,87,87,87,87,87,87,87,87,87,87,87],"card_choices":[{"not_picked":["Rebound","AT_ThunderBolt"],"picked":"Panic Button","floor":1},{"not_picked":["Hologram","Go for the Eyes"],"picked":"Doom and Gloom","floor":5},{"not_picked":["ReplayTheSpireMod:Repulse","Go for the Eyes"],"picked":"Ball Lightning","floor":10},{"not_picked":["Glacier","AT_StudyProgram"],"picked":"Aggregate","floor":14},{"not_picked":["jedi:gatheringstorm","Amplify"],"picked":"Electrodynamics","floor":16},{"not_picked":["REME_DataAnalysis+1","Go for the Eyes","Reinforced Body+1"],"picked":"SKIP","floor":18},{"not_picked":["Reinforced Body","Barrage"],"picked":"jedi:locknload+1","floor":19},{"not_picked":["ReplaySort","AT_DarkMatter","Barrage"],"picked":"SKIP","floor":23},{"not_picked":["Compile Driver","AT_HeatAcrobatics"],"picked":"jedi:reiji","floor":29},{"not_picked":["ReplayTheSpireMod:GoodbyeWorld","ReplaySort","Compile Driver"],"picked":"SKIP","floor":31},{"not_picked":["Echo Form","Reboot"],"picked":"Thunder Strike","floor":33},{"not_picked":["Consume","Barrage","AT_HeatAcrobatics"],"picked":"SKIP","floor":35},{"not_picked":["Cold Snap","Hologram+1","Rebound"],"picked":"SKIP","floor":36},{"not_picked":["Recycle+1","Sweeping Beam+1"],"picked":"ReplayTheSpireMod:Calculation Training","floor":38},{"not_picked":["REME_DataAnalysis","jedi:BurstFrost","Aggregate"],"picked":"SKIP","floor":39},{"not_picked":["Stack+1","Sweeping Beam","ReplaySolidLightProjector+1"],"picked":"SKIP","floor":40},{"not_picked":["Beam Cell","Buffer","Leap+1"],"picked":"SKIP","floor":42},{"not_picked":["Go for the Eyes","White Noise","Sweeping Beam"],"picked":"SKIP","floor":45},{"not_picked":["jedi:hex","Fission","Conserve Battery+1"],"picked":"SKIP","floor":47}],"player_experience":45308,"relics_obtained":[{"floor":7,"key":"Pondfish Scales"},{"floor":9,"key":"Toy Ornithopter"},{"floor":12,"key":"testmod-D¨¦j¨¤vu"},{"floor":23,"key":"Du-Vu Doll"},{"floor":26,"key":"Replay:Bottled Eggs"},{"floor":40,"key":"Dota2Spire:BlackKingBar"},{"floor":43,"key":"AT_MibuBalloonWealth"},{"floor":47,"key":"jedi:bottledfury"}],"event_choices":[{"cards_removed":["Strike_B"],"damage_healed":0,"gold_gain":0,"player_choice":"Card Removal","damage_taken":7,"max_hp_gain":0,"max_hp_loss":0,"event_name":"Golden Wing","floor":2,"gold_loss":0},{"cards_removed":["Strike_B"],"damage_healed":0,"gold_gain":0,"player_choice":"Card Removal","damage_taken":0,"max_hp_gain":0,"max_hp_loss":0,"event_name":"The Cleric","floor":3,"gold_loss":50},{"damage_healed":0,"gold_gain":0,"player_choice":"Ignored","damage_taken":0,"max_hp_gain":0,"max_hp_loss":0,"event_name":"Vampires","floor":25,"gold_loss":0},{"cards_removed":["Doubt"],"damage_healed":0,"gold_gain":0,"player_choice":"Removed Curses","damage_taken":0,"max_hp_gain":0,"max_hp_loss":0,"event_name":"Fountain of Cleansing","floor":28,"gold_loss":0},{"damage_healed":0,"gold_gain":400,"player_choice":"Sell","damage_taken":0,"max_hp_gain":0,"max_hp_loss":0,"event_name":"¶÷ÂåË¹µÄÅÌ×Ó","floor":48,"relics_lost":["testmod-TestBox"],"gold_loss":0}],"is_beta":false,"boss_relics":[{"not_picked":["energizedSpire:MagnifyingGlass","Kintsugi"],"picked":"testmod-DeterminationOfClimber"},{"not_picked":["reliquary:WritOfMandamus","reliquary:Craggleroot"],"picked":"testmod-BatchProcessingSystem"}],"items_purged_floors":[],"is_endless":false,"potions_floor_spawned":[1,16,23,33,35,42,47],"ascension_level":0}}