{"host":"d8rriawq55pp7qsq","time":1614208557,"event":{"mods":["AchievementEnabler","BaseMod","Minty Spire (QoL Compilation)"],"gold_per_floor":[17,28,43,55,155,155,188,188,188,188,216,236,254,285,285,383,383,402,414,433,433,96,128,145,145,145],"floor_reached":25,"language":"ENG","playtime":926,"items_purged":["Strike_P"],"score":449,"play_id":"2241be80-5da0-4731-b960-ae7880b582e1","local_time":"20210224181557","is_ascension_mode":true,"campfire_choices":[{"data":"WindmillStrike","floor":6,"key":"SMITH"},{"data":"Eruption","floor":8,"key":"SMITH"},{"data":"ThirdEye","floor":10,"key":"SMITH"},{"data":"EmptyFist","floor":15,"key":"SMITH"}],"circlet_count":0,"master_deck":["Strike_P","Strike_P","Strike_P","Defend_P","Defend_P","Defend_P","Defend_P","Eruption+1","Vigilance","ThirdEye+1","FearNoEvil","WindmillStrike+1","Halt","FlyingSleeves","EmptyFist+1","Indignation","Conclude","Devotion","CutThroughFate","TalkToTheHand","Consecrate","Wallop","JustLucky+1"],"relics":["PureWater","FossilizedHelix","Unceasing Top","GoldenEye","Gambling Chip","Omamori","VioletLotus","Eternal Feather","Frozen Egg 2"],"acts_visited":["Exordium","TheCity"],"potions_floor_usage":[16,23,23],"damage_taken":[{"damage":0,"enemies":"2 Louse","floor":1,"turns":1},{"damage":0,"enemies":"Cultist","floor":2,"turns":3},{"damage":0,"enemies":"Small Slimes","floor":3,"turns":2},{"damage":0,"enemies":"Red Slaver","floor":4,"turns":2},{"damage":0,"enemies":"Gremlin Nob","floor":7,"turns":3},{"damage":0,"enemies":"Lagavulin","floor":11,"turns":5},{"damage":0,"enemies":"Lots of Slimes","floor":12,"turns":2},{"damage":0,"enemies":"Blue Slaver","floor":13,"turns":1},{"damage":0,"enemies":"Gremlin Nob","floor":14,"turns":3},{"damage":2,"enemies":"The Guardian","floor":16,"turns":10},{"damage":11,"enemies":"2 Thieves","floor":18,"turns":2},{"damage":0,"enemies":"Spheric Guardian","floor":19,"turns":3},{"damage":0,"enemies":"Snecko","floor":20,"turns":5},{"damage":0,"enemies":"Slavers","floor":23,"turns":2},{"damage":32,"enemies":"Snake Plant","floor":24,"turns":4},{"damage":27,"enemies":"Book of Stabbing","floor":25,"turns":5}],"seed_played":"3551615632895795042","potions_obtained":[{"floor":2,"key":"Strength Potion"},{"floor":7,"key":"DuplicationPotion"},{"floor":11,"key":"Explosive Potion"},{"floor":16,"key":"Fire Potion"}],"is_trial":false,"path_per_floor":["M","M","M","M","?","R","E","R","T","R","E","M","M","E","R","B",null,"M","M","M","?","$","E","M","E"],"character_chosen":"WATCHER","items_purchased":["Eternal Feather"],"campfire_rested":0,"item_purchase_floors":[22],"current_hp_per_floor":[65,65,65,65,65,65,65,65,65,65,65,65,65,65,65,63,70,59,59,59,59,59,59,27,0,0],"gold":145,"neow_bonus":"ONE_RARE_RELIC","is_daily":false,"chose_seed":false,"campfire_upgraded":4,"win_rate":0.0,"timestamp":1614208557,"path_taken":["M","M","M","M","?","R","E","R","T","R","E","M","?","E","R","BOSS","M","M","M","?","$","E","M","E"],"items_purchased_type":["Relic"],"build_version":"2020-12-22","purchased_purges":1,"victory":false,"max_hp_per_floor":[72,72,72,72,72,72,72,72,72,72,72,72,72,72,72,72,72,72,72,72,72,72,72,72,72,72],"card_choices":[{"not_picked":["CrushJoints","PathToVictory"],"picked":"ThirdEye","floor":1},{"not_picked":["Evaluate","Consecrate"],"picked":"FearNoEvil","floor":2},{"not_picked":["ClearTheMind","Collect"],"picked":"WindmillStrike","floor":3},{"not_picked":["WaveOfTheHand","ClearTheMind"],"picked":"Halt","floor":4},{"not_picked":["Swivel","EmptyBody"],"picked":"FlyingSleeves","floor":7},{"not_picked":["PathToVictory","Adaptation"],"picked":"EmptyFist","floor":11},{"not_picked":["Evaluate","PathToVictory"],"picked":"Indignation","floor":12},{"not_picked":["InnerPeace","SashWhip"],"picked":"Conclude","floor":13},{"not_picked":["LikeWater","DevaForm","SandsOfTime"],"picked":"SKIP","floor":14},{"not_picked":["Alpha","MasterReality"],"picked":"Devotion","floor":16},{"not_picked":["PathToVictory","Crescendo"],"picked":"CutThroughFate","floor":18},{"not_picked":["ClearTheMind","Protect"],"picked":"TalkToTheHand","floor":19},{"not_picked":["EmptyFist","Evaluate+1"],"picked":"Consecrate","floor":20},{"not_picked":["Sanctity+1","WreathOfFlame+1"],"picked":"Wallop","floor":23},{"not_picked":["Evaluate","WaveOfTheHand"],"picked":"JustLucky+1","floor":24}],"player_experience":194150,"relics_obtained":[{"floor":7,"key":"Unceasing Top"},{"floor":9,"key":"GoldenEye"},{"floor":11,"key":"Gambling Chip"},{"floor":14,"key":"Omamori"},{"floor":23,"key":"Frozen Egg 2"}],"event_choices":[{"damage_healed":0,"gold_gain":100,"player_choice":"Pray","damage_taken":0,"max_hp_gain":0,"max_hp_loss":0,"event_name":"Golden Shrine","floor":5,"gold_loss":0},{"damage_healed":0,"gold_gain":0,"player_choice":"Bought 0 Potions","damage_taken":0,"max_hp_gain":0,"max_hp_loss":0,"event_name":"The Woman in Blue","floor":21,"gold_loss":0}],"is_beta":false,"boss_relics":[{"not_picked":["Runic Dome","Tiny House"],"picked":"VioletLotus"}],"items_purged_floors":[22],"is_endless":false,"potions_floor_spawned":[2,7,11,12,14,16,18,20],"killed_by":"Book of Stabbing","ascension_level":6}}