{"host":"m1hrbr0uwda4cktq","time":1614188395,"event":{"mods":["AchievementEnabler","BaseMod","Better Match","BetterRewards","Colored Map","Highlight Path","Minty Spire (QoL Compilation)","Quick Restart","Relic Stats","Shop Mod","StSLib","SuperFastMode","The Bug Knight"],"gold_per_floor":[112,126,144,144,162,194,210,210,210],"floor_reached":8,"language":"ENG","playtime":396,"items_purged":[],"score":69,"play_id":"7e840496-b58b-4e04-99bb-e58700e578de","local_time":"20210224143955","is_ascension_mode":true,"campfire_choices":[],"circlet_count":0,"master_deck":["Strike_R","Strike_R","Strike_R","Strike_R","Strike_R","Defend_R","Defend_R","Defend_R","Defend_R","Bash","Bandage Up","Armaments","Headbutt","Thunderclap","Armaments","Immolate","Disarm"],"relics":["Burning Blood","Lantern","Bag of Marbles","Tiny Chest"],"acts_visited":["Exordium"],"potions_floor_usage":[],"damage_taken":[{"damage":12,"enemies":"Jaw Worm","floor":1,"turns":2},{"damage":0,"enemies":"Cultist","floor":2,"turns":3},{"damage":7,"enemies":"Small Slimes","floor":3,"turns":3},{"damage":12,"enemies":"Looter","floor":5,"turns":3},{"damage":52,"enemies":"Gremlin Nob","floor":6,"turns":5},{"damage":12,"enemies":"Exordium Wildlife","floor":7,"turns":3},{"damage":38,"enemies":"3 Sentries","floor":8,"turns":4}],"seed_played":"-9170477812135811435","potions_obtained":[{"floor":1,"key":"Strength Potion"},{"floor":2,"key":"Block Potion"},{"floor":4,"key":"BloodPotion"},{"floor":4,"key":"Strength Potion"}],"is_trial":false,"path_per_floor":["M","M","M","?","M","E","M","E"],"character_chosen":"IRONCLAD","items_purchased":["Lantern","Bandage Up","Bag of Marbles"],"campfire_rested":0,"item_purchase_floors":[0,0,0],"current_hp_per_floor":[74,80,80,80,78,34,32,0,0],"gold":210,"neow_bonus":"","is_daily":false,"chose_seed":false,"campfire_upgraded":0,"win_rate":0.0,"timestamp":1614188395,"path_taken":["M","M","M","?","M","E","M","E"],"items_purchased_type":["Relic","Card","Relic"],"build_version":"2020-12-22","purchased_purges":0,"victory":false,"max_hp_per_floor":[80,80,80,80,80,80,80,80,80],"relic_stats":{"counters":[45,227],"Tiny Chest":0,"obtain_stats":[{"Darkstone Periapt":9,"Lantern":0,"Singing Bowl":26,"Magic Flower":0,"Mango":46,"Ginger":0,"HollowMod:StagPassRelic":7,"Boot":43,"Sling":0,"Blood Vial":0,"Matryoshka":0,"Tiny Chest":6,"Red Mask":39,"Cracked Core":0,"Pear":47,"Happy Flower":0,"Self Forming Clay":0,"Astrolabe":34,"The Courier":44,"Letter Opener":27,"Frozen Egg 2":22,"Odd Mushroom":7,"Nuclear Battery":17,"Mercury Hourglass":0,"DataDisk":14,"Shuriken":41,"Molten Egg 2":12,"Bag of Marbles":11,"Symbiotic Virus":48,"TungstenRod":0,"Meat on the Bone":6,"Pocketwatch":24},{"Darkstone Periapt":13,"Lantern":6,"Singing Bowl":19,"Magic Flower":32,"Mango":30,"Ginger":6,"HollowMod:StagPassRelic":12,"Boot":28,"Sling":32,"Blood Vial":0,"Matryoshka":32,"Tiny Chest":43,"Red Mask":27,"Cracked Core":0,"Pear":30,"Happy Flower":6,"Self Forming Clay":32,"Astrolabe":24,"The Courier":29,"Letter Opener":20,"Frozen Egg 2":18,"Odd Mushroom":37,"Nuclear Battery":16,"Mercury Hourglass":32,"DataDisk":15,"Shuriken":28,"Molten Egg 2":14,"Bag of Marbles":13,"Symbiotic Virus":31,"TungstenRod":0,"Meat on the Bone":5,"Pocketwatch":19},{"Darkstone Periapt":53,"Lantern":25,"Singing Bowl":92,"Magic Flower":184,"Mango":171,"Ginger":25,"HollowMod:StagPassRelic":49,"Boot":155,"Sling":184,"Blood Vial":0,"Matryoshka":184,"Tiny Chest":220,"Red Mask":147,"Cracked Core":0,"Pear":171,"Happy Flower":25,"Self Forming Clay":184,"Astrolabe":131,"The Courier":166,"Letter Opener":101,"Frozen Egg 2":84,"Odd Mushroom":201,"Nuclear Battery":75,"Mercury Hourglass":184,"DataDisk":65,"Shuriken":155,"Molten Egg 2":59,"Bag of Marbles":53,"Symbiotic Virus":176,"TungstenRod":0,"Meat on the Bone":20,"Pocketwatch":92}],"Burning Blood":54},"card_choices":[{"not_picked":["Feel No Pain","Sword Boomerang"],"picked":"Armaments","floor":1},{"not_picked":["Carnage","Rampage"],"picked":"Headbutt","floor":2},{"not_picked":["Hemokinesis","Blood for Blood"],"picked":"Thunderclap","floor":3},{"not_picked":["Juggernaut","Wild Strike"],"picked":"Armaments","floor":5},{"not_picked":["Fire Breathing","Headbutt"],"picked":"Immolate","floor":6},{"not_picked":["Havoc","Thunderclap"],"picked":"Disarm","floor":7}],"player_experience":208709,"relics_obtained":[{"floor":6,"key":"Tiny Chest"}],"event_choices":[{"damage_healed":0,"gold_gain":0,"player_choice":"Got Potions","damage_taken":0,"max_hp_gain":0,"max_hp_loss":0,"event_name":"Lab","floor":4,"gold_loss":0}],"is_beta":false,"boss_relics":[],"items_purged_floors":[],"is_endless":false,"potions_floor_spawned":[1,2,6,7],"killed_by":"3 Sentries","ascension_level":3}}