{"host":"pletss163z7s8pvv","time":1614141547,"event":{"mods":["AchievementEnabler","Act Like it!","AlwaysNeverKeys","BaseMod","Better Altar","Better Match","Better Note","Better Sensory Stone","Better Skull","Better Third Choice","BetterRewards","Bossed Relics","CapriCore","ChefMod","Colored Map","Colored Powertips","Conspire","Dio Mod","Displayed Cursed Tome","Energized Spire","Evolution","Gensokyo","GifTheSpireLib","Hallownest","Hermit","Ironclad Rager","Jedi Mod","Marisa????????","Marked Mod","Minty Spire (QoL Compilation)","Reliquary","Replay The Spire","Retaliation","Ruina","Somnambulant","Spicy Shops","StS++","StSLib","The Administrix","The Alterego","The Animator","The Blue Laboratory","The Bug Knight","The Construct","The Cursed","The Disciple","The Forsaken","The Hierophant","The Necromancer","The Saiyan","The Vixen","The Wild Card","TheVacant","Transform Curses"],"gold_per_floor":[113,131,131,131,141,41,41,41,71,71,144,144,144,144,171,199,199,330,330,361,104,104,136,150,150,150,185,210,210,210],"floor_reached":29,"language":"ENG","playtime":1052,"items_purged":[],"score":215,"play_id":"7b222153-069f-4a17-a3d2-2d1463818bb9","local_time":"20210223223907","is_ascension_mode":false,"campfire_choices":[{"floor":8,"key":"RECALL"},{"floor":10,"key":"REST"},{"data":"StarDustReverie","floor":13,"key":"SMITH"},{"floor":17,"key":"REST"},{"floor":25,"key":"REST"}],"circlet_count":0,"master_deck":["Strike_MRS","Strike_MRS","Strike_MRS","Strike_MRS","Defend_MRS","Defend_MRS","Defend_MRS","Defend_MRS","MasterSpark","GrandCross","WitchLeyline","StarDustReverie+1","ShootingEcho","WitchOfGreed","WitchOfGreed","Replay:Light Bash","Burn","MeteoricShower","GrandCross","FinalSpark","OortCloud","MachineGunSpark","DoubleSpark","jedi:RedIncense","Violence","Languid","OpenUniverse","ShootTheMoon+1","DeepEcoloBomb"],"relics":["MiniHakkero","EVO:Axolotl","Pet Ghost","energizedSpire:CursedPentagram","Replay:Baseball","Blue Doll"],"acts_visited":["Exordium","Exordium"],"potions_floor_usage":[18,18,24],"damage_taken":[{"damage":11,"enemies":"Jaw Worm","floor":1,"turns":3},{"damage":0,"enemies":"Cultist","floor":2,"turns":2},{"damage":9,"enemies":"2 Louse","floor":5,"turns":2},{"damage":16,"enemies":"Large Slime","floor":9,"turns":2},{"damage":10,"enemies":"Looter","floor":15,"turns":2},{"damage":15,"enemies":"Exordium Wildlife","floor":16,"turns":2},{"damage":35,"enemies":"Fading Forest","floor":18,"turns":11},{"damage":23,"enemies":"ruina:Nosferatu","floor":20,"turns":3},{"damage":19,"enemies":"ruina:2_Scarecrows","floor":23,"turns":4},{"damage":20,"enemies":"ruina:KnightOfDespair","floor":24,"turns":4},{"damage":36,"enemies":"ruina:Woodsman","floor":27,"turns":4},{"damage":0,"enemies":"ruina:QueenOfHate","floor":29,"turns":1}],"seed_played":"-7232973184619448640","potions_obtained":[{"floor":1,"key":"blueLaboratory:PhilterOfMotion"},{"floor":9,"key":"blueLaboratory:CorrosionFlask"},{"floor":15,"key":"StSpp:SecondWindPotion"},{"floor":15,"key":"ColorlessPotion"},{"floor":18,"key":"BlessingOfTheForge"},{"floor":20,"key":"LiquidMemories"},{"floor":24,"key":"blueLaboratory:HorrorPotion"},{"floor":27,"key":"blueLaboratory:BubblePotion"}],"is_trial":false,"path_per_floor":["M","M","PTL","PTL","M","$","?","R","M","R","T","?","R","?","M","M","R","B",null,"M","$","?","M","M","R","?","M","T","M"],"character_chosen":"MARISA","items_purchased":["ShootingEcho","WitchOfGreed","Replay:Baseball","MachineGunSpark","DoubleSpark"],"campfire_rested":3,"item_purchase_floors":[6,6,21,21,21],"current_hp_per_floor":[71,71,71,71,62,62,62,62,46,70,70,70,70,70,60,45,69,44,82,59,59,59,40,20,44,44,8,8,8,8],"gold":210,"neow_bonus":"TEN_PERCENT_HP_BONUS","is_daily":false,"chose_seed":false,"campfire_upgraded":1,"win_rate":0.0,"timestamp":1614141547,"path_taken":["M","M","PTL","PTL","M","$","?","R","?","R","T","?","R","?","M","M","R","BOSS","M","$","?","M","M","R","?","?","T","M"],"items_purchased_type":["Card","Card","Relic","Card","Card"],"build_version":"2020-12-22","purchased_purges":0,"victory":false,"max_hp_per_floor":[82,82,82,82,82,82,82,82,82,82,82,82,82,82,82,82,82,82,82,82,82,82,82,82,82,82,82,82,82,82],"card_choices":[{"not_picked":["RefractionSpark","GalacticHalo"],"picked":"GrandCross","floor":1},{"not_picked":["GalacticHalo","MeteoricShower"],"picked":"WitchLeyline","floor":2},{"not_picked":["SporeBomb","UnstableBomb"],"picked":"StarDustReverie","floor":5},{"not_picked":["EarthLightRay","NonDirectionalLaser"],"picked":"WitchOfGreed","floor":9},{"not_picked":["GravityBeat","SatelliteIllusion"],"picked":"MeteoricShower","floor":15},{"not_picked":["Singularity","PowerUp"],"picked":"GrandCross","floor":16},{"not_picked":["SuperNova","ManaRampage"],"picked":"FinalSpark","floor":18},{"not_picked":["UnstableBomb+1","NonDirectionalLaser"],"picked":"OortCloud","floor":20},{"not_picked":["Purity","Replay:BasicMightCard"],"picked":"jedi:RedIncense","floor":22},{"not_picked":["Deep Breath","Thinking Ahead"],"picked":"Violence","floor":22},{"not_picked":["NonDirectionalLaser","Acceleration"],"picked":"OpenUniverse","floor":23},{"not_picked":["DragonMeteor","UnstableBomb+1"],"picked":"ShootTheMoon+1","floor":24},{"not_picked":["Orbital","GravityBeat+1"],"picked":"DeepEcoloBomb","floor":27}],"player_experience":553488,"relics_obtained":[{"floor":28,"key":"Blue Doll"}],"event_choices":[{"damage_healed":0,"gold_gain":0,"player_choice":"Gave Potion","damage_taken":0,"relics_obtained":["Pet Ghost"],"max_hp_gain":0,"max_hp_loss":0,"event_name":"WeMeetAgain","floor":7,"gold_loss":0},{"damage_healed":70,"gold_gain":0,"player_choice":"Embrace Burn","damage_taken":0,"max_hp_gain":0,"max_hp_loss":82,"event_name":"betterThird:BetterShining","floor":14,"gold_loss":0},{"damage_healed":0,"gold_gain":2,"player_choice":"1","damage_taken":0,"max_hp_gain":0,"max_hp_loss":0,"event_name":"betterStone:BetterStone","floor":22,"gold_loss":0}],"is_beta":false,"boss_relics":[{"not_picked":["Busted Crown","SacredBark"],"picked":"energizedSpire:CursedPentagram"}],"items_purged_floors":[],"is_endless":false,"potions_floor_spawned":[1,15,23,24],"killed_by":"ruina:QueenOfHate","ascension_level":0}}