{"host":"l6t8kvs6xu8ynp71","time":1614202236,"event":{"mods":["BaseMod","Curses Come First","Highlight Path","Minty Spire (QoL Compilation)","Permanent Neow","Relic Stats","StSLib"],"gold_per_floor":[361,361,361,36,48,48,79,79,79,79,79,96,96,122,122,194,194,214,489,193,272,292,325,337,337,337],"floor_reached":25,"language":"ENG","playtime":1104,"items_purged":["Regret"],"score":504,"play_id":"e26cc34a-dd78-4da4-a75c-ff65d670b680","local_time":"20210224143036","is_ascension_mode":true,"campfire_choices":[{"data":"Dagger Throw","floor":6.0,"key":"SMITH"},{"data":"Masterful Stab","floor":8.0,"key":"SMITH"},{"data":"Infinite Blades","floor":10.0,"key":"SMITH"},{"data":"Cloak And Dagger","floor":13.0,"key":"SMITH"},{"data":"Noxious Fumes","floor":15.0,"key":"SMITH"}],"circlet_count":0,"master_deck":["AscendersBane","Strike_G","Strike_G","Strike_G+1","Strike_G","Strike_G+1","Defend_G","Defend_G","Defend_G","Defend_G","Defend_G","Survivor","Neutralize","Dagger Throw+1","Infinite Blades+1","Masterful Stab+1","Cloak And Dagger+1","Noxious Fumes+1","Burst","Backflip","Accuracy","Blade Dance","Deflect"],"relics":["Ring of the Snake","Meat on the Bone","Torii","Smiling Mask","Whetstone","Ninja Scroll","WristBlade","ClockworkSouvenir","Kunai","CaptainsWheel"],"acts_visited":["Exordium","TheCity"],"potions_floor_usage":[25],"damage_taken":[{"damage":0.0,"enemies":"2 Louse","floor":1.0,"turns":4.0},{"damage":1.0,"enemies":"Small Slimes","floor":5.0,"turns":3.0},{"damage":34.0,"enemies":"Lagavulin","floor":7.0,"turns":9.0},{"damage":0.0,"enemies":"Jaw Worm","floor":12.0,"turns":3.0},{"damage":0.0,"enemies":"3 Sentries","floor":14.0,"turns":7.0},{"damage":24.0,"enemies":"Hexaghost","floor":16.0,"turns":10.0},{"damage":8.0,"enemies":"3 Byrds","floor":18.0,"turns":6.0},{"damage":0.0,"enemies":"Spheric Guardian","floor":22.0,"turns":1.0},{"damage":14.0,"enemies":"Gremlin Leader","floor":23.0,"turns":9.0},{"damage":0.0,"enemies":"Centurion and Healer","floor":24.0,"turns":2.0},{"damage":53,"enemies":"Book of Stabbing","floor":25,"turns":6}],"seed_played":"-5192881856486320493","potions_obtained":[{"floor":7.0,"key":"Swift Potion"},{"floor":12.0,"key":"Energy Potion"},{"floor":14.0,"key":"SmokeBomb"},{"floor":18.0,"key":"Regen Potion"},{"floor":22.0,"key":"Swift Potion"}],"is_trial":false,"path_per_floor":["M","?","?","$","M","R","E","R","T","R","?","M","R","E","R","B",null,"M","?","$","T","M","E","M","E"],"character_chosen":"THE_SILENT","items_purchased":["Torii","ClockworkSouvenir","Accuracy"],"campfire_rested":0,"item_purchase_floors":[4,20,20],"current_hp_per_floor":[59,64,53,53,52,52,30,30,30,30,30,42,42,42,42,30,56,48,48,48,48,48,34,34,0,0],"gold":337,"neow_bonus":"TWO_FIFTY_GOLD","is_daily":false,"chose_seed":false,"campfire_upgraded":5,"win_rate":0.0,"timestamp":1614202236,"path_taken":["M","?","?","$","M","R","E","R","T","R","?","?","R","E","R","BOSS","M","?","$","?","M","E","?","E"],"items_purchased_type":["Relic","Relic","Card"],"build_version":"2020-12-22","purchased_purges":1,"victory":false,"max_hp_per_floor":[60,65,65,65,65,65,65,65,65,65,65,65,65,65,65,65,65,65,65,65,65,65,65,65,65,65],"relic_stats":{"Torii":47,"counters":[11,60],"Whetstone":["Strike_G","Strike_G"],"Kunai":[17],"Smiling Mask":25,"obtain_stats":[{"CaptainsWheel":23,"Torii":4,"WristBlade":17,"Ninja Scroll":14,"Whetstone":9,"Kunai":21,"Smiling Mask":7,"Ring of the Snake":0,"Meat on the Bone":3,"ClockworkSouvenir":20},{"CaptainsWheel":9,"Torii":1,"WristBlade":6,"Ninja Scroll":5,"Whetstone":3,"Kunai":7,"Smiling Mask":3,"Ring of the Snake":0,"Meat on the Bone":1,"ClockworkSouvenir":7},{"CaptainsWheel":52,"Torii":4,"WristBlade":36,"Ninja Scroll":26,"Whetstone":16,"Kunai":42,"Smiling Mask":16,"Ring of the Snake":0,"Meat on the Bone":4,"ClockworkSouvenir":42}],"Ring of the Snake":[22],"Meat on the Bone":36},"card_choices":[{"not_picked":["Backflip","Bane"],"picked":"Dagger Throw","floor":1.0},{"not_picked":["Expertise","Prepared"],"picked":"Infinite Blades","floor":5.0},{"not_picked":["Bouncing Flask","Dagger Throw"],"picked":"Masterful Stab","floor":7.0},{"not_picked":["Quick Slash","Underhanded Strike"],"picked":"Cloak And Dagger","floor":12.0},{"not_picked":["Poisoned Stab","Dagger Throw"],"picked":"Noxious Fumes","floor":14.0},{"not_picked":["Venomology","Die Die Die"],"picked":"Burst","floor":16.0},{"not_picked":["Tactician","Dodge and Roll"],"picked":"Backflip","floor":18.0},{"not_picked":["Acrobatics","Predator"],"picked":"Blade Dance","floor":22.0},{"not_picked":["Acrobatics","Flying Knee+1","Reflex"],"picked":"SKIP","floor":23.0},{"not_picked":["Sucker Punch","Prepared"],"picked":"Deflect","floor":24.0}],"player_experience":1532640,"relics_obtained":[{"floor":7.0,"key":"Smiling Mask"},{"floor":9.0,"key":"Whetstone"},{"floor":14.0,"key":"Ninja Scroll"},{"floor":21.0,"key":"Kunai"},{"floor":23.0,"key":"CaptainsWheel"}],"event_choices":[{"damage_healed":0.0,"max_hp_gain":5.0,"max_hp_loss":0.0,"gold_gain":0.0,"event_name":"Big Fish","player_choice":"Donut","floor":2.0,"gold_loss":0.0,"damage_taken":0.0},{"damage_healed":0.0,"max_hp_gain":0.0,"max_hp_loss":0.0,"gold_gain":0.0,"event_name":"Scrap Ooze","player_choice":"Success","floor":3.0,"gold_loss":0.0,"damage_taken":11.0,"relics_obtained":["Meat on the Bone"]},{"damage_healed":0.0,"max_hp_gain":0.0,"max_hp_loss":0.0,"gold_gain":0.0,"event_name":"Dead Adventurer","player_choice":"Searched \u00270\u0027 times","floor":11.0,"gold_loss":0.0,"damage_taken":0.0},{"damage_healed":0.0,"max_hp_gain":0.0,"max_hp_loss":0.0,"gold_gain":275.0,"event_name":"Golden Shrine","player_choice":"Desecrate","floor":19.0,"gold_loss":0.0,"damage_taken":0.0,"cards_obtained":["Regret"]}],"is_beta":false,"boss_relics":[{"not_picked":["Cursed Key","SacredBark"],"picked":"WristBlade"}],"items_purged_floors":[20],"is_endless":false,"potions_floor_spawned":[7,12,14,18,22],"killed_by":"Book of Stabbing","ascension_level":20}}