{"host":"wbn3xdfsa5pc2kse","time":1614167783,"event":{"mods":["AchievementEnabler","BaseMod","Bestiary","Colored Map","Colored Powertips","Curses Come First","Highlight Path","Minty Spire (QoL Compilation)","Permanent Neow","Rare Cards Sparkle","Relic Stats","StSLib"],"gold_per_floor":[110,130,145,156,40,75,75,87,113,139,24,24,24,54,54,128,128,147,72,72,52,66,66,66],"floor_reached":23,"language":"ZHT","playtime":654,"items_purged":["Strike_R"],"score":418,"play_id":"b34bcf9a-ff1c-4a94-afe0-12f233564ece","local_time":"20210224195623","is_ascension_mode":true,"campfire_choices":[{"data":"Wild Strike","floor":7,"key":"SMITH"},{"data":"True Grit","floor":13,"key":"SMITH"},{"data":"Spot Weakness","floor":15,"key":"SMITH"}],"circlet_count":0,"master_deck":["AscendersBane","Strike_R","Strike_R","Defend_R","Defend_R","Defend_R","Defend_R","Bash+1","Anger","Pommel Strike","Shrug It Off","Wild Strike+1","Spot Weakness+1","Headbutt+1","Carnage+1","Feel No Pain","True Grit+1","Shrug It Off","Feed","Flame Barrier","Evolve"],"relics":["Burning Blood","Paper Frog","Whetstone","Bronze Scales","Smiling Mask","Black Star"],"acts_visited":["Exordium","TheCity"],"potions_floor_usage":[6,10,16,18,22,23],"damage_taken":[{"damage":1.0,"enemies":"Cultist","floor":1.0,"turns":3.0},{"damage":13.0,"enemies":"2 Louse","floor":2.0,"turns":3.0},{"damage":4.0,"enemies":"Small Slimes","floor":3.0,"turns":4.0},{"damage":13.0,"enemies":"3 Louse","floor":4.0,"turns":4.0},{"damage":8,"enemies":"Gremlin Nob","floor":6,"turns":3},{"damage":9,"enemies":"Lots of Slimes","floor":8,"turns":5},{"damage":8,"enemies":"3 Sentries","floor":10,"turns":4},{"damage":8,"enemies":"Gremlin Nob","floor":14,"turns":3},{"damage":19,"enemies":"Hexaghost","floor":16,"turns":7},{"damage":25,"enemies":"Shell Parasite","floor":18,"turns":6},{"damage":31,"enemies":"Spheric Guardian","floor":22,"turns":8},{"damage":26,"enemies":"Slavers","floor":23,"turns":2}],"seed_played":"8919821173082336683","potions_obtained":[{"floor":1.0,"key":"EssenceOfSteel"},{"floor":4.0,"key":"SkillPotion"},{"floor":10,"key":"Weak Potion"},{"floor":18,"key":"Swift Potion"},{"floor":21,"key":"SneckoOil"}],"is_trial":false,"path_per_floor":["M","M","M","M","$","E","R","M","T","E","$","?","R","E","R","B",null,"M","?","?","?","M","E"],"character_chosen":"IRONCLAD","items_purchased":["Spot Weakness","True Grit","PowerPotion"],"campfire_rested":0,"item_purchase_floors":[5,11,11],"current_hp_per_floor":[73,66,68,61,61,59,59,56,56,54,54,47,47,45,45,32,64,45,45,45,45,23,0,0],"gold":66,"neow_bonus":"UPGRADE_CARD","is_daily":false,"chose_seed":false,"campfire_upgraded":3,"win_rate":0.0,"timestamp":1614167783,"path_taken":["M","M","M","M","?","E","R","?","T","E","$","?","R","E","R","BOSS","M","?","?","?","M","E"],"items_purchased_type":["Card","Card","Potion"],"build_version":"2020-12-22","purchased_purges":1,"victory":false,"max_hp_per_floor":[75,75,75,75,75,75,75,75,75,75,75,75,75,75,75,75,75,75,75,75,75,78,81,81],"relic_stats":{"counters":[12,52],"Bronze Scales":[69],"Black Star":0,"Whetstone":["Carnage","Headbutt"],"Smiling Mask":0,"obtain_stats":[{"Bronze Scales":10,"Black Star":17,"Whetstone":9,"Smiling Mask":14,"Burning Blood":0,"Paper Frog":6},{"Bronze Scales":7,"Black Star":9,"Whetstone":6,"Smiling Mask":8,"Burning Blood":0,"Paper Frog":5},{"Bronze Scales":26,"Black Star":36,"Whetstone":22,"Smiling Mask":29,"Burning Blood":0,"Paper Frog":17}],"Burning Blood":66},"card_choices":[{"not_picked":["Evolve","Warcry"],"picked":"Anger","floor":1.0},{"not_picked":["Sever Soul","Rupture"],"picked":"Pommel Strike","floor":2.0},{"not_picked":["Cleave","Dropkick"],"picked":"Shrug It Off","floor":3.0},{"not_picked":["Pommel Strike","Burning Pact"],"picked":"Wild Strike","floor":4.0},{"not_picked":["Body Slam","Juggernaut"],"picked":"Headbutt","floor":6},{"not_picked":["Hemokinesis","Cleave"],"picked":"Carnage","floor":8},{"not_picked":["Heavy Blade","Hemokinesis"],"picked":"Feel No Pain","floor":10},{"not_picked":["Pommel Strike","Anger"],"picked":"Shrug It Off","floor":14},{"not_picked":["Berserk","Barricade"],"picked":"Feed","floor":16},{"not_picked":["Havoc","Twin Strike","Clothesline"],"picked":"SKIP","floor":18},{"not_picked":["Second Wind","Shrug It Off"],"picked":"Evolve","floor":22}],"player_experience":872588,"relics_obtained":[{"floor":6,"key":"Paper Frog"},{"floor":9,"key":"Whetstone"},{"floor":10,"key":"Bronze Scales"},{"floor":14,"key":"Smiling Mask"}],"event_choices":[{"cards_removed":["Strike_R"],"damage_healed":0,"gold_gain":0,"player_choice":"Card Removal","damage_taken":7,"max_hp_gain":0,"max_hp_loss":0,"event_name":"Golden Wing","floor":12,"gold_loss":0},{"cards_removed":["Strike_R"],"damage_healed":0,"gold_gain":0,"player_choice":"Gave Gold","damage_taken":0,"max_hp_gain":0,"max_hp_loss":0,"event_name":"Beggar","floor":19,"gold_loss":75},{"damage_healed":0,"gold_gain":0,"player_choice":"Read","damage_taken":0,"max_hp_gain":0,"max_hp_loss":0,"event_name":"The Library","floor":20,"gold_loss":0,"cards_obtained":["Flame Barrier"]},{"damage_healed":0,"gold_gain":0,"player_choice":"Bought 1 Potion","damage_taken":0,"max_hp_gain":0,"max_hp_loss":0,"event_name":"The Woman in Blue","floor":21,"gold_loss":0}],"is_beta":false,"boss_relics":[{"not_picked":["Ectoplasm","Runic Pyramid"],"picked":"Black Star"}],"items_purged_floors":[5],"is_endless":false,"potions_floor_spawned":[1,4,10,14,18],"killed_by":"Slavers","ascension_level":20}}