{"host":"ju1b3c4x8n2jtjm7","time":1614199653,"event":{"mods":["AchievementEnabler","BaseMod","Colored Map","Colored Powertips","Highlight Path","Minty Spire (QoL Compilation)","Quick Restart","Rare Cards Sparkle","Relic Stats","StSLib"],"gold_per_floor":[111,36,36,36,12,46,46,86,137,176,351,376,14,37,37,133,133,127,127,127,152,171,171,171],"floor_reached":23,"language":"ENG","playtime":1240,"items_purged":["Defend_B"],"score":342,"play_id":"fa672b3a-5bdb-482f-aea5-225187cc1155","local_time":"20210224214733","is_ascension_mode":true,"campfire_choices":[{"data":"Hello World","floor":7.0,"key":"SMITH"},{"data":"Apotheosis","floor":15.0,"key":"SMITH"}],"circlet_count":0,"master_deck":["AscendersBane","Strike_B","Strike_B","Strike_B","Strike_B","Defend_B+1","Defend_B","Defend_B","Zap+1","Dualcast","Hello World+1","Cold Snap","Capacitor","Consume","Doubt","Core Surge","Bandage Up","Apotheosis+1","Melter","Seek"],"relics":["Velvet Choker","Golden Idol","War Paint","Orichalcum","Boot","Happy Flower","Busted Crown"],"acts_visited":["Exordium","TheCity"],"potions_floor_usage":[],"damage_taken":[{"damage":1.0,"enemies":"Cultist","floor":1.0,"turns":4.0},{"damage":8.0,"enemies":"3 Sentries","floor":6.0,"turns":6.0},{"damage":28.0,"enemies":"Gremlin Nob","floor":8.0,"turns":4.0},{"damage":2.0,"enemies":"3 Sentries","floor":10.0,"turns":7.0},{"damage":4.0,"enemies":"2 Louse","floor":12.0,"turns":3.0},{"damage":0.0,"enemies":"Jaw Worm","floor":14.0,"turns":3.0},{"damage":22.0,"enemies":"The Guardian","floor":16.0,"turns":9.0},{"damage":28,"enemies":"2 Thieves","floor":18,"turns":4},{"damage":5,"enemies":"3 Byrds","floor":21,"turns":6},{"damage":21,"enemies":"Snecko","floor":22,"turns":5},{"damage":18,"enemies":"Centurion and Healer","floor":23,"turns":1}],"seed_played":"-3183577658497902064","potions_obtained":[{"floor":1.0,"key":"Fire Potion"},{"floor":8.0,"key":"Swift Potion"},{"floor":14.0,"key":"FearPotion"}],"is_trial":false,"path_per_floor":["M","$","$","?","$","E","R","E","T","E","?","M","$","M","R","B",null,"M","?","?","M","M","M"],"character_chosen":"DEFECT","items_purchased":["Cold Snap","Bandage Up","Apotheosis","Melter"],"campfire_rested":0,"item_purchase_floors":[5,13,13,13],"current_hp_per_floor":[67,67,67,67,67,59,59,31,31,29,29,25,25,31,31,15,56,34,57,38,39,18,0,0],"gold":171,"neow_bonus":"BOSS_RELIC","is_daily":false,"chose_seed":false,"campfire_upgraded":2,"win_rate":0.0,"timestamp":1614199653,"path_taken":["M","?","$","?","?","E","R","E","T","E","?","?","$","M","R","BOSS","M","?","?","M","?","M"],"items_purchased_type":["Card","Card","Card","Card"],"build_version":"2020-12-22","purchased_purges":1,"victory":false,"max_hp_per_floor":[75,75,75,69,69,69,69,69,69,69,69,69,69,69,69,69,69,69,69,69,69,69,69,69],"relic_stats":{"Busted Crown":6,"Happy Flower":[10],"counters":[11,52],"Golden Idol":66,"War Paint":["Defend_B","Zap"],"Orichalcum":[84],"Boot":[47],"obtain_stats":[{"Busted Crown":17,"Happy Flower":10,"Golden Idol":4,"Velvet Choker":0,"War Paint":6,"Orichalcum":8,"Cracked Core":0,"Boot":9},{"Busted Crown":7,"Happy Flower":4,"Golden Idol":1,"Velvet Choker":0,"War Paint":2,"Orichalcum":3,"Cracked Core":0,"Boot":3},{"Busted Crown":36,"Happy Flower":21,"Golden Idol":4,"Velvet Choker":0,"War Paint":10,"Orichalcum":14,"Cracked Core":0,"Boot":14}]},"card_choices":[{"not_picked":["Scrape","Melter"],"picked":"Hello World","floor":1.0},{"not_picked":["Turbo","Beam Cell","Gash"],"picked":"SKIP","floor":6.0},{"not_picked":["Barrage","FTL"],"picked":"Capacitor","floor":8.0},{"not_picked":["Coolheaded","Chill"],"picked":"Consume","floor":10.0},{"not_picked":["Redo","Ball Lightning"],"picked":"Core Surge","floor":12.0},{"not_picked":["Go for the Eyes","Streamline","Leap"],"picked":"SKIP","floor":14.0},{"not_picked":["Machine Learning","Biased Cognition"],"picked":"Seek","floor":16.0},{"not_picked":["Conserve Battery"],"picked":"SKIP","floor":18},{"not_picked":["Redo"],"picked":"SKIP","floor":21},{"not_picked":["Static Discharge"],"picked":"SKIP","floor":22}],"player_experience":543571,"relics_obtained":[{"floor":6.0,"key":"War Paint"},{"floor":8.0,"key":"Orichalcum"},{"floor":9.0,"key":"Boot"},{"floor":10.0,"key":"Happy Flower"}],"event_choices":[{"damage_healed":0.0,"max_hp_gain":0.0,"max_hp_loss":6.0,"gold_gain":0.0,"event_name":"Golden Idol","player_choice":"Lose Max HP","floor":4.0,"gold_loss":0.0,"damage_taken":0.0,"relics_obtained":["Golden Idol"]},{"damage_healed":0.0,"max_hp_gain":0.0,"max_hp_loss":0.0,"gold_gain":175.0,"event_name":"Liars Game","player_choice":"AGREE","floor":11.0,"gold_loss":0.0,"damage_taken":0.0,"cards_obtained":["Doubt"]},{"damage_healed":23,"gold_gain":0,"player_choice":"Heal","damage_taken":0,"max_hp_gain":0,"max_hp_loss":0,"event_name":"The Library","floor":19,"gold_loss":0},{"damage_healed":0,"gold_gain":0,"player_choice":"POTION POTION ","damage_taken":19,"max_hp_gain":0,"max_hp_loss":0,"event_name":"Knowing Skull","floor":20,"potions_obtained":["FocusPotion","PotionOfCapacity"],"gold_loss":0,"cards_obtained":[]}],"is_beta":false,"boss_relics":[{"not_picked":["Cursed Key","Sozu"],"picked":"Busted Crown"}],"items_purged_floors":[2],"is_endless":false,"potions_floor_spawned":[1,8,14],"killed_by":"Centurion and Healer","ascension_level":13}}