{"host":"7gquyva492f4udta","time":1614193733,"event":{"mods":["BaseMod","Minty Spire (QoL Compilation)"],"gold_per_floor":[109,109,134,157,157,157,157,157,157,501,522,537,553,591,591,719,719,735,8,27,27,47,85,18,59,59,59,59,102,137,150,150,273,273,287,312,326,133,196,236,251,287,364,395,414,414,434,473,473,473,473,473,35,70,70],"floor_reached":56,"language":"ENG","playtime":4474,"items_purged":["Strike_P","Strike_P","Protect"],"score":2251,"play_id":"ce62362e-a18f-4280-a615-18fa3c592abc","local_time":"20210224130853","is_ascension_mode":true,"campfire_choices":[{"floor":6.0,"key":"REST"},{"data":"Eruption","floor":8.0,"key":"SMITH"},{"data":"ClearTheMind","floor":15.0,"key":"SMITH"},{"floor":27,"key":"DIG"},{"floor":32,"key":"DIG"},{"floor":49,"key":"RECALL"},{"data":"1","floor":52,"key":"LIFT"}],"circlet_count":0,"master_deck":["Strike_P+1","Defend_P+1","Defend_P+1","Defend_P+1","Defend_P+1","Eruption+1","Vigilance+1","ClearTheMind+1","CutThroughFate+1","ConjureBlade+1","Tantrum+1","LessonLearned+1","ThirdEye+1","Blasphemy+1","ReachHeaven+1","Secret Technique+1","Ghostly","Ghostly+1","Ghostly","Ghostly+1","Ghostly+1","CutThroughFate+1","Conclude+1","Crescendo+1","Vault+1","Impatience","Devotion","Violence","Finesse"],"relics":["Black Star","Golden Idol","TungstenRod","Pocketwatch","Question Card","Old Coin","Matryoshka","Ice Cream","Philosopher\u0027s Stone","Shovel","Strange Spoon","Tiny Chest","StoneCalendar","Mercury Hourglass","Lantern","Bag of Preparation","Letter Opener","FossilizedHelix","Lizard Tail","Darkstone Periapt","Red Mask","Potion Belt","Busted Crown","Girya","CaptainsWheel","MealTicket","Mango","Turnip","Pen Nib","Oddly Smooth Stone","Juzu Bracelet","Whetstone","Dream Catcher","Meat on the Bone","Unceasing Top","Happy Flower"],"acts_visited":["Exordium","TheCity","TheBeyond","TheEnding"],"potions_floor_usage":[44,44,55,55,55],"damage_taken":[{"damage":20.0,"enemies":"Small Slimes","floor":1.0,"turns":5.0},{"damage":2.0,"enemies":"2 Louse","floor":3.0,"turns":4.0},{"damage":0.0,"enemies":"Jaw Worm","floor":4.0,"turns":2.0},{"damage":0.0,"enemies":"Gremlin Nob","floor":10.0,"turns":2.0},{"damage":0.0,"enemies":"Blue Slaver","floor":11.0,"turns":3.0},{"damage":0.0,"enemies":"Large Slime","floor":12.0,"turns":4.0},{"damage":6.0,"enemies":"Exordium Wildlife","floor":13.0,"turns":3.0},{"damage":10.0,"enemies":"3 Sentries","floor":14.0,"turns":7.0},{"damage":11.0,"enemies":"Slime Boss","floor":16.0,"turns":8.0},{"damage":4.0,"enemies":"2 Thieves","floor":18.0,"turns":4.0},{"damage":15.0,"enemies":"3 Byrds","floor":20.0,"turns":5.0},{"damage":6.0,"enemies":"Snake Plant","floor":22.0,"turns":7.0},{"damage":0,"enemies":"Gremlin Leader","floor":23,"turns":4},{"damage":0,"enemies":"Book of Stabbing","floor":25,"turns":5},{"damage":0,"enemies":"Slavers","floor":29,"turns":5},{"damage":0,"enemies":"Masked Bandits","floor":30,"turns":3},{"damage":0,"enemies":"Centurion and Healer","floor":31,"turns":5},{"damage":0,"enemies":"Collector","floor":33,"turns":6},{"damage":0,"enemies":"Orb Walker","floor":35,"turns":2},{"damage":0,"enemies":"3 Shapes","floor":36,"turns":2},{"damage":0,"enemies":"Maw","floor":37,"turns":6},{"damage":0,"enemies":"Mind Bloom Boss Battle","floor":39,"turns":3},{"damage":0,"enemies":"Nemesis","floor":40,"turns":8},{"damage":0,"enemies":"Sphere and 2 Shapes","floor":41,"turns":6},{"damage":0,"enemies":"Giant Head","floor":42,"turns":7},{"damage":0,"enemies":"Reptomancer","floor":44,"turns":3},{"damage":0,"enemies":"Jaw Worm Horde","floor":45,"turns":5},{"damage":0,"enemies":"Transient","floor":47,"turns":6},{"damage":0,"enemies":"Giant Head","floor":48,"turns":7},{"damage":0,"enemies":"Time Eater","floor":50,"turns":8},{"damage":0,"enemies":"Shield and Spear","floor":54,"turns":4},{"damage":0,"enemies":"The Heart","floor":55,"turns":7}],"seed_played":"-575009909023188336","potions_obtained":[{"floor":4.0,"key":"DuplicationPotion"},{"floor":12.0,"key":"Regen Potion"},{"floor":13.0,"key":"GamblersBrew"},{"floor":16.0,"key":"BlessingOfTheForge"},{"floor":18.0,"key":"Explosive Potion"},{"floor":23,"key":"LiquidBronze"},{"floor":25,"key":"AttackPotion"},{"floor":33,"key":"AttackPotion"},{"floor":37,"key":"SteroidPotion"},{"floor":41,"key":"Energy Potion"},{"floor":44,"key":"FearPotion"},{"floor":45,"key":"LiquidBronze"}],"is_trial":false,"path_per_floor":["M","?","M","M","?","R","T","R","T","E","M","M","M","E","R","B",null,"M","$","M","?","M","E","$","E","T","R","?","E","?","M","R","B",null,"M","M","M","$","?","E","M","E","T","E","M","T","M","E","R","B",null,"R","$","E","B",null],"character_chosen":"WATCHER","items_purchased":["Shovel","Strange Spoon","Secret Technique","Conclude","Impatience","Violence","Finesse","Strength Potion"],"campfire_rested":1,"item_purchase_floors":[19,19,19,24,38,53,53,53],"current_hp_per_floor":[45,45,43,43,43,63,63,63,63,63,63,63,57,61,61,50,63,59,59,44,33,27,27,27,27,27,27,27,27,27,27,27,27,32,32,32,32,32,32,32,32,46,46,46,46,46,46,46,46,46,47,47,47,47,47],"gold":70,"neow_bonus":"BOSS_RELIC","is_daily":false,"chose_seed":false,"campfire_upgraded":2,"win_rate":0.0,"timestamp":1614193733,"path_taken":["M","?","M","M","?","R","?","R","T","E","?","M","M","E","R","BOSS","M","$","M","?","M","E","$","E","T","R","?","E","?","M","R","BOSS","M","M","M","$","?","E","M","E","T","E","M","?","M","E","R","BOSS","R","$","E","BOSS"],"items_purchased_type":["Relic","Relic","Card","Card","Card","Card","Card","Potion"],"build_version":"2020-12-22","purchased_purges":3,"victory":true,"max_hp_per_floor":[72,67,67,67,67,67,67,67,67,67,67,67,67,67,67,67,67,67,67,67,33,33,33,33,33,33,33,33,33,33,33,33,33,33,33,33,33,33,33,33,33,47,47,47,47,47,47,47,47,47,47,47,47,47,47],"card_choices":[{"not_picked":["Crescendo","EmptyFist"],"picked":"ClearTheMind","floor":1.0},{"not_picked":["Worship","EmptyFist"],"picked":"CutThroughFate","floor":3.0},{"not_picked":["CutThroughFate","Crescendo"],"picked":"ConjureBlade","floor":4.0},{"not_picked":["Crescendo","CrushJoints"],"picked":"Tantrum","floor":10.0},{"not_picked":["CrushJoints","FollowUp","Perseverance"],"picked":"Protect","floor":11.0},{"not_picked":["Worship","SashWhip","JustLucky"],"picked":"LessonLearned","floor":12.0},{"not_picked":["CrushJoints","Prostrate","PathToVictory"],"picked":"ThirdEye","floor":13.0},{"not_picked":["WreathOfFlame","Consecrate","Collect","PathToVictory"],"picked":"SKIP","floor":14.0},{"not_picked":["Wish","Devotion","Judgement"],"picked":"Blasphemy","floor":16.0},{"not_picked":["Protect","PathToVictory","Prostrate"],"picked":"ReachHeaven","floor":18.0},{"not_picked":["ClearTheMind","ThirdEye","EmptyBody","JustLucky"],"picked":"SKIP","floor":20.0},{"not_picked":["Collect+1","Wallop","Halt","SashWhip"],"picked":"SKIP","floor":22.0},{"not_picked":["FlurryOfBlows","Halt","SpiritShield"],"picked":"CutThroughFate+1","floor":23},{"not_picked":["Protect","ClearTheMind","MentalFortress"],"picked":"Crescendo+1","floor":25},{"not_picked":["Perseverance","LikeWater","DeceiveReality","Evaluate"],"picked":"SKIP","floor":29},{"not_picked":["Protect","FollowUp","Collect","Indignation"],"picked":"SKIP","floor":31},{"not_picked":["Brilliance","Ragnarok","LessonLearned"],"picked":"Vault","floor":33},{"not_picked":["FollowUp+1","Protect+1"],"picked":"SKIP","floor":35},{"not_picked":["Pray","Halt"],"picked":"SKIP","floor":36},{"not_picked":["FlyingSleeves+1","Nirvana"],"picked":"SKIP","floor":37},{"not_picked":["ForeignInfluence+1","WaveOfTheHand"],"picked":"SKIP","floor":40},{"not_picked":["ClearTheMind+1","CutThroughFate"],"picked":"SKIP","floor":41},{"not_picked":["CarveReality","JustLucky"],"picked":"SKIP","floor":42},{"not_picked":["WheelKick"],"picked":"Devotion","floor":44},{"not_picked":["JustLucky","Halt+1"],"picked":"SKIP","floor":45},{"not_picked":["WindmillStrike+1","EmptyMind"],"picked":"SKIP","floor":47},{"not_picked":["Prostrate+1","LessonLearned"],"picked":"SKIP","floor":48},{"not_picked":["Weave","MentalFortress+1"],"picked":"SKIP","floor":54}],"player_experience":322528,"relics_obtained":[{"floor":7.0,"key":"TungstenRod"},{"floor":9.0,"key":"Pocketwatch"},{"floor":10.0,"key":"Question Card"},{"floor":10.0,"key":"Old Coin"},{"floor":14.0,"key":"Matryoshka"},{"floor":14.0,"key":"Ice Cream"},{"floor":23,"key":"Tiny Chest"},{"floor":23,"key":"StoneCalendar"},{"floor":25,"key":"Mercury Hourglass"},{"floor":25,"key":"Lantern"},{"floor":26,"key":"Bag of Preparation"},{"floor":26,"key":"Letter Opener"},{"floor":27,"key":"FossilizedHelix"},{"floor":29,"key":"Lizard Tail"},{"floor":29,"key":"Darkstone Periapt"},{"floor":30,"key":"Red Mask"},{"floor":32,"key":"Potion Belt"},{"floor":39,"key":"Girya"},{"floor":40,"key":"CaptainsWheel"},{"floor":40,"key":"MealTicket"},{"floor":42,"key":"Mango"},{"floor":42,"key":"Turnip"},{"floor":43,"key":"Pen Nib"},{"floor":44,"key":"Oddly Smooth Stone"},{"floor":44,"key":"Juzu Bracelet"},{"floor":46,"key":"Whetstone"},{"floor":48,"key":"Dream Catcher"},{"floor":48,"key":"Meat on the Bone"},{"floor":54,"key":"Unceasing Top"},{"floor":54,"key":"Happy Flower"}],"event_choices":[{"damage_healed":0.0,"max_hp_gain":0.0,"max_hp_loss":5.0,"gold_gain":0.0,"event_name":"Golden Idol","player_choice":"Lose Max HP","floor":2.0,"gold_loss":0.0,"damage_taken":0.0,"relics_obtained":["Golden Idol"]},{"cards_removed":["Strike_P"],"damage_healed":0.0,"max_hp_gain":0.0,"max_hp_loss":0.0,"gold_gain":0.0,"event_name":"Living Wall","player_choice":"Forget","floor":5.0,"gold_loss":0.0,"damage_taken":0.0},{"damage_healed":0.0,"max_hp_gain":0.0,"max_hp_loss":34.0,"gold_gain":0.0,"event_name":"Ghosts","player_choice":"Became a Ghost","floor":21.0,"gold_loss":0.0,"damage_taken":0.0,"cards_obtained":["Ghostly","Ghostly","Ghostly","Ghostly","Ghostly"]},{"damage_healed":0,"gold_gain":0,"player_choice":"Ignored","damage_taken":0,"max_hp_gain":0,"max_hp_loss":0,"event_name":"Vampires","floor":28,"gold_loss":0},{"damage_healed":0,"gold_gain":0,"player_choice":"Fought Bandits","damage_taken":0,"max_hp_gain":0,"max_hp_loss":0,"event_name":"Masked Bandits","floor":30,"gold_loss":0},{"damage_healed":0,"gold_gain":0,"player_choice":"Fight","damage_taken":0,"max_hp_gain":0,"max_hp_loss":0,"event_name":"MindBloom","floor":39,"gold_loss":0}],"is_beta":false,"boss_relics":[{"not_picked":["Astrolabe","Coffee Dripper"],"picked":"Philosopher\u0027s Stone"},{"not_picked":["Velvet Choker","Runic Dome"],"picked":"Busted Crown"}],"items_purged_floors":[19,38,53],"is_endless":false,"potions_floor_spawned":[4,12,13,16,18,23,25,33,37,39,41,44,45,54],"ascension_level":6}}