{"host":"zxd2l8an9de7z7b9","time":1614166387,"event":{"mods":["100% Spire Juice","2.2 Compatiblity","AchievementEnabler","BaseMod","CapriCore","Colored Map","Colored Powertips","Marisa£¨Ùöéë¡¡Øª×âÞÞ£©","Minty Spire (QoL Compilation)","Rare Cards Sparkle","StSLib","SuperFastMode","Td1madao Mod","everything is the same but u backflip on backflip"],"gold_per_floor":[113,113,113,133,58,58,88,88,115,133,158,158,171,181,181,284,284,298,298,130,143,155,155,174,192,217,217,127,127,76,86,86,186,186],"floor_reached":33,"language":"KOR","playtime":666,"items_purged":["Defend_R","Defend_R"],"score":412,"play_id":"ce215fbe-e2f1-4dc5-bdd8-5c62af12e5db","local_time":"20210224203307","is_ascension_mode":false,"campfire_choices":[{"data":"Perfected Strike","floor":6.0,"key":"SMITH"},{"data":"Bash","floor":8.0,"key":"SMITH"},{"data":"Double Tap","floor":15.0,"key":"SMITH"},{"data":"Seeing Red","floor":23.0,"key":"SMITH"},{"data":"Pommel Strike","floor":27.0,"key":"SMITH"},{"data":"Seeing Red","floor":29.0,"key":"SMITH"},{"data":"Perfected Strike","floor":32.0,"key":"SMITH"}],"circlet_count":0,"master_deck":["Strike_R","Strike_R","Strike_R","Strike_R","Strike_R","Bash+1","Perfected Strike+1","Pommel Strike+1","Double Tap+1","Offering","Perfected Strike+1","Seeing Red+1","Seeing Red+1","Wild Strike+1","Battle Trance+1","Perfected Strike+1","Fiend Fire"],"relics":["Burning Blood","Question Card","Bag of Marbles","Vajra","PreservedInsect","Runic Pyramid","Centennial Puzzle","Toy Ornithopter"],"acts_visited":["Exordium","TheCity"],"potions_floor_usage":[33,33,33],"damage_taken":[{"damage":10.0,"enemies":"Cultist","floor":1.0,"turns":4.0},{"damage":3.0,"enemies":"2 Louse","floor":4.0,"turns":2.0},{"damage":0.0,"enemies":"Small Slimes","floor":10.0,"turns":2.0},{"damage":26.0,"enemies":"Exordium Thugs","floor":13.0,"turns":6.0},{"damage":16.0,"enemies":"Large Slime","floor":14.0,"turns":2.0},{"damage":33.0,"enemies":"Hexaghost","floor":16.0,"turns":7.0},{"damage":13.0,"enemies":"Shell Parasite","floor":18.0,"turns":2.0},{"damage":16.0,"enemies":"3 Byrds","floor":21.0,"turns":3.0},{"damage":0.0,"enemies":"Snecko","floor":22.0,"turns":2.0},{"damage":21.0,"enemies":"Snake Plant","floor":24.0,"turns":2.0},{"damage":6.0,"enemies":"Shelled Parasite and Fungi","floor":25.0,"turns":1.0},{"damage":6.0,"enemies":"3 Cultists","floor":31.0,"turns":2.0},{"damage":6,"enemies":"Automaton","floor":33,"turns":2}],"seed_played":"3834183167094490159","potions_obtained":[{"floor":4.0,"key":"SkillPotion"},{"floor":13.0,"key":"SkillPotion"},{"floor":16.0,"key":"Strength Potion"},{"floor":18.0,"key":"FairyPotion"},{"floor":24.0,"key":"FearPotion"},{"floor":33,"key":"AttackPotion"}],"is_trial":false,"path_per_floor":["M","?","?","M","$","R","?","R","T","M","T","?","M","M","R","B",null,"M","?","$","M","M","R","M","M","T","R","?","R","$","M","R","B"],"character_chosen":"IRONCLAD","items_purchased":["Seeing Red","ColorlessPotion"],"campfire_rested":0,"item_purchase_floors":[20,30],"current_hp_per_floor":[68,56,56,59,59,59,59,59,59,65,65,65,45,35,35,8,96,89,89,89,79,85,85,70,70,70,70,70,70,70,70,70,85,85],"gold":186,"neow_bonus":"TWENTY_PERCENT_HP_BONUS","is_daily":false,"chose_seed":false,"campfire_upgraded":7,"win_rate":0.0,"timestamp":1614166387,"path_taken":["M","?","?","M","$","R","?","R","T","M","?","?","?","M","R","BOSS","M","?","$","M","M","R","?","M","T","R","?","R","$","M","R","BOSS"],"items_purchased_type":["Card","Potion"],"build_version":"2020-12-22","purchased_purges":2,"victory":false,"max_hp_per_floor":[96,96,96,96,96,96,96,96,96,96,96,96,96,96,96,96,96,96,96,96,96,96,96,96,96,96,96,96,96,96,96,96,96,96],"card_choices":[{"not_picked":["Uppercut","Dark Embrace"],"picked":"Perfected Strike","floor":1.0},{"not_picked":["Sever Soul","Inflame","Clash","Carnage"],"picked":"SKIP","floor":4.0},{"not_picked":["Blood for Blood","Havoc","Heavy Blade","Twin Strike"],"picked":"SKIP","floor":10.0},{"not_picked":["Shrug It Off","Dark Embrace","Uppercut"],"picked":"Pommel Strike","floor":13.0},{"not_picked":["Combust","Rampage","True Grit"],"picked":"Double Tap","floor":14.0},{"not_picked":["Brutality","Berserk","Feed"],"picked":"Offering","floor":16.0},{"not_picked":["Body Slam","Cleave","Uppercut+1"],"picked":"Perfected Strike+1","floor":18.0},{"not_picked":["Battle Trance+1","Dual Wield","Intimidate"],"picked":"Seeing Red","floor":21.0},{"not_picked":["Ghostly Armor","Dual Wield","Anger"],"picked":"Wild Strike","floor":22.0},{"not_picked":["True Grit+1","Searing Blow+1","Thunderclap"],"picked":"Battle Trance+1","floor":24.0},{"not_picked":["Power Through","Evolve+1","Headbutt","Double Tap"],"picked":"SKIP","floor":25.0},{"not_picked":["Flame Barrier+1","Rage","Combust+1"],"picked":"Perfected Strike","floor":31.0},{"not_picked":["Feed","Limit Break","Barricade"],"picked":"Fiend Fire","floor":33}],"player_experience":470680,"relics_obtained":[{"floor":9.0,"key":"Vajra"},{"floor":11.0,"key":"PreservedInsect"},{"floor":26.0,"key":"Toy Ornithopter"}],"event_choices":[{"damage_healed":0.0,"max_hp_gain":0.0,"max_hp_loss":0.0,"gold_gain":0.0,"event_name":"Scrap Ooze","player_choice":"Success","floor":2.0,"gold_loss":0.0,"damage_taken":12.0,"relics_obtained":["Question Card"]},{"cards_removed":["Defend_R"],"damage_healed":0.0,"max_hp_gain":0.0,"max_hp_loss":0.0,"gold_gain":0.0,"event_name":"Living Wall","player_choice":"Forget","floor":3.0,"gold_loss":0.0,"damage_taken":0.0},{"damage_healed":0.0,"max_hp_gain":0.0,"max_hp_loss":0.0,"gold_gain":30.0,"event_name":"Dead Adventurer","player_choice":"Searched \u00273\u0027 times","floor":7.0,"gold_loss":0.0,"damage_taken":0.0,"relics_obtained":["Bag of Marbles"]},{"damage_healed":0.0,"max_hp_gain":0.0,"max_hp_loss":0.0,"gold_gain":0.0,"event_name":"NoteForYourself","player_choice":"Ignored","floor":12.0,"gold_loss":0.0,"damage_taken":0.0},{"damage_healed":0.0,"max_hp_gain":0.0,"max_hp_loss":0.0,"gold_gain":0.0,"event_name":"WeMeetAgain","player_choice":"Gave Potion","floor":19.0,"gold_loss":0.0,"damage_taken":0.0,"relics_obtained":["Centennial Puzzle"]},{"cards_removed":["Defend_R"],"damage_healed":0.0,"max_hp_gain":0.0,"max_hp_loss":0.0,"gold_gain":0.0,"event_name":"Designer","player_choice":"Upgrade and Remove","floor":28.0,"gold_loss":90.0,"damage_taken":0.0,"cards_upgraded":["Wild Strike"]}],"is_beta":false,"boss_relics":[{"not_picked":["Runic Cube","Runic Dome"],"picked":"Runic Pyramid"}],"items_purged_floors":[5,20],"is_endless":false,"potions_floor_spawned":[4,13,16,18,24,31,33],"killed_by":"Automaton","ascension_level":0}}