{"host":"lufzn74xe9ct3rkf","time":1614143871,"event":{"mods":["AchievementEnabler","BaseMod","DNKmod","Evolution","Friendly Minions","Minty Spire (QoL Compilation)","StSLib","Treasure Hunter"],"gold_per_floor":[112,127,143,143,153,184,184,212,239,65,79,99,124,124,124,227,227,239,239,169,180,90,122,122,154,154,154,154,166,166,191,191,291,291,303,0,0,0,52,52,82,98,98,98,98,98,114,132,132,133],"floor_reached":51,"language":"ENG","playtime":2669,"items_purged":[],"score":1201,"play_id":"d2b29f5c-d9c3-4e38-9ae7-41650e550bf6","local_time":"20210223211751","is_ascension_mode":false,"campfire_choices":[{"data":"1","floor":7.0,"key":"LIFT"},{"data":"Hello World","floor":15.0,"key":"SMITH"},{"data":"2","floor":28,"key":"LIFT"},{"data":"3","floor":30,"key":"LIFT"},{"data":"Amplify","floor":32,"key":"SMITH"},{"floor":40,"key":"DIG"},{"floor":45,"key":"DIG"},{"floor":49,"key":"DIG"}],"circlet_count":0,"master_deck":["Strike_B","Strike_B","Strike_B","Strike_B","Defend_B","Defend_B","Defend_B+1","Zap","Dualcast","Hello World+1","Cold Snap","Redo","TH:EnergyPotion","Cold Snap","TH:PixieDust","Amplify+1","TH:DeckOfManyThings","Defragment","Trip","Barrage","Cold Snap","Cold Snap","TH:CursedSword","Reboot","Demon Form","TH:DeckOfManyThings","Rainbow","Scrape","Barrage","Cold Snap","Gash+1","TH:TreasureMap","Rip and Tear","Hello World+1","TH:EnergyPotion","Stack+1","TH:EnergyPotion","Self Repair+1","TH:TreasureMap","Compile Driver","TH:TreasureMap","Creative AI","Gash+1","TH:CopperCoins","Good Instincts","Forethought","Jack Of All Trades","Beam Cell+1","TH:CopperCoins","Rip and Tear","Coolheaded","Madness","Madness","TH:CopperCoins","Sweeping Beam+1","Cold Snap"],"relics":["Cracked Core","EVO:Axolotl","Bag of Marbles","Lantern","Potion Belt","Pen Nib","Shovel","Toy Ornithopter","Whetstone","Du-Vu Doll","Girya","Meat on the Bone","Ancient Tea Set","Unceasing Top","Pantograph","Incense Burner","Eternal Feather","Oddly Smooth Stone","Blue Candle","InkBottle","Mercury Hourglass","Juzu Bracelet","Singing Bowl","Art of War","Omamori","MealTicket","Thread and Needle","FaceOfCleric","Sundial","Gambling Chip","Nunchaku","Regal Pillow","SacredBark","Blood Vial","Pear","White Beast Statue","Calipers","Shuriken","Black Star","Red Mask","Matryoshka","Torii","PreservedInsect","Vajra","Centennial Puzzle","Bronze Scales","Bottled Flame","Letter Opener","Dream Catcher","Mummified Hand","Happy Flower"],"acts_visited":["Exordium","TheCity","TheBeyond"],"potions_floor_usage":[23,23,31,33,33,50,50],"damage_taken":[{"damage":0.0,"enemies":"Small Slimes","floor":1.0,"turns":2.0},{"damage":0.0,"enemies":"Cultist","floor":2.0,"turns":2.0},{"damage":0.0,"enemies":"2 Louse","floor":3.0,"turns":2.0},{"damage":0.0,"enemies":"Gremlin Gang","floor":5.0,"turns":2.0},{"damage":12.0,"enemies":"Gremlin Nob","floor":6.0,"turns":3.0},{"damage":7.0,"enemies":"3 Sentries","floor":8.0,"turns":3.0},{"damage":4.0,"enemies":"2 Fungi Beasts","floor":11.0,"turns":2.0},{"damage":0.0,"enemies":"Exordium Thugs","floor":12.0,"turns":3.0},{"damage":12.0,"enemies":"Lagavulin","floor":13.0,"turns":3.0},{"damage":7.0,"enemies":"Slime Boss","floor":16.0,"turns":5.0},{"damage":0,"enemies":"Shell Parasite","floor":18,"turns":3},{"damage":0,"enemies":"Spheric Guardian","floor":21,"turns":3},{"damage":14,"enemies":"Slavers","floor":23,"turns":3},{"damage":5,"enemies":"Book of Stabbing","floor":25,"turns":3},{"damage":1,"enemies":"Centurion and Healer","floor":29,"turns":3},{"damage":18,"enemies":"Slavers","floor":31,"turns":3},{"damage":8,"enemies":"Automaton","floor":33,"turns":6},{"damage":0,"enemies":"3 Shapes","floor":35,"turns":3},{"damage":31,"enemies":"2 Orb Walkers","floor":39,"turns":4},{"damage":0,"enemies":"Reptomancer","floor":41,"turns":2},{"damage":18,"enemies":"Orb Walker","floor":42,"turns":3},{"damage":1,"enemies":"3 Darklings","floor":47,"turns":3},{"damage":7,"enemies":"Spire Growth","floor":48,"turns":2},{"damage":23,"enemies":"Donu and Deca","floor":50,"turns":3}],"seed_played":"-7268975545510198734","potions_obtained":[{"floor":1.0,"key":"SpeedPotion"},{"floor":2.0,"key":"Block Potion"},{"floor":3.0,"key":"Weak Potion"},{"floor":18,"key":"Regen Potion"},{"floor":25,"key":"BlessingOfTheForge"},{"floor":29,"key":"Fire Potion"},{"floor":31,"key":"PowerPotion"},{"floor":33,"key":"DistilledChaos"},{"floor":35,"key":"SmokeBomb"},{"floor":48,"key":"SteroidPotion"}],"is_trial":false,"path_per_floor":["M","M","M","?","M","E","R","E","T","$","M","M","E","?","R","B",null,"M","?","$","M","?","E","?","E","T","?","R","M","R","E","R","B",null,"M","?","T","?","?","R","E","M","T","?","R","T","M","M","R","B",null],"character_chosen":"DEFECT","items_purchased":["Defragment","Trip","Barrage","Barrage","Cold Snap"],"campfire_rested":0,"item_purchase_floors":[10,10,10,20,20],"current_hp_per_floor":[82,82,82,82,83,72,81,75,75,85,82,83,72,72,87,82,89,90,72,87,88,88,83,83,91,91,91,108,108,109,107,110,111,111,112,112,112,102,74,101,104,89,89,75,105,105,107,103,117,105],"gold":133,"neow_bonus":"TEN_PERCENT_HP_BONUS","is_daily":false,"chose_seed":false,"campfire_upgraded":2,"win_rate":0.0,"timestamp":1614143871,"path_taken":["M","M","M","?","M","E","R","E","T","$","M","M","E","?","R","BOSS","M","?","$","M","?","E","?","E","T","?","R","M","R","E","R","BOSS","M","?","?","?","?","R","E","M","T","?","R","?","M","M","R","BOSS"],"items_purchased_type":["Card","Card","Card","Card","Card"],"build_version":"2020-12-22","purchased_purges":0,"victory":true,"max_hp_per_floor":[82,82,82,82,83,84,84,85,85,85,86,87,88,88,88,89,89,90,95,95,96,96,97,97,108,108,108,108,109,109,110,110,111,111,112,112,112,112,113,113,114,115,115,115,115,115,116,117,117,118],"card_choices":[{"not_picked":["Scrape","Ball Lightning"],"picked":"Hello World","floor":1.0},{"not_picked":["Beam Cell","Streamline"],"picked":"Cold Snap","floor":2.0},{"not_picked":["Stack","Glacier"],"picked":"Redo","floor":3.0},{"not_picked":["Self Repair","FTL"],"picked":"Hello World","floor":5.0},{"not_picked":["TH:ElvenBoots"],"picked":"TH:EnergyPotion","floor":6.0},{"not_picked":["Barrage","Tempest"],"picked":"Cold Snap","floor":6.0},{"not_picked":["TH:BikiniMail"],"picked":"TH:PixieDust","floor":8.0},{"not_picked":["FTL","Cold Snap"],"picked":"Amplify","floor":8.0},{"not_picked":["TH:ArmorSpikes"],"picked":"TH:DeckOfManyThings","floor":9.0},{"not_picked":["Steam","Barrage"],"picked":"Cold Snap","floor":11.0},{"not_picked":["Compile Driver","Skim"],"picked":"Cold Snap","floor":12.0},{"not_picked":["TH:BikiniMail"],"picked":"TH:CursedSword","floor":13.0},{"not_picked":["Self Repair","Go for the Eyes"],"picked":"Reboot","floor":13.0},{"not_picked":["TH:ArmorSpikes"],"picked":"TH:DeckOfManyThings","floor":16.0},{"not_picked":["All For One","Fission"],"picked":"Rainbow","floor":16.0},{"not_picked":["Stack","Redo"],"picked":"Scrape","floor":18},{"not_picked":["Leap","Go for the Eyes"],"picked":"Gash+1","floor":21},{"not_picked":["TH:PixieDust"],"picked":"TH:TreasureMap","floor":23},{"not_picked":["Rainbow","Static Discharge"],"picked":"Rip and Tear","floor":23},{"not_picked":["TH:PixieDust"],"picked":"TH:EnergyPotion","floor":25},{"not_picked":["Barrage+1","Go for the Eyes+1"],"picked":"Stack+1","floor":25},{"not_picked":["TH:TreasureMap"],"picked":"TH:EnergyPotion","floor":26},{"not_picked":["Chaos","Redo"],"picked":"Self Repair+1","floor":29},{"not_picked":["TH:BikiniMail"],"picked":"TH:TreasureMap","floor":31},{"not_picked":["Heatsinks+1","Chaos+1"],"picked":"Compile Driver","floor":31},{"not_picked":["TH:ElvenBoots"],"picked":"TH:TreasureMap","floor":33},{"not_picked":["Thunder Strike","Multi-Cast"],"picked":"Creative AI","floor":33},{"not_picked":["Self Repair","Streamline"],"picked":"Gash+1","floor":35},{"not_picked":["TH:ArmorSpikes"],"picked":"TH:CopperCoins","floor":37},{"not_picked":["TH:BikiniMail","Purity"],"picked":"Good Instincts","floor":38},{"not_picked":["Dark Shackles","PanicButton"],"picked":"Forethought","floor":38},{"not_picked":["Blind","TH:CursedSword"],"picked":"Jack Of All Trades","floor":38},{"not_picked":["Self Repair+1","Stack"],"picked":"Beam Cell+1","floor":39},{"not_picked":["TH:ElvenBoots"],"picked":"TH:CopperCoins","floor":41},{"not_picked":["Buffer","Coolheaded+1"],"picked":"Rip and Tear","floor":41},{"not_picked":["Leap","Self Repair+1"],"picked":"Coolheaded","floor":42},{"not_picked":["TH:EnergyPotion","TH:DeckOfManyThings"],"picked":"SKIP","floor":43},{"not_picked":["TH:ArmorSpikes"],"picked":"TH:CopperCoins","floor":46},{"not_picked":["Steam+1","Leap"],"picked":"Sweeping Beam+1","floor":47},{"not_picked":["Stack","Conserve Battery"],"picked":"Cold Snap","floor":48}],"player_experience":49004,"relics_obtained":[{"floor":6.0,"key":"Sundial"},{"floor":8.0,"key":"Gambling Chip"},{"floor":9.0,"key":"Nunchaku"},{"floor":13.0,"key":"Regal Pillow"},{"floor":23,"key":"Blood Vial"},{"floor":25,"key":"Pear"},{"floor":26,"key":"White Beast Statue"},{"floor":31,"key":"Shuriken"},{"floor":37,"key":"Matryoshka"},{"floor":39,"key":"Torii"},{"floor":40,"key":"PreservedInsect"},{"floor":41,"key":"Vajra"},{"floor":41,"key":"Centennial Puzzle"},{"floor":43,"key":"Bronze Scales"},{"floor":43,"key":"Bottled Flame"},{"floor":45,"key":"Letter Opener"},{"floor":46,"key":"Dream Catcher"},{"floor":46,"key":"Mummified Hand"},{"floor":49,"key":"Happy Flower"}],"event_choices":[{"damage_healed":0.0,"max_hp_gain":0.0,"max_hp_loss":0.0,"gold_gain":0.0,"event_name":"FaceTrader","player_choice":"Trade","floor":4.0,"gold_loss":0.0,"damage_taken":0.0,"relics_obtained":["FaceOfCleric"]},{"cards_removed":["Hello World"],"damage_healed":0.0,"max_hp_gain":0.0,"max_hp_loss":0.0,"gold_gain":0.0,"event_name":"NoteForYourself","player_choice":"Took Card","floor":14.0,"gold_loss":0.0,"damage_taken":0.0,"cards_obtained":["Demon Form"]},{"damage_healed":0,"gold_gain":0,"player_choice":"Shed Blood","damage_taken":23,"max_hp_gain":5,"max_hp_loss":0,"event_name":"Forgotten Altar","floor":19,"gold_loss":0},{"cards_removed":["Defend_B"],"damage_healed":0,"gold_gain":0,"player_choice":"Upgrade and Remove","damage_taken":0,"max_hp_gain":0,"max_hp_loss":0,"event_name":"Designer","floor":22,"gold_loss":90,"cards_upgraded":["Defend_B"]},{"damage_healed":0,"gold_gain":0,"player_choice":"Copied","damage_taken":0,"max_hp_gain":0,"max_hp_loss":0,"event_name":"Duplicator","floor":24,"gold_loss":0,"cards_obtained":["Hello World"]},{"damage_healed":0,"gold_gain":0,"player_choice":"Opened","damage_taken":0,"relics_obtained":["Calipers"],"max_hp_gain":0,"max_hp_loss":0,"event_name":"The Mausoleum","floor":27,"gold_loss":0,"cards_obtained":["Writhe"]},{"damage_healed":0,"gold_gain":0,"player_choice":"Paid","damage_taken":0,"relics_obtained":["Red Mask"],"max_hp_gain":0,"max_hp_loss":0,"event_name":"Tomb of Lord Red Mask","floor":36,"gold_loss":303},{"damage_healed":0,"gold_gain":0,"player_choice":"Memory 3","damage_taken":10,"max_hp_gain":0,"max_hp_loss":0,"event_name":"SensoryStone","floor":38,"gold_loss":0},{"damage_healed":0,"gold_gain":0,"player_choice":"Fight","damage_taken":0,"max_hp_gain":0,"max_hp_loss":0,"event_name":"Mysterious Sphere","floor":39,"gold_loss":0},{"damage_healed":0,"gold_gain":0,"player_choice":"Embrace Madness","damage_taken":14,"max_hp_gain":0,"max_hp_loss":0,"event_name":"Winding Halls","floor":44,"gold_loss":0,"cards_obtained":["Madness","Madness"]}],"is_beta":false,"boss_relics":[{"not_picked":["Astrolabe","Fusion Hammer"],"picked":"SacredBark"},{"not_picked":["Inserter","Tiny House"],"picked":"Black Star"}],"items_purged_floors":[],"is_endless":false,"potions_floor_spawned":[1,2,3,12,18,25,29,31,33,35,39,41,42,47,48],"ascension_level":0}}