{"host":"zmtwm7g9txw073d3","time":1614130518,"event":{"mods":["BaseMod","Downfall","Hermit","Minty Spire (QoL Compilation)","Robot Space Explorer","StSLib","The Cursed","The Servant 0.9.4"],"gold_per_floor":[99,115,125,138,138,169,194,469,489,489,504,533,533,563,577,577,577,577],"floor_reached":16,"language":"ZHS","playtime":1272,"items_purged":[],"score":122,"play_id":"c256e8c7-afd7-4965-ae7b-0e504192a8b9","local_time":"20210224093518","is_ascension_mode":false,"campfire_choices":[],"circlet_count":0,"master_deck":["sneckomod:Strike","sneckomod:Strike","sneckomod:Defend","sneckomod:Defend","sneckomod:Defend","sneckomod:TailWhip","sneckomod:SnekBite","bronze:DelayedSlice","sneckomod:Unknown0Cost","bronze:Fortify","sneckomod:UnknownRareSkill","Regret","Parasite","sneckomod:SerpentIdol"],"relics":["sneckomod:SneckoSoul","Strawberry","Art of War","Tiny Chest","Centennial Puzzle","TungstenRod","Happy Flower"],"acts_visited":["Exordium"],"potions_floor_usage":[6,6,12,14],"damage_taken":[{"damage":1,"enemies":"Cultist","floor":2,"turns":4},{"damage":6,"enemies":"2 Louse","floor":3,"turns":3},{"damage":7,"enemies":"Small Slimes","floor":4,"turns":4},{"damage":21,"enemies":"Lagavulin","floor":6,"turns":5},{"damage":22,"enemies":"Blue Slaver","floor":9,"turns":5},{"damage":7,"enemies":"downfall:LooterAlt","floor":11,"turns":3},{"damage":17,"enemies":"Gremlin Nob","floor":12,"turns":3},{"damage":30,"enemies":"Lagavulin","floor":14,"turns":5},{"damage":17,"enemies":"2 Fungi Beasts","floor":15,"turns":3},{"damage":16,"enemies":"DF_ARCHETYPE_STREAMLINE","floor":16,"turns":3}],"seed_played":"6189745186702502911","potions_obtained":[{"floor":3,"key":"ColorlessPotion"},{"floor":4,"key":"FearPotion"},{"floor":6,"key":"champ:CounterPotion"},{"floor":12,"key":"Fire Potion"},{"floor":14,"key":"SpeedPotion"}],"is_trial":false,"path_per_floor":["R","M","M","M","?","E","T","?","M","?","M","E","T","E","M","B"],"character_chosen":"THE_SNECKO","items_purchased":[],"campfire_rested":0,"item_purchase_floors":[],"current_hp_per_floor":[97,96,90,83,83,62,62,62,40,64,57,44,44,29,12,0,0,0],"gold":577,"neow_bonus":"RANDOM_COMMON_RELIC","is_daily":false,"chose_seed":false,"campfire_upgraded":0,"win_rate":0.0,"timestamp":1614130518,"path_taken":["R","M","M","M","?","E","T","?","?","?","M","E","?","E","M","BOSS"],"items_purchased_type":[],"build_version":"2020-12-22","purchased_purges":0,"victory":false,"max_hp_per_floor":[97,97,97,97,97,97,97,97,97,97,97,97,97,97,97,97,97,97],"card_choices":[{"not_picked":["sneckomod:QuickMove","sneckomod:UnknownUncommonPower"],"picked":"sneckomod:Memorize","floor":2},{"not_picked":["sneckomod:UnknownDraw","sneckomod:CheapStock"],"picked":"sneckomod:Unknown0Cost","floor":3},{"not_picked":["sneckomod:DiceBlock","sneckomod:QuickBite","sneckomod:Unknown1Cost"],"picked":"SKIP","floor":4},{"not_picked":["sneckomod:Unknown2Cost","sneckomod:SoulRoll"],"picked":"sneckomod:UnknownRareSkill","floor":6},{"not_picked":["sneckomod:QuickBite","sneckomod:Rotation","sneckomod:UnknownCommonSkill"],"picked":"SKIP","floor":9},{"not_picked":["sneckomod:Nope","sneckomod:SoulDraw"],"picked":"sneckomod:SerpentIdol","floor":11},{"not_picked":["sneckomod:Nope","sneckomod:SerpentMind","sneckomod:UnknownUncommonAttack"],"picked":"SKIP","floor":12},{"not_picked":["sneckomod:WideSting","sneckomod:SoulDraw","sneckomod:SoulRoll"],"picked":"SKIP","floor":14},{"not_picked":["sneckomod:WideSting","sneckomod:SoulCleanse","sneckomod:QuickBite"],"picked":"SKIP","floor":15}],"player_experience":117005,"relics_obtained":[{"floor":6,"key":"Art of War"},{"floor":7,"key":"Tiny Chest"},{"floor":12,"key":"Centennial Puzzle"},{"floor":13,"key":"TungstenRod"},{"floor":14,"key":"Happy Flower"}],"event_choices":[{"damage_healed":24,"gold_gain":0,"player_choice":"Healed and dodged fight","damage_taken":0,"max_hp_gain":0,"max_hp_loss":0,"event_name":"Mushrooms","floor":10,"gold_loss":0,"cards_obtained":["Parasite"]}],"is_beta":false,"boss_relics":[],"items_purged_floors":[],"is_endless":false,"potions_floor_spawned":[3,4,6,12,14],"killed_by":"DF_ARCHETYPE_STREAMLINE","ascension_level":0}}