{"host":"np9ouipdmi0bkas5","time":1614180799,"event":{"mods":["AchievementEnabler","Aspiration","BaseMod","Better Altar","Better Match","Better Skull","Better Third Choice","Colored Map","Downfall","Highlight Path","Hubris","Infinite Spire","Minty Spire (QoL Compilation)","Replay The Spire","StSLib"],"gold_per_floor":[116,126,126,137,153,180,180,212,212,241,261,261,280,296,296,296,296],"floor_reached":16,"language":"ENG","playtime":771,"items_purged":[],"score":143,"play_id":"52f55fe7-05f1-4f15-bd5f-2810653353c1","local_time":"20210224073319","is_ascension_mode":true,"campfire_choices":[{"floor":7,"key":"REST"},{"floor":12,"key":"REST"},{"floor":15,"key":"REST"}],"circlet_count":0,"master_deck":["Strike_G","Strike_G","Strike_G","Strike_G","Strike_G","Defend_G","Defend_G","Defend_G","Defend_G","Defend_G","Survivor","Neutralize","Slice","Bouncing Flask","Terror","Bane","Caltrops","Poisoned Stab","Draining Mist"],"relics":["Ring of the Snake","Lantern","Paper Crane","Anchor","Basket Of Snakes","Orichalcum"],"acts_visited":["Exordium"],"potions_floor_usage":[8,8,10,14,16],"damage_taken":[{"damage":4,"enemies":"Cultist","floor":1,"turns":4},{"damage":0,"enemies":"Small Slimes","floor":2,"turns":5},{"damage":2,"enemies":"2 Louse","floor":4,"turns":2},{"damage":18,"enemies":"Lots of Slimes","floor":5,"turns":4},{"damage":25,"enemies":"Lagavulin","floor":6,"turns":6},{"damage":16,"enemies":"3 Sentries","floor":8,"turns":9},{"damage":16,"enemies":"Replay:BlueRogue","floor":10,"turns":4},{"damage":0,"enemies":"Looter","floor":11,"turns":3},{"damage":2,"enemies":"Blue Slaver","floor":13,"turns":3},{"damage":7,"enemies":"Large Slime","floor":14,"turns":4},{"damage":52,"enemies":"Fading Forest","floor":16,"turns":7}],"seed_played":"-1477263700723430523","potions_obtained":[{"floor":1,"key":"Elixir"},{"floor":4,"key":"Cursed Concoction"},{"floor":8,"key":"BlessingOfTheForge"},{"floor":10,"key":"Energy Potion"},{"floor":14,"key":"PowerPotion"}],"is_trial":false,"path_per_floor":["M","M","T","M","M","E","R","E","T","E","M","R","M","M","R","B"],"character_chosen":"THE_SILENT","items_purchased":[],"campfire_rested":3,"item_purchase_floors":[],"current_hp_per_floor":[66,66,66,64,46,21,42,26,26,10,10,31,29,22,43,0,0],"gold":296,"neow_bonus":"RANDOM_COMMON_RELIC","is_daily":false,"chose_seed":false,"campfire_upgraded":0,"win_rate":0.0,"timestamp":1614180799,"path_taken":["M","M","?","M","M","E","R","E","T","E","M","R","?","M","R","BOSS"],"items_purchased_type":[],"build_version":"2020-12-22","purchased_purges":0,"victory":false,"max_hp_per_floor":[70,70,70,70,70,70,70,70,70,70,70,70,70,70,70,70,70],"card_choices":[{"not_picked":["hubris:SlightOfHand","Flying Knee","Bane"],"picked":"SKIP","floor":1},{"not_picked":["Dagger Throw","Setup"],"picked":"Slice","floor":2},{"not_picked":["Atom Bomb","Flying Knee"],"picked":"Bouncing Flask","floor":4},{"not_picked":["PiercingWail","Dagger Throw","Outmaneuver"],"picked":"SKIP","floor":5},{"not_picked":["Deflect","Outmaneuver"],"picked":"Terror","floor":6},{"not_picked":["Dash","Sneak Up"],"picked":"Bane","floor":8},{"not_picked":["Flechettes","Deflect"],"picked":"Caltrops","floor":10},{"not_picked":["Terror","Outmaneuver","Acrobatics"],"picked":"SKIP","floor":11},{"not_picked":["Reflex","Doppelganger"],"picked":"Poisoned Stab","floor":13},{"not_picked":["Predator","PiercingWail"],"picked":"Draining Mist","floor":14}],"player_experience":140508,"relics_obtained":[{"floor":3,"key":"Paper Crane"},{"floor":6,"key":"Anchor"},{"floor":8,"key":"Basket Of Snakes"},{"floor":10,"key":"Orichalcum"}],"event_choices":[],"is_beta":false,"boss_relics":[],"items_purged_floors":[],"is_endless":false,"potions_floor_spawned":[1,4,8,10,14],"killed_by":"Fading Forest","ascension_level":3}}