{"host":"zuf44wbx6j0c4h1p","time":1614135961,"event":{"mods":["2.2 Compatiblity","Aspiration","BaseMod","Bossed Relics","Conspire","Infinite Spire","Minty Spire (QoL Compilation)","Replay The Spire","SCP261 Mod","Shapeshifter Mod","Shop Mod","Small Relic Pack","Spicy Shops","Spire Arcade","StSLib","The Animator","The Dragon Tamer","The Fake Hero","The Hierophant","The Poker Player","TheBandit","Uncapped","Wandering Minibosses","thorton"],"gold_per_floor":[116,116,136,147,166,166,198,198,198,198,214,214,214,18,18,122,122,138,138,138,154,166,166,184,36,87,114,114,114],"floor_reached":28,"language":"ENG","playtime":1407,"items_purged":["StSShapeShifter:ShapeShifter_Strike"],"score":238,"play_id":"7329a97d-cde2-49bb-908b-228e007f5bec","local_time":"20210223210601","is_ascension_mode":false,"campfire_choices":[{"floor":6.0,"key":"RECALL"},{"data":"StSShapeShifter:BaskInBloom","floor":8.0,"key":"SMITH"},{"data":"StSShapeShifter:AdaptiveStrikes","floor":12.0,"key":"SMITH"},{"data":"StSShapeShifter:WaspSwarmForm","floor":15.0,"key":"SMITH"},{"data":"StSShapeShifter:BaskInBloom","floor":23,"key":"SMITH"}],"circlet_count":0,"master_deck":["StSShapeShifter:ShapeShifter_Strike","StSShapeShifter:ShapeShifter_Strike","StSShapeShifter:ShapeShifter_Strike","StSShapeShifter:ShapeShifter_Strike","StSShapeShifter:ShapeShifter_Defend","StSShapeShifter:ShapeShifter_Defend","StSShapeShifter:ShapeShifter_Defend","StSShapeShifter:ShapeShifter_Defend","StSShapeShifter:ShapeShifter_Defend","StSShapeShifter:Tortoise_Form","StSShapeShifter:Lynx_Form","StSShapeShifter:BarkSkin","StSShapeShifter:Efflorescence+1","StSShapeShifter:WaspSwarmForm+1","StSShapeShifter:BaskInBloom+1","StSShapeShifter:AdaptiveStrikes+1","StSShapeShifter:BloomingSlash","StSShapeShifter:BloomingSlash","StSShapeShifter:BurrBomb","AbeCurse","StSShapeShifter:RockSlide","StSShapeShifter:BaskInBloom+1","StSShapeShifter:MagicMushrooms"],"relics":["StSShapeShifter:AnimalHeart","StSShapeShifter:TheShapeShiftersMagnolia","aspiration:DSix","ReplayTheSpireMod:Shallot","Abe\u0027s Treasure","Nloth\u0027s Gift","Astrolabe","Toy Ornithopter","Membership Card","infinitespire:Lucky Rock"],"acts_visited":["Exordium","TheCity"],"potions_floor_usage":[27,27],"damage_taken":[{"damage":0.0,"enemies":"Cultist","floor":1.0,"turns":2.0},{"damage":4.0,"enemies":"Jaw Worm","floor":3.0,"turns":4.0},{"damage":3.0,"enemies":"2 Louse","floor":4.0,"turns":2.0},{"damage":9.0,"enemies":"Blue Slaver","floor":5.0,"turns":6.0},{"damage":20.0,"enemies":"3 Sentries","floor":7.0,"turns":7.0},{"damage":0.0,"enemies":"3 Louse","floor":11.0,"turns":4.0},{"damage":24.0,"enemies":"Slime Boss","floor":16.0,"turns":9.0},{"damage":35.0,"enemies":"Shell Parasite","floor":18.0,"turns":7.0},{"damage":0,"enemies":"3 Byrds","floor":21,"turns":4},{"damage":11,"enemies":"Snecko","floor":22,"turns":5},{"damage":11,"enemies":"Snake Plant","floor":24,"turns":5},{"damage":19,"enemies":"Book of Stabbing","floor":27,"turns":7},{"damage":12,"enemies":"3 Cultists","floor":28,"turns":4}],"seed_played":"4584301772288311898","potions_obtained":[{"floor":1.0,"key":"SmokeBomb"},{"floor":2.0,"key":"Strength Potion"},{"floor":2.0,"key":"GamblersBrew"},{"floor":2.0,"key":"Venom Potion"},{"floor":4.0,"key":"Strength Potion"},{"floor":11.0,"key":"LifebloodPotion"},{"floor":22,"key":"Dexterity Potion"},{"floor":24,"key":"Swift Potion"}],"is_trial":false,"path_per_floor":["M","?","M","M","M","R","E","R","T","?","M","R","?","$","R","B",null,"M","?","AVR","M","M","R","M","$","T","E","M"],"character_chosen":"SHAPESHIFTER","items_purchased":["StSShapeShifter:BloomingSlash","Sling","Membership Card"],"campfire_rested":0,"item_purchase_floors":[14,14,25],"current_hp_per_floor":[78,78,74,71,62,62,42,42,42,68,68,68,68,68,68,44,78,43,43,43,43,32,32,21,21,21,12,0,0],"gold":114,"neow_bonus":"DSIX","is_daily":false,"chose_seed":false,"campfire_upgraded":4,"win_rate":0.0,"timestamp":1614135961,"path_taken":["M","?","?","M","M","R","E","R","T","?","M","R","?","?","R","BOSS","M","?","AVR","M","?","R","M","$","T","E","M"],"items_purchased_type":["Card","Relic","Relic"],"build_version":"2020-12-22","purchased_purges":1,"victory":false,"max_hp_per_floor":[78,78,78,78,78,78,78,78,78,78,78,78,78,78,78,78,78,78,78,78,78,78,78,78,78,78,78,78,78],"card_choices":[{"not_picked":["StSShapeShifter:OpportuneSwoop","StSShapeShifter:DeerForm"],"picked":"StSShapeShifter:BarkSkin","floor":1.0},{"not_picked":["StSShapeShifter:FlowerShield","StSShapeShifter:BurstingSpore"],"picked":"StSShapeShifter:Efflorescence","floor":3.0},{"not_picked":["StSShapeShifter:Efflorescence","StSShapeShifter:Wildfire2"],"picked":"StSShapeShifter:WaspSwarmForm","floor":4.0},{"not_picked":["StSShapeShifter:FesteringBite","StSShapeShifter:EmbraceTheCycle","StSShapeShifter:Maul"],"picked":"SKIP","floor":5.0},{"not_picked":["StSShapeShifter:DeerForm","StSShapeShifter:AdaptiveStrikes"],"picked":"StSShapeShifter:BaskInBloom","floor":7.0},{"not_picked":["StSShapeShifter:ThornedSkin","StSShapeShifter:BaskInBloom"],"picked":"StSShapeShifter:AdaptiveStrikes","floor":11.0},{"not_picked":["StSShapeShifter:Tornado","StSShapeShifter:RhinoCalfForm"],"picked":"StSShapeShifter:BurrBomb","floor":16.0},{"not_picked":["StSShapeShifter:RatForm+1","StSShapeShifter:MonkeyForm+1","StSShapeShifter:Bonk"],"picked":"SKIP","floor":18.0},{"not_picked":["StSShapeShifter:Summon_Mountains","StSShapeShifter:Consume+1"],"picked":"StSShapeShifter:RockSlide","floor":21},{"not_picked":["StSShapeShifter:BarkSkin","StSShapeShifter:MultiSpiritedStrike"],"picked":"StSShapeShifter:BaskInBloom","floor":22},{"not_picked":["StSShapeShifter:Synchronicity","StSShapeShifter:SpiritOfTheEarth"],"picked":"StSShapeShifter:MagicMushrooms","floor":24},{"not_picked":["StSShapeShifter:ForestFire","StSShapeShifter:FruitBasket","StSShapeShifter:MammothForm"],"picked":"SKIP","floor":27}],"player_experience":184593,"relics_obtained":[{"floor":7.0,"key":"ReplayTheSpireMod:Shallot"},{"floor":27,"key":"infinitespire:Lucky Rock"}],"event_choices":[{"damage_healed":0.0,"max_hp_gain":0.0,"max_hp_loss":0.0,"gold_gain":0.0,"event_name":"Lab","player_choice":"Got Potions","floor":2.0,"gold_loss":0.0,"damage_taken":0.0},{"damage_healed":26.0,"max_hp_gain":0.0,"max_hp_loss":0.0,"gold_gain":0.0,"event_name":"Big Fish","player_choice":"Banana","floor":10.0,"gold_loss":0.0,"damage_taken":0.0},{"damage_healed":0.0,"max_hp_gain":0.0,"max_hp_loss":0.0,"gold_gain":0.0,"event_name":"Living Wall","player_choice":"Grow","floor":13.0,"gold_loss":0.0,"damage_taken":0.0,"cards_upgraded":["StSShapeShifter:Efflorescence"]},{"damage_healed":0.0,"max_hp_gain":0.0,"max_hp_loss":0.0,"gold_gain":0.0,"event_name":"N\u0027loth","player_choice":"Traded Relic","floor":19.0,"relics_lost":["Sling"],"gold_loss":0.0,"damage_taken":0.0,"relics_obtained":["Nloth\u0027s Gift"]}],"is_beta":false,"boss_relics":[{"not_picked":["ReplayTheSpireMod:DimensionalGlitch","Painkiller Herb"],"picked":"Abe\u0027s Treasure"}],"items_purged_floors":[20],"is_endless":false,"potions_floor_spawned":[1,4,11,22,24],"killed_by":"3 Cultists","ascension_level":0}}