{"host":"gfxjwtol062e9znw","time":1614156557,"event":{"mods":["BaseMod","Colored Map","Minty Spire (QoL Compilation)","Rare Cards Sparkle","StSLib"],"gold_per_floor":[113,125,139,214,232,261,261,231,231,52,82,82,36,36,36,140,140,160,174,189,207,132,132,157,169,181,213,225,17,17,43,43,43,43],"floor_reached":33,"language":"ENG","playtime":1358,"items_purged":["Strike_R"],"score":469,"play_id":"b99766c7-f612-48b6-a1a4-97b50dee3c0d","local_time":"20210224194917","is_ascension_mode":true,"campfire_choices":[{"floor":7.0,"key":"REST"},{"floor":12.0,"key":"REST"},{"floor":15.0,"key":"REST"},{"floor":23.0,"key":"REST"},{"floor":25.0,"key":"REST"},{"floor":28.0,"key":"REST"},{"floor":32.0,"key":"REST"}],"circlet_count":0,"master_deck":["AscendersBane","Strike_R","Strike_R","Strike_R","Strike_R","Defend_R","Defend_R","Bash","Exhume","Ghostly Armor","Iron Wave","Sword Boomerang","Burning Pact","Hemokinesis","Clothesline","Uppercut+1","Perfected Strike+1","Double Tap","Armaments","Rage","Cleave+1","Seeing Red","Whirlwind+1","Double Energy+1"],"relics":["Burning Blood","Blue Candle","StrikeDummy","Molten Egg 2","Snecko Eye","MawBank","Centennial Puzzle","PrismaticShard","Lizard Tail"],"acts_visited":[],"potions_floor_usage":[],"damage_taken":[{"damage":23.0,"enemies":"Jaw Worm","floor":1.0,"turns":4.0},{"damage":0.0,"enemies":"Small Slimes","floor":2.0,"turns":3.0},{"damage":0.0,"enemies":"2 Louse","floor":3.0,"turns":2.0},{"damage":29.0,"enemies":"Large Slime","floor":5.0,"turns":7.0},{"damage":69.0,"enemies":"Lagavulin","floor":6.0,"turns":11.0},{"damage":12.0,"enemies":"Looter","floor":8.0,"turns":4.0},{"damage":20.0,"enemies":"Gremlin Nob","floor":11.0,"turns":4.0},{"damage":61.0,"enemies":"The Guardian","floor":16.0,"turns":11.0},{"damage":6.0,"enemies":"Spheric Guardian","floor":18.0,"turns":3.0},{"damage":3.0,"enemies":"Chosen","floor":19.0,"turns":4.0},{"damage":29.0,"enemies":"Centurion and Healer","floor":20.0,"turns":4.0},{"damage":11.0,"enemies":"Snake Plant","floor":21.0,"turns":2.0},{"damage":37.0,"enemies":"Book of Stabbing","floor":24.0,"turns":5.0},{"damage":15.0,"enemies":"Shelled Parasite and Fungi","floor":27.0,"turns":3.0},{"damage":30.0,"enemies":"Gremlin Leader","floor":31.0,"turns":5.0},{"damage":127,"enemies":"Collector","floor":33,"turns":9}],"seed_played":"-7550155337262230527","potions_obtained":[{"floor":1.0,"key":"FairyPotion"},{"floor":3.0,"key":"Regen Potion"},{"floor":16.0,"key":"SpeedPotion"},{"floor":20.0,"key":"Weak Potion"}],"is_trial":false,"path_per_floor":["M","M","M","?","M","E","R","M","T","$","E","R","$","?","R","B",null,"M","M","M","M","?","R","E","R","T","M","R","$","?","E","R","B"],"character_chosen":"IRONCLAD","items_purchased":["Clothesline","BloodPotion","Perfected Strike+1","PrismaticShard","DuplicationPotion"],"campfire_rested":7,"item_purchase_floors":[10,10,13,29,29],"current_hp_per_floor":[55,61,67,56,33,18,42,36,36,36,38,62,62,62,80,25,66,66,69,46,41,41,65,34,58,58,49,73,73,73,49,73,0,0],"gold":43,"neow_bonus":"TRANSFORM_CARD","is_daily":false,"chose_seed":false,"campfire_upgraded":0,"win_rate":0.0,"timestamp":1614156557,"path_taken":["M","M","M","?","M","E","R","M","T","$","E","R","$","?","R","BOSS","M","M","M","M","?","R","E","R","T","M","R","$","?","E","R","BOSS"],"items_purchased_type":["Card","Potion","Card","Relic","Potion"],"build_version":"2020-12-22","purchased_purges":1,"victory":false,"max_hp_per_floor":[80,80,80,80,80,80,80,80,80,80,80,80,80,80,80,80,80,80,80,80,80,80,80,80,80,80,80,80,80,80,80,80,80,80],"card_choices":[{"not_picked":["Dropkick","Warcry"],"picked":"Ghostly Armor","floor":1.0},{"not_picked":["Clash","Body Slam"],"picked":"Iron Wave","floor":2.0},{"not_picked":["Thunderclap","Evolve"],"picked":"Sword Boomerang","floor":3.0},{"not_picked":["Searing Blow","Flex","Brutality"],"picked":"SKIP","floor":5.0},{"not_picked":["Dropkick","Hemokinesis"],"picked":"Burning Pact","floor":6.0},{"not_picked":["Anger","Warcry"],"picked":"Hemokinesis","floor":8.0},{"not_picked":["Brutality","Pummel+1"],"picked":"Uppercut+1","floor":11.0},{"not_picked":["Juggernaut","Fiend Fire+1"],"picked":"Double Tap","floor":16.0},{"not_picked":["Havoc","Anger+1"],"picked":"Armaments","floor":18.0},{"not_picked":["Twin Strike+1","Pummel+1"],"picked":"Rage","floor":19.0},{"not_picked":["Havoc+1","Thunderclap+1","Second Wind"],"picked":"SKIP","floor":20.0},{"not_picked":["Hemokinesis+1","Warcry"],"picked":"Cleave+1","floor":21.0},{"not_picked":["Rupture+1","Heavy Blade+1"],"picked":"Seeing Red","floor":24.0},{"not_picked":["Clothesline+1","True Grit","Entrench"],"picked":"SKIP","floor":27.0},{"not_picked":["Sucker Punch+1","SignatureMove+1"],"picked":"Double Energy+1","floor":31.0}],"player_experience":205862,"relics_obtained":[{"floor":6.0,"key":"Blue Candle"},{"floor":9.0,"key":"StrikeDummy"},{"floor":11.0,"key":"Molten Egg 2"},{"floor":24.0,"key":"MawBank"},{"floor":26.0,"key":"Centennial Puzzle"},{"floor":31.0,"key":"Lizard Tail"}],"event_choices":[{"damage_healed":0.0,"max_hp_gain":0.0,"max_hp_loss":0.0,"gold_gain":75.0,"event_name":"World of Goop","player_choice":"Gather Gold","floor":4.0,"gold_loss":0.0,"damage_taken":11.0},{"damage_healed":0.0,"max_hp_gain":0.0,"max_hp_loss":0.0,"gold_gain":0.0,"event_name":"Dead Adventurer","player_choice":"Searched \u00270\u0027 times","floor":14.0,"gold_loss":0.0,"damage_taken":0.0},{"cards_removed":["Defend_R"],"damage_healed":0.0,"max_hp_gain":0.0,"max_hp_loss":0.0,"gold_gain":0.0,"event_name":"Beggar","player_choice":"Gave Gold","floor":22.0,"gold_loss":75.0,"damage_taken":0.0},{"damage_healed":0.0,"max_hp_gain":0.0,"max_hp_loss":0.0,"gold_gain":0.0,"event_name":"The Library","player_choice":"Read","floor":30.0,"gold_loss":0.0,"damage_taken":0.0,"cards_obtained":["Whirlwind"]}],"is_beta":false,"boss_relics":[{"not_picked":["Tiny House","Busted Crown"],"picked":"Snecko Eye"}],"items_purged_floors":[10],"is_endless":false,"potions_floor_spawned":[1,3,16,20,21],"killed_by":"Collector","ascension_level":12}}