{"host":"nb3r5a3er9rrnn3n","time":1614176421,"event":{"mods":["Always Whale","BaseMod","Colored Map","Minty Spire (QoL Compilation)","Relic Stats","StSLib","everything is the same but u backflip on backflip"],"gold_per_floor":[113,127,277,12,12,12,45,83,106,106,106,127,127,165,165,259,259,272,272,134,152,168,168,206,206,206,250,250,250,250,269,269,365,365,383,383,383,383,397,432,490,505,505,505,505,544,544,178,178,178,178,178,178,24,65,65,65],"floor_reached":56,"language":"ENG","playtime":2527,"items_purged":["Doubt","FlurryOfBlows","Halt+1"],"score":2165,"play_id":"00306c16-bea5-45e4-a0dc-afa149a68750","local_time":"20210225012021","is_ascension_mode":true,"campfire_choices":[{"data":"Worship","floor":6.0,"key":"SMITH"},{"floor":10.0,"key":"REST"},{"data":"Eruption","floor":13.0,"key":"SMITH"},{"floor":15.0,"key":"REST"},{"data":"SandsOfTime","floor":23.0,"key":"SMITH"},{"data":"LessonLearned","floor":25.0,"key":"SMITH"},{"floor":28.0,"key":"REST"},{"data":"Wallop","floor":32.0,"key":"SMITH"},{"data":"1","floor":45.0,"key":"LIFT"},{"data":"2","floor":47.0,"key":"LIFT"},{"floor":49.0,"key":"RECALL"},{"data":"3","floor":53,"key":"LIFT"}],"circlet_count":0,"master_deck":["AscendersBane","Strike_P+1","Strike_P+1","Defend_P+1","Defend_P+1","Eruption+1","Vigilance+1","FearNoEvil","DeceiveReality+1","Worship+1","Protect+1","BowlingBash+1","Conclude+1","LessonLearned+1","Vault+1","SandsOfTime+1","Omniscience+1","FollowUp+1","Wallop+1","Vault"],"relics":["HolyWater","Omamori","Golden Idol","Smiling Mask","Odd Mushroom","Centennial Puzzle","Singing Bowl","Snecko Eye","Tiny Chest","Matryoshka","MealTicket","Nilry\u0027s Codex","Potion Belt","Bag of Marbles","Girya","War Paint","Shuriken","CeramicFish","CloakClasp","Mango"],"acts_visited":["Exordium","TheCity","TheBeyond","TheEnding"],"potions_floor_usage":[51,51,51,56,56],"damage_taken":[{"damage":5.0,"enemies":"2 Louse","floor":1.0,"turns":3.0},{"damage":2.0,"enemies":"Small Slimes","floor":2.0,"turns":3.0},{"damage":40.0,"enemies":"Gremlin Nob","floor":7.0,"turns":4.0},{"damage":8.0,"enemies":"The Mushroom Lair","floor":8.0,"turns":4.0},{"damage":0.0,"enemies":"Cultist","floor":12.0,"turns":2.0},{"damage":15.0,"enemies":"3 Sentries","floor":14.0,"turns":7.0},{"damage":24.0,"enemies":"Slime Boss","floor":16.0,"turns":5.0},{"damage":0.0,"enemies":"3 Byrds","floor":18.0,"turns":5.0},{"damage":0.0,"enemies":"2 Thieves","floor":21.0,"turns":2.0},{"damage":1.0,"enemies":"Centurion and Healer","floor":22.0,"turns":4.0},{"damage":0.0,"enemies":"Gremlin Leader","floor":24.0,"turns":4.0},{"damage":27.0,"enemies":"Book of Stabbing","floor":27.0,"turns":6.0},{"damage":0.0,"enemies":"Snake Plant","floor":31.0,"turns":1.0},{"damage":0.0,"enemies":"Automaton","floor":33.0,"turns":6.0},{"damage":0.0,"enemies":"3 Shapes","floor":35.0,"turns":4.0},{"damage":4.0,"enemies":"Orb Walker","floor":39.0,"turns":4.0},{"damage":0.0,"enemies":"Reptomancer","floor":40.0,"turns":5.0},{"damage":23.0,"enemies":"2 Orb Walkers","floor":41.0,"turns":4.0},{"damage":0.0,"enemies":"Transient","floor":42.0,"turns":7.0},{"damage":0.0,"enemies":"Giant Head","floor":46.0,"turns":7.0},{"damage":11.0,"enemies":"Donu and Deca","floor":50.0,"turns":7.0},{"damage":2,"enemies":"Time Eater","floor":51,"turns":5},{"damage":49,"enemies":"Shield and Spear","floor":55,"turns":7},{"damage":51,"enemies":"The Heart","floor":56,"turns":7}],"seed_played":"4277675829402820360","potions_obtained":[{"floor":1.0,"key":"Strength Potion"},{"floor":7.0,"key":"Regen Potion"},{"floor":16.0,"key":"Fruit Juice"},{"floor":22.0,"key":"Weak Potion"},{"floor":27.0,"key":"CultistPotion"},{"floor":31.0,"key":"StancePotion"},{"floor":37.0,"key":"StancePotion"},{"floor":39.0,"key":"Weak Potion"},{"floor":40.0,"key":"StancePotion"},{"floor":46.0,"key":"Explosive Potion"},{"floor":55,"key":"SkillPotion"}],"is_trial":false,"path_per_floor":["M","M","?","$","?","R","E","?","T","R","?","M","R","E","R","B",null,"M","?","$","M","M","R","E","R","T","E","R","?","?","M","R","B",null,"M","$","?","T","M","E","?","M","T","?","R","E","R","$","R","B","B",null,"R","$","E","B"],"character_chosen":"WATCHER","items_purchased":["Omamori","BowlingBash","SandsOfTime","CloakClasp","Vault"],"campfire_rested":3,"item_purchase_floors":[4,4,20,48,54],"current_hp_per_floor":[56,54,54,54,54,54,14,15,15,31,31,31,31,16,32,8,44,46,46,46,48,49,49,56,56,56,29,49,28,28,28,28,30,61,63,73,73,73,71,73,52,54,54,70,70,72,72,83,83,72,70,80,80,83,50,0,0],"gold":65,"neow_bonus":"TRANSFORM_TWO_CARDS","is_daily":false,"chose_seed":false,"campfire_upgraded":5,"win_rate":0.0,"timestamp":1614176421,"path_taken":["M","M","?","$","?","R","E","?","T","R","?","?","R","E","R","BOSS","M","?","$","M","M","R","E","R","T","E","R","?","?","M","R","BOSS","M","$","?","?","M","E","?","?","T","?","R","E","R","$","R","BOSS","BOSS","R","$","E","BOSS"],"items_purchased_type":["Relic","Card","Card","Relic","Card"],"build_version":"2020-12-22","purchased_purges":3,"victory":false,"max_hp_per_floor":[62,62,62,62,56,56,56,56,56,56,56,56,56,56,56,56,56,58,58,58,60,62,62,69,69,69,69,69,69,69,69,69,71,71,73,73,73,73,75,77,79,81,81,81,81,83,83,83,83,83,83,83,83,83,99,99,99],"relic_stats":{"Singing Bowl":24,"counters":[24,113],"Golden Idol":178,"CeramicFish":9,"CloakClasp":[128],"War Paint":["Halt","Defend_P"],"Smiling Mask":125,"Centennial Puzzle":[30],"Shuriken":[16],"Snecko Eye":[151,129,128,128],"Tiny Chest":1,"MealTicket":24,"obtain_stats":[{"Potion Belt":38,"Girya":41,"Singing Bowl":14,"Golden Idol":5,"Nilry\u0027s Codex":29,"CeramicFish":46,"Mango":55,"Omamori":4,"CloakClasp":48,"Odd Mushroom":8,"War Paint":43,"Smiling Mask":7,"Centennial Puzzle":9,"Matryoshka":26,"Shuriken":43,"Snecko Eye":17,"HolyWater":34,"Tiny Chest":24,"MealTicket":27,"Bag of Marbles":40,"PureWater":0},{"Potion Belt":15,"Girya":18,"Singing Bowl":6,"Golden Idol":2,"Nilry\u0027s Codex":12,"CeramicFish":20,"Mango":23,"Omamori":2,"CloakClasp":20,"Odd Mushroom":4,"War Paint":19,"Smiling Mask":3,"Centennial Puzzle":4,"Matryoshka":11,"Shuriken":19,"Snecko Eye":7,"HolyWater":14,"Tiny Chest":11,"MealTicket":12,"Bag of Marbles":17,"PureWater":0},{"Potion Belt":60,"Girya":73,"Singing Bowl":23,"Golden Idol":6,"Nilry\u0027s Codex":49,"CeramicFish":87,"Mango":106,"Omamori":6,"CloakClasp":87,"Odd Mushroom":14,"War Paint":80,"Smiling Mask":10,"Centennial Puzzle":14,"Matryoshka":43,"Shuriken":80,"Snecko Eye":28,"HolyWater":56,"Tiny Chest":43,"MealTicket":49,"Bag of Marbles":69,"PureWater":0}]},"card_choices":[{"not_picked":["WreathOfFlame","Evaluate"],"picked":"Worship","floor":1.0},{"not_picked":["DeceiveReality","PathToVictory"],"picked":"Protect","floor":2.0},{"not_picked":["SashWhip","Evaluate"],"picked":"Conclude","floor":7.0},{"not_picked":["Meditate","Halt"],"picked":"FlurryOfBlows","floor":12.0},{"not_picked":["FlyingSleeves","ClearTheMind"],"picked":"LessonLearned","floor":14.0},{"not_picked":["Judgement","LessonLearned"],"picked":"Vault","floor":16.0},{"not_picked":["FollowUp","Nirvana","Weave"],"picked":"Singing Bowl","floor":18.0},{"not_picked":["Wireheading","ReachHeaven","CutThroughFate"],"picked":"Singing Bowl","floor":21.0},{"not_picked":["Prostrate+1","SashWhip","EmptyBody"],"picked":"Singing Bowl","floor":22.0},{"not_picked":["DeceiveReality","ConjureBlade","CrushJoints"],"picked":"Singing Bowl","floor":24.0},{"not_picked":["FollowUp","SignatureMove"],"picked":"Omniscience","floor":27.0},{"not_picked":["SandsOfTime","FollowUp"],"picked":"Wallop","floor":31.0},{"not_picked":["ConjureBlade","Blasphemy","Establishment"],"picked":"Singing Bowl","floor":33.0},{"not_picked":["WindmillStrike","SashWhip","Protect"],"picked":"Singing Bowl","floor":35.0},{"not_picked":["Evaluate","Consecrate","PathToVictory"],"picked":"Singing Bowl","floor":39.0},{"not_picked":["ForeignInfluence","Perseverance","Vengeance"],"picked":"Singing Bowl","floor":40.0},{"not_picked":["SignatureMove","SandsOfTime","Halt+1"],"picked":"Singing Bowl","floor":41.0},{"not_picked":["BowlingBash","ForeignInfluence","EmptyBody"],"picked":"Singing Bowl","floor":42.0},{"not_picked":["WindmillStrike","Prostrate+1","Protect"],"picked":"Singing Bowl","floor":46.0},{"not_picked":["SashWhip","FollowUp","Halt"],"picked":"Singing Bowl","floor":55}],"player_experience":1675801,"relics_obtained":[{"floor":7.0,"key":"Smiling Mask"},{"floor":8.0,"key":"Odd Mushroom"},{"floor":9.0,"key":"Centennial Puzzle"},{"floor":14.0,"key":"Singing Bowl"},{"floor":24.0,"key":"Tiny Chest"},{"floor":26.0,"key":"Matryoshka"},{"floor":27.0,"key":"MealTicket"},{"floor":29.0,"key":"Nilry\u0027s Codex"},{"floor":38.0,"key":"Potion Belt"},{"floor":40.0,"key":"Bag of Marbles"},{"floor":41.0,"key":"Girya"},{"floor":43.0,"key":"War Paint"},{"floor":43.0,"key":"Shuriken"},{"floor":46.0,"key":"CeramicFish"},{"floor":55,"key":"Mango"}],"event_choices":[{"damage_healed":0.0,"max_hp_gain":0.0,"max_hp_loss":0.0,"gold_gain":150.0,"event_name":"Liars Game","player_choice":"AGREE","floor":3.0,"gold_loss":0.0,"damage_taken":0.0,"cards_obtained":["Doubt"]},{"damage_healed":0.0,"max_hp_gain":0.0,"max_hp_loss":6.0,"gold_gain":0.0,"event_name":"Golden Idol","player_choice":"Lose Max HP","floor":5.0,"gold_loss":0.0,"damage_taken":0.0,"relics_obtained":["Golden Idol"]},{"damage_healed":0.0,"max_hp_gain":0.0,"max_hp_loss":0.0,"gold_gain":0.0,"event_name":"Mushrooms","player_choice":"Fought Mushrooms","floor":8.0,"gold_loss":0.0,"damage_taken":0.0},{"damage_healed":0.0,"max_hp_gain":0.0,"max_hp_loss":0.0,"gold_gain":0.0,"cards_transformed":["Strike_P"],"event_name":"Transmorgrifier","player_choice":"Transformed","floor":11.0,"gold_loss":0.0,"damage_taken":0.0,"cards_obtained":["FlyingSleeves"]},{"damage_healed":0.0,"max_hp_gain":0.0,"max_hp_loss":0.0,"gold_gain":0.0,"event_name":"Ghosts","player_choice":"Ignored","floor":19.0,"gold_loss":0.0,"damage_taken":0.0},{"damage_healed":0.0,"max_hp_gain":0.0,"max_hp_loss":0.0,"gold_gain":0.0,"event_name":"Cursed Tome","player_choice":"Obtained Book","floor":29.0,"gold_loss":0.0,"damage_taken":21.0},{"damage_healed":0.0,"max_hp_gain":0.0,"max_hp_loss":0.0,"gold_gain":0.0,"cards_transformed":["Defend_P","FlyingSleeves"],"event_name":"Drug Dealer","player_choice":"Became Test Subject","floor":30.0,"gold_loss":0.0,"damage_taken":0.0,"cards_obtained":["FollowUp","Halt"]},{"damage_healed":0.0,"max_hp_gain":0.0,"max_hp_loss":0.0,"gold_gain":0.0,"event_name":"Lab","player_choice":"Got Potions","floor":37.0,"gold_loss":0.0,"damage_taken":0.0},{"damage_healed":0.0,"max_hp_gain":0.0,"max_hp_loss":0.0,"gold_gain":0.0,"event_name":"Mysterious Sphere","player_choice":"Fight","floor":41.0,"gold_loss":0.0,"damage_taken":0.0},{"damage_healed":16.0,"max_hp_gain":0.0,"max_hp_loss":0.0,"gold_gain":0.0,"event_name":"Winding Halls","player_choice":"Writhe","floor":44.0,"gold_loss":0.0,"damage_taken":0.0,"cards_obtained":["Writhe"]}],"is_beta":false,"boss_relics":[{"not_picked":["Astrolabe","VioletLotus"],"picked":"Snecko Eye"},{"not_picked":["Runic Pyramid","Black Star"],"picked":"HolyWater"}],"items_purged_floors":[4,20,48],"is_endless":false,"potions_floor_spawned":[1,7,16,22,27,31,39,40,46,55],"killed_by":"The Heart","ascension_level":20}}