{"host":"anpwk55bj6rntrcq","time":1614138926,"event":{"mods":["Act Like it!","BaseMod","BetterRewards","GifTheSpireLib","Hermit","Hubris","Kratos Character Expansion","Minty Spire (QoL Compilation)","Replay The Spire","Robot Space Explorer","SCP261 Mod","StSLib","The Blackbeard","The Death Knight","The Exalted","The Necromancer","The Servant 0.9.4"],"gold_per_floor":[112,112,158,177,177,177,177,177,200,235,252,97,115,128,128,225,325,343,343,343,354,354,354,354,364,391,391,391,391,391,424,424,424,424],"floor_reached":33,"language":"ENG","playtime":881,"items_purged":[],"score":261,"play_id":"f3fab34b-6c25-4d92-965f-0b52633061e4","local_time":"20210223225526","is_ascension_mode":false,"campfire_choices":[{"data":"Backstab","floor":6,"key":"SMITH"},{"data":"Neutralize","floor":8,"key":"SMITH"},{"data":"Riddle With Holes","floor":15,"key":"SMITH"},{"data":"Accuracy","floor":23,"key":"SMITH"},{"data":"Accuracy","floor":28,"key":"SMITH"},{"data":"Cloak And Dagger","floor":30,"key":"SMITH"},{"floor":32,"key":"REST"}],"circlet_count":0,"master_deck":["Strike_G","Strike_G","Strike_G","Strike_G","Strike_G","Defend_G","Defend_G+1","Defend_G","Defend_G","Defend_G","Survivor","Neutralize+1","Dagger Spray+1","Backstab+1","Accuracy+1","Riddle With Holes+1","Cloak And Dagger+1","Accuracy+1"],"relics":["Ring of the Snake","Gremlin Food","Boot","Bag of Preparation","Potion Belt","Replay:Wanted Poster","Nloth\u0027s Gift","Bronze Scales","Ancient Tea Set"],"acts_visited":["Exordium","TheCity"],"potions_floor_usage":[14,16,16,21,21,31],"damage_taken":[{"damage":0,"enemies":"Cultist","floor":1,"turns":5},{"damage":0,"enemies":"Jaw Worm","floor":4,"turns":4},{"damage":5,"enemies":"3 Sentries","floor":10,"turns":8},{"damage":0,"enemies":"Small Slimes","floor":11,"turns":3},{"damage":0,"enemies":"Gremlin Gang","floor":13,"turns":3},{"damage":0,"enemies":"Red Slaver","floor":14,"turns":3},{"damage":61,"enemies":"The Guardian","floor":16,"turns":16},{"damage":0,"enemies":"Spheric Guardian","floor":18,"turns":3},{"damage":2,"enemies":"Chosen","floor":21,"turns":4},{"damage":7,"enemies":"Centurion and Healer","floor":25,"turns":5},{"damage":47,"enemies":"Gremlin Leader","floor":31,"turns":8},{"damage":78,"enemies":"Automaton","floor":33,"turns":6}],"seed_played":"-5620415739982300106","potions_obtained":[{"floor":10,"key":"Energy Potion"},{"floor":11,"key":"SCP261:PenguinPunchPotion"},{"floor":13,"key":"Explosive Potion"},{"floor":16,"key":"SpeedPotion"},{"floor":21,"key":"Fruit Juice"},{"floor":25,"key":"Block Potion"}],"is_trial":false,"path_per_floor":["M","$","T","M","?","R","?","R","T","E","M","$","M","M","R","B",null,"M","?","$","M","?","R","?","M","T","?","R","$","R","E","R","B"],"character_chosen":"THE_SILENT","items_purchased":["MealTicket"],"campfire_rested":1,"item_purchase_floors":[12],"current_hp_per_floor":[70,70,70,70,70,70,70,70,70,65,65,65,65,65,65,4,70,70,70,70,73,73,73,73,66,66,66,66,66,66,19,41,0,0],"gold":424,"neow_bonus":"RANDOM_COMMON_RELIC","is_daily":false,"chose_seed":false,"campfire_upgraded":6,"win_rate":0.0,"timestamp":1614138926,"path_taken":["M","$","?","M","?","R","?","R","T","E","?","$","M","M","R","BOSS","M","?","$","M","?","R","?","?","T","?","R","$","R","E","R","BOSS"],"items_purchased_type":["Relic"],"build_version":"2020-12-22","purchased_purges":0,"victory":false,"max_hp_per_floor":[70,70,70,70,70,70,70,70,70,70,70,70,70,70,70,70,70,70,70,70,75,75,75,75,75,75,75,75,75,75,75,75,75,75],"card_choices":[{"not_picked":["Prepared","ReplayTheSpireMod:Exploit Weakness"],"picked":"Dagger Spray","floor":1},{"not_picked":["Expertise","ReplayTheSpireMod:Exploit Weakness"],"picked":"Backstab","floor":4},{"not_picked":["Sucker Punch","Underhanded Strike"],"picked":"Accuracy","floor":10},{"not_picked":["hubris:TrickCloak","Heel Hook","Deadly Poison"],"picked":"SKIP","floor":11},{"not_picked":["Outmaneuver","Heel Hook","hubris:SlightOfHand"],"picked":"SKIP","floor":13},{"not_picked":["Acrobatics","hubris:Sniper"],"picked":"Riddle With Holes","floor":14},{"not_picked":["Caltrops+1","Sucker Punch"],"picked":"Cloak And Dagger","floor":18},{"not_picked":["Acrobatics+1","Outmaneuver","Predator"],"picked":"SKIP","floor":21},{"not_picked":["ReplayTheSpireMod:Shiv Toss","Dagger Spray"],"picked":"Accuracy","floor":25},{"not_picked":["Tools of the Trade","ReplayTheSpireMod:The Works","Draining Mist+1"],"picked":"SKIP","floor":31}],"player_experience":388501,"relics_obtained":[{"floor":3,"key":"Boot"},{"floor":9,"key":"Bag of Preparation"},{"floor":10,"key":"Potion Belt"},{"floor":26,"key":"Bronze Scales"},{"floor":31,"key":"Ancient Tea Set"}],"event_choices":[{"damage_healed":0,"gold_gain":0,"player_choice":"Grow","damage_taken":0,"max_hp_gain":0,"max_hp_loss":0,"event_name":"Living Wall","floor":5,"gold_loss":0,"cards_upgraded":["Dagger Spray"]},{"damage_healed":0,"gold_gain":0,"player_choice":"Leave","damage_taken":0,"max_hp_gain":0,"max_hp_loss":0,"event_name":"FaceTrader","floor":7,"gold_loss":0},{"damage_healed":0,"gold_gain":0,"player_choice":"Traded Relic","damage_taken":0,"relics_obtained":["Nloth\u0027s Gift"],"max_hp_gain":0,"max_hp_loss":0,"event_name":"N\u0027loth","floor":24,"relics_lost":["MealTicket"],"gold_loss":0},{"damage_healed":0,"gold_gain":0,"player_choice":"Ignored","damage_taken":0,"max_hp_gain":0,"max_hp_loss":0,"event_name":"Vampires","floor":27,"gold_loss":0}],"is_beta":false,"boss_relics":[{"not_picked":["Astrolabe","Replay:Ancient Bell"],"picked":"Replay:Wanted Poster"}],"items_purged_floors":[],"is_endless":false,"potions_floor_spawned":[10,11,13,16,21,25],"killed_by":"Automaton","ascension_level":0}}