{"host":"bg8va46pgqgvtzim","time":1614156049,"event":{"mods":["BaseMod","Minty Spire (QoL Compilation)","Quick Restart","StSLib","SuperFastMode"],"gold_per_floor":[110,126,51,71,71,84,84,97,128,128,128,138,152,152,169,269,284,137,172,172,271,271,284,284,297,316,62,82,82,94,94,9,88,88,118,118,136,165,184,232,107,142,174,174,270,270,289,304,526,555,605,616,629,629,654,671,671,671,671,686,720,735,766,766,777,788,788,788,788,788,788,129,164,164],"floor_reached":75,"language":"ZHS","playtime":3515,"items_purged":["Strike_R","Strike_R","Flex","Bash"],"score":1553,"play_id":"45a9ee20-de49-41ae-8a49-5dfdd828bbd8","local_time":"20210224164049","is_ascension_mode":true,"campfire_choices":[{"data":"Armaments","floor":7.0,"key":"SMITH"},{"data":"True Grit","floor":10.0,"key":"SMITH"},{"data":"Feel No Pain","floor":14.0,"key":"SMITH"},{"data":"True Grit","floor":20.0,"key":"SMITH"},{"data":"Shrug It Off","floor":29.0,"key":"SMITH"},{"data":"Berserk","floor":31.0,"key":"SMITH"},{"data":"1","floor":36.0,"key":"LIFT"},{"data":"2","floor":44.0,"key":"LIFT"},{"data":"3","floor":54,"key":"LIFT"},{"data":"Seeing Red","floor":64,"key":"SMITH"},{"floor":67,"key":"RECALL"},{"data":"Double Tap","floor":68,"key":"SMITH"},{"data":"Feel No Pain","floor":71,"key":"SMITH"}],"circlet_count":0,"master_deck":["Reckless Charge","True Grit+1","Metallicize","Armaments+1","Feel No Pain+1","Pommel Strike","True Grit+1","Spot Weakness+1","Immolate","Rampage","Impervious","Reaper","Demon Form","Brutality","Shrug It Off+1","Intimidate+1","Battle Trance+1","Berserk+1","Seeing Red+1","Evolve","Double Tap+1","CurseOfTheBell","Feel No Pain+1","Feel No Pain"],"relics":["Runic Pyramid","Bag of Marbles","Self Forming Clay","White Beast Statue","Pandora\u0027s Box","Sundial","Eternal Feather","Mummified Hand","Girya","Toy Ornithopter","Bronze Scales","Red Mask","Gremlin Horn","Calling Bell","CeramicFish","Singing Bowl","Gambling Chip","Charon\u0027s Ashes","Pocketwatch","Lizard Tail","StrikeDummy","Oddly Smooth Stone","Blue Candle","TheAbacus","War Paint","Vajra","Ornamental Fan"],"acts_visited":["Exordium","TheCity","TheBeyond","TheEnding"],"potions_floor_usage":[74,74,74,74,74,74],"damage_taken":[{"damage":3.0,"enemies":"2 Louse","floor":1.0,"turns":3.0},{"damage":1.0,"enemies":"Cultist","floor":2.0,"turns":3.0},{"damage":0.0,"enemies":"Small Slimes","floor":4.0,"turns":4.0},{"damage":20.0,"enemies":"Gremlin Gang","floor":6.0,"turns":5.0},{"damage":0.0,"enemies":"3 Louse","floor":8.0,"turns":4.0},{"damage":7.0,"enemies":"3 Sentries","floor":9.0,"turns":11.0},{"damage":3.0,"enemies":"Exordium Wildlife","floor":12.0,"turns":6.0},{"damage":0.0,"enemies":"Blue Slaver","floor":13.0,"turns":5.0},{"damage":0.0,"enemies":"3 Louse","floor":15.0,"turns":6.0},{"damage":10.0,"enemies":"Large Slime","floor":17.0,"turns":6.0},{"damage":11.0,"enemies":"Gremlin Nob","floor":19.0,"turns":4.0},{"damage":1.0,"enemies":"Hexaghost","floor":21.0,"turns":9.0},{"damage":23.0,"enemies":"2 Thieves","floor":23.0,"turns":4.0},{"damage":1.0,"enemies":"Shell Parasite","floor":25.0,"turns":7.0},{"damage":0.0,"enemies":"Shelled Parasite and Fungi","floor":26.0,"turns":10.0},{"damage":6.0,"enemies":"Snecko","floor":28.0,"turns":8.0},{"damage":0.0,"enemies":"Snake Plant","floor":30.0,"turns":6.0},{"damage":5.0,"enemies":"Book of Stabbing","floor":35.0,"turns":5.0},{"damage":4.0,"enemies":"Chosen and Byrds","floor":37.0,"turns":5.0},{"damage":9.0,"enemies":"Slavers","floor":38.0,"turns":5.0},{"damage":1.0,"enemies":"Snecko","floor":39.0,"turns":4.0},{"damage":0.0,"enemies":"Masked Bandits","floor":42.0,"turns":2.0},{"damage":6.0,"enemies":"Book of Stabbing","floor":43.0,"turns":5.0},{"damage":8.0,"enemies":"Collector","floor":45.0,"turns":6.0},{"damage":1,"enemies":"3 Shapes","floor":47,"turns":2},{"damage":1,"enemies":"3 Darklings","floor":48,"turns":2},{"damage":0,"enemies":"Jaw Worm Horde","floor":50,"turns":3},{"damage":4,"enemies":"Mind Bloom Boss Battle","floor":51,"turns":5},{"damage":3,"enemies":"Transient","floor":52,"turns":5},{"damage":4,"enemies":"4 Shapes","floor":53,"turns":3},{"damage":31,"enemies":"Nemesis","floor":55,"turns":9},{"damage":3,"enemies":"Spire Growth","floor":56,"turns":4},{"damage":2,"enemies":"Maw","floor":60,"turns":6},{"damage":5,"enemies":"Giant Head","floor":61,"turns":6},{"damage":6,"enemies":"Transient","floor":62,"turns":5},{"damage":6,"enemies":"Reptomancer","floor":63,"turns":5},{"damage":1,"enemies":"3 Darklings","floor":65,"turns":4},{"damage":2,"enemies":"Writhing Mass","floor":66,"turns":4},{"damage":34,"enemies":"Time Eater","floor":69,"turns":8},{"damage":11,"enemies":"Shield and Spear","floor":73,"turns":6},{"damage":10,"enemies":"The Heart","floor":74,"turns":7}],"seed_played":"7373035782634186382","potions_obtained":[{"floor":1.0,"key":"PowerPotion"},{"floor":6.0,"key":"EntropicBrew"},{"floor":12.0,"key":"Dexterity Potion"},{"floor":25.0,"key":"PowerPotion"},{"floor":61,"key":"EntropicBrew"}],"is_trial":false,"path_per_floor":["M","M","$","M","?","M","R","M","E","R","T","M","M","R","M","?","M","$","E","R","B",null,"M","?","M","M","$","M","R","M","R","?","T","T","E","R","M","E","M","T","$","?","E","R","B",null,"M","M","?","M","?","M","M","R","E","M","?","T","T","M","E","M","E","R","M","M","R","R","B",null,"R","$","E","B",null],"character_chosen":"IRONCLAD","items_purchased":["True Grit","Sundial","TheAbacus","War Paint","Vajra","Feel No Pain"],"campfire_rested":0,"item_purchase_floors":[18,27,72,72,72,72],"current_hp_per_floor":[77,76,76,76,76,56,56,56,49,49,49,46,46,46,46,46,36,36,25,25,24,80,65,65,77,77,77,71,71,80,80,80,80,80,77,80,77,79,78,78,78,78,74,80,78,80,82,84,84,84,82,85,89,90,90,94,89,89,89,90,93,93,94,97,98,99,101,101,99,101,101,101,103,102],"gold":164,"neow_bonus":"BOSS_RELIC","is_daily":false,"chose_seed":false,"campfire_upgraded":9,"win_rate":0.0,"timestamp":1614156049,"path_taken":["M","M","$","M","?","M","R","M","E","R","T","M","M","R","M","?","?","?","E","R","BOSS","M","?","M","?","$","M","R","M","R","?","T","T","E","R","M","E","M","?","$","?","E","R","BOSS","M","M","?","M","?","M","M","R","E","M","?","T","T","M","E","M","E","R","?","M","R","R","BOSS","R","$","E","BOSS"],"items_purchased_type":["Card","Relic","Relic","Relic","Relic","Card"],"build_version":"2020-12-22","purchased_purges":4,"victory":true,"max_hp_per_floor":[80,80,80,80,80,80,80,80,80,80,80,80,80,80,80,80,80,80,80,80,80,80,80,80,80,80,80,80,80,80,80,80,80,80,80,80,80,80,80,80,80,80,80,80,80,80,82,84,84,84,86,88,90,90,92,94,89,89,89,91,93,95,97,97,99,101,101,101,101,101,101,101,103,103],"card_choices":[{"not_picked":["Fire Breathing","Cleave"],"picked":"Reckless Charge","floor":1.0},{"not_picked":["Intimidate","Clash"],"picked":"True Grit","floor":2.0},{"not_picked":["Impervious","Shrug It Off"],"picked":"Metallicize","floor":4.0},{"not_picked":["Body Slam","Anger"],"picked":"Armaments","floor":6.0},{"not_picked":["Infernal Blade","Twin Strike","Cleave"],"picked":"SKIP","floor":8.0},{"not_picked":["Flex","Clash"],"picked":"Feel No Pain","floor":9.0},{"not_picked":["Armaments","Twin Strike","Clothesline"],"picked":"SKIP","floor":12.0},{"not_picked":["Uppercut","Cleave","Clothesline"],"picked":"SKIP","floor":13.0},{"not_picked":["Corruption","Battle Trance"],"picked":"Pommel Strike","floor":15.0},{"not_picked":["Headbutt","Havoc","True Grit"],"picked":"SKIP","floor":17.0},{"not_picked":["Cleave","Iron Wave"],"picked":"Spot Weakness","floor":19.0},{"not_picked":["Offering","Impervious"],"picked":"Immolate","floor":21.0},{"not_picked":["Wild Strike","Sever Soul"],"picked":"Shrug It Off","floor":23.0},{"not_picked":["Twin Strike+1","Entrench","Clothesline"],"picked":"SKIP","floor":25.0},{"not_picked":["True Grit","Pommel Strike+1"],"picked":"Battle Trance+1","floor":26.0},{"not_picked":["Flex","Iron Wave+1","Cleave+1"],"picked":"SKIP","floor":28.0},{"not_picked":["Thunderclap","Iron Wave"],"picked":"Berserk","floor":30.0},{"not_picked":["Body Slam","Reckless Charge","Blood for Blood+1"],"picked":"SKIP","floor":35.0},{"not_picked":["Hemokinesis","Thunderclap","Flex+1"],"picked":"SKIP","floor":37.0},{"not_picked":["Reckless Charge","Anger","Rampage"],"picked":"SKIP","floor":38.0},{"not_picked":["Battle Trance","Heavy Blade"],"picked":"Seeing Red","floor":39.0},{"not_picked":["Clash","Battle Trance+1"],"picked":"Evolve","floor":43.0},{"not_picked":["Juggernaut","Limit Break"],"picked":"Double Tap","floor":45.0},{"not_picked":["Armaments+1","Cleave","Shrug It Off"],"picked":"Singing Bowl","floor":47},{"not_picked":["Havoc+1","Clash+1","Clothesline+1"],"picked":"Singing Bowl","floor":48},{"not_picked":["Heavy Blade+1","Disarm+1"],"picked":"Feel No Pain","floor":50},{"not_picked":["Clash+1","Sever Soul+1","Anger+1"],"picked":"Singing Bowl","floor":51},{"not_picked":["Sever Soul","Combust","Inflame+1"],"picked":"Singing Bowl","floor":52},{"not_picked":["Heavy Blade","Feed","Blood for Blood"],"picked":"Singing Bowl","floor":53},{"not_picked":["Sword Boomerang","Shrug It Off+1","Clash"],"picked":"Singing Bowl","floor":55},{"not_picked":["Feel No Pain","Wild Strike+1","Headbutt"],"picked":"Singing Bowl","floor":56},{"not_picked":["Searing Blow","Metallicize+1","Pommel Strike+1"],"picked":"Singing Bowl","floor":60},{"not_picked":["Combust","Power Through+1","Shrug It Off+1"],"picked":"Singing Bowl","floor":61},{"not_picked":["Cleave","True Grit+1","Sword Boomerang"],"picked":"Singing Bowl","floor":62},{"not_picked":["Shockwave+1","Reaper","Sever Soul"],"picked":"Singing Bowl","floor":63},{"not_picked":["Headbutt","Rampage","Havoc+1"],"picked":"Singing Bowl","floor":65},{"not_picked":["Seeing Red","Disarm","True Grit+1"],"picked":"Singing Bowl","floor":66},{"not_picked":["Armaments","Feel No Pain","Evolve+1"],"picked":"Singing Bowl","floor":73}],"player_experience":2550158,"relics_obtained":[{"floor":9.0,"key":"Bag of Marbles"},{"floor":11.0,"key":"Self Forming Clay"},{"floor":19.0,"key":"White Beast Statue"},{"floor":33.0,"key":"Mummified Hand"},{"floor":34.0,"key":"Girya"},{"floor":35.0,"key":"Toy Ornithopter"},{"floor":38.0,"key":"Bronze Scales"},{"floor":42.0,"key":"Red Mask"},{"floor":43.0,"key":"Gremlin Horn"},{"floor":46,"key":"CeramicFish"},{"floor":46,"key":"Singing Bowl"},{"floor":46,"key":"Gambling Chip"},{"floor":51,"key":"Charon\u0027s Ashes"},{"floor":55,"key":"Pocketwatch"},{"floor":58,"key":"Lizard Tail"},{"floor":59,"key":"StrikeDummy"},{"floor":61,"key":"Oddly Smooth Stone"},{"floor":63,"key":"Blue Candle"},{"floor":73,"key":"Ornamental Fan"}],"event_choices":[{"damage_healed":0.0,"max_hp_gain":0.0,"max_hp_loss":0.0,"gold_gain":0.0,"event_name":"Liars Game","player_choice":"Ignored","floor":5.0,"gold_loss":0.0,"damage_taken":0.0},{"damage_healed":0.0,"max_hp_gain":0.0,"max_hp_loss":0.0,"gold_gain":100.0,"event_name":"Golden Shrine","player_choice":"Pray","floor":16.0,"gold_loss":0.0,"damage_taken":0.0},{"damage_healed":0.0,"max_hp_gain":0.0,"max_hp_loss":0.0,"gold_gain":0.0,"cards_transformed":["Whirlwind"],"event_name":"Transmorgrifier","player_choice":"Transformed","floor":24.0,"gold_loss":0.0,"damage_taken":0.0,"cards_obtained":["Intimidate"]},{"damage_healed":0.0,"max_hp_gain":0.0,"max_hp_loss":0.0,"gold_gain":0.0,"event_name":"Addict","player_choice":"Obtained Relic","floor":32.0,"gold_loss":85.0,"damage_taken":0.0,"relics_obtained":["Eternal Feather"]},{"damage_healed":0.0,"max_hp_gain":0.0,"max_hp_loss":0.0,"gold_gain":0.0,"event_name":"Masked Bandits","player_choice":"Fought Bandits","floor":42.0,"gold_loss":0.0,"damage_taken":0.0},{"damage_healed":0,"gold_gain":222,"player_choice":"Wore Mask","damage_taken":0,"max_hp_gain":0,"max_hp_loss":0,"event_name":"Tomb of Lord Red Mask","floor":49,"gold_loss":0},{"damage_healed":0,"gold_gain":0,"player_choice":"Fight","damage_taken":0,"max_hp_gain":0,"max_hp_loss":0,"event_name":"MindBloom","floor":51,"gold_loss":0},{"damage_healed":0,"gold_gain":0,"player_choice":"Max HP","damage_taken":0,"max_hp_gain":0,"max_hp_loss":5,"event_name":"Winding Halls","floor":57,"gold_loss":0}],"is_beta":false,"boss_relics":[{"not_picked":["Tiny House","Runic Dome"],"picked":"Pandora\u0027s Box"},{"not_picked":["Astrolabe","Cursed Key"],"picked":"Calling Bell"}],"items_purged_floors":[3,18,41,72],"is_endless":false,"potions_floor_spawned":[1,6,12,13,15,21,23,25,26,28,30,35,37,38,39,42,43,45,47,48,50,51,52,53,55,56,60,61,62,63,65,66,73],"ascension_level":1}}