{"host":"aycnbidq9d24owrh","time":1614153523,"event":{"mods":["Bard","BaseMod","BetterRewards","Colored Map","Downfall","Infinite Spire","Minty Spire (QoL Compilation)","Replay The Spire","Shop Mod","Spire Arcade","StSLib","The Cursed","The Disciple","The Hierophant","The Jungle","The Runesmith","TheBandit"],"gold_per_floor":[109,21,38,116,116,142,55,55,128,128,141,153,164,198,198,303,303,321,321,333,77,92,118,130,174,186,198,220,246,258,258],"floor_reached":30,"language":"ENG","playtime":1790,"items_purged":[],"score":280,"play_id":"3e8af1ec-074e-436f-8332-a42e685aa5b8","local_time":"20210223235843","is_ascension_mode":false,"campfire_choices":[{"data":"Jack Of All Trades","floor":8,"key":"SMITH"},{"floor":15,"key":"DIG"},{"floor":24,"key":"REST"},{"floor":27,"key":"REST"}],"circlet_count":0,"master_deck":["Strike_R","Strike_R","Strike_R","Defend_R","Defend_R","Defend_R","Shockwave","Cleave","Cleave","Armaments","Clash","Run Through","Jack Of All Trades+1","Battle Trance+1","Eclipse","Clash","Seeing Red","Whirlwind","Reaper","Feed+1","Evolve+1","Seeing Red+1","Flame Barrier+1","Ghostly Armor","ReplayTheSpireMod:Muscle Training","Fire Breathing","Cleave","Flex+1","Pot Of Greed","Pot Of Greed","Pot Of Greed","Limit Break","Clash","Searing Blow"],"relics":["Burning Blood","ReplayTheSpireMod:TigerMarble","Replay:Accelerometer","Omamori","Counterbalance","Astrolabe","Toolbox","MawBank","Grinning Jar","Bottled Lightning"],"acts_visited":["Exordium","TheCity"],"potions_floor_usage":[6,14,16,18,20,23,23,25],"damage_taken":[{"damage":6,"enemies":"Cultist","floor":1,"turns":4},{"damage":5,"enemies":"Jaw Worm","floor":3,"turns":4},{"damage":23,"enemies":"3 Sentries","floor":6,"turns":5},{"damage":0,"enemies":"Small Slimes","floor":11,"turns":3},{"damage":0,"enemies":"Exordium Thugs","floor":12,"turns":3},{"damage":0,"enemies":"Exordium Wildlife","floor":13,"turns":3},{"damage":16,"enemies":"Lagavulin","floor":14,"turns":5},{"damage":18,"enemies":"Fading Forest","floor":16,"turns":12},{"damage":3,"enemies":"Shell Parasite","floor":18,"turns":5},{"damage":17,"enemies":"Chosen","floor":20,"turns":6},{"damage":28,"enemies":"Centurion and Healer","floor":22,"turns":9},{"damage":27,"enemies":"Nightmare","floor":23,"turns":10},{"damage":31,"enemies":"Replay:Snechameleon","floor":25,"turns":6},{"damage":33,"enemies":"Sentry and Sphere","floor":28,"turns":5},{"damage":17,"enemies":"Snake Plant","floor":29,"turns":5},{"damage":26,"enemies":"Centurion and Healer","floor":30,"turns":6}],"seed_played":"9028879811134119221","potions_obtained":[{"floor":3,"key":"champ:CounterPotion"},{"floor":6,"key":"ColorlessPotion"},{"floor":13,"key":"hexamod:SoulburnPotion"},{"floor":16,"key":"LifebloodPotion"},{"floor":20,"key":"Reflective Coating"},{"floor":22,"key":"Weak Potion"}],"is_trial":false,"path_per_floor":["M","$","M","?","?","E","$","R","T","?","M","M","M","E","R_BF","B",null,"M","?","M","$","M","NM","R","E","T","R","M","M","M"],"character_chosen":"IRONCLAD","items_purchased":["Cleave","Armaments","Jack Of All Trades","Toolbox","ReplayTheSpireMod:Muscle Training","Fire Breathing"],"campfire_rested":2,"item_purchase_floors":[2,2,7,21,21,21],"current_hp_per_floor":[85,85,85,85,85,68,68,68,68,68,74,80,85,75,75,67,85,89,89,78,78,56,35,61,36,36,62,38,36,18,18],"gold":258,"neow_bonus":"RANDOM_EVENT","is_daily":false,"chose_seed":false,"campfire_upgraded":1,"win_rate":0.0,"timestamp":1614153523,"path_taken":["M","$","M","?","?","E","?","R","T","?","M","M","M","E","R_BF","BOSS","M","?","M","$","M","NM","R","E","T","R","M","M","M"],"items_purchased_type":["Card","Card","Card","Relic","Card","Card"],"build_version":"2020-12-22","purchased_purges":0,"victory":false,"max_hp_per_floor":[85,85,85,85,85,85,85,85,85,85,85,85,85,85,85,85,85,89,89,89,89,89,89,89,89,89,89,89,93,93,93],"card_choices":[{"not_picked":["ReplayTheSpireMod:Strike From Hell","Body Slam"],"picked":"Shockwave","floor":1},{"not_picked":["Rupture","Rage"],"picked":"Clash","floor":3},{"not_picked":["Rampage","Cleave"],"picked":"Run Through","floor":6},{"not_picked":["Perfected Strike","Run Through"],"picked":"Eclipse","floor":11},{"not_picked":["Body Slam","Cleave"],"picked":"Clash","floor":12},{"not_picked":["Second Wind","ReplayTheSpireMod:Strike From Hell"],"picked":"Seeing Red","floor":13},{"not_picked":["ReplayTheSpireMod:Strike From Hell","True Grit"],"picked":"Whirlwind","floor":14},{"not_picked":["Replay:Many Hands","Immolate"],"picked":"Reaper","floor":16},{"not_picked":["Intimidate","Replay:Undeath\u0027s Touch"],"picked":"Flame Barrier+1","floor":18},{"not_picked":["Body Slam","Carnage"],"picked":"Ghostly Armor","floor":20},{"not_picked":["Combust","Disarm"],"picked":"Cleave","floor":22},{"not_picked":["Twin Strike+1","Headbutt"],"picked":"Flex+1","floor":23},{"not_picked":["Clash","Shockwave+1"],"picked":"Limit Break","floor":25},{"not_picked":["Headbutt+1","Warcry+1"],"picked":"Clash","floor":28},{"not_picked":["Clothesline","Sword Boomerang"],"picked":"Searing Blow","floor":29}],"player_experience":11389,"relics_obtained":[{"floor":6,"key":"ReplayTheSpireMod:TigerMarble"},{"floor":9,"key":"Replay:Accelerometer"},{"floor":14,"key":"Omamori"},{"floor":15,"key":"Counterbalance"},{"floor":23,"key":"MawBank"},{"floor":25,"key":"Grinning Jar"},{"floor":26,"key":"Bottled Lightning"}],"event_choices":[{"damage_healed":0,"gold_gain":0,"player_choice":"Donut","damage_taken":0,"max_hp_gain":5,"max_hp_loss":0,"event_name":"Big Fish","floor":0,"gold_loss":0},{"damage_healed":0,"gold_gain":78,"player_choice":"Gained Gold","damage_taken":0,"max_hp_gain":0,"max_hp_loss":0,"event_name":"Golden Wing","floor":4,"gold_loss":0},{"damage_healed":0,"gold_gain":0,"player_choice":"Ignored","damage_taken":0,"max_hp_gain":0,"max_hp_loss":0,"event_name":"Ghosts","floor":19,"gold_loss":0}],"is_beta":false,"boss_relics":[{"not_picked":["infinitespire:Cupcake","Ectoplasm"],"picked":"Astrolabe"}],"items_purged_floors":[],"is_endless":false,"potions_floor_spawned":[3,6,13,16,20,22],"killed_by":"Centurion and Healer","ascension_level":0}}