{"host":"eydwxg59205c3vtl","time":1614144314,"event":{"mods":["2.2 Compatiblity","BaseMod","Colored Map","Colored Powertips","Hubris","Minty Spire (QoL Compilation)","StSLib","The Jungle","The Necromancer"],"gold_per_floor":[112,112,123,142,217,217,217,217,217,246,246,275,288,52,52,126,126,142,89,105,105,124,124,124,84,134,134,150,183,210,242,242,242,242],"floor_reached":33,"language":"ENG","playtime":1095,"items_purged":["Defend_W"],"score":739,"play_id":"8bbb936b-94d1-4259-903d-9a1417f68b79","local_time":"20210224002514","is_ascension_mode":true,"campfire_choices":[{"data":"Stop_Heart","floor":6.0,"key":"SMITH"},{"data":"Defend_W","floor":8.0,"key":"SMITH"},{"floor":15.0,"key":"REST"},{"floor":23.0,"key":"REST"},{"data":"Bite","floor":27.0,"key":"SMITH"},{"floor":32,"key":"REST"}],"circlet_count":0,"master_deck":["AscendersBane","Defend_W","Defend_W+1","Negative_Energy_Arrows+1","Bone_Wall","Negative_Energy_Shield","Negative_Energy_Shield","Stop_Heart+1","Chill_Blood+1","Chill_Blood","Blood_Curse+1","Hellfire","Toxic_Smoke_Screen+1","Vampiric_Strike+1","Acid_Javelin+1","Bite+1","Bite+1","Bite","Bite","Bite","Summon_Lich","Siphon_Strength","Negative_Energy_Sphere+1"],"relics":["Vampire_Amulet","NeowsBlessing","Thread and Needle","Turnip","Happy Flower","Empty Cage","Bag of Preparation","Whetstone","hubris:ToyBattleship","Frozen Egg 2"],"acts_visited":["Exordium","TheCity"],"potions_floor_usage":[32],"damage_taken":[{"damage":0.0,"enemies":"2 Louse","floor":1.0,"turns":1.0},{"damage":0.0,"enemies":"Cultist","floor":3.0,"turns":1.0},{"damage":0.0,"enemies":"Small Slimes","floor":4.0,"turns":2.0},{"damage":23.0,"enemies":"3 Sentries","floor":10.0,"turns":16.0},{"damage":34.0,"enemies":"Gremlin Nob","floor":12.0,"turns":6.0},{"damage":0.0,"enemies":"Looter","floor":13.0,"turns":4.0},{"damage":0.0,"enemies":"Hexaghost","floor":16.0,"turns":9.0},{"damage":8.0,"enemies":"Spheric Guardian","floor":18.0,"turns":4.0},{"damage":14.0,"enemies":"2 Thieves","floor":20.0,"turns":4.0},{"damage":40.0,"enemies":"3 Cultists","floor":22.0,"turns":6.0},{"damage":21.0,"enemies":"Cultist and Chosen","floor":28.0,"turns":7.0},{"damage":55.0,"enemies":"Slavers","floor":29.0,"turns":8.0},{"damage":9.0,"enemies":"Gremlin Leader","floor":31.0,"turns":7.0},{"damage":99,"enemies":"Collector","floor":33,"turns":8}],"seed_played":"-7738924945402251305","potions_obtained":[{"floor":3.0,"key":"SkillPotion"},{"floor":12.0,"key":"AttackPotion"},{"floor":28.0,"key":"AttackPotion"},{"floor":29.0,"key":"Dexterity Potion"},{"floor":31.0,"key":"Fruit Juice"}],"is_trial":false,"path_per_floor":["M","?","M","M","?","R","?","R","T","E","?","E","M","$","R","B",null,"M","$","M","?","M","R","?","$","T","R","M","E","T","E","R","B"],"character_chosen":"NECROMANCER","items_purchased":["Blood Vial","Vampiric_Strike","Summon_Lich"],"campfire_rested":3,"item_purchase_floors":[14,19,25],"current_hp_per_floor":[68,68,70,71,60,60,53,53,53,36,36,4,6,6,27,31,61,57,57,52,52,20,41,41,41,41,41,44,3,3,18,45,0,0],"gold":242,"neow_bonus":"THREE_ENEMY_KILL","is_daily":false,"chose_seed":false,"campfire_upgraded":3,"win_rate":0.0,"timestamp":1614144314,"path_taken":["M","?","M","?","?","R","?","R","T","E","?","E","M","$","R","BOSS","M","$","M","?","M","R","?","$","T","R","M","E","?","E","R","BOSS"],"items_purchased_type":["Relic","Card","Card"],"build_version":"2020-12-22","purchased_purges":1,"victory":false,"max_hp_per_floor":[71,71,71,71,71,71,71,71,71,71,71,71,71,71,71,71,71,71,71,71,71,71,71,71,71,71,71,71,71,71,71,76,76,76],"card_choices":[{"not_picked":["Bone_Shift","Death_Knell"],"picked":"Negative_Energy_Shield","floor":1.0},{"not_picked":["Bone_Armor","Bone_Shift"],"picked":"Negative_Energy_Shield","floor":3.0},{"not_picked":["Finger_Of_Death","Toxic_Smoke_Screen"],"picked":"Stop_Heart","floor":4.0},{"not_picked":["Violent_Necrosis","Blood_Whip"],"picked":"Chill_Blood","floor":10.0},{"not_picked":["Bone_Armor","Blood_Is_Power"],"picked":"Chill_Blood","floor":12.0},{"not_picked":["Bone_Spikes","Blood_Shield"],"picked":"Blood_Curse","floor":13.0},{"not_picked":["Skeleton_Dragon","Summon_Death_Knight"],"picked":"Hellfire","floor":16.0},{"not_picked":["Bone_Armor","Scare"],"picked":"Toxic_Smoke_Screen+1","floor":18.0},{"not_picked":["Shackles_Of_Pain","Negative_Energy_Shield"],"picked":"Acid_Javelin+1","floor":20.0},{"not_picked":["Necromantic_Selection","Chill_Blood","Blood_Whip"],"picked":"SKIP","floor":22.0},{"not_picked":["Whirlwind_of_Bones","Bone_Armory","Shackles_Of_Pain"],"picked":"SKIP","floor":28.0},{"not_picked":["Shackles_Of_Pain","Grasp_Heart"],"picked":"Siphon_Strength","floor":29.0},{"not_picked":["Slay_Living","Vampiric_Strike"],"picked":"Negative_Energy_Sphere+1","floor":31.0}],"player_experience":633345,"relics_obtained":[{"floor":9.0,"key":"Thread and Needle"},{"floor":10.0,"key":"Turnip"},{"floor":12.0,"key":"Happy Flower"},{"floor":26.0,"key":"Bag of Preparation"},{"floor":29.0,"key":"Whetstone"},{"floor":30.0,"key":"hubris:ToyBattleship"},{"floor":31.0,"key":"Frozen Egg 2"}],"event_choices":[{"damage_healed":0.0,"max_hp_gain":0.0,"max_hp_loss":0.0,"gold_gain":0.0,"event_name":"Upgrade Shrine","player_choice":"Upgraded","floor":2.0,"gold_loss":0.0,"damage_taken":0.0,"cards_upgraded":["Negative_Energy_Arrows"]},{"damage_healed":0.0,"max_hp_gain":0.0,"max_hp_loss":0.0,"gold_gain":75.0,"event_name":"World of Goop","player_choice":"Gather Gold","floor":5.0,"gold_loss":0.0,"damage_taken":11.0},{"cards_removed":["Strike_W"],"damage_healed":0.0,"max_hp_gain":0.0,"max_hp_loss":0.0,"gold_gain":0.0,"event_name":"Golden Wing","player_choice":"Card Removal","floor":7.0,"gold_loss":0.0,"damage_taken":7.0},{"damage_healed":0.0,"max_hp_gain":0.0,"max_hp_loss":0.0,"gold_gain":0.0,"event_name":"Living Wall","player_choice":"Grow","floor":11.0,"gold_loss":0.0,"damage_taken":0.0,"cards_upgraded":["Chill_Blood"]},{"damage_healed":0.0,"max_hp_gain":0.0,"max_hp_loss":0.0,"gold_gain":0.0,"event_name":"Vampires","player_choice":"Became a vampire (Vial)","floor":24.0,"relics_lost":["Blood Vial"],"gold_loss":0.0,"damage_taken":0.0,"cards_obtained":["Bite","Bite","Bite","Bite","Bite"]}],"is_beta":false,"boss_relics":[{"not_picked":["hubris:RunicObelisk","hubris:BlackHole"],"picked":"Empty Cage"}],"items_purged_floors":[14],"is_endless":false,"potions_floor_spawned":[3,12,28,29,31],"killed_by":"Collector","ascension_level":19}}