{"host":"bvp2uifzy1c463d9","time":1614130466,"event":{"mods":["AchievementEnabler","BaseMod","Better Note","Block Reminder","Bossed Relics","Colored Map","Colored Powertips","Highlight Path","Hubris","Infinite Spire","Minty Spire (QoL Compilation)","Relic Sorter","Relic Stats","Reliquary","Replay The Spire","StSLib","The Blue Laboratory","Wandering Minibosses"],"gold_per_floor":[111,111,124,124,124,153,173,173,173,173,30,65,80,93,93,190,190,203,214,214,231,247,247,272,272,272,302,302,302,302],"floor_reached":29,"language":"ENG","playtime":1366,"items_purged":["Strike_P"],"score":343,"play_id":"12f4fdc7-dd37-43a9-90e5-241a50426115","local_time":"20210223193426","is_ascension_mode":true,"campfire_choices":[{"data":"infinitespire:SevenWalls","floor":8,"key":"SMITH"},{"data":"Protect","floor":10,"key":"SMITH"},{"data":"BattleHymn","floor":15,"key":"SMITH"},{"data":"Wish","floor":23,"key":"SMITH"},{"data":"CutThroughFate","floor":25,"key":"SMITH"},{"data":"Evaluate","floor":28,"key":"SMITH"}],"circlet_count":0,"master_deck":["Strike_P","Strike_P","Strike_P","Defend_P","Defend_P","Defend_P","Defend_P","Eruption","Vigilance","Protect+1","infinitespire:SevenWalls+1","Crescendo","BowlingBash","CutThroughFate+1","BattleHymn+1","ReachHeaven","Consecrate","CutThroughFate","DeusExMachina","Study+1","Shame","Halt+1","Wish+1","ClearTheMind+1","infinitespire:Gouge","Evaluate+1"],"relics":["PureWater","NeowsBlessing","reliquary:Knoch","hubris:Towel","Mummified Hand","reliquary:BoilingFlask","Replay:Wax Seal","reliquary:WritOfMandamus","Blue Candle","hubris:CrystalStatue","infinitespire:CursedDice","reliquary:HotPoker"],"acts_visited":["Exordium","TheCity"],"potions_floor_usage":[24],"damage_taken":[{"damage":0,"enemies":"Small Slimes","floor":1,"turns":1},{"damage":0,"enemies":"Cultist","floor":3,"turns":1},{"damage":0,"enemies":"Lagavulin","floor":6,"turns":1},{"damage":0,"enemies":"Jaw Worm","floor":7,"turns":3},{"damage":2,"enemies":"3 Sentries","floor":12,"turns":8},{"damage":0,"enemies":"Blue Slaver","floor":13,"turns":3},{"damage":0,"enemies":"Large Slime","floor":14,"turns":3},{"damage":20,"enemies":"Hexaghost","floor":16,"turns":7},{"damage":0,"enemies":"Spheric Guardian","floor":18,"turns":2},{"damage":4,"enemies":"Shell Parasite","floor":19,"turns":2},{"damage":0,"enemies":"Centurion and Healer","floor":21,"turns":4},{"damage":0,"enemies":"Cultist and Chosen","floor":22,"turns":4},{"damage":2,"enemies":"Replay:Snechameleon","floor":24,"turns":4},{"damage":70,"enemies":"Nightmare","floor":27,"turns":14},{"damage":35,"enemies":"Replay:Snechameleon","floor":29,"turns":2}],"seed_played":"6887212070894684783","potions_obtained":[{"floor":1,"key":"blueLaboratory:MidnightOil"},{"floor":7,"key":"SpeedPotion"},{"floor":12,"key":"Energy Potion"},{"floor":27,"key":"blueLaboratory:StoneskinPotion"}],"is_trial":false,"path_per_floor":["M","?","M","T","?","E","M","R","T","R","$","E","M","M","R","B",null,"M","M","?","M","M","R","E","R","T","NM","R","E"],"character_chosen":"WATCHER","items_purchased":["BattleHymn"],"campfire_rested":0,"item_purchase_floors":[11],"current_hp_per_floor":[72,54,54,54,54,54,54,54,54,54,54,52,52,52,52,32,72,72,68,68,68,68,68,66,66,66,26,26,0,0],"gold":302,"neow_bonus":"THREE_ENEMY_KILL","is_daily":false,"chose_seed":false,"campfire_upgraded":6,"win_rate":0.0,"timestamp":1614130466,"path_taken":["M","?","M","?","?","E","M","R","T","R","?","E","M","?","R","BOSS","M","?","?","M","M","R","E","R","T","NM","R","E"],"items_purchased_type":["Card"],"build_version":"2020-12-22","purchased_purges":1,"victory":false,"max_hp_per_floor":[72,72,72,72,72,72,72,72,72,72,72,72,72,72,72,72,72,72,72,72,72,72,72,72,72,72,72,72,72,72],"relic_stats":{"counters":[15,59],"Mummified Hand":[15],"Blue Candle":[4],"obtain_stats":[{"reliquary:HotPoker":27,"hubris:CrystalStatue":24,"NeowsBlessing":0,"Mummified Hand":6,"infinitespire:CursedDice":26,"reliquary:BoilingFlask":9,"Blue Candle":20,"reliquary:Knoch":4,"PureWater":0,"hubris:Towel":5,"Replay:Wax Seal":12,"reliquary:WritOfMandamus":17},{"reliquary:HotPoker":14,"hubris:CrystalStatue":13,"NeowsBlessing":0,"Mummified Hand":3,"infinitespire:CursedDice":13,"reliquary:BoilingFlask":4,"Blue Candle":10,"reliquary:Knoch":2,"PureWater":0,"hubris:Towel":2,"Replay:Wax Seal":5,"reliquary:WritOfMandamus":8},{"reliquary:HotPoker":57,"hubris:CrystalStatue":43,"NeowsBlessing":0,"Mummified Hand":3,"infinitespire:CursedDice":43,"reliquary:BoilingFlask":6,"Blue Candle":31,"reliquary:Knoch":2,"PureWater":0,"hubris:Towel":2,"Replay:Wax Seal":14,"reliquary:WritOfMandamus":27}]},"card_choices":[{"not_picked":["CutThroughFate","FlyingSleeves"],"picked":"Protect","floor":1},{"not_picked":["hubris:Fate","hubris:Rewind"],"picked":"infinitespire:SevenWalls","floor":2},{"not_picked":["FollowUp","JustLucky"],"picked":"Crescendo","floor":3},{"not_picked":["FlurryOfBlows","Evaluate"],"picked":"BowlingBash","floor":6},{"not_picked":["ForeignInfluence","Omniscience"],"picked":"CutThroughFate","floor":7},{"not_picked":["Consecrate","Replay:Anticipation"],"picked":"ReachHeaven","floor":12},{"not_picked":["SignatureMove","CutThroughFate"],"picked":"Consecrate","floor":13},{"not_picked":["Adaptation","Conclude"],"picked":"CutThroughFate","floor":14},{"not_picked":["Blasphemy","Alpha"],"picked":"DeusExMachina","floor":16},{"not_picked":["FollowUp","Consecrate","Prostrate+1"],"picked":"SKIP","floor":18},{"not_picked":["Tantrum","Halt"],"picked":"Study+1","floor":19},{"not_picked":["Replay:ManipulateFuture+1","EmptyFist"],"picked":"Halt+1","floor":21},{"not_picked":["LikeWater","EmptyBody"],"picked":"Wish","floor":22},{"not_picked":["EmptyMind+1","Tantrum"],"picked":"ClearTheMind+1","floor":24},{"not_picked":["infinitespire:TheBestDefense","ReplayTheSpireMod:??????????????????????"],"picked":"infinitespire:Gouge","floor":27},{"not_picked":["Replay:Anticipation","SashWhip"],"picked":"Evaluate","floor":27}],"player_experience":270716,"relics_obtained":[{"floor":4,"key":"reliquary:Knoch"},{"floor":6,"key":"Mummified Hand"},{"floor":9,"key":"reliquary:BoilingFlask"},{"floor":12,"key":"Replay:Wax Seal"},{"floor":24,"key":"hubris:CrystalStatue"},{"floor":26,"key":"infinitespire:CursedDice"},{"floor":27,"key":"reliquary:HotPoker"}],"event_choices":[],"is_beta":false,"boss_relics":[{"not_picked":["Velvet Choker","Ring of Chaos"],"picked":"reliquary:WritOfMandamus"}],"items_purged_floors":[11],"is_endless":true,"potions_floor_spawned":[1,7,12,19,21,27],"killed_by":"Replay:Snechameleon","ascension_level":3}}