{"host":"6koe3tp991t999dm","time":1614200359,"event":{"mods":["100% Spire Juice","Act Like it!","Arknights","Astrologer","BaseMod","Better Third Choice","CapriCore","Colored Powertips","Downfall","Hubris","Infinite Spire","Koishi","Library of Ruina","Library of Ruina Extra","Lobotomy","LobotomyExtend","Marisa（霧雨　魔理沙）","Minty Spire (QoL Compilation)","Quick Restart","Relic Stats","Replay The Spire","RumiaBox-露米?的神秘盒子","StSLib","vexMod"],"gold_per_floor":[116,216,233,82,82,82,115,172,172,172,200,217,247,262,262,361,361,361,451,462,475,251,251,284,212,265,328,339,183,203,223,223,326,326,343,87,98,118,118,118,143,143,143,177,220,220,220,249,249,344,344,358,369,369],"floor_reached":53,"language":"ENG","playtime":1942,"items_purged":[],"score":1108,"play_id":"14603b0c-af0d-492a-aaf4-b6201cd9eb99","local_time":"20210224215919","is_ascension_mode":true,"campfire_choices":[{"data":"DegradedChain","floor":6,"key":"SMITH"},{"floor":15,"key":"REST"},{"data":"SharpenedBlade","floor":23,"key":"SMITH"},{"data":"UnforgettableMelody","floor":32,"key":"SMITH"},{"data":"SharpenedBlade","floor":40,"key":"SMITH"},{"data":"SharpenedBlade","floor":42,"key":"SMITH"},{"floor":49,"key":"REST"}],"circlet_count":0,"master_deck":["DegradedFairy+1","DegradedFairy+1","DegradedFairy+1","DegradedChain","DegradedChain+1","DegradedLock","DegradedPillar","DegradedPillar","DegradedShockwave+1","UnavoidableGaze","HighKick","SuanNi+1","FendThisOffIfYouCan","TendonChords","AsThePrescriptOrders","Collision","TheRedNotes","TendonChords+1","ReplayTheSpireMod:IOU","Faith","SharpenedBlade+1","FrontalAssault","Outburst","DaringDecision+1","BladeWhirl","HeavyPeaks","SharpenedBlade+1","Deflect_lor","UnforgettableMelody+1","SparkingSpear","FlashingStrike+1","Faith","GoinFirst","Tttonst","SharpNails+1","CoordinatedAssault+1","BiXi","CurseOfTheBell","CurseOfTheBell","Parasite","GutHarvesting","SharpenedBlade+1","Observe","SerpentSwordTechnique","Riposte","RagingStormLove"],"relics":["PageOfLibrarian","LetterFromLob","Orrery","GodSword6","Replay:Bottled Flurry","infinitespire:Eraser","Mummified Hand","PageOfPinocchio","PageOfBlackSwan","Guide Book","MagicDraw1","PageOfSnowWhitesApple","Bottled Tornado","PageOfPorccubus","vexMod:TanglingVine","Mercury Hourglass","downfall:ExtraCursedBell","hubris:TinFlute","PageOfFreischutz","PageOfTodaysShyLook","MealTicket","infinitespire:Lychee Nut","Gremlin Food","Replay:Bottled Eggs","Painkiller Herb"],"acts_visited":["Exordium","TheCity","TheBeyond","Exordium"],"potions_floor_usage":[],"damage_taken":[{"damage":0,"enemies":"Cultist","floor":1,"turns":2},{"damage":0,"enemies":"2 Louse","floor":3,"turns":1},{"damage":5,"enemies":"Lagavulin","floor":7,"turns":3},{"damage":0,"enemies":"3 Sentries","floor":8,"turns":2},{"damage":0,"enemies":"3 Sentries","floor":11,"turns":2},{"damage":0,"enemies":"Small Slimes","floor":12,"turns":1},{"damage":0,"enemies":"Gremlin Nob","floor":13,"turns":2},{"damage":0,"enemies":"Blue Slaver","floor":14,"turns":1},{"damage":0,"enemies":"Slime Boss","floor":16,"turns":4},{"damage":0,"enemies":"3 Byrds","floor":20,"turns":2},{"damage":0,"enemies":"Shell Parasite","floor":21,"turns":1},{"damage":0,"enemies":"Slavers","floor":24,"turns":1},{"damage":0,"enemies":"Snecko","floor":28,"turns":2},{"damage":0,"enemies":"Sentry and Sphere","floor":30,"turns":2},{"damage":4,"enemies":"Centurion and Healer","floor":31,"turns":2},{"damage":4,"enemies":"Automaton","floor":33,"turns":3},{"damage":6,"enemies":"3 Shapes","floor":35,"turns":1},{"damage":0,"enemies":"3 Darklings","floor":37,"turns":1},{"damage":0,"enemies":"Jaw Worm Horde","floor":38,"turns":1},{"damage":2,"enemies":"Nightmare","floor":41,"turns":2},{"damage":4,"enemies":"R_Hoarder","floor":44,"turns":3},{"damage":0,"enemies":"Sphere and 2 Shapes","floor":45,"turns":2},{"damage":2,"enemies":"Reptomancer","floor":48,"turns":2},{"damage":31,"enemies":"Awakened One","floor":50,"turns":4},{"damage":0,"enemies":"Small Slimes","floor":52,"turns":1},{"damage":0,"enemies":"Jaw Worm","floor":53,"turns":1}],"seed_played":"-8735842468360468461","potions_obtained":[{"floor":1,"key":"DistilledChaos"},{"floor":3,"key":"EssenceOfSteel"},{"floor":7,"key":"Explosive Potion"}],"is_trial":false,"path_per_floor":["M","?","M","$","T","R","E","?","T","?","E","M","E","M","R","B",null,"M","?","M","M","$","R","E","$","T","?","M","$","M","M","R","B",null,"M","$","M","M","?","R","NM","R","T","E","M","?","?","E","R","B",null,"?","?"],"character_chosen":"Librarian","items_purchased":["Orrery","SharpenedBlade","Guide Book","UnforgettableMelody","PageOfPorccubus","Mercury Hourglass"],"campfire_rested":2,"item_purchase_floors":[4,22,22,25,29,36],"current_hp_per_floor":[60,60,60,60,60,60,55,55,61,61,61,61,61,61,89,95,96,96,84,84,84,84,84,84,84,84,84,84,84,87,91,91,89,96,92,92,95,95,95,95,94,94,72,72,72,72,68,68,68,51,68,68,68,68],"gold":369,"neow_bonus":"UPGRADE_CARD","is_daily":false,"chose_seed":false,"campfire_upgraded":5,"win_rate":0.0,"timestamp":1614200359,"path_taken":["M","?","?","$","?","R","E","?","T","?","E","M","E","M","R","BOSS","M","?","?","M","$","R","E","?","T","?","M","$","M","M","R","BOSS","M","?","M","?","?","R","NM","R","T","E","M","?","?","E","R","BOSS","?","?"],"items_purchased_type":["Relic","Card","Relic","Card","Relic","Relic"],"build_version":"2020-12-22","purchased_purges":0,"victory":false,"max_hp_per_floor":[90,90,90,90,90,90,90,90,96,96,96,96,96,96,96,96,96,96,96,96,96,96,96,96,96,96,96,96,96,96,96,96,96,96,96,96,96,96,96,96,96,96,72,72,72,72,68,68,68,68,68,68,68,68],"relic_stats":{"counters":[26,47],"Mummified Hand":[74],"MealTicket":0,"obtain_stats":[{"Painkiller Herb":51,"vexMod:TanglingVine":34,"Bottled Tornado":27,"MagicDraw1":24,"Mummified Hand":11,"PageOfFreischutz":39,"MealTicket":41,"Replay:Bottled Flurry":7,"PageOfPinocchio":13,"PageOfSnowWhitesApple":26,"infinitespire:Eraser":8,"downfall:ExtraCursedBell":39,"Replay:Bottled Eggs":48,"PageOfTodaysShyLook":39,"hubris:TinFlute":39,"Gremlin Food":44,"Guide Book":22,"vexMod:BerryBomb":9,"Mercury Hourglass":36,"PageOfLibrarian":0,"PageOfBlackSwan":17,"infinitespire:Lychee Nut":43,"Orrery":4,"LetterFromLob":1,"GodSword6":5,"PageOfPorccubus":29},{"Painkiller Herb":24,"vexMod:TanglingVine":16,"Bottled Tornado":12,"MagicDraw1":12,"Mummified Hand":5,"PageOfFreischutz":19,"MealTicket":20,"Replay:Bottled Flurry":3,"PageOfPinocchio":7,"PageOfSnowWhitesApple":12,"infinitespire:Eraser":3,"downfall:ExtraCursedBell":19,"Replay:Bottled Eggs":23,"PageOfTodaysShyLook":19,"hubris:TinFlute":19,"Gremlin Food":21,"Guide Book":11,"vexMod:BerryBomb":4,"Mercury Hourglass":17,"PageOfLibrarian":0,"PageOfBlackSwan":9,"infinitespire:Lychee Nut":20,"Orrery":2,"LetterFromLob":1,"GodSword6":2,"PageOfPorccubus":13},{"Painkiller Herb":45,"vexMod:TanglingVine":31,"Bottled Tornado":22,"MagicDraw1":22,"Mummified Hand":10,"PageOfFreischutz":34,"MealTicket":35,"Replay:Bottled Flurry":6,"PageOfPinocchio":13,"PageOfSnowWhitesApple":22,"infinitespire:Eraser":6,"downfall:ExtraCursedBell":34,"Replay:Bottled Eggs":41,"PageOfTodaysShyLook":34,"hubris:TinFlute":34,"Gremlin Food":38,"Guide Book":21,"vexMod:BerryBomb":8,"Mercury Hourglass":32,"PageOfLibrarian":0,"PageOfBlackSwan":18,"infinitespire:Lychee Nut":35,"Orrery":3,"LetterFromLob":2,"GodSword6":3,"PageOfPorccubus":24}],"Mercury Hourglass":[83]},"card_choices":[{"not_picked":["SuppressingShot","ShockRound","ChiWen","EnergyCycle","SkitterAway","TraceOfFumes","BindingChains","AlloutWar"],"picked":"UnavoidableGaze","floor":1},{"not_picked":["FierceOnslaught","NightInTheBackstreets","PreemptiveStrike","Overpower","YouOnlyLiveOnce","Standoff","Riposte","FeelinGood"],"picked":"HighKick","floor":3},{"not_picked":["TendonChords","FleetFootsteps","FaintMemories","GatherIntel","FlowOfTheSword","UnavoidableGaze","UndertakePrescript","StartinOutLightly"],"picked":"SuanNi","floor":4},{"not_picked":["FlowOfTheSword","SuppressingShot","FleshFillet","Rewind","SnakesPrey","Brawl","TimeForALittleTest","GrazeTheGrass"],"picked":"FendThisOffIfYouCan","floor":4},{"not_picked":["UnavoidableGaze","DevastatingThrash","Brawl","Outburst","UpbeatPerformance","Multislash","SerpentSwordTechnique","FleshFillet"],"picked":"TendonChords","floor":4},{"not_picked":["Diversion","RulesOfTheBackstreets","ReadyUp","ConcentratedFire","DesperateStruggle","Slice_lor","ClassAndRespect","SuanNi"],"picked":"AsThePrescriptOrders","floor":4},{"not_picked":["Brawl","WillOfThePrescript","AsThePrescriptOrders","Diversion","StructuralAnalysis","Concentration","SharpSwipe","DesperateStruggle"],"picked":"Collision","floor":4},{"not_picked":["GuidanceOfTheGears","BackAttack","SuppressingShot","StrongStrike","Leap_lor","CircusKnives","FleetEdge","Riposte"],"picked":"TheRedNotes","floor":7},{"not_picked":["ChopItOff","SuppressingShot","SmokingPipe","EnergyShield","SerpentSwordTechnique","EndlessBattle","GuidanceOfTheGears","BiAn"],"picked":"TendonChords","floor":8},{"not_picked":["SilentNight","LossOfSenses","StrongStrike","ViolentFlame","HandlingWork","ClassAndRespect","ExtremeEdge","FleshFillet"],"picked":"Faith","floor":11},{"not_picked":["Outburst","UpbeatPerformance","Overpower","DimensionalRift","HighSpeedStabbing","StrikeDown","TendonChords","BlowItUp"],"picked":"SharpenedBlade","floor":12},{"not_picked":["StructuralAnalysis","ClassAndRespect","MultiBlock","Endure","MindWhip","Quickness","FleshFillet","Riposte"],"picked":"FrontalAssault","floor":13},{"not_picked":["Standoff","SmokingPipe","DesperateStruggle","SinglePointStab","StayCalm","UpbeatPerformance","StructuralAnalysis","FleetEdge"],"picked":"Outburst","floor":14},{"not_picked":["MindCrush","Eradication"],"picked":"DaringDecision","floor":16},{"not_picked":["HandleRequest","FierceCharge","StrikeDown","FlashingStrike+1","SerpentSwordTechnique","SerpentineBarrier","HighKick+1","SpearedSweep"],"picked":"BladeWhirl","floor":20},{"not_picked":["SweepTheBackstreets","ViolentFlame","Reload+1","Outburst","FleetFootsteps","TendonChords","ICanCookAnything","EnergyStrike"],"picked":"HeavyPeaks","floor":21},{"not_picked":["AlloutWar","LoosenUp","EndlessBattle","SteelKnuckles","CookingPrep","UpbeatPerformance","CutIn","CombatPreparation"],"picked":"Deflect_lor","floor":24},{"not_picked":["Quickness+1","FlowOfTheSword","UpbeatPerformance","ChiWen","Diversion","PinpointShot","Faith+1","Observe"],"picked":"SparkingSpear","floor":27},{"not_picked":["Brawl+1","StrikeDown","GuidanceOfTheGears","StrongStrike+1","PinpointShot","FleetEdge","SearingSword","Observe"],"picked":"FlashingStrike+1","floor":28},{"not_picked":["ViolentFlame+1","GatherIntel","GuidanceOfTheGears+1","FleetEdge","ConcentratedFire","SavageMode","SteelKnuckles","GrazeTheGrass+1"],"picked":"Faith","floor":30},{"not_picked":["AutomatedMovement+1","DarkCloud","EnergyCycle","HighKick","SunsetBlade","Pound+1","BattleCommand","Overcharge+1"],"picked":"GoinFirst","floor":31},{"not_picked":["RipSpace","Decapitation"],"picked":"Tttonst","floor":33},{"not_picked":["HiddenBlade+1","QuickSuppression","Parry","GuidanceOfTheGears+1","Quickness","AsThePrescriptOrders","ShrineToMusic+1","SomberProcuration"],"picked":"SharpNails+1","floor":35},{"not_picked":["GuardingStance","ScatteringSlash+1","SerpentSwordTechnique+1","PinpointShot+1","LoosenUp+1","BackAttack+1","GrazeTheGrass+1","TasteMyFlamingBat"],"picked":"CoordinatedAssault+1","floor":37},{"not_picked":["OpportunitySpotted","Brawl+1","SpearedSweep","UncannyStrike+1","Rewind","VenomousFangs","AutonomousRush","DesperateStruggle"],"picked":"BiXi","floor":38},{"not_picked":["Rewind+1","BayonetCombat","RulesOfTheBackstreets+1","UpbeatPerformance","GoinFirst","EndlessBattle+1","BulkyImpact+1","IllEndYou"],"picked":"SharpenedBlade","floor":41},{"not_picked":["FaintMemories","BackAttack+1","UncannyStrike","HandlingWork","IllEndYou","ElectricShock+1","Parry","NightInTheBackstreets"],"picked":"Observe","floor":44},{"not_picked":["Wallop_lor+1","BayonetCombat","Diversion+1","SetFire+1","BackstreetsDash+1","EnergyShield+1","FleetEdge+1","Reload+1"],"picked":"SerpentSwordTechnique","floor":45},{"not_picked":["SilentNight","PreparedMind","RatsGuideToSurvival","AGoldenOpportunity+1","BizarreAttack+1","SinglePointStab","PreemptiveStrike+1","Marionette+1","FlashOfSunup"],"picked":"SKIP","floor":48},{"not_picked":["Eradication","Decapitation"],"picked":"RagingStormLove","floor":50},{"not_picked":["WillOfThePrescript","IronWall","TraceOfFumes","TheArtOfRapidSteps","Pound","FlashOfSunup","SinglePointStab","Diversion","UpbeatPerformance"],"picked":"SKIP","floor":52},{"not_picked":["FierceCharge","Punishment","BackAttack","HandleRequest","RapidGashes","SkyClearingCut","MultiBlock","EnergyStrike","Multislash"],"picked":"SKIP","floor":53}],"player_experience":40056,"relics_obtained":[{"floor":1,"key":"LetterFromLob"},{"floor":5,"key":"GodSword6"},{"floor":7,"key":"Replay:Bottled Flurry"},{"floor":9,"key":"vexMod:BerryBomb"},{"floor":11,"key":"Mummified Hand"},{"floor":13,"key":"PageOfPinocchio"},{"floor":24,"key":"MagicDraw1"},{"floor":26,"key":"PageOfSnowWhitesApple"},{"floor":27,"key":"Bottled Tornado"},{"floor":39,"key":"hubris:TinFlute"},{"floor":39,"key":"PageOfFreischutz"},{"floor":39,"key":"PageOfTodaysShyLook"},{"floor":41,"key":"MealTicket"},{"floor":43,"key":"infinitespire:Lychee Nut"},{"floor":44,"key":"Gremlin Food"},{"floor":48,"key":"Replay:Bottled Eggs"}],"event_choices":[{"damage_healed":0,"gold_gain":100,"player_choice":"Pray","damage_taken":0,"max_hp_gain":0,"max_hp_loss":0,"event_name":"Golden Shrine","floor":2,"gold_loss":0},{"damage_healed":0,"gold_gain":0,"player_choice":"Searched \u00272\u0027 times","damage_taken":0,"relics_obtained":["infinitespire:Eraser"],"max_hp_gain":0,"max_hp_loss":0,"event_name":"Dead Adventurer","floor":8,"gold_loss":0},{"damage_healed":0,"gold_gain":90,"player_choice":"GOLD ","damage_taken":12,"max_hp_gain":0,"max_hp_loss":0,"event_name":"Knowing Skull","floor":19,"potions_obtained":[],"gold_loss":0,"cards_obtained":[]},{"damage_healed":0,"gold_gain":0,"player_choice":"Max HP","damage_taken":0,"max_hp_gain":0,"max_hp_loss":4,"event_name":"Winding Halls","floor":47,"gold_loss":0}],"is_beta":false,"boss_relics":[{"not_picked":["vexMod:BigBerry","Cursed Key"],"picked":"PageOfBlackSwan"},{"not_picked":["hubris:HollowSoul","Runic Dome"],"picked":"vexMod:TanglingVine"},{"not_picked":["hubris:Stopwatch","hubris:CrackedHourglass"],"picked":"Painkiller Herb"}],"items_purged_floors":[],"is_endless":true,"potions_floor_spawned":[1,3,7,16,20,24,28,30,33,35,41,48,52,53],"killed_by":"Jaw Worm","ascension_level":1}}