{"host":"sum4dy402bbv9y4o","time":1614200919,"event":{"mods":["Aspiration","BaseMod","Conspire","Highlight Path","Minty Spire (QoL Compilation)","StSLib"],"gold_per_floor":[109,2,2,2,17,17,28,40,40,58,58,83,102,121,121,192,192,202,212,212,224,224,224,224,224],"floor_reached":24,"language":"ENG","playtime":709,"items_purged":[],"score":500,"play_id":"77609a0d-dba4-4eb3-9287-99a860c1808e","local_time":"20210225000839","is_ascension_mode":true,"campfire_choices":[{"data":"Eruption","floor":6,"key":"SMITH"},{"data":"Consecrate","floor":11,"key":"SMITH"},{"data":"FlurryOfBlows","floor":15,"key":"SMITH"},{"floor":23,"key":"REST"}],"circlet_count":0,"master_deck":["AscendersBane","conspire:GhostlyStrike","conspire:GhostlyStrike","conspire:GhostlyStrike","conspire:GhostlyDefend+1","conspire:GhostlyDefend","Eruption+1","Vigilance","Devotion","EmptyBody","FlurryOfBlows+1","Consecrate+1","FollowUp+1","FollowUp+1","FlurryOfBlows","EmptyMind","FlurryOfBlows","LessonLearned","Perseverance","DeceiveReality+1","Conclude","Writhe"],"relics":["PureWater","Du-Vu Doll","Kunai","Empty Cage","Akabeko"],"acts_visited":["Exordium","TheCity"],"potions_floor_usage":[8,13,21],"damage_taken":[{"damage":0,"enemies":"2 Louse","floor":1,"turns":2},{"damage":2,"enemies":"Jaw Worm","floor":5,"turns":2},{"damage":2,"enemies":"conspire:RoseBush","floor":7,"turns":2},{"damage":0,"enemies":"Large Slime","floor":8,"turns":4},{"damage":0,"enemies":"3 Louse","floor":10,"turns":1},{"damage":8,"enemies":"3 Sentries","floor":12,"turns":5},{"damage":0,"enemies":"Red Slaver","floor":13,"turns":1},{"damage":7,"enemies":"Lots of Slimes","floor":14,"turns":3},{"damage":0,"enemies":"Slime Boss","floor":16,"turns":6},{"damage":15,"enemies":"3 Byrds","floor":18,"turns":4},{"damage":0,"enemies":"Chosen","floor":19,"turns":2},{"damage":12,"enemies":"Snecko","floor":21,"turns":7},{"damage":40,"enemies":"conspire:SneckoGhost","floor":24,"turns":6}],"seed_played":"628138548694263471","potions_obtained":[{"floor":1,"key":"Block Potion"},{"floor":10,"key":"LiquidBronze"},{"floor":12,"key":"Swift Potion"},{"floor":14,"key":"PowerPotion"},{"floor":19,"key":"FearPotion"}],"is_trial":false,"path_per_floor":["M","$","?","?","M","R","M","M","T","M","R","E","M","M","R","B",null,"M","M","?","M","?","R","E"],"character_chosen":"WATCHER","items_purchased":["FlurryOfBlows","Consecrate"],"campfire_rested":1,"item_purchase_floors":[2,2],"current_hp_per_floor":[61,61,61,54,52,52,50,50,50,50,50,42,42,35,35,35,60,45,45,26,14,14,35,0,0],"gold":224,"neow_bonus":"ONE_RANDOM_RARE_CARD","is_daily":false,"chose_seed":false,"campfire_upgraded":3,"win_rate":0.0,"timestamp":1614200919,"path_taken":["M","$","?","?","M","R","M","M","T","M","R","E","M","M","R","BOSS","M","M","?","M","?","R","E"],"items_purchased_type":["Card","Card"],"build_version":"2020-12-22","purchased_purges":0,"victory":false,"max_hp_per_floor":[68,68,68,68,68,68,68,68,68,68,68,68,68,68,68,68,68,68,68,73,73,73,73,73,73],"card_choices":[{"not_picked":["Collect","Consecrate"],"picked":"EmptyBody","floor":1},{"not_picked":["JustLucky","CrushJoints"],"picked":"FollowUp","floor":5},{"not_picked":["ReachHeaven","Crescendo"],"picked":"FollowUp","floor":7},{"not_picked":["PathToVictory","Wallop"],"picked":"FlurryOfBlows","floor":8},{"not_picked":["JustLucky","ThirdEye"],"picked":"EmptyMind","floor":10},{"not_picked":["JustLucky","EmptyBody"],"picked":"FlurryOfBlows","floor":12},{"not_picked":["Crescendo","EmptyFist"],"picked":"LessonLearned","floor":13},{"not_picked":["ClearTheMind","WheelKick"],"picked":"Perseverance","floor":14},{"not_picked":["FlyingSleeves","Consecrate"],"picked":"DeceiveReality+1","floor":18},{"not_picked":["Evaluate","CarveReality"],"picked":"Conclude","floor":19},{"not_picked":["EmptyBody","FlurryOfBlows","ThirdEye"],"picked":"SKIP","floor":21}],"player_experience":3140811,"relics_obtained":[{"floor":9,"key":"Du-Vu Doll"},{"floor":12,"key":"Kunai"}],"event_choices":[{"damage_healed":0,"gold_gain":0,"player_choice":"Agree","damage_taken":0,"max_hp_gain":0,"max_hp_loss":0,"event_name":"conspire:LoneGhost","floor":3,"gold_loss":0},{"cards_removed":["conspire:GhostlyDefend"],"damage_healed":0,"gold_gain":0,"player_choice":"Card Removal","damage_taken":7,"max_hp_gain":0,"max_hp_loss":0,"event_name":"Golden Wing","floor":4,"gold_loss":0},{"damage_healed":0,"gold_gain":0,"player_choice":"Shed Blood","damage_taken":24,"max_hp_gain":5,"max_hp_loss":0,"event_name":"Forgotten Altar","floor":20,"gold_loss":0},{"damage_healed":0,"gold_gain":0,"player_choice":"Opened","damage_taken":0,"relics_obtained":["Akabeko"],"max_hp_gain":0,"max_hp_loss":0,"event_name":"The Mausoleum","floor":22,"gold_loss":0,"cards_obtained":["Writhe"]}],"is_beta":false,"boss_relics":[{"not_picked":["Cursed Key","HolyWater"],"picked":"Empty Cage"}],"items_purged_floors":[],"is_endless":false,"potions_floor_spawned":[1,10,12,14,19],"killed_by":"conspire:SneckoGhost","ascension_level":20}}