{"host":"by8i6f8xc0ywpsd5","time":1614175510,"event":{"mods":["BaseMod","Colored Map","Minty Spire (QoL Compilation)","Relic Stats"],"gold_per_floor":[112,112,130,130,144,144,162,162,185,201,228,228,253,270,270,346,346,356,376,173,98,98,98,110,145,145,180,180,208,226,237,237,237,237],"floor_reached":33,"language":"ENG","playtime":3225,"items_purged":["Strike_R"],"score":684,"play_id":"be9f3d74-4733-432a-aeb6-6ba638584e80","local_time":"20210224160510","is_ascension_mode":true,"campfire_choices":[{"data":"Searing Blow","floor":6,"key":"SMITH"},{"data":"Searing Blow+1","floor":8,"key":"SMITH"},{"data":"Searing Blow+2","floor":12,"key":"SMITH"},{"data":"Searing Blow+3","floor":15,"key":"SMITH"},{"data":"Armaments","floor":23,"key":"SMITH"},{"data":"Searing Blow+4","floor":28,"key":"SMITH"},{"data":"Searing Blow+5","floor":32,"key":"SMITH"}],"circlet_count":0,"master_deck":["AscendersBane","Strike_R","Strike_R","Defend_R","Defend_R+1","Defend_R","Defend_R+1","Bash","Searing Blow+6","Shrug It Off","Combust","Hemokinesis","Thunderclap","Fiend Fire","Battle Trance","Feed","Armaments+1","True Grit+1","Feel No Pain","Burning Pact","Ghostly","Ghostly","Ghostly","Disarm+1","Disarm","Havoc+1","Brutality"],"relics":["Burning Blood","War Paint","Mercury Hourglass","Bag of Preparation","Happy Flower","Akabeko","SacredBark","Centennial Puzzle","Pear","Omamori"],"acts_visited":["Exordium","TheCity"],"potions_floor_usage":[11,16,25,27,29,33],"damage_taken":[{"damage":12,"enemies":"Small Slimes","floor":1,"turns":4},{"damage":0,"enemies":"Jaw Worm","floor":3,"turns":5},{"damage":0,"enemies":"Cultist","floor":5,"turns":4},{"damage":5,"enemies":"3 Louse","floor":7,"turns":2},{"damage":4,"enemies":"Large Slime","floor":10,"turns":4},{"damage":20,"enemies":"Lagavulin","floor":11,"turns":6},{"damage":5,"enemies":"3 Sentries","floor":13,"turns":3},{"damage":0,"enemies":"Looter","floor":14,"turns":1},{"damage":20,"enemies":"Hexaghost","floor":16,"turns":8},{"damage":0,"enemies":"Spheric Guardian","floor":18,"turns":1},{"damage":12,"enemies":"2 Thieves","floor":19,"turns":3},{"damage":8,"enemies":"Shelled Parasite and Fungi","floor":24,"turns":5},{"damage":29,"enemies":"Gremlin Leader","floor":25,"turns":6},{"damage":14,"enemies":"Slavers","floor":27,"turns":4},{"damage":3,"enemies":"Gremlin Leader","floor":29,"turns":5},{"damage":1,"enemies":"Snecko","floor":30,"turns":3},{"damage":11,"enemies":"Centurion and Healer","floor":31,"turns":9},{"damage":94,"enemies":"Automaton","floor":33,"turns":8}],"seed_played":"-1774475930058592603","potions_obtained":[{"floor":1,"key":"Dexterity Potion"},{"floor":5,"key":"Energy Potion"},{"floor":10,"key":"BlessingOfTheForge"},{"floor":11,"key":"Explosive Potion"},{"floor":16,"key":"AttackPotion"},{"floor":19,"key":"Fire Potion"},{"floor":27,"key":"BlessingOfTheForge"},{"floor":29,"key":"Regen Potion"},{"floor":31,"key":"LiquidBronze"}],"is_trial":false,"path_per_floor":["M","?","M","?","M","R","M","R","T","M","E","R","E","M","R","B",null,"M","M","$","?","?","R","M","E","T","E","R","E","M","M","R","B"],"character_chosen":"IRONCLAD","items_purchased":["Feel No Pain","Burning Pact"],"campfire_rested":0,"item_purchase_floors":[20,20],"current_hp_per_floor":[62,51,57,57,63,63,64,64,64,66,52,52,53,59,59,45,68,74,71,71,71,39,39,41,18,18,24,24,27,35,33,33,0,0],"gold":237,"neow_bonus":"REMOVE_CARD","is_daily":false,"chose_seed":false,"campfire_upgraded":7,"win_rate":0.0,"timestamp":1614175510,"path_taken":["M","?","M","?","M","R","M","R","T","M","E","R","E","M","R","BOSS","M","?","$","?","?","R","M","E","T","E","R","E","M","M","R","BOSS"],"items_purchased_type":["Card","Card"],"build_version":"2020-12-22","purchased_purges":1,"victory":false,"max_hp_per_floor":[75,75,75,75,75,75,75,75,75,75,75,75,75,75,75,75,75,75,78,78,78,39,39,43,43,43,57,57,57,60,63,63,63,63],"relic_stats":{"Centennial Puzzle":[15],"Happy Flower":[18],"counters":[18,81],"Bag of Preparation":[28],"War Paint":["Defend_R","Defend_R"],"obtain_stats":[{"Centennial Puzzle":25,"Pear":27,"Happy Flower":11,"SacredBark":17,"Bag of Preparation":9,"Omamori":29,"War Paint":2,"Burning Blood":0,"Akabeko":13,"Mercury Hourglass":4},{"Centennial Puzzle":13,"Pear":14,"Happy Flower":6,"SacredBark":9,"Bag of Preparation":4,"Omamori":15,"War Paint":1,"Burning Blood":0,"Akabeko":7,"Mercury Hourglass":2},{"Centennial Puzzle":52,"Pear":56,"Happy Flower":25,"SacredBark":37,"Bag of Preparation":15,"Omamori":61,"War Paint":4,"Burning Blood":0,"Akabeko":28,"Mercury Hourglass":9}],"Burning Blood":102,"Mercury Hourglass":[276]},"card_choices":[{"not_picked":["Clothesline","Pummel"],"picked":"Searing Blow","floor":1},{"not_picked":["Infernal Blade","Sword Boomerang"],"picked":"Shrug It Off","floor":3},{"not_picked":["Flex","Thunderclap"],"picked":"Combust","floor":5},{"not_picked":["Clash","Combust"],"picked":"Hemokinesis","floor":7},{"not_picked":["Rupture","Perfected Strike"],"picked":"Thunderclap","floor":10},{"not_picked":["Twin Strike","Fire Breathing"],"picked":"Fiend Fire","floor":11},{"not_picked":["Body Slam","Flex"],"picked":"Battle Trance","floor":13},{"not_picked":["Warcry","Wild Strike","Sword Boomerang"],"picked":"SKIP","floor":14},{"not_picked":["Offering","Demon Form"],"picked":"Feed","floor":16},{"not_picked":["Sword Boomerang","Headbutt"],"picked":"Armaments","floor":18},{"not_picked":["Evolve","Iron Wave"],"picked":"True Grit+1","floor":19},{"not_picked":["Cleave","Havoc","Anger"],"picked":"SKIP","floor":24},{"not_picked":["True Grit","Searing Blow"],"picked":"Disarm+1","floor":25},{"not_picked":["Carnage","Infernal Blade"],"picked":"Disarm","floor":27},{"not_picked":["Entrench","Body Slam","Infernal Blade"],"picked":"SKIP","floor":29},{"not_picked":["Iron Wave","Headbutt"],"picked":"Havoc+1","floor":30},{"not_picked":["Evolve+1","Iron Wave"],"picked":"Brutality","floor":31}],"player_experience":1781227,"relics_obtained":[{"floor":9,"key":"Bag of Preparation"},{"floor":11,"key":"Happy Flower"},{"floor":13,"key":"Akabeko"},{"floor":25,"key":"Centennial Puzzle"},{"floor":27,"key":"Pear"},{"floor":29,"key":"Omamori"}],"event_choices":[{"damage_healed":0,"gold_gain":0,"player_choice":"Success","damage_taken":11,"relics_obtained":["War Paint"],"max_hp_gain":0,"max_hp_loss":0,"event_name":"Scrap Ooze","floor":2,"gold_loss":0},{"damage_healed":0,"gold_gain":0,"player_choice":"Gave Potion","damage_taken":0,"relics_obtained":["Mercury Hourglass"],"max_hp_gain":0,"max_hp_loss":0,"event_name":"WeMeetAgain","floor":4,"gold_loss":0},{"cards_removed":["Strike_R"],"damage_healed":0,"gold_gain":0,"player_choice":"Gave Gold","damage_taken":0,"max_hp_gain":0,"max_hp_loss":0,"event_name":"Beggar","floor":21,"gold_loss":75},{"damage_healed":0,"gold_gain":0,"player_choice":"Became a Ghost","damage_taken":0,"max_hp_gain":0,"max_hp_loss":39,"event_name":"Ghosts","floor":22,"gold_loss":0,"cards_obtained":["Ghostly","Ghostly","Ghostly"]}],"is_beta":false,"boss_relics":[{"not_picked":["Pandora\u0027s Box","Runic Cube"],"picked":"SacredBark"}],"items_purged_floors":[20],"is_endless":false,"potions_floor_spawned":[1,5,10,11,16,19,27,29,31],"killed_by":"Automaton","ascension_level":20}}