{"host":"ju1b3c4x8n2jtjm7","time":1614179256,"event":{"mods":["AchievementEnabler","BaseMod","Colored Map","Colored Powertips","DeckTracker","Highlight Path","Minty Spire (QoL Compilation)","Quick Restart","Rare Cards Sparkle","Relic Stats","StSLib"],"gold_per_floor":[119,135,100,100,175,201,201,4,29,29,47,63,88,101,101,179,179,196,209,209,224,224,224,33,33,33],"floor_reached":25,"language":"ENG","playtime":1244,"items_purged":["Strike_B"],"score":373,"play_id":"50b0aa85-4ec5-4a4c-b8d9-eb085dfdea71","local_time":"20210224160736","is_ascension_mode":true,"campfire_choices":[{"floor":7.0,"key":"REST"},{"floor":10.0,"key":"REST"},{"data":"Hello World","floor":15.0,"key":"SMITH"},{"floor":23.0,"key":"REST"}],"circlet_count":0,"master_deck":["AscendersBane","Strike_B","Strike_B","Strike_B+1","Defend_B","Defend_B","Defend_B","Defend_B","Zap+1","Dualcast","White Noise+1","Go for the Eyes","Defragment","Scrape","Hello World+1","Aggregate","White Noise","Core Surge","Echo Form","Steam+1","Glacier","Ghostly","Ghostly","Ghostly","Ghostly","Ghostly"],"relics":["Cracked Core","Anchor","Membership Card","PreservedInsect","Blood Vial","Philosopher\u0027s Stone","Bronze Scales","Vajra"],"acts_visited":["Exordium","TheCity"],"potions_floor_usage":[],"damage_taken":[{"damage":3.0,"enemies":"2 Louse","floor":1.0,"turns":2.0},{"damage":7.0,"enemies":"Jaw Worm","floor":2.0,"turns":3.0},{"damage":42.0,"enemies":"Lagavulin","floor":6.0,"turns":8.0},{"damage":1.0,"enemies":"Cultist","floor":11.0,"turns":3.0},{"damage":0.0,"enemies":"2 Fungi Beasts","floor":12.0,"turns":3.0},{"damage":5.0,"enemies":"3 Sentries","floor":13.0,"turns":6.0},{"damage":7.0,"enemies":"Large Slime","floor":14.0,"turns":3.0},{"damage":37.0,"enemies":"Hexaghost","floor":16.0,"turns":9.0},{"damage":0.0,"enemies":"3 Byrds","floor":18.0,"turns":3.0},{"damage":8.0,"enemies":"Spheric Guardian","floor":19.0,"turns":5.0},{"damage":49.0,"enemies":"3 Cultists","floor":21.0,"turns":6.0},{"damage":22,"enemies":"Slavers","floor":25,"turns":1}],"seed_played":"5485980627450758749","potions_obtained":[{"floor":6.0,"key":"AttackPotion"},{"floor":11.0,"key":"DuplicationPotion"},{"floor":13.0,"key":"BlessingOfTheForge"},{"floor":16.0,"key":"Explosive Potion"},{"floor":19.0,"key":"SkillPotion"}],"is_trial":false,"path_per_floor":["M","M","?","?","?","E","R","$","T","R","M","M","E","M","R","B",null,"M","M","?","M","?","R","$","E"],"character_chosen":"DEFECT","items_purchased":["Membership Card","Defragment","Scrape","Bronze Scales","Vajra"],"campfire_rested":3,"item_purchase_floors":[8,8,8,24,24],"current_hp_per_floor":[65,58,75,60,49,7,29,29,29,51,50,50,45,40,40,5,58,60,54,54,7,7,18,18,0,0],"gold":33,"neow_bonus":"UPGRADE_CARD","is_daily":false,"chose_seed":false,"campfire_upgraded":1,"win_rate":0.0,"timestamp":1614179256,"path_taken":["M","M","?","?","?","E","R","?","T","R","M","M","E","M","R","BOSS","M","M","?","M","?","R","$","E"],"items_purchased_type":["Relic","Card","Card","Relic","Relic"],"build_version":"2020-12-22","purchased_purges":1,"victory":false,"max_hp_per_floor":[75,75,75,75,75,75,75,75,75,75,75,75,75,75,75,75,75,75,75,75,75,37,37,37,37,37],"relic_stats":{"Blood Vial":12,"counters":[12,52],"Bronze Scales":[6],"PreservedInsect":72,"obtain_stats":[{"Blood Vial":13,"Anchor":6,"Bronze Scales":24,"Vajra":24,"Philosopher\u0027s Stone":17,"PreservedInsect":9,"Membership Card":8,"Cracked Core":0},{"Blood Vial":6,"Anchor":3,"Bronze Scales":11,"Vajra":11,"Philosopher\u0027s Stone":8,"PreservedInsect":3,"Membership Card":3,"Cracked Core":0},{"Blood Vial":25,"Anchor":13,"Bronze Scales":51,"Vajra":51,"Philosopher\u0027s Stone":37,"PreservedInsect":13,"Membership Card":13,"Cracked Core":0}]},"card_choices":[{"not_picked":["Gash","Leap"],"picked":"White Noise","floor":1.0},{"not_picked":["Redo","Conserve Battery","Steam"],"picked":"SKIP","floor":2.0},{"not_picked":["Leap","Capacitor"],"picked":"Go for the Eyes","floor":6.0},{"not_picked":["Redo","Steam"],"picked":"Hello World","floor":11.0},{"not_picked":["Steam","Reprogram"],"picked":"Aggregate","floor":12.0},{"not_picked":["Cold Snap","Loop"],"picked":"White Noise","floor":13.0},{"not_picked":["Go for the Eyes","Storm"],"picked":"Core Surge","floor":14.0},{"not_picked":["Machine Learning","Fission"],"picked":"Echo Form","floor":16.0},{"not_picked":["Blizzard","Compile Driver","Consume"],"picked":"SKIP","floor":18.0},{"not_picked":["Ball Lightning","Cold Snap"],"picked":"Steam+1","floor":19.0},{"not_picked":["Leap","Stack","Cold Snap"],"picked":"SKIP","floor":21.0}],"player_experience":526586,"relics_obtained":[{"floor":6.0,"key":"Anchor"},{"floor":9.0,"key":"PreservedInsect"},{"floor":13.0,"key":"Blood Vial"}],"event_choices":[{"damage_healed":18.0,"max_hp_gain":0.0,"max_hp_loss":0.0,"gold_gain":0.0,"event_name":"The Cleric","player_choice":"Healed","floor":3.0,"gold_loss":35.0,"damage_taken":0.0},{"damage_healed":0.0,"max_hp_gain":0.0,"max_hp_loss":0.0,"gold_gain":0.0,"event_name":"Shining Light","player_choice":"Entered Light","floor":4.0,"gold_loss":0.0,"damage_taken":15.0,"cards_upgraded":["White Noise","Strike_B"]},{"damage_healed":0.0,"max_hp_gain":0.0,"max_hp_loss":0.0,"gold_gain":75.0,"event_name":"World of Goop","player_choice":"Gather Gold","floor":5.0,"gold_loss":0.0,"damage_taken":11.0},{"damage_healed":0.0,"max_hp_gain":0.0,"max_hp_loss":0.0,"gold_gain":0.0,"event_name":"The Library","player_choice":"Read","floor":20.0,"gold_loss":0.0,"damage_taken":0.0,"cards_obtained":["Glacier"]},{"damage_healed":0.0,"max_hp_gain":0.0,"max_hp_loss":38.0,"gold_gain":0.0,"event_name":"Ghosts","player_choice":"Became a Ghost","floor":22.0,"gold_loss":0.0,"damage_taken":0.0,"cards_obtained":["Ghostly","Ghostly","Ghostly","Ghostly","Ghostly"]}],"is_beta":false,"boss_relics":[{"not_picked":["SlaversCollar","Fusion Hammer"],"picked":"Philosopher\u0027s Stone"}],"items_purged_floors":[24],"is_endless":false,"potions_floor_spawned":[6,11,13,16,19],"killed_by":"Slavers","ascension_level":13}}