{"host":"y13mj1mxwnd5xx1x","time":1614147958,"event":{"mods":["AchievementEnabler","BaseMod","Minty Spire (QoL Compilation)"],"gold_per_floor":[110,185,205,217,217,245,245,274,324,349,349,349,349,365,365,462,462,477,477,477,477,158,158,187,204,204,239,252,252,252,271,271,373,373,389,414,464,480,491,491,516,536,536,563,563,33,51,78,78,78],"floor_reached":51,"language":"ENG","playtime":4870,"items_purged":["Strike_P","Defend_P"],"score":978,"play_id":"bbac938f-6b35-4354-8c01-20e725619832","local_time":"20210224002558","is_ascension_mode":true,"campfire_choices":[{"data":"SandsOfTime","floor":7.0,"key":"SMITH"},{"floor":12.0,"key":"REST"},{"floor":15.0,"key":"REST"},{"data":"Ghostly","floor":23.0,"key":"SMITH"},{"floor":29.0,"key":"REST"},{"data":"Ghostly","floor":32.0,"key":"SMITH"},{"data":"WaveOfTheHand","floor":40,"key":"SMITH"},{"floor":45,"key":"REST"},{"floor":49,"key":"REST"}],"circlet_count":0,"master_deck":["Strike_P","Defend_P+1","Defend_P","Defend_P+1","Eruption+1","Vigilance","EmptyBody","WindmillStrike+1","SandsOfTime+1","CrushJoints","ThirdEye","SpiritShield","Crescendo","Blasphemy","WaveOfTheHand+1","TalkToTheHand+1","Ghostly+1","Ghostly+1","Ghostly","Ghostly","Ghostly","Ghostly","WaveOfTheHand","CutThroughFate+1","Protect","EmptyMind+1","DeceiveReality","FlurryOfBlows+1","Devotion","FlurryOfBlows+1","Weave+1","CutThroughFate+1","BowlingBash+1"],"relics":["HolyWater","Yang","War Paint","Tiny Chest","Molten Egg 2","Bottled Flame","DollysMirror","Mercury Hourglass","HornCleat","CaptainsWheel","Busted Crown","Dream Catcher","Shovel","Oddly Smooth Stone","Art of War","Ancient Tea Set","Toy Ornithopter","ClockworkSouvenir","Calipers"],"acts_visited":["Exordium","TheCity","TheBeyond"],"potions_floor_usage":[39,42,48,50,50,50,50,50],"damage_taken":[{"damage":0.0,"enemies":"2 Louse","floor":1.0,"turns":2.0},{"damage":0.0,"enemies":"Small Slimes","floor":3.0,"turns":2.0},{"damage":0.0,"enemies":"Cultist","floor":4.0,"turns":3.0},{"damage":26.0,"enemies":"3 Sentries","floor":6.0,"turns":8.0},{"damage":34.0,"enemies":"Gremlin Nob","floor":8.0,"turns":5.0},{"damage":3.0,"enemies":"Lagavulin","floor":10.0,"turns":7.0},{"damage":1.0,"enemies":"2 Fungi Beasts","floor":14.0,"turns":3.0},{"damage":9.0,"enemies":"The Guardian","floor":16.0,"turns":10.0},{"damage":0.0,"enemies":"Spheric Guardian","floor":18.0,"turns":3.0},{"damage":4.0,"enemies":"Book of Stabbing","floor":24.0,"turns":5.0},{"damage":0.0,"enemies":"Chosen","floor":25.0,"turns":3.0},{"damage":13.0,"enemies":"Gremlin Leader","floor":27.0,"turns":7.0},{"damage":3.0,"enemies":"Snake Plant","floor":28.0,"turns":3.0},{"damage":0.0,"enemies":"Snecko","floor":31.0,"turns":4.0},{"damage":0.0,"enemies":"Collector","floor":33.0,"turns":8.0},{"damage":6.0,"enemies":"3 Shapes","floor":35.0,"turns":4.0},{"damage":0.0,"enemies":"Mind Bloom Boss Battle","floor":37.0,"turns":6.0},{"damage":0,"enemies":"3 Darklings","floor":38,"turns":6},{"damage":12,"enemies":"Transient","floor":39,"turns":5},{"damage":0,"enemies":"Nemesis","floor":41,"turns":11},{"damage":0,"enemies":"Maw","floor":42,"turns":9},{"damage":9,"enemies":"Reptomancer","floor":44,"turns":7},{"damage":2,"enemies":"3 Darklings","floor":47,"turns":8},{"damage":0,"enemies":"Giant Head","floor":48,"turns":9},{"damage":15,"enemies":"Time Eater","floor":50,"turns":15}],"seed_played":"5241667563468142384","potions_obtained":[{"floor":4.0,"key":"Dexterity Potion"},{"floor":8.0,"key":"DuplicationPotion"},{"floor":16.0,"key":"Explosive Potion"},{"floor":18.0,"key":"Dexterity Potion"},{"floor":27.0,"key":"GamblersBrew"},{"floor":31.0,"key":"Strength Potion"},{"floor":33.0,"key":"Block Potion"},{"floor":37.0,"key":"Fire Potion"},{"floor":41,"key":"EntropicBrew"},{"floor":42,"key":"Fruit Juice"}],"is_trial":false,"path_per_floor":["M","?","M","M","?","E","R","E","T","E","?","R","?","M","R","B",null,"M","T","?","?","$","R","E","M","T","E","M","R","?","M","R","B",null,"M","T","?","M","M","R","E","M","T","E","R","$","M","E","R","B",null],"character_chosen":"WATCHER","items_purchased":["DollysMirror","WaveOfTheHand","Swift Potion","Weave+1","Toy Ornithopter","ClockworkSouvenir","DuplicationPotion"],"campfire_rested":5,"item_purchase_floors":[22,22,22,46,46,46,46],"current_hp_per_floor":[72,61,61,61,66,40,40,6,6,3,3,26,26,25,48,39,77,77,77,77,38,38,38,34,34,34,21,18,29,29,29,29,29,38,32,32,32,32,20,20,20,25,25,16,28,28,26,31,43,33],"gold":78,"neow_bonus":"UPGRADE_CARD","is_daily":false,"chose_seed":false,"campfire_upgraded":4,"win_rate":0.0,"timestamp":1614147958,"path_taken":["M","?","M","M","?","E","R","E","T","E","?","R","?","?","R","BOSS","M","?","?","?","$","R","E","M","T","E","M","R","?","M","R","BOSS","M","?","?","M","M","R","E","M","T","E","R","$","M","E","R","BOSS"],"items_purchased_type":["Relic","Card","Potion","Card","Relic","Relic","Potion"],"build_version":"2020-12-22","purchased_purges":2,"victory":true,"max_hp_per_floor":[72,72,72,72,77,77,77,77,77,77,77,77,77,77,77,77,77,77,77,77,38,38,38,38,38,38,38,38,38,38,38,38,38,38,38,38,38,38,38,38,38,43,43,43,43,43,43,43,43,43],"card_choices":[{"not_picked":["PathToVictory","InnerPeace"],"picked":"EmptyBody","floor":1.0},{"not_picked":["Adaptation","Prostrate"],"picked":"WindmillStrike","floor":3.0},{"not_picked":["Tantrum","ClearTheMind"],"picked":"SandsOfTime","floor":4.0},{"not_picked":["ClearTheMind","Adaptation"],"picked":"CrushJoints","floor":6.0},{"not_picked":["Crescendo","Perseverance"],"picked":"ThirdEye","floor":8.0},{"not_picked":["Study","Fasting2"],"picked":"SpiritShield","floor":10.0},{"not_picked":["Adaptation","Wallop+1"],"picked":"Crescendo","floor":14.0},{"not_picked":["Vault","ConjureBlade"],"picked":"Blasphemy","floor":16.0},{"not_picked":["ClearTheMind+1","EmptyMind"],"picked":"WaveOfTheHand","floor":18.0},{"not_picked":["LikeWater","PathToVictory+1"],"picked":"CutThroughFate+1","floor":24.0},{"not_picked":["Indignation","Consecrate+1"],"picked":"Protect","floor":25.0},{"not_picked":["Evaluate","SandsOfTime+1","LikeWater+1"],"picked":"SKIP","floor":27.0},{"not_picked":["Evaluate","Adaptation"],"picked":"EmptyMind+1","floor":28.0},{"not_picked":["ClearTheMind","WreathOfFlame+1","MentalFortress"],"picked":"SKIP","floor":31.0},{"not_picked":["Brilliance+1","MasterReality"],"picked":"Devotion","floor":33.0},{"not_picked":["PathToVictory+1"],"picked":"SKIP","floor":35.0},{"not_picked":["WindmillStrike+1"],"picked":"SKIP","floor":38},{"not_picked":["Evaluate"],"picked":"SKIP","floor":39},{"not_picked":["FlyingSleeves+1"],"picked":"SKIP","floor":41},{"not_picked":["Conclude+1"],"picked":"SKIP","floor":42},{"not_picked":["Nirvana+1"],"picked":"SKIP","floor":44},{"not_picked":[],"picked":"FlurryOfBlows+1","floor":45},{"not_picked":[],"picked":"CutThroughFate+1","floor":47},{"not_picked":["PathToVictory"],"picked":"SKIP","floor":48},{"not_picked":[],"picked":"BowlingBash+1","floor":49}],"player_experience":201637,"relics_obtained":[{"floor":6.0,"key":"Yang"},{"floor":8.0,"key":"War Paint"},{"floor":9.0,"key":"Tiny Chest"},{"floor":10.0,"key":"Molten Egg 2"},{"floor":19.0,"key":"Bottled Flame"},{"floor":24.0,"key":"Mercury Hourglass"},{"floor":26.0,"key":"HornCleat"},{"floor":27.0,"key":"CaptainsWheel"},{"floor":36.0,"key":"Dream Catcher"},{"floor":37.0,"key":"Shovel"},{"floor":41,"key":"Oddly Smooth Stone"},{"floor":43,"key":"Art of War"},{"floor":44,"key":"Ancient Tea Set"},{"floor":48,"key":"Calipers"}],"event_choices":[{"damage_healed":0.0,"max_hp_gain":0.0,"max_hp_loss":0.0,"gold_gain":75.0,"event_name":"World of Goop","player_choice":"Gather Gold","floor":2.0,"gold_loss":0.0,"damage_taken":11.0},{"damage_healed":0.0,"max_hp_gain":5.0,"max_hp_loss":0.0,"gold_gain":0.0,"event_name":"Big Fish","player_choice":"Donut","floor":5.0,"gold_loss":0.0,"damage_taken":0.0},{"damage_healed":0.0,"max_hp_gain":0.0,"max_hp_loss":0.0,"gold_gain":0.0,"event_name":"Scrap Ooze","player_choice":"Fled","floor":11.0,"gold_loss":0.0,"damage_taken":0.0},{"damage_healed":0.0,"max_hp_gain":0.0,"max_hp_loss":0.0,"gold_gain":0.0,"event_name":"Upgrade Shrine","player_choice":"Upgraded","floor":13.0,"gold_loss":0.0,"damage_taken":0.0,"cards_upgraded":["WindmillStrike"]},{"damage_healed":0.0,"max_hp_gain":0.0,"max_hp_loss":0.0,"gold_gain":0.0,"event_name":"The Library","player_choice":"Read","floor":20.0,"gold_loss":0.0,"damage_taken":0.0,"cards_obtained":["TalkToTheHand"]},{"damage_healed":0.0,"max_hp_gain":0.0,"max_hp_loss":39.0,"gold_gain":0.0,"event_name":"Ghosts","player_choice":"Became a Ghost","floor":21.0,"gold_loss":0.0,"damage_taken":0.0,"cards_obtained":["Ghostly","Ghostly","Ghostly","Ghostly","Ghostly"]},{"damage_healed":0.0,"max_hp_gain":0.0,"max_hp_loss":0.0,"gold_gain":0.0,"cards_transformed":["Strike_P","Strike_P"],"event_name":"Drug Dealer","player_choice":"Became Test Subject","floor":30.0,"gold_loss":0.0,"damage_taken":0.0,"cards_obtained":["DeceiveReality","FlurryOfBlows"]},{"damage_healed":0.0,"max_hp_gain":0.0,"max_hp_loss":0.0,"gold_gain":0.0,"event_name":"MindBloom","player_choice":"Fight","floor":37.0,"gold_loss":0.0,"damage_taken":0.0}],"is_beta":false,"boss_relics":[{"not_picked":["Empty Cage","Tiny House"],"picked":"HolyWater"},{"not_picked":["Runic Pyramid","Fusion Hammer"],"picked":"Busted Crown"}],"items_purged_floors":[22,46],"is_endless":false,"potions_floor_spawned":[4,8,16,18,27,31,33,37,38,41,42],"ascension_level":2}}