{"host":"czzthkrvfe6r7fjf","time":1614169262,"event":{"mods":["ATMod(∞¢Ë™Mod)","Act Like it!","BaseMod","Downfall","Gensokyo","GungeonMod","Marisa£®ÏF”Í°°ƒß¿Ì…≥£©","Minty Spire (QoL Compilation)","Quick Restart","StSLib","The Servant 0.9.4","Waifu the Spire","°æπ¶ƒ‹Mod°øªÏ„Á÷Æª∑–ﬁ∏¥≤π∂°"],"gold_per_floor":[118,15,26,26,26,26,51,65,65,80,96,112,125,10,10,107,107,124,0,14,14,31,31,65,65,65],"floor_reached":25,"language":"ZHS","playtime":718,"items_purged":[],"score":303,"play_id":"06e23f78-7db3-4d2a-9fda-b3434012682d","local_time":"20210224202102","is_ascension_mode":true,"campfire_choices":[{"data":"Fire Breathing","floor":6.0,"key":"SMITH"},{"data":"Whirlwind","floor":15.0,"key":"SMITH"},{"data":"AT_EmpoweredMortalDraw","floor":23,"key":"SMITH"}],"circlet_count":0,"master_deck":["Strike_R","Strike_R","Strike_R","Defend_R","Defend_R","Defend_R","Defend_R","Bash","AT_FamilyPortrait","Fire Breathing+1","Bloodletting","Reckless Charge","Wild Strike","Rampage","Metallicize","Whirlwind+1","Bludgeon","AT_EmpoweredMortalDraw+1","Gensokyo:BlemishedSteel","Gensokyo:GapWoman"],"relics":["Burning Blood","AT_ATBox","NeowsBlessing","AT_RedTearstoneRing","Pen Nib","DemoMod:GnawedKey","AT_MortalBlade","Omamori","Sundial"],"acts_visited":["Gensokyo:Gensokyo","Gensokyo:Gensokyoer"],"potions_floor_usage":[22,22],"damage_taken":[{"damage":0.0,"enemies":"Gensokyo:2_Kodama","floor":1.0,"turns":1.0},{"damage":0.0,"enemies":"Gensokyo:Python","floor":3.0,"turns":1.0},{"damage":6.0,"enemies":"Gensokyo:Cirno","floor":7.0,"turns":2.0},{"damage":12.0,"enemies":"Gensokyo:Gryphon","floor":8.0,"turns":4.0},{"damage":0.0,"enemies":"Gensokyo:Python_and_Kodama","floor":10.0,"turns":2.0},{"damage":9.0,"enemies":"Gensokyo:VengefulSpirit","floor":11.0,"turns":4.0},{"damage":12.0,"enemies":"Gensokyo:5_Fairies","floor":12.0,"turns":4.0},{"damage":8.0,"enemies":"Gensokyo:Kitsune","floor":13.0,"turns":4.0},{"damage":34.0,"enemies":"Gensokyo:Kokoro","floor":16.0,"turns":11.0},{"damage":6.0,"enemies":"Gensokyo:CosmicMonolith","floor":18.0,"turns":2.0},{"damage":12.0,"enemies":"Gensokyo:Chomper","floor":20.0,"turns":4.0},{"damage":27,"enemies":"Gensokyo:Swordslinger","floor":22,"turns":4},{"damage":35,"enemies":"Gensokyo:Tenshi","floor":24,"turns":3},{"damage":9,"enemies":"Gensokyo:Monolith_and_Dog","floor":25,"turns":2}],"seed_played":"-7847911533704505798","potions_obtained":[{"floor":8.0,"key":"LiquidMemories"},{"floor":10.0,"key":"ElixirPotion"},{"floor":11.0,"key":"Explosive Potion"},{"floor":16.0,"key":"PowerPotion"},{"floor":24,"key":"Energy Potion"}],"is_trial":false,"path_per_floor":["M","$","M","?","$","R","E","M","T","M","M","M","M","$","R","B",null,"M","COS","M","?","M","R","E","M"],"character_chosen":"IRONCLAD","items_purchased":["Fire Breathing","Bloodletting","DemoMod:GnawedKey"],"campfire_rested":0,"item_purchase_floors":[2,2,14],"current_hp_per_floor":[78,78,80,64,64,64,64,58,58,64,61,55,53,53,53,25,66,66,66,60,60,39,39,10,1,1],"gold":65,"neow_bonus":"THREE_ENEMY_KILL","is_daily":false,"chose_seed":false,"campfire_upgraded":3,"win_rate":0.0,"timestamp":1614169262,"path_taken":["M","$","?","?","?","R","E","M","T","?","M","M","?","?","R","BOSS","M","COS","?","?","M","R","E","M"],"items_purchased_type":["Card","Card","Relic"],"build_version":"2020-12-22","purchased_purges":0,"victory":false,"max_hp_per_floor":[80,80,80,80,80,80,80,80,80,80,80,80,80,80,80,80,80,80,80,80,72,72,72,72,72,72],"card_choices":[{"not_picked":["Pommel Strike","AT_IchimonjiDouble","Clothesline"],"picked":"SKIP","floor":1.0},{"not_picked":["Headbutt","Perfected Strike"],"picked":"Reckless Charge","floor":3.0},{"not_picked":["Havoc","Sword Boomerang"],"picked":"Wild Strike","floor":7.0},{"not_picked":["Flame Barrier","Clothesline"],"picked":"Rampage","floor":8.0},{"not_picked":["Carnage","DemoMod:BlackBlade"],"picked":"Metallicize","floor":10.0},{"not_picked":["Pummel","Flex"],"picked":"Whirlwind","floor":11.0},{"not_picked":["Inflame","Flex","Heavy Blade"],"picked":"SKIP","floor":12.0},{"not_picked":["AT_BodySlamDance","Headbutt","AT_IchimonjiDouble"],"picked":"SKIP","floor":13.0},{"not_picked":["Corruption","Impervious"],"picked":"Bludgeon","floor":16.0},{"not_picked":["Havoc","Uppercut","Armaments"],"picked":"SKIP","floor":18.0},{"not_picked":["Iron Wave","Clothesline","Sword Boomerang+1"],"picked":"SKIP","floor":20.0},{"not_picked":["Gensokyo:HAARP","Gensokyo:SevenSchoolMysteries"],"picked":"Gensokyo:GapWoman","floor":21.0},{"not_picked":["DemoMod:BlackBlade","Heavy Blade","Shrug It Off"],"picked":"SKIP","floor":22},{"not_picked":["Clothesline","Twin Strike","Havoc+1"],"picked":"SKIP","floor":24}],"player_experience":155543,"relics_obtained":[{"floor":7.0,"key":"AT_RedTearstoneRing"},{"floor":9.0,"key":"Pen Nib"},{"floor":24,"key":"Sundial"}],"event_choices":[],"is_beta":false,"boss_relics":[{"not_picked":["Tiny House","Philosopher\u0027s Stone"],"picked":"AT_MortalBlade"}],"items_purged_floors":[],"is_endless":false,"potions_floor_spawned":[8,10,11,16,18,24],"killed_by":"Gensokyo:Monolith_and_Dog","ascension_level":8}}