{"host":"Cenci","time":1614173451,"event":{"mods":["BaseMod","Bestiary","Downfall","Highlight Path","Minty Spire (QoL Compilation)","StSLib"],"gold_per_floor":[99,115,133,15,15,0,0,0,14,25,35,45,79,64,78,173,173,173,185,203,381,381,381,381,181,181,181,181,181,181],"floor_reached":28,"language":"ENG","playtime":1003,"items_purged":["champ:Strike"],"score":294,"play_id":"1b6e6bd3-4931-4833-b707-26fef08dd3e1","local_time":"20210224143051","is_ascension_mode":true,"campfire_choices":[{"data":"champ:Improvising","floor":1.0,"key":"SMITH"},{"data":"champ:Taunt","floor":8.0,"key":"SMITH"},{"floor":18.0,"key":"RECALL"},{"data":"expansioncontent:Chronoboost","floor":25.0,"key":"SMITH"},{"data":"champ:SwordThrow","floor":27.0,"key":"SMITH"}],"circlet_count":0,"master_deck":["champ:Defend","champ:Defend","champ:Defend+1","champ:Execute","champ:Taunt+1","champ:Improvising+1","champ:Haymaker","champ:Haymaker","champ:Shatter","champ:FocusedBerserking","champ:PreciseThrust","champ:PreciseThrust","champ:PreciseThrust","champ:AdrenalArmor+1","champ:AdrenalArmor","champ:Encircle","champ:SwordThrow+1","champ:Encircle+1","expansioncontent:Chronoboost+1","Slimebound:Tackle+1","Slimebound:Tackle+1","Slimebound:Tackle+1"],"relics":["champ:ChampionCrown","Akabeko","Toxic Egg 2","Busted Crown","War Paint","downfall:HeartBlessingRed","downfall:HeartBlessingBlue"],"acts_visited":["Exordium","TheCity"],"potions_floor_usage":[28],"damage_taken":[{"damage":14.0,"enemies":"Small Slimes","floor":2.0,"turns":4.0},{"damage":11.0,"enemies":"Cultist","floor":3.0,"turns":3.0},{"damage":17.0,"enemies":"downfall:FleeingMerchant","floor":4.0,"turns":4.0},{"damage":30.0,"enemies":"downfall:FleeingMerchant","floor":6.0,"turns":4.0},{"damage":0.0,"enemies":"2 Louse","floor":9.0,"turns":1.0},{"damage":0.0,"enemies":"Large Slime","floor":10.0,"turns":3.0},{"damage":3.0,"enemies":"Blue Slaver","floor":11.0,"turns":2.0},{"damage":21.0,"enemies":"Exordium Wildlife","floor":12.0,"turns":2.0},{"damage":22.0,"enemies":"3 Sentries","floor":13.0,"turns":6.0},{"damage":23.0,"enemies":"downfall:FleeingMerchant","floor":14.0,"turns":4.0},{"damage":0.0,"enemies":"downfall:LooterAlt","floor":15.0,"turns":2.0},{"damage":20.0,"enemies":"WA_ARCHETYPE_RETAIN","floor":16.0,"turns":4.0},{"damage":10.0,"enemies":"Chosen","floor":19.0,"turns":3.0},{"damage":25.0,"enemies":"Spheric Guardian","floor":20.0,"turns":3.0},{"damage":0.0,"enemies":"downfall:FleeingMerchant","floor":21.0,"turns":1.0},{"damage":78,"enemies":"Book of Stabbing","floor":28,"turns":5}],"seed_played":"7719953894137307187","potions_obtained":[{"floor":3.0,"key":"champ:OpenerPotion"},{"floor":12.0,"key":"hexamod:SoulburnPotion"},{"floor":13.0,"key":"DistilledChaos"},{"floor":15.0,"key":"SmokeBomb"},{"floor":19.0,"key":"Block Potion"}],"is_trial":false,"path_per_floor":["R","M","M","$","?","$","T","R","M","M","M","M","E","$","M","B",null,"R","M","M","$","?","?","T","R","?","R","E"],"character_chosen":"THE_CHAMP","items_purchased":["champ:Shatter","champ:FocusedBerserking","expansioncontent:Chronoboost"],"campfire_rested":0,"item_purchase_floors":[4,4,21],"current_hp_per_floor":[81,77,76,66,66,56,56,56,56,56,53,42,30,22,22,12,71,71,71,71,71,71,71,71,81,81,81,3,3,3],"gold":181,"neow_bonus":"ONE_RANDOM_RARE_CARD","is_daily":false,"chose_seed":false,"campfire_upgraded":4,"win_rate":0.0,"timestamp":1614173451,"path_taken":["R","M","M","$","?","?","T","R","M","M","M","?","E","$","M","BOSS","R","M","M","$","?","?","T","R","?","R","E"],"items_purchased_type":["Card","Card","Card"],"build_version":"2020-11-17","purchased_purges":1,"victory":false,"max_hp_per_floor":[90,90,90,90,90,90,90,90,90,90,90,90,90,90,90,90,90,90,90,90,90,90,90,90,100,100,100,100,100,100],"card_choices":[{"not_picked":["champ:ShieldSlam","champ:EnGarde"],"picked":"champ:Haymaker","floor":2.0},{"not_picked":["champ:Backstep","champ:Improvising"],"picked":"champ:Haymaker","floor":3.0},{"not_picked":["champ:BladeFlurry","champ:DancingMaster","champ:BringItOn"],"picked":"SKIP","floor":4.0},{"not_picked":["champ:FanOfKnives","champ:FocusedDefense"],"picked":"champ:PreciseThrust","floor":6.0},{"not_picked":["champ:BladeFlurry","champ:CrownThrow","champ:PerfectedStrike"],"picked":"SKIP","floor":9.0},{"not_picked":["champ:ViciousMockery","champ:Endure"],"picked":"champ:PreciseThrust","floor":10.0},{"not_picked":["champ:FlashCut","champ:ArenaPreparation"],"picked":"champ:AdrenalArmor","floor":11.0},{"not_picked":["champ:EnchantShield","champ:BringItOn"],"picked":"champ:AdrenalArmor","floor":12.0},{"not_picked":["champ:EnGarde+1","champ:ShieldSigil+1","champ:FlashCut"],"picked":"SKIP","floor":13.0},{"not_picked":["champ:BringItOn+1","champ:BerserkerStyle","champ:BladeFlurry"],"picked":"SKIP","floor":14.0},{"not_picked":["champ:PerfectedStrike","champ:SetATrap+1"],"picked":"champ:Encircle","floor":15.0},{"not_picked":["champ:MurderStrike","champ:VampiricStrike"],"picked":"champ:SwordThrow","floor":16.0},{"not_picked":["champ:PreemptiveStrike"],"picked":"SKIP","floor":19.0},{"not_picked":["champ:StanceDance+1"],"picked":"SKIP","floor":20.0},{"not_picked":[],"picked":"champ:Encircle+1","floor":21.0}],"player_experience":385403,"relics_obtained":[{"floor":7.0,"key":"Akabeko"},{"floor":13.0,"key":"Toxic Egg 2"}],"event_choices":[],"is_beta":true,"boss_relics":[{"not_picked":["Tiny House","Cursed Key"],"picked":"Busted Crown"}],"items_purged_floors":[21],"is_endless":false,"potions_floor_spawned":[3,12,13,15,19],"killed_by":"Book of Stabbing","ascension_level":7}}