{"host":"s41rn2jhghpwfrvz","time":1614138457,"event":{"mods":["BaseMod","Minty Spire (QoL Compilation)","Quick Restart","Relic Stats","SuperFastMode"],"gold_per_floor":[118,118,118,118,136,148,183,108,108,134,151,176,189,201,201,273,273,283,283,198,214,264,290,328,383,383,448,281,344,262,318,318,421,421,478,378,418,418,418,418,478,526,549,607,650,713,713,777,777,807,837,837,837,122,158,158],"floor_reached":57,"language":"ENG","playtime":2170,"items_purged":["Hologram","Conserve Battery+1","LessonLearned+1"],"score":4097,"play_id":"24bfaf80-d9a5-4420-bf42-301113e38e70","local_time":"20210224054737","daily_mods":["SealedDeck","Diverse","Elite Swarm"],"is_ascension_mode":true,"campfire_choices":[{"data":"Terror","floor":15,"key":"SMITH"},{"data":"1","floor":32,"key":"LIFT"},{"data":"2","floor":40,"key":"LIFT"},{"floor":49,"key":"RECALL"},{"data":"3","floor":53,"key":"LIFT"}],"circlet_count":0,"master_deck":["AscendersBane","Terror+1","Sanctity+1","Body Slam+1","Blade Dance+1","Shrug It Off+1","Leg Sweep+1","Wish+1","Adrenaline+1","Panacea+1","Footwork+1","DevaForm+1","Evolve","After Image"],"relics":["Burning Blood","Letter Opener","Oddly Smooth Stone","Self Forming Clay","Darkstone Periapt","Coffee Dripper","Gremlin Horn","Pocketwatch","Question Card","CeramicFish","Mummified Hand","Medical Kit","Girya","Shuriken","Fusion Hammer","Happy Flower","Smiling Mask","Akabeko","Toxic Egg 2","Gambling Chip","Lantern","Orichalcum","Lee\u0027s Waffle","War Paint","Toy Ornithopter"],"acts_visited":["Exordium","TheCity","TheBeyond","TheEnding"],"potions_floor_usage":[14,16,56,56],"damage_taken":[{"damage":4,"enemies":"2 Louse","floor":1,"turns":2},{"damage":1,"enemies":"Jaw Worm","floor":5,"turns":2},{"damage":0,"enemies":"Cultist","floor":6,"turns":2},{"damage":44,"enemies":"3 Sentries","floor":7,"turns":9},{"damage":0,"enemies":"Gremlin Nob","floor":10,"turns":2},{"damage":0,"enemies":"Red Slaver","floor":11,"turns":3},{"damage":5,"enemies":"Lagavulin","floor":12,"turns":3},{"damage":17,"enemies":"Exordium Wildlife","floor":13,"turns":4},{"damage":11,"enemies":"Looter","floor":14,"turns":3},{"damage":2,"enemies":"Hexaghost","floor":16,"turns":7},{"damage":11,"enemies":"Shell Parasite","floor":18,"turns":3},{"damage":0,"enemies":"Spheric Guardian","floor":21,"turns":4},{"damage":0,"enemies":"Book of Stabbing","floor":23,"turns":4},{"damage":6,"enemies":"Snake Plant","floor":24,"turns":5},{"damage":0,"enemies":"Gremlin Leader","floor":25,"turns":4},{"damage":18,"enemies":"Slavers","floor":27,"turns":4},{"damage":0,"enemies":"Book of Stabbing","floor":29,"turns":4},{"damage":0,"enemies":"Gremlin Leader","floor":31,"turns":4},{"damage":0,"enemies":"Collector","floor":33,"turns":4},{"damage":0,"enemies":"3 Shapes","floor":35,"turns":2},{"damage":0,"enemies":"Orb Walker","floor":37,"turns":2},{"damage":0,"enemies":"Nemesis","floor":41,"turns":5},{"damage":0,"enemies":"Sphere and 2 Shapes","floor":42,"turns":2},{"damage":0,"enemies":"Reptomancer","floor":44,"turns":2},{"damage":0,"enemies":"Transient","floor":45,"turns":6},{"damage":0,"enemies":"Nemesis","floor":46,"turns":3},{"damage":0,"enemies":"Reptomancer","floor":48,"turns":2},{"damage":0,"enemies":"Awakened One","floor":50,"turns":7},{"damage":2,"enemies":"Donu and Deca","floor":51,"turns":6},{"damage":0,"enemies":"Shield and Spear","floor":55,"turns":3},{"damage":0,"enemies":"The Heart","floor":56,"turns":7}],"seed_played":"434008368190667254","potions_obtained":[{"floor":1,"key":"SkillPotion"},{"floor":5,"key":"SpeedPotion"},{"floor":14,"key":"ColorlessPotion"},{"floor":16,"key":"SteroidPotion"}],"is_trial":true,"path_per_floor":["M","?","?","?","M","M","E","$","T","E","M","E","M","M","R","B",null,"M","?","?","M","?","E","M","E","T","E","$","E","$","E","R","B",null,"M","$","M","?","?","R","E","M","T","E","M","E","T","E","R","B","B",null,"R","$","E","B",null],"character_chosen":"IRONCLAD","items_purchased":["Medical Kit","Panacea","Evolve","DuplicationPotion","Orichalcum","Lee\u0027s Waffle","War Paint"],"campfire_rested":0,"item_purchase_floors":[28,30,54,54,54,54,54],"current_hp_per_floor":[70,65,58,58,63,69,31,31,31,37,43,44,33,28,28,32,64,59,59,59,65,65,71,71,75,75,63,63,69,69,75,75,75,75,75,75,75,71,71,71,71,71,71,71,71,71,71,71,71,71,71,71,71,78,78,78],"gold":158,"neow_bonus":"","is_daily":false,"chose_seed":false,"campfire_upgraded":1,"win_rate":0.0,"timestamp":1614138457,"path_taken":["M","?","?","?","M","?","E","?","T","E","M","E","M","M","R","BOSS","M","?","?","M","?","E","M","E","T","E","$","E","$","E","R","BOSS","M","$","M","?","?","R","E","?","T","E","M","E","?","E","R","BOSS","BOSS","R","$","E","BOSS"],"items_purchased_type":["Relic","Card","Card","Potion","Relic","Relic","Relic"],"build_version":"2020-12-22","purchased_purges":3,"victory":true,"max_hp_per_floor":[75,75,75,75,75,75,75,75,75,75,75,75,75,75,75,75,75,75,75,75,75,75,75,75,75,75,75,75,75,75,75,75,75,75,75,75,75,71,71,71,71,71,71,71,71,71,71,71,71,71,71,71,71,78,78,78],"relic_stats":{"Darkstone Periapt":0,"Lee\u0027s Waffle":7,"Gremlin Horn":[28,28],"Happy Flower":[12],"counters":[31,120],"Self Forming Clay":[33],"CeramicFish":45,"Letter Opener":[672],"Orichalcum":[6],"War Paint":[],"Question Card":13,"Medical Kit":[7],"Smiling Mask":75,"Burning Blood":108,"Mummified Hand":[30],"Shuriken":[53],"Gambling Chip":[2],"obtain_stats":[{"Darkstone Periapt":12,"Lantern":48,"Gremlin Horn":20,"CeramicFish":26,"Smiling Mask":43,"Burning Blood":0,"Mummified Hand":27,"Gambling Chip":47,"Fusion Hammer":34,"Toxic Egg 2":46,"Girya":29,"Lee\u0027s Waffle":54,"Happy Flower":41,"Self Forming Clay":10,"Oddly Smooth Stone":7,"Letter Opener":2,"Orichalcum":54,"War Paint":54,"Question Card":25,"Medical Kit":28,"Akabeko":44,"Shuriken":31,"Coffee Dripper":17,"Toy Ornithopter":55,"Pocketwatch":23},{"Darkstone Periapt":7,"Lantern":27,"Gremlin Horn":11,"CeramicFish":15,"Smiling Mask":23,"Burning Blood":0,"Mummified Hand":16,"Gambling Chip":26,"Fusion Hammer":19,"Toxic Egg 2":26,"Girya":17,"Lee\u0027s Waffle":29,"Happy Flower":22,"Self Forming Clay":5,"Oddly Smooth Stone":4,"Letter Opener":1,"Orichalcum":29,"War Paint":29,"Question Card":15,"Medical Kit":16,"Akabeko":24,"Shuriken":18,"Coffee Dripper":10,"Toy Ornithopter":30,"Pocketwatch":13},{"Darkstone Periapt":23,"Lantern":97,"Gremlin Horn":40,"CeramicFish":57,"Smiling Mask":84,"Burning Blood":0,"Mummified Hand":61,"Gambling Chip":95,"Fusion Hammer":73,"Toxic Egg 2":95,"Girya":65,"Lee\u0027s Waffle":110,"Happy Flower":82,"Self Forming Clay":17,"Oddly Smooth Stone":15,"Letter Opener":2,"Orichalcum":110,"War Paint":110,"Question Card":57,"Medical Kit":61,"Akabeko":86,"Shuriken":69,"Coffee Dripper":37,"Toy Ornithopter":113,"Pocketwatch":48}],"Toy Ornithopter":0,"Pocketwatch":[0]},"card_choices":[{"not_picked":["Fusion","Beam Cell"],"picked":"Shrug It Off","floor":1},{"not_picked":["Perfected Strike","Bouncing Flask","Sentinel"],"picked":"SKIP","floor":5},{"not_picked":["Dagger Throw","White Noise","Beam Cell"],"picked":"SKIP","floor":6},{"not_picked":["Brutality","Devotion","Seek"],"picked":"SKIP","floor":7},{"not_picked":["Demon Form","Bullet Time"],"picked":"LessonLearned","floor":10},{"not_picked":["Blood for Blood","Slice","Bane"],"picked":"SKIP","floor":11},{"not_picked":["Impervious","DevaForm","All For One"],"picked":"SKIP","floor":12},{"not_picked":["CutThroughFate","Dagger Throw","Streamline"],"picked":"SKIP","floor":13},{"not_picked":["ClearTheMind","Dropkick","FearNoEvil"],"picked":"SKIP","floor":14},{"not_picked":["Consecrate","Lockon","Streamline"],"picked":"SKIP","floor":18},{"not_picked":["JustLucky","ReachHeaven","Protect"],"picked":"SKIP","floor":21},{"not_picked":["Envenom","Phantasmal Killer"],"picked":"Adrenaline","floor":23},{"not_picked":["Wild Strike","Consecrate","SashWhip"],"picked":"SKIP","floor":24},{"not_picked":["Berserk","DevaForm","LessonLearned"],"picked":"SKIP","floor":25},{"not_picked":["Echo Form","Unload","Phantasmal Killer","Corruption"],"picked":"SKIP","floor":27},{"not_picked":["Venomology","A Thousand Cuts","Wish","Vault"],"picked":"SKIP","floor":29},{"not_picked":["Core Surge","Establishment","Bludgeon","Thunder Strike"],"picked":"SKIP","floor":31},{"not_picked":["Slice","Entrench","Study"],"picked":"Footwork+1","floor":35},{"not_picked":["Protect","Deadly Poison","Reinforced Body","Reflex+1"],"picked":"SKIP","floor":37},{"not_picked":["Demon Form","Reboot","Corpse Explosion","Judgement"],"picked":"SKIP","floor":41},{"not_picked":["FlurryOfBlows","SashWhip+1","Sunder","Flying Knee+1"],"picked":"SKIP","floor":42},{"not_picked":["Omniscience","Exhume","Blasphemy","Malaise"],"picked":"SKIP","floor":44},{"not_picked":["Quick Slash+1","BattleHymn","Setup","Dash+1"],"picked":"SKIP","floor":45},{"not_picked":["Wraith Form v2","Seek+1","Establishment","Burst+1"],"picked":"SKIP","floor":46},{"not_picked":["Fission+1","Venomology+1","Echo Form"],"picked":"DevaForm","floor":48},{"not_picked":["Limit Break+1","Feed","Glass Knife"],"picked":"After Image","floor":55}],"player_experience":2000188,"relics_obtained":[{"floor":7,"key":"Oddly Smooth Stone"},{"floor":10,"key":"Self Forming Clay"},{"floor":12,"key":"Darkstone Periapt"},{"floor":23,"key":"Pocketwatch"},{"floor":25,"key":"Question Card"},{"floor":26,"key":"CeramicFish"},{"floor":27,"key":"Mummified Hand"},{"floor":29,"key":"Girya"},{"floor":31,"key":"Shuriken"},{"floor":41,"key":"Happy Flower"},{"floor":43,"key":"Smiling Mask"},{"floor":44,"key":"Akabeko"},{"floor":46,"key":"Toxic Egg 2"},{"floor":47,"key":"Gambling Chip"},{"floor":48,"key":"Lantern"},{"floor":55,"key":"Toy Ornithopter"}],"event_choices":[{"damage_healed":0,"gold_gain":0,"player_choice":"Success","damage_taken":5,"relics_obtained":["Letter Opener"],"max_hp_gain":0,"max_hp_loss":0,"event_name":"Scrap Ooze","floor":2,"gold_loss":0},{"cards_removed":["Hologram"],"damage_healed":0,"gold_gain":0,"player_choice":"Card Removal","damage_taken":7,"max_hp_gain":0,"max_hp_loss":0,"event_name":"Golden Wing","floor":3,"gold_loss":0},{"damage_healed":0,"gold_gain":0,"player_choice":"Upgraded","damage_taken":0,"max_hp_gain":0,"max_hp_loss":0,"event_name":"Upgrade Shrine","floor":4,"gold_loss":0,"cards_upgraded":["Body Slam"]},{"damage_healed":0,"gold_gain":0,"cards_transformed":["Scrape","Gash"],"player_choice":"Became Test Subject","damage_taken":0,"max_hp_gain":0,"max_hp_loss":0,"event_name":"Drug Dealer","floor":19,"gold_loss":0,"cards_obtained":["Leg Sweep","Wish"]},{"damage_healed":0,"gold_gain":0,"player_choice":"Obtained Relic","damage_taken":0,"relics_obtained":["Gremlin Horn"],"max_hp_gain":0,"max_hp_loss":0,"event_name":"Addict","floor":20,"gold_loss":85},{"damage_healed":0,"gold_gain":100,"player_choice":"Bet on Murderer","damage_taken":0,"max_hp_gain":0,"max_hp_loss":0,"event_name":"The Joust","floor":22,"gold_loss":50},{"damage_healed":0,"gold_gain":0,"player_choice":"Max HP","damage_taken":0,"max_hp_gain":0,"max_hp_loss":4,"event_name":"Winding Halls","floor":38,"gold_loss":0},{"cards_removed":["Beam Cell"],"damage_healed":0,"gold_gain":0,"player_choice":"Purged","damage_taken":0,"max_hp_gain":0,"max_hp_loss":0,"event_name":"Purifier","floor":39,"gold_loss":0}],"is_beta":false,"boss_relics":[{"not_picked":["Black Blood","Cursed Key"],"picked":"Coffee Dripper"},{"not_picked":["Velvet Choker","Runic Dome"],"picked":"Fusion Hammer"}],"items_purged_floors":[8,36,54],"is_endless":false,"potions_floor_spawned":[1,5,6,11,14,16,21,24,27,29,31,37,42,45,48,55],"ascension_level":20}}