{"host":"bgptblc1sp470rxq","time":1614177443,"event":{"mods":["BaseMod","BetterRewards","Colored Map","Highlight Path","Hubris","Minty Spire (QoL Compilation)","Quick Restart","Replay The Spire","StSLib","Waifu the Spire"],"gold_per_floor":[116,132,132,148,148,148,176,187,187,112,112,112,128,139,139,241,241,255,275,275,25,124,124,39,52,126,175,194,194,194,226,226,323,323,338,60,0,50,50,50,81,81,81,101,101,119,145,155,155,155,155,155,61,86,86],"floor_reached":56,"language":"ZHS","playtime":3080,"items_purged":["Strike_G","Strike_G+1","Reflex"],"score":1533,"play_id":"b5c70a53-b7da-425a-8bc8-e78e4cffa980","local_time":"20210224223723","is_ascension_mode":true,"campfire_choices":[{"data":"Noxious Fumes","floor":6.0,"key":"SMITH"},{"data":"Concentrate","floor":15.0,"key":"SMITH"},{"data":"Poison Darts","floor":23.0,"key":"SMITH"},{"data":"ReplayTheSpireMod:Speed Training","floor":30.0,"key":"SMITH"},{"floor":32.0,"key":"DIG"},{"data":"Burst","floor":40.0,"key":"SMITH"},{"data":"Catalyst","floor":45.0,"key":"SMITH"},{"floor":49,"key":"RECALL"},{"data":"Blur","floor":52,"key":"SMITH"}],"circlet_count":1,"master_deck":["Defend_G+1","Defend_G+1","Defend_G+1","Defend_G+1","Defend_G+1","Survivor+1","Neutralize","Noxious Fumes+1","Concentrate+1","Poison Darts+1","Noxious Fumes+1","ReplayTheSpireMod:Speed Training+1","Tactician+1","Blur+1","Burst+1","Backflip+1","Catalyst+1","Footwork+1","Purity","Prepared"],"relics":["Snecko Scales","hubris:Towel","hubris:BundleOfHerbs","Unceasing Top","Philosopher\u0027s Stone","Snake Skull","Molten Egg 2","Replay:Baseball","Blue Doll","Replay:Towering Pillar of Hats","HoveringKite","Chemical X","Red Mask","Ring of Peace","Ring of Fangs","Circlet","PreservedInsect","Sundial","Replay:Bottled Eggs","ReplayTheSpireMod:TigerMarble"],"acts_visited":["Exordium","TheCity","TheBeyond","TheEnding"],"potions_floor_usage":[50,55,55,55],"damage_taken":[{"damage":1.0,"enemies":"Jaw Worm","floor":1.0,"turns":3.0},{"damage":3.0,"enemies":"2 Louse","floor":2.0,"turns":3.0},{"damage":2.0,"enemies":"Small Slimes","floor":4.0,"turns":4.0},{"damage":14.0,"enemies":"Lagavulin","floor":7.0,"turns":8.0},{"damage":11.0,"enemies":"Exordium Wildlife","floor":8.0,"turns":3.0},{"damage":0.0,"enemies":"Large Slime","floor":13.0,"turns":7.0},{"damage":1.0,"enemies":"3 Louse","floor":14.0,"turns":4.0},{"damage":4.0,"enemies":"Hexaghost","floor":16.0,"turns":12.0},{"damage":1.0,"enemies":"Shell Parasite","floor":18.0,"turns":3.0},{"damage":3.0,"enemies":"Chosen","floor":19.0,"turns":3.0},{"damage":0.0,"enemies":"Snecko","floor":25.0,"turns":3.0},{"damage":0.0,"enemies":"Centurion and Healer","floor":28.0,"turns":2.0},{"damage":4.0,"enemies":"Book of Stabbing","floor":31.0,"turns":3.0},{"damage":14.0,"enemies":"Collector","floor":33.0,"turns":5.0},{"damage":10.0,"enemies":"3 Darklings","floor":35.0,"turns":4.0},{"damage":0.0,"enemies":"Mind Bloom Boss Battle","floor":38.0,"turns":5.0},{"damage":0.0,"enemies":"R_Hoarder","floor":41.0,"turns":5.0},{"damage":0.0,"enemies":"Orb Walker","floor":44.0,"turns":2.0},{"damage":0.0,"enemies":"Transient","floor":46.0,"turns":5.0},{"damage":0,"enemies":"Reptomancer","floor":47,"turns":2},{"damage":9,"enemies":"Jaw Worm Horde","floor":48,"turns":2},{"damage":0,"enemies":"Donu and Deca","floor":50,"turns":4},{"damage":0,"enemies":"Shield and Spear","floor":54,"turns":3},{"damage":69,"enemies":"The Heart","floor":55,"turns":9}],"seed_played":"1570747666652181769","potions_obtained":[{"floor":7.0,"key":"Strength Potion"},{"floor":8.0,"key":"Milkshake"},{"floor":14.0,"key":"PowerPotion"},{"floor":29.0,"key":"Fruit Juice"},{"floor":29.0,"key":"GamblersBrew"},{"floor":35.0,"key":"Swift Potion"},{"floor":47,"key":"Adrenaline Potion"},{"floor":48,"key":"SneckoOil"},{"floor":54,"key":"PowerPotion"}],"is_trial":false,"path_per_floor":["M","M","?","M","?","R","E","M","T","$","?","?","M","M","R","B",null,"M","M","?","$","?","R","?","M","T","T","M","?","R","E","R_BF","B",null,"M","$","?","?","?","R","E","$","T","M","R","M","E","M","R","B",null,"R","$","E","B",null],"character_chosen":"THE_SILENT","items_purchased":["Snake Skull","Chemical X","Purity"],"campfire_rested":0,"item_purchase_floors":[21,36,53],"current_hp_per_floor":[69,66,66,64,64,64,50,39,39,39,25,18,36,35,35,31,70,69,66,66,66,66,66,66,66,66,66,66,66,66,62,62,48,75,65,65,65,65,65,65,69,69,69,69,69,69,69,60,60,60,75,75,75,75,6],"gold":86,"neow_bonus":"BOSS_RELIC","is_daily":false,"chose_seed":false,"campfire_upgraded":7,"win_rate":0.0,"timestamp":1614177443,"path_taken":["M","M","?","M","?","R","E","M","T","$","?","?","M","M","R","BOSS","M","M","?","$","?","R","?","M","T","?","M","?","R","E","R_BF","BOSS","M","$","?","?","?","R","E","$","T","M","R","M","E","M","R","BOSS","R","$","E","BOSS"],"items_purchased_type":["Relic","Relic","Card"],"build_version":"2020-12-22","purchased_purges":3,"victory":true,"max_hp_per_floor":[70,70,70,70,70,70,70,70,70,70,70,70,70,70,70,70,70,70,70,70,70,70,70,70,70,70,70,70,70,70,70,70,70,75,75,75,75,75,75,75,75,75,75,75,75,75,75,75,75,75,75,75,75,75,75],"card_choices":[{"not_picked":["hubris:SlightOfHand","Bane"],"picked":"Noxious Fumes","floor":1.0},{"not_picked":["hubris:SlightOfHand","Dagger Spray","Draining Mist"],"picked":"SKIP","floor":2.0},{"not_picked":["Hidden Blade","Quick Slash","Dagger Throw"],"picked":"SKIP","floor":4.0},{"not_picked":["Sucker Punch","Bullet Time","PiercingWail"],"picked":"SKIP","floor":7.0},{"not_picked":["Eviscerate","Underhanded Strike","Choke"],"picked":"SKIP","floor":8.0},{"not_picked":["hubris:SlightOfHand","Atom Bomb","Masterful Stab"],"picked":"SKIP","floor":13.0},{"not_picked":["Dagger Spray","Cloak And Dagger"],"picked":"Concentrate","floor":14.0},{"not_picked":["Replay:Bag of Tricks","Bullet Time"],"picked":"Poison Darts","floor":16.0},{"not_picked":["Cloak And Dagger","Flechettes","hubris:SlightOfHand"],"picked":"SKIP","floor":18.0},{"not_picked":["hubris:TrickCloak","Acrobatics"],"picked":"Noxious Fumes+1","floor":19.0},{"not_picked":["Predator+1","Calculated Gamble+1"],"picked":"Tactician+1","floor":25.0},{"not_picked":["Deflect","Crippling Poison","Outmaneuver"],"picked":"SKIP","floor":28.0},{"not_picked":["Slice+1","All Out Attack+1"],"picked":"Blur","floor":31.0},{"not_picked":["A Thousand Cuts","Glass Knife+1"],"picked":"Burst","floor":33.0},{"not_picked":["Endless Agony+1","Outmaneuver","Underhanded Strike+1"],"picked":"SKIP","floor":35.0},{"not_picked":["Distraction+1","Dodge and Roll"],"picked":"Backflip+1","floor":38.0},{"not_picked":["Crippling Poison+1","Deadly Poison"],"picked":"Catalyst","floor":41.0},{"not_picked":["Dagger Throw+1","Deflect+1","Hidden Blade"],"picked":"SKIP","floor":44.0},{"not_picked":["Riddle With Holes+1","Backflip","Dagger Throw+1"],"picked":"SKIP","floor":46.0},{"not_picked":["Sucker Punch+1","Dagger Throw+1","Deadly Poison"],"picked":"SKIP","floor":47},{"not_picked":["Deflect","Poisoned Stab+1"],"picked":"Footwork+1","floor":48},{"not_picked":["Reflex","Setup+1"],"picked":"Prepared","floor":54}],"player_experience":279370,"relics_obtained":[{"floor":7.0,"key":"hubris:BundleOfHerbs"},{"floor":9.0,"key":"Unceasing Top"},{"floor":27.0,"key":"Replay:Baseball"},{"floor":31.0,"key":"Blue Doll"},{"floor":32.0,"key":"Replay:Towering Pillar of Hats"},{"floor":38.0,"key":"Dead Branch"},{"floor":39.0,"key":"Ring of Peace"},{"floor":39.0,"key":"Ring of Fangs"},{"floor":41.0,"key":"PreservedInsect"},{"floor":43.0,"key":"Sundial"},{"floor":47,"key":"Replay:Bottled Eggs"},{"floor":54,"key":"ReplayTheSpireMod:TigerMarble"}],"event_choices":[{"damage_healed":0.0,"max_hp_gain":0.0,"max_hp_loss":0.0,"gold_gain":0.0,"event_name":"Liars Game","player_choice":"Ignored","floor":3.0,"gold_loss":0.0,"damage_taken":0.0},{"damage_healed":0.0,"max_hp_gain":0.0,"max_hp_loss":0.0,"gold_gain":0.0,"event_name":"Shining Light","player_choice":"Entered Light","floor":11.0,"gold_loss":0.0,"damage_taken":14.0,"cards_upgraded":["Strike_G","Survivor"]},{"cards_removed":["Strike_G"],"damage_healed":0.0,"max_hp_gain":0.0,"max_hp_loss":0.0,"gold_gain":0.0,"event_name":"Golden Wing","player_choice":"Card Removal","floor":12.0,"gold_loss":0.0,"damage_taken":7.0},{"damage_healed":0.0,"max_hp_gain":0.0,"max_hp_loss":0.0,"gold_gain":0.0,"cards_transformed":["Strike_G","Strike_G"],"event_name":"Drug Dealer","player_choice":"Became Test Subject","floor":20.0,"gold_loss":0.0,"damage_taken":0.0,"cards_obtained":["ReplayTheSpireMod:Speed Training","Reflex"]},{"damage_healed":0.0,"max_hp_gain":0.0,"max_hp_loss":0.0,"gold_gain":99.0,"event_name":"Nest","player_choice":"Stole From Cult","floor":22.0,"gold_loss":0.0,"damage_taken":0.0},{"damage_healed":0.0,"max_hp_gain":0.0,"max_hp_loss":0.0,"gold_gain":0.0,"event_name":"Addict","player_choice":"Obtained Relic","floor":24.0,"gold_loss":85.0,"damage_taken":0.0,"relics_obtained":["Molten Egg 2"]},{"damage_healed":0.0,"max_hp_gain":0.0,"max_hp_loss":0.0,"gold_gain":0.0,"event_name":"Lab","player_choice":"Got Potions","floor":29.0,"gold_loss":0.0,"damage_taken":0.0},{"damage_healed":0.0,"max_hp_gain":0.0,"max_hp_loss":0.0,"gold_gain":0.0,"event_name":"Tomb of Lord Red Mask","player_choice":"Paid","floor":37.0,"gold_loss":60.0,"damage_taken":0.0,"relics_obtained":["Red Mask"]},{"damage_healed":0.0,"max_hp_gain":0.0,"max_hp_loss":0.0,"gold_gain":0.0,"event_name":"MindBloom","player_choice":"Fight","floor":38.0,"gold_loss":0.0,"damage_taken":0.0}],"is_beta":false,"boss_relics":[{"not_picked":["SacredBark","hubris:RunicObelisk"],"picked":"Philosopher\u0027s Stone"},{"not_picked":["Sozu","Ring of Chaos"],"picked":"HoveringKite"}],"items_purged_floors":[10,21,36],"is_endless":false,"potions_floor_spawned":[7,8,14,19,28,35,47,48,54],"ascension_level":4}}