{"host":"d02vqrhhew441p6s","time":1614195556,"event":{"mods":["BaseMod","Duelist Mod","Hubris","Infinite Spire","Minty Spire (QoL Compilation)","StSLib"],"gold_per_floor":[144,144,94,71,85,114,125,144,144,144,161,188,199,199,199,199,199],"floor_reached":16,"language":"ENG","playtime":810,"items_purged":[],"score":174,"play_id":"5b07561a-5f02-46b5-a45a-c7ce661b744f","local_time":"20210224203916","is_ascension_mode":true,"campfire_choices":[{"data":"theDuelist:GreenGadget","floor":10,"key":"SMITH"},{"data":"theDuelist:Deskbot004","floor":15,"key":"SMITH"}],"circlet_count":0,"master_deck":["AscendersBane","theDuelist:Biofalcon","theDuelist:CastleWalls","theDuelist:CastleWalls","theDuelist:Deskbot004+1","theDuelist:Deskbot004","theDuelist:Deskbot005","theDuelist:Deskbot005","theDuelist:GreenGadget+1","theDuelist:Sparks","theDuelist:Sparks","theDuelist:GearGigant+1","theDuelist:FrontlineObserver","theDuelist:PerfectMachineKing+1","theDuelist:WingedKuriboh+1","theDuelist:Geargiauger+1","theDuelist:AncientGearGolem+1","theDuelist:CannonSoldier+1","theDuelist:JunkWarrior+1","theDuelist:StimPack"],"relics":["theDuelist:MillenniumPuzzle","theDuelist:CardPoolRelic","theDuelist:CardPoolBasicRelic","theDuelist:BoosterPackPoolRelic","theDuelist:CardPoolAddRelic","theDuelist:CardPoolMinusRelic","theDuelist:CardPoolSaveRelic","theDuelist:CardPoolOptionsRelic","theDuelist:BoosterPackMonsterEgg","Gambling Chip","hubris:SphereOfDissonance","infinitespire:CursedDice"],"acts_visited":["Exordium"],"potions_floor_usage":[12],"damage_taken":[{"damage":9,"enemies":"2 Louse","floor":1,"turns":2},{"damage":6,"enemies":"Small Slimes","floor":5,"turns":2},{"damage":20,"enemies":"Gremlin Nob","floor":6,"turns":4},{"damage":0,"enemies":"Cultist","floor":7,"turns":3},{"damage":5,"enemies":"Red Slaver","floor":8,"turns":2},{"damage":13,"enemies":"Lots of Slimes","floor":11,"turns":3},{"damage":18,"enemies":"3 Sentries","floor":12,"turns":7},{"damage":7,"enemies":"3 Louse","floor":13,"turns":2},{"damage":61,"enemies":"Hexaghost","floor":16,"turns":7}],"seed_played":"-6230181717347446973","potions_obtained":[{"floor":7,"key":"Weak Potion"},{"floor":8,"key":"SkillPotion"}],"is_trial":false,"path_per_floor":["M","?","?","$","M","E","M","M","T","R","M","E","M","?","R","B"],"character_chosen":"THE_DUELIST","items_purchased":["theDuelist:FrontlineObserver"],"campfire_rested":0,"item_purchase_floors":[4],"current_hp_per_floor":[63,63,63,63,57,37,37,32,32,32,19,1,49,49,49,0,0],"gold":199,"neow_bonus":"ONE_RARE_RELIC","is_daily":false,"chose_seed":false,"campfire_upgraded":2,"win_rate":0.0,"timestamp":1614195556,"path_taken":["M","?","?","$","M","E","M","M","T","R","M","E","M","?","R","BOSS"],"items_purchased_type":["Card"],"build_version":"2020-12-22","purchased_purges":0,"victory":false,"max_hp_per_floor":[80,80,80,80,80,80,80,80,80,80,80,80,80,80,80,80,80],"card_choices":[{"not_picked":["theDuelist:Deskbot003+1","theDuelist:Biofalcon+1","theDuelist:GreenGadget+1","theDuelist:BlackSalvo+1"],"picked":"theDuelist:GearGigant+1","floor":1},{"not_picked":["theDuelist:BigFire","theDuelist:Hinotama","theDuelist:LightningDarts","theDuelist:WormWarlord+1"],"picked":"theDuelist:PerfectMachineKing+1","floor":5},{"not_picked":["theDuelist:BigFire","theDuelist:LightningDarts","theDuelist:LightningVortex","theDuelist:SeismicShockwave"],"picked":"theDuelist:WingedKuriboh+1","floor":6},{"not_picked":["theDuelist:FrontlineObserver+1","theDuelist:Biofalcon+1","theDuelist:Quariongandrax+1","theDuelist:MetalDragon+1"],"picked":"theDuelist:Geargiauger+1","floor":7},{"not_picked":["theDuelist:DoubleTool","theDuelist:Factory100Machines","theDuelist:JunkKuriboh+1","theDuelist:AncientGearBox+1"],"picked":"theDuelist:AncientGearGolem+1","floor":8},{"not_picked":["theDuelist:ScrapBeast+1","theDuelist:CyberArchfiend+1","theDuelist:Biofalcon+1","theDuelist:Deskbot006+1"],"picked":"theDuelist:CannonSoldier+1","floor":11},{"not_picked":["theDuelist:YellowGadget+1","theDuelist:ScrapBeast+1","theDuelist:StimPack","theDuelist:CardsFromTheSky"],"picked":"theDuelist:JunkWarrior+1","floor":12},{"not_picked":["theDuelist:CyberArchfiend+1","theDuelist:GenexAllyBirdman+1","theDuelist:ScrapIronScarecrow","theDuelist:BlindDestruction"],"picked":"theDuelist:StimPack","floor":13}],"player_experience":570191,"relics_obtained":[{"floor":6,"key":"Gambling Chip"},{"floor":9,"key":"hubris:SphereOfDissonance"},{"floor":12,"key":"infinitespire:CursedDice"}],"event_choices":[{"cards_removed":["hubris:Envy"],"damage_healed":0,"gold_gain":0,"player_choice":"Card Removal","damage_taken":0,"max_hp_gain":0,"max_hp_loss":0,"event_name":"The Cleric","floor":3,"gold_loss":50},{"damage_healed":0,"gold_gain":0,"player_choice":"Bought 0 Potions","damage_taken":0,"max_hp_gain":0,"max_hp_loss":0,"event_name":"The Woman in Blue","floor":14,"gold_loss":0}],"is_beta":false,"boss_relics":[],"items_purged_floors":[],"is_endless":false,"potions_floor_spawned":[7,8,11],"killed_by":"Hexaghost","ascension_level":11}}