{"host":"udsj4lb8h4i3mw66","time":1614154338,"event":{"mods":["100% Spire Juice","ATMod(阿瑾Mod)","BaseMod","BetterRewards","KinomotoSakuraMod(木之本樱)","Marisa（F雨　魔理沙）","Minty Spire (QoL Compilation)","MostiFishMod","StSLib","TestMod","The Gatherer","Waifu the Spire","noobMod","【功能Mod】混沌之环修复补丁","【功能Mod】聪明的最终Boss","【遗物Mod】死灵法师NEW"],"gold_per_floor":[116,116,127,82,82,109,109,143,143,172,190,190,190,190],"floor_reached":13,"language":"ZHS","playtime":422,"items_purged":[],"score":139,"play_id":"46a838e6-1a25-41ab-bc80-da33e7cca50e","local_time":"20210224161218","is_ascension_mode":true,"campfire_choices":[{"floor":7.0,"key":"RECALL"}],"circlet_count":0,"master_deck":["Moonworks:Strike","Moonworks:Strike","Moonworks:Strike","Moonworks:Strike","Moonworks:Defend","Moonworks:Defend","Moonworks:Defend","Moonworks:Defend","Moonworks:Ambush","Moonworks:LongDistanceShot","AT_FamilyPortrait+1","Moonworks:AwakeningOfTalent","Decay","Moonworks:RagingMadness+1","Moonworks:MiracleWalker","Moonworks:LulusLuckyEgg","Moonworks:EvilSpyWorkPreparation","Moonworks:NicePresent"],"relics":["Moonworks:BrokenBomb","Moonworks:Homemark","testmod-TestBox","ice","DaveBox","AT_ATBox","NeowsBlessing","testmod-DragonStarHat","BrkXgEgg","Mercury Hourglass","Vajra"],"acts_visited":["Exordium"],"potions_floor_usage":[],"damage_taken":[{"damage":0.0,"enemies":"2 Louse","floor":1.0,"turns":1.0},{"damage":0.0,"enemies":"Cultist","floor":3.0,"turns":1.0},{"damage":0.0,"enemies":"Gremlin Nob","floor":6.0,"turns":1.0},{"damage":14.0,"enemies":"3 Sentries","floor":8.0,"turns":7.0},{"damage":25.0,"enemies":"Lagavulin","floor":10.0,"turns":4.0},{"damage":5.0,"enemies":"Small Slimes","floor":11.0,"turns":3.0},{"damage":0,"enemies":"3 Sentries","floor":13,"turns":1}],"seed_played":"5029233243072468010","potions_obtained":[{"floor":1.0,"key":"LiquidBronze"},{"floor":10.0,"key":"ColorlessPotion"},{"floor":11.0,"key":"Ancient Potion"}],"is_trial":false,"path_per_floor":["M","?","M","?","?","E","R","E","T","E","M","?","E"],"character_chosen":"THE_STARBREAKER","items_purchased":[],"campfire_rested":0,"item_purchase_floors":[],"current_hp_per_floor":[60,60,60,49,49,49,49,35,35,10,5,5,5,5],"gold":190,"neow_bonus":"THREE_ENEMY_KILL","is_daily":false,"chose_seed":false,"campfire_upgraded":0,"win_rate":0.0,"timestamp":1614154338,"path_taken":["M","?","?","?","?","E","R","E","T","E","?","?","E"],"items_purchased_type":[],"build_version":"2020-12-22","purchased_purges":0,"victory":false,"max_hp_per_floor":[60,60,60,60,60,60,60,60,60,60,60,60,60,60],"card_choices":[{"not_picked":["Moonworks:BigBangBell","Moonworks:ImOnFire"],"picked":"Moonworks:AwakeningOfTalent","floor":1.0},{"not_picked":["Moonworks:CastOff","Moonworks:CloudOfSeagulls"],"picked":"Moonworks:RagingMadness","floor":3.0},{"not_picked":["Moonworks:SweetBattle","Moonworks:Bloodlust"],"picked":"Moonworks:MiracleWalker","floor":6.0},{"not_picked":["Moonworks:Gamble+1","Moonworks:BeyondHell"],"picked":"Moonworks:LulusLuckyEgg","floor":8.0},{"not_picked":["Moonworks:IndiscriminateFireSupport","Moonworks:AwakeningOfTalent"],"picked":"Moonworks:EvilSpyWorkPreparation","floor":10.0},{"not_picked":["Moonworks:Bloodlust","Moonworks:ScrambledEve"],"picked":"Moonworks:NicePresent","floor":11.0}],"player_experience":361438,"relics_obtained":[{"floor":6.0,"key":"Mercury Hourglass"},{"floor":8.0,"key":"Vajra"}],"event_choices":[{"damage_healed":0.0,"max_hp_gain":0.0,"max_hp_loss":0.0,"gold_gain":0.0,"event_name":"Wheel of Change","player_choice":"Cursed","floor":2.0,"gold_loss":0.0,"damage_taken":0.0,"cards_obtained":["Decay"]},{"damage_healed":0.0,"max_hp_gain":0.0,"max_hp_loss":0.0,"gold_gain":75.0,"event_name":"World of Goop","player_choice":"Gather Gold","floor":4.0,"gold_loss":0.0,"damage_taken":11.0},{"damage_healed":0.0,"max_hp_gain":0.0,"max_hp_loss":0.0,"gold_gain":0.0,"event_name":"Accursed Blacksmith","player_choice":"Forge","floor":5.0,"gold_loss":0.0,"damage_taken":0.0,"cards_upgraded":["Moonworks:RagingMadness"]},{"damage_healed":0.0,"max_hp_gain":0.0,"max_hp_loss":0.0,"gold_gain":0.0,"event_name":"Scrap Ooze","player_choice":"Fled","floor":12.0,"gold_loss":0.0,"damage_taken":0.0}],"is_beta":false,"boss_relics":[],"items_purged_floors":[],"is_endless":false,"potions_floor_spawned":[1,10,11],"killed_by":"3 Sentries","ascension_level":2}}