{"host":"3po7ngt2j61s4rmj","time":1614194315,"event":{"mods":["BaseMod","Hermit","Minty Spire (QoL Compilation)","Relic Stats","Shade Mod","StSLib","The Cursed","The Jungle"],"gold_per_floor":[118,133,145,159,159,159,186,186,186,186,197,222,222,257,257,331,331,345,364,187,462,480,480,506,506,506,506,506,57,74,108,108,185,185,195,208,233,508,528,528,547,577,652,663,683,54,67,77,77,77,77,77,22,57,57,57],"floor_reached":55,"language":"ENG","playtime":4249,"items_purged":["Decay","Regret"],"score":1447,"play_id":"10bde6c9-bc7f-4c07-92a5-cce4fa72a68e","local_time":"20210224121835","is_ascension_mode":true,"campfire_choices":[{"data":"Shade:AncientSpear","floor":6.0,"key":"SMITH"},{"data":"Shade:FleshOffering","floor":8.0,"key":"SMITH"},{"data":"Shade:Putrefaction","floor":10.0,"key":"SMITH"},{"data":"Shade:SoulPierce","floor":15.0,"key":"SMITH"},{"data":"Shade:CarefulCut","floor":23.0,"key":"SMITH"},{"data":"Shade:AnimateDead","floor":25.0,"key":"SMITH"},{"data":"theJungle:PetSnecko","floor":32.0,"key":"SMITH"},{"data":"Shade:GreaterAnimation","floor":40,"key":"SMITH"},{"floor":49,"key":"RECALL"},{"data":"1","floor":52,"key":"LIFT"}],"circlet_count":0,"master_deck":["AscendersBane","Shade:Strike_Shade+1","Shade:Strike_Shade","Shade:Strike_Shade","Shade:Strike_Shade","Shade:Defend_Shade","Shade:Defend_Shade","Shade:Defend_Shade","Shade:Defend_Shade","Shade:AnimateDead+1","Shade:CarefulCut+1","Shade:Putrefaction+1","Shade:AncientSpear+1","Shade:Excise","Shade:SensePrey","Shade:FleshOffering+1","Shade:SoulPierce+1","Shade:DarkOfNight","Shade:AncientSpear+1","theJungle:PetSnecko+1","Shade:Brains+1","Shade:GreaterAnimation+1","Regret","Shade:PoundOfFlesh+1","Shade:RavenousHorde+1","Shade:FleshLikeOak","Shade:FleshLikeOak","Shade:SoulPierce"],"relics":["Shade:YorickPolishedSkull","Singing Bowl","Meat on the Bone","Darkstone Periapt","The Courier","Mercury Hourglass","Snecko Eye","TheAbacus","Centennial Puzzle","StrikeDummy","theJungle:WildPear","OrangePellets","Bag of Marbles","Oddly Smooth Stone","Pen Nib","Girya","Turnip","Membership Card","FossilizedHelix","Mango","Whetstone","Bronze Scales","Eternal Feather","Blood Vial"],"acts_visited":["Exordium","theJungle:Jungle","TheBeyond","TheEnding"],"potions_floor_usage":[39,42,54,55],"damage_taken":[{"damage":1.0,"enemies":"Cultist","floor":1.0,"turns":4.0},{"damage":1.0,"enemies":"Small Slimes","floor":2.0,"turns":3.0},{"damage":2.0,"enemies":"2 Louse","floor":3.0,"turns":2.0},{"damage":0.0,"enemies":"Looter","floor":4.0,"turns":3.0},{"damage":2.0,"enemies":"Gremlin Nob","floor":7.0,"turns":2.0},{"damage":5.0,"enemies":"2 Fungi Beasts","floor":11.0,"turns":3.0},{"damage":2.0,"enemies":"3 Sentries","floor":12.0,"turns":6.0},{"damage":0.0,"enemies":"Gremlin Nob","floor":14.0,"turns":3.0},{"damage":23.0,"enemies":"Slime Boss","floor":16.0,"turns":7.0},{"damage":9.0,"enemies":"theJungle:MUSHROOMGANG","floor":18.0,"turns":3.0},{"damage":0.0,"enemies":"theJungle:GiantWrat","floor":19.0,"turns":3.0},{"damage":17.0,"enemies":"theJungle:Lyon","floor":22.0,"turns":4.0},{"damage":7.0,"enemies":"theJungle:MamaSnecko","floor":24.0,"turns":7.0},{"damage":0.0,"enemies":"theJungle:Snecko_Cultist_And_Trap","floor":30.0,"turns":4.0},{"damage":2.0,"enemies":"theJungle:Cassacara","floor":31.0,"turns":4.0},{"damage":0.0,"enemies":"theJungle:QueenSpyder","floor":33.0,"turns":10.0},{"damage":0,"enemies":"Orb Walker","floor":35,"turns":2},{"damage":6,"enemies":"3 Shapes","floor":36,"turns":3},{"damage":2,"enemies":"Mind Bloom Boss Battle","floor":37,"turns":5},{"damage":10,"enemies":"3 Darklings","floor":39,"turns":4},{"damage":0,"enemies":"4 Shapes","floor":41,"turns":3},{"damage":69,"enemies":"Giant Head","floor":42,"turns":10},{"damage":1,"enemies":"Transient","floor":44,"turns":5},{"damage":18,"enemies":"Jaw Worm Horde","floor":45,"turns":4},{"damage":0,"enemies":"4 Shapes","floor":47,"turns":3},{"damage":0,"enemies":"Transient","floor":48,"turns":5},{"damage":9,"enemies":"Time Eater","floor":50,"turns":10},{"damage":65,"enemies":"Shield and Spear","floor":54,"turns":5},{"damage":106,"enemies":"The Heart","floor":55,"turns":6}],"seed_played":"-8909489367617459810","potions_obtained":[{"floor":1.0,"key":"DuplicationPotion"},{"floor":3.0,"key":"Fire Potion"},{"floor":12.0,"key":"PowerPotion"},{"floor":16.0,"key":"Swift Potion"},{"floor":18.0,"key":"Energy Potion"},{"floor":24.0,"key":"AttackPotion"},{"floor":36,"key":"Swift Potion"},{"floor":39,"key":"Block Potion"},{"floor":45,"key":"Energy Potion"},{"floor":54,"key":"Swift Potion"}],"is_trial":false,"path_per_floor":["M","M","M","M","?","R","E","R","T","R","M","E","?","E","R","B",null,"M","M","$","?","M","R","E","R","T","?","?","$","M","E","R","B",null,"M","M","?","?","M","R","M","E","T","M","M","$","M","M","R","B",null,"R","$","E","B"],"character_chosen":"SHADE","items_purchased":["TheAbacus","OrangePellets","Bag of Marbles","Oddly Smooth Stone","Membership Card","FossilizedHelix","Mango","FairyPotion","Whetstone","Bronze Scales","Eternal Feather","Shade:SoulPierce"],"campfire_rested":0,"item_purchase_floors":[20,29,29,29,46,46,46,46,46,46,46,53],"current_hp_per_floor":[49,48,46,46,41,41,41,41,41,41,36,36,59,61,61,38,55,46,48,48,54,39,39,46,46,46,56,56,56,56,56,56,56,78,80,76,76,82,72,72,72,15,15,28,22,36,50,64,79,70,105,117,117,66,0,0],"gold":57,"neow_bonus":"THREE_RARE_CARDS","is_daily":false,"chose_seed":false,"campfire_upgraded":8,"win_rate":0.0,"timestamp":1614194315,"path_taken":["M","M","M","M","?","R","E","R","T","R","M","E","?","E","R","BOSS","M","M","$","?","?","R","E","R","T","?","?","$","M","E","R","BOSS","M","M","?","?","?","R","M","E","T","M","M","?","M","M","R","BOSS","R","$","E","BOSS"],"items_purchased_type":["Relic","Relic","Relic","Relic","Relic","Relic","Relic","Potion","Relic","Relic","Relic","Card"],"build_version":"2020-12-22","purchased_purges":2,"victory":false,"max_hp_per_floor":[55,55,55,55,55,55,57,57,57,57,57,59,59,61,61,61,61,61,63,63,69,71,71,73,73,73,83,83,83,83,85,85,85,85,87,89,91,97,97,97,97,97,97,99,99,113,115,117,117,117,117,117,117,119,119,119],"relic_stats":{"Darkstone Periapt":12,"Singing Bowl":28,"counters":[29,125],"Eternal Feather":27,"Pen Nib":[6],"Whetstone":["Shade:Strike_Shade","Shade:PoundOfFlesh"],"Mercury Hourglass":[414],"Blood Vial":2,"OrangePellets":[22],"Centennial Puzzle":[30],"TheAbacus":[168],"Bronze Scales":[132],"Snecko Eye":[97,87,113,94],"Turnip":[2],"obtain_stats":[{"Darkstone Periapt":9,"Singing Bowl":5,"Shade:YorickSkull":0,"Mango":46,"theJungle:WildPear":27,"Whetstone":46,"Blood Vial":54,"Centennial Puzzle":24,"TheAbacus":20,"Girya":37,"Oddly Smooth Stone":29,"Shade:YorickPolishedSkull":34,"Eternal Feather":46,"The Courier":12,"Pen Nib":31,"Mercury Hourglass":14,"OrangePellets":29,"Bronze Scales":46,"Snecko Eye":17,"Turnip":42,"Bag of Marbles":29,"Membership Card":46,"StrikeDummy":26,"FossilizedHelix":46,"Meat on the Bone":7},{"Darkstone Periapt":5,"Singing Bowl":4,"Shade:YorickSkull":0,"Mango":24,"theJungle:WildPear":13,"Whetstone":24,"Blood Vial":28,"Centennial Puzzle":13,"TheAbacus":11,"Girya":19,"Oddly Smooth Stone":13,"Shade:YorickPolishedSkull":16,"Eternal Feather":24,"The Courier":7,"Pen Nib":15,"Mercury Hourglass":8,"OrangePellets":13,"Bronze Scales":24,"Snecko Eye":9,"Turnip":22,"Bag of Marbles":13,"Membership Card":24,"StrikeDummy":13,"FossilizedHelix":24,"Meat on the Bone":5},{"Darkstone Periapt":14,"Singing Bowl":12,"Shade:YorickSkull":0,"Mango":96,"theJungle:WildPear":46,"Whetstone":96,"Blood Vial":119,"Centennial Puzzle":46,"TheAbacus":36,"Girya":71,"Oddly Smooth Stone":46,"Shade:YorickPolishedSkull":62,"Eternal Feather":96,"The Courier":23,"Pen Nib":53,"Mercury Hourglass":26,"OrangePellets":46,"Bronze Scales":96,"Snecko Eye":32,"Turnip":87,"Bag of Marbles":46,"Membership Card":96,"StrikeDummy":46,"FossilizedHelix":96,"Meat on the Bone":14}],"Meat on the Bone":84},"card_choices":[{"not_picked":["Shade:GreaterAnimation","Shade:Tombstone"],"picked":"Shade:Putrefaction","floor":0.0},{"not_picked":["Shade:FleshToFlesh","Shade:ClawBack"],"picked":"Shade:AncientSpear","floor":1.0},{"not_picked":["Shade:Awaken","Shade:FreshBones"],"picked":"Shade:Excise","floor":2.0},{"not_picked":["Shade:DangerousRitual","Shade:ClawBack"],"picked":"Shade:SensePrey","floor":3.0},{"not_picked":["Shade:FreshBones","Shade:StitchTogether"],"picked":"Shade:FleshOffering","floor":4.0},{"not_picked":["Shade:SkeletonHug","Shade:FeralStrike","Shade:ExtraLimbs"],"picked":"Singing Bowl","floor":7.0},{"not_picked":["Shade:Trample","Shade:FuneraryArmor"],"picked":"Shade:SoulPierce","floor":11.0},{"not_picked":["Shade:OpenGraves","Shade:OfferingToTheBeyond","Shade:StitchTogether"],"picked":"Singing Bowl","floor":12.0},{"not_picked":["Shade:Haruspicy","Shade:FingerOfDeath","Shade:SkeletonHug"],"picked":"Singing Bowl","floor":14.0},{"not_picked":["Shade:Tombstone","Shade:UnbarTheGrave"],"picked":"Shade:DarkOfNight","floor":16.0},{"not_picked":["Shade:Patience","Shade:StitchTogether"],"picked":"Shade:AncientSpear+1","floor":18.0},{"not_picked":["Shade:FuneraryArmor","Shade:Brains","Shade:Bite_Shade"],"picked":"Singing Bowl","floor":19.0},{"not_picked":["Shade:Premonition","Shade:FleshToFlesh","Shade:Trample"],"picked":"Singing Bowl","floor":22.0},{"not_picked":["Shade:OneIsEnough","Shade:PressTheAttack","Shade:WallOfFlesh"],"picked":"Singing Bowl","floor":24.0},{"not_picked":["Shade:ClawBack","Shade:GraveStillness"],"picked":"Shade:Brains+1","floor":30.0},{"not_picked":["Shade:WallOfFlesh","Shade:FreshBones","Shade:FleshToFlesh"],"picked":"Singing Bowl","floor":31.0},{"not_picked":["Shade:MadHubris","Shade:Consume"],"picked":"Shade:GreaterAnimation","floor":33.0},{"not_picked":["Shade:CallWraith+1","Shade:FuneraryArmor","Shade:Frenzy+1"],"picked":"Singing Bowl","floor":35},{"not_picked":["Shade:FuneraryArmor+1","Shade:SpontaneousRitual","Shade:Premonition+1"],"picked":"Singing Bowl","floor":36},{"not_picked":["Shade:Frenzy+1","Shade:BoneShards","Shade:ScuttlingHand"],"picked":"Singing Bowl","floor":37},{"not_picked":["Shade:FreshBones","Shade:Trample+1"],"picked":"Shade:PoundOfFlesh","floor":39},{"not_picked":["Shade:CallOfTheGrave","Shade:SpontaneousRitual"],"picked":"Shade:RavenousHorde+1","floor":41},{"not_picked":["Shade:GraveStillness","Shade:ExtraLimbs"],"picked":"Shade:FleshLikeOak","floor":42},{"not_picked":["Shade:CallWraith","Shade:ClawBack+1","Shade:CoffinDance"],"picked":"Singing Bowl","floor":44},{"not_picked":["Shade:FleshToFlesh+1","Shade:AuraOfUnlife+1"],"picked":"Shade:FleshLikeOak","floor":45},{"not_picked":["Shade:AblativeArmor","Shade:FingerOfDeath","Shade:AncientSpear"],"picked":"Singing Bowl","floor":47},{"not_picked":["Shade:RavenousHorde","Shade:CommandSoldier","Shade:FeralStrike"],"picked":"Singing Bowl","floor":48},{"not_picked":["Shade:PressTheAttack","Shade:Bonestorm","Shade:ClawBack"],"picked":"Singing Bowl","floor":54}],"player_experience":1282389,"relics_obtained":[{"floor":7.0,"key":"Meat on the Bone"},{"floor":9.0,"key":"Darkstone Periapt"},{"floor":12.0,"key":"The Courier"},{"floor":14.0,"key":"Mercury Hourglass"},{"floor":24.0,"key":"Centennial Puzzle"},{"floor":26.0,"key":"StrikeDummy"},{"floor":31.0,"key":"Pen Nib"},{"floor":37,"key":"Girya"},{"floor":42,"key":"Turnip"},{"floor":54,"key":"Blood Vial"}],"event_choices":[{"damage_healed":0.0,"max_hp_gain":0.0,"max_hp_loss":0.0,"gold_gain":0.0,"event_name":"Scrap Ooze","player_choice":"Success","floor":5.0,"gold_loss":0.0,"damage_taken":5.0,"relics_obtained":["Singing Bowl"]},{"damage_healed":23.0,"max_hp_gain":0.0,"max_hp_loss":0.0,"gold_gain":0.0,"event_name":"Wheel of Change","player_choice":"Full Heal","floor":13.0,"gold_loss":0.0,"damage_taken":0.0},{"damage_healed":0.0,"max_hp_gain":0.0,"max_hp_loss":0.0,"gold_gain":275.0,"event_name":"Golden Shrine","player_choice":"Desecrate","floor":21.0,"gold_loss":0.0,"damage_taken":0.0,"cards_obtained":["Regret"]},{"damage_healed":0,"gold_gain":0,"player_choice":"Fight","damage_taken":0,"max_hp_gain":0,"max_hp_loss":0,"event_name":"MindBloom","floor":37,"gold_loss":0},{"damage_healed":0,"gold_gain":275,"player_choice":"Desecrate","damage_taken":0,"max_hp_gain":0,"max_hp_loss":0,"event_name":"Golden Shrine","floor":38,"gold_loss":0,"cards_obtained":["Regret"]}],"is_beta":false,"boss_relics":[{"not_picked":["Cursed Key","Sozu"],"picked":"Snecko Eye"},{"not_picked":["Astrolabe","Empty Cage"],"picked":"Shade:YorickPolishedSkull"}],"items_purged_floors":[20,29],"is_endless":false,"potions_floor_spawned":[1,3,12,16,18,24,36,39,45,47,54],"killed_by":"The Heart","ascension_level":15}}