{"host":"3dgd3gfmqutz6web","time":1614154963,"event":{"mods":["Aspiration","BaseMod","BetterRewards","Downfall","Minty Spire (QoL Compilation)","Replay The Spire","Shop Mod","Spikes Relics","StSLib"],"gold_per_floor":[99,109,127,127,137,137,137,153,153,180,180,180,180,30,46,151,151,51,61,81,96,111,111,137,157,57,83,30,55,55,55,55],"floor_reached":30,"language":"ENG","playtime":1331,"items_purged":[],"score":320,"play_id":"47b9f406-8510-414f-bd06-5e534813a66f","local_time":"20210224002243","is_ascension_mode":false,"campfire_choices":[{"floor":1,"key":"RECALL"},{"floor":11,"key":"REST"},{"data":"hexamod:NightmareStrike","floor":18,"key":"SMITH"},{"floor":26,"key":"REST"}],"circlet_count":0,"master_deck":["hexamod:Strike+1","hexamod:Strike","hexamod:Strike","hexamod:Strike+1","hexamod:Defend","hexamod:Defend","hexamod:Defend+1","hexamod:Defend","hexamod:Sear","hexamod:Float","hexamod:InspiringFlames","hexamod:Firestarter","hexamod:VolcanoVisage","hexamod:NightmareStrike+1","downfall:Malfunctioning","hexamod:GhostLash","hexamod:VolcanoVisage","hexamod:FastForward","hexamod:DynamicBlow","hexamod:SpectralAdrenaline+1","hexamod:SkipABeat","hexamod:ShieldOfDarkness","hexamod:HeatShield","hexamod:NecessarySacrifice","hexamod:EtherealExpedition","hexamod:GhostLash"],"relics":["hexamod:UnbrokenSoul","RollingBoulder","aspiration:StickyExplosives_weak","Lantern","downfall:HeartBlessingRed","downfall:KnowingSkull","downfall:HeartBlessingBlue","Meat on the Bone","Onion Ring"],"acts_visited":["Exordium","TheCity"],"potions_floor_usage":[16,27],"damage_taken":[{"damage":0,"enemies":"Small Slimes","floor":2,"turns":3},{"damage":4,"enemies":"Cultist","floor":3,"turns":5},{"damage":5,"enemies":"Jaw Worm","floor":5,"turns":4},{"damage":7,"enemies":"Blue Slaver","floor":8,"turns":4},{"damage":14,"enemies":"Gremlin Nob","floor":10,"turns":5},{"damage":12,"enemies":"Large Slime","floor":15,"turns":4},{"damage":37,"enemies":"DF_ARCHETYPE_STREAMLINE","floor":16,"turns":9},{"damage":10,"enemies":"3 Byrds","floor":19,"turns":4},{"damage":15,"enemies":"downfall:LooterAlt2","floor":20,"turns":4},{"damage":3,"enemies":"Snake Plant","floor":21,"turns":4},{"damage":6,"enemies":"3 Cultists","floor":22,"turns":4},{"damage":13,"enemies":"Snecko","floor":25,"turns":5},{"damage":46,"enemies":"Slavers","floor":27,"turns":6},{"damage":1,"enemies":"downfall:FleeingMerchant","floor":28,"turns":4},{"damage":37,"enemies":"Book of Stabbing","floor":29,"turns":6},{"damage":18,"enemies":"Sentry and Sphere","floor":30,"turns":3}],"seed_played":"3858158313407264385","potions_obtained":[{"floor":2,"key":"SmokeBomb"},{"floor":10,"key":"DistilledChaos"},{"floor":15,"key":"SpeedPotion"},{"floor":16,"key":"SteroidPotion"},{"floor":19,"key":"hexamod:EctoCoolerPotion"},{"floor":29,"key":"Explosive Potion"}],"is_trial":false,"path_per_floor":["R","M","M","?","M","?","T","M","T","E","R","?","?","?","M","B",null,"R","M","M","M","M","?","T","M","R","E","$","E","M"],"character_chosen":"THE_SPIRIT","items_purchased":["hexamod:EtherealExpedition"],"campfire_rested":2,"item_purchase_floors":[28],"current_hp_per_floor":[77,77,73,78,73,73,73,66,66,52,76,76,76,92,80,43,92,92,82,67,64,58,51,51,38,78,32,43,18,0,0,0],"gold":55,"neow_bonus":"TEN_PERCENT_HP_BONUS","is_daily":false,"chose_seed":false,"campfire_upgraded":1,"win_rate":0.0,"timestamp":1614154963,"path_taken":["R","M","M","?","M","?","T","?","?","E","R","?","?","?","M","BOSS","R","M","M","M","?","?","T","M","R","E","$","E","M"],"items_purchased_type":["Card"],"build_version":"2020-12-22","purchased_purges":0,"victory":false,"max_hp_per_floor":[77,77,77,82,82,82,82,82,82,82,82,82,82,92,92,92,92,92,92,92,92,92,92,92,92,102,102,102,102,102,102,102],"card_choices":[{"not_picked":["hexamod:GhostOfSpireFuture","hexamod:ShieldOfDarkness"],"picked":"hexamod:InspiringFlames","floor":2},{"not_picked":["hexamod:InspiringFlames","hexamod:HeatMetal"],"picked":"hexamod:Firestarter","floor":3},{"not_picked":["hexamod:FourthSeal","hexamod:ShieldOfDarkness"],"picked":"hexamod:GhostOfSpirePast","floor":5},{"not_picked":["hexamod:Firestarter","hexamod:NightmareGuise"],"picked":"hexamod:VolcanoVisage","floor":8},{"not_picked":["hexamod:SwordOfDarkness","hexamod:Hexaguard"],"picked":"hexamod:NightmareStrike","floor":10},{"not_picked":["hexamod:NightmareStrike","hexamod:Firestarter"],"picked":"hexamod:GhostLash","floor":15},{"not_picked":["hexamod:ParanormalForm","hexamod:HexaLevel"],"picked":"hexamod:VolcanoVisage","floor":16},{"not_picked":["hexamod:Firestarter","hexamod:HeatMetal"],"picked":"hexamod:FastForward","floor":19},{"not_picked":["hexamod:SpectersWail","hexamod:Firestarter+1"],"picked":"hexamod:DynamicBlow","floor":20},{"not_picked":["hexamod:InspiringFlames","hexamod:BacktrackSmack+1"],"picked":"hexamod:SpectralAdrenaline+1","floor":21},{"not_picked":["hexamod:GhostOfSpirePast","hexamod:BacktrackSmack"],"picked":"hexamod:SkipABeat","floor":22},{"not_picked":["hexamod:ThermalTransfer","hexamod:HauntingEcho"],"picked":"hexamod:ShieldOfDarkness","floor":25},{"not_picked":["hexamod:HexaLevel","hexamod:ThirdSeal"],"picked":"hexamod:HeatShield","floor":27},{"not_picked":["hexamod:HeatCrush","hexamod:GhostOfSpireFuture"],"picked":"hexamod:NecessarySacrifice","floor":28},{"not_picked":["hexamod:NightmareStrike","hexamod:HeatCrush"],"picked":"hexamod:GhostLash","floor":29}],"player_experience":252064,"relics_obtained":[{"floor":7,"key":"RollingBoulder"},{"floor":9,"key":"aspiration:StickyExplosives_weak"},{"floor":10,"key":"Lantern"},{"floor":27,"key":"Meat on the Bone"},{"floor":29,"key":"Onion Ring"}],"event_choices":[{"damage_healed":0,"gold_gain":0,"player_choice":"Donut","damage_taken":0,"max_hp_gain":5,"max_hp_loss":0,"event_name":"Big Fish","floor":4,"gold_loss":0}],"is_beta":false,"boss_relics":[{"not_picked":["Replay:Wanted Poster","aspiration:WatcherSkillbook"],"picked":"hexamod:UnbrokenSoul"}],"items_purged_floors":[],"is_endless":false,"potions_floor_spawned":[2,10,15,16,19,20,29],"killed_by":"Sentry and Sphere","ascension_level":0}}