{"host":"sav7uxregyirlf69","time":1614131222,"event":{"mods":["AchievementEnabler","BaseMod","Colored Map","DeckTracker","Keyboard Shortcuts","Minty Spire (QoL Compilation)","READ ME - Guardian Mod","StSLib","SuperFastMode"],"gold_per_floor":[112,124,124,137,153,153,228,228,228,228,68,68,103,119,119,194,194,171,185,185,185,185,185],"floor_reached":22,"language":"KOR","playtime":331,"items_purged":["Strike_B"],"score":368,"play_id":"741430ad-06de-4111-a542-95eadf952116","local_time":"20210224104702","is_ascension_mode":true,"campfire_choices":[{"data":"Dualcast","floor":6,"key":"SMITH"},{"floor":8,"key":"REST"},{"data":"Go for the Eyes","floor":10,"key":"SMITH"},{"data":"Defragment","floor":15,"key":"SMITH"}],"circlet_count":0,"master_deck":["AscendersBane","Strike_B","Strike_B","Strike_B","Defend_B","Defend_B","Defend_B","Defend_B","Zap","Dualcast+1","Electrodynamics","Go for the Eyes+1","Cold Snap","Defragment+1","Buffer","Turbo+1","BootSequence"],"relics":["Cracked Core","Singing Bowl","Shuriken","Inserter"],"acts_visited":["Exordium","TheCity"],"potions_floor_usage":[16,18,19],"damage_taken":[{"damage":7,"enemies":"Jaw Worm","floor":1,"turns":4},{"damage":0,"enemies":"2 Louse","floor":2,"turns":1},{"damage":4,"enemies":"Small Slimes","floor":4,"turns":3},{"damage":7,"enemies":"Exordium Wildlife","floor":5,"turns":3},{"damage":8,"enemies":"3 Sentries","floor":13,"turns":5},{"damage":3,"enemies":"Exordium Thugs","floor":14,"turns":4},{"damage":32,"enemies":"Hexaghost","floor":16,"turns":11},{"damage":18,"enemies":"2 Thieves","floor":18,"turns":4},{"damage":21,"enemies":"Shell Parasite","floor":19,"turns":8},{"damage":23,"enemies":"Sentry and Sphere","floor":22,"turns":4}],"seed_played":"-6554294911467935681","potions_obtained":[{"floor":4,"key":"SkillPotion"},{"floor":13,"key":"FocusPotion"},{"floor":16,"key":"BlessingOfTheForge"},{"floor":18,"key":"Dexterity Potion"}],"is_trial":false,"path_per_floor":["M","M","?","M","M","R","?","R","T","R","$","?","E","M","R","B",null,"M","M","?","?","M"],"character_chosen":"DEFECT","items_purchased":["Defragment"],"campfire_rested":1,"item_purchase_floors":[11],"current_hp_per_floor":[39,39,39,35,28,28,17,38,38,38,38,61,55,54,54,22,62,44,23,23,23,0,0],"gold":185,"neow_bonus":"THREE_RARE_CARDS","is_daily":false,"chose_seed":false,"campfire_upgraded":3,"win_rate":0.0,"timestamp":1614131222,"path_taken":["M","M","?","M","M","R","?","R","T","R","?","?","E","M","R","BOSS","M","M","?","?","M"],"items_purchased_type":["Card"],"build_version":"2020-12-22","purchased_purges":1,"victory":false,"max_hp_per_floor":[71,71,71,71,71,71,71,71,71,71,71,71,73,75,75,75,75,75,75,75,75,75,75],"card_choices":[{"not_picked":["Thunder Strike","Fission"],"picked":"Electrodynamics","floor":0},{"not_picked":["Hologram","Redo"],"picked":"Go for the Eyes","floor":1},{"not_picked":["Doom and Gloom","Go for the Eyes","Streamline"],"picked":"SKIP","floor":2},{"not_picked":["Go for the Eyes","Redo","Turbo"],"picked":"SKIP","floor":4},{"not_picked":["Lockon","Coolheaded"],"picked":"Cold Snap","floor":5},{"not_picked":["Electrodynamics","Redo","Hologram"],"picked":"Singing Bowl","floor":13},{"not_picked":["Rebound","Redo","Leap"],"picked":"Singing Bowl","floor":14},{"not_picked":["Biased Cognition","Seek"],"picked":"Buffer","floor":16},{"not_picked":["Redo","Fusion"],"picked":"Turbo+1","floor":18},{"not_picked":["Heatsinks","Steam"],"picked":"BootSequence","floor":19}],"player_experience":1680758,"relics_obtained":[{"floor":9,"key":"Singing Bowl"},{"floor":13,"key":"Shuriken"}],"event_choices":[{"damage_healed":0,"gold_gain":0,"player_choice":"Ignored","damage_taken":0,"max_hp_gain":0,"max_hp_loss":0,"event_name":"Liars Game","floor":3,"gold_loss":0},{"damage_healed":0,"gold_gain":75,"player_choice":"Gather Gold","damage_taken":11,"max_hp_gain":0,"max_hp_loss":0,"event_name":"World of Goop","floor":7,"gold_loss":0},{"damage_healed":23,"gold_gain":0,"player_choice":"Banana","damage_taken":0,"max_hp_gain":0,"max_hp_loss":0,"event_name":"Big Fish","floor":12,"gold_loss":0},{"damage_healed":0,"gold_gain":0,"player_choice":"Ignored","damage_taken":0,"max_hp_gain":0,"max_hp_loss":0,"event_name":"The Mausoleum","floor":20,"gold_loss":0},{"damage_healed":0,"gold_gain":0,"player_choice":"Ignored","damage_taken":0,"max_hp_gain":0,"max_hp_loss":0,"event_name":"Ghosts","floor":21,"gold_loss":0}],"is_beta":false,"boss_relics":[{"not_picked":["Coffee Dripper","Empty Cage"],"picked":"Inserter"}],"items_purged_floors":[11],"is_endless":false,"potions_floor_spawned":[4,13,16,18],"killed_by":"Sentry and Sphere","ascension_level":20}}