{"host":"tnuwi4l1p9i8nc6x","time":1614202574,"event":{"mods":["Act Like it!","Aspiration","Astrologer","BaseMod","Beaked The Cultist","Better Third Choice","BetterRewards","Colored Map","Colored Powertips","Conspire","Defuse TimeMaze Blight","Downfall","Extra Virgin Snecko Oil","Friendly Minions","Hermit","Hubris","Infinite Spire","Jorbs\u0027s Wanderer Trilogy","Marisa????????","Minty Spire (QoL Compilation)","Permanent Neow","Rare Cards Sparkle","Remilia??????","Replay The Spire","Shop Mod","StSLib","The Bug Knight","The Construct","The Cursed","The Disciple","The Hierophant","The Jungle","The Marked","The Necromancer","The Poker Player","The Runesmith","The Senshi","The Servant 0.9.4","TheBandit"],"gold_per_floor":[110,124,199,213,388,388,416,416,416,342,342,356,368,394,394,496,496,479,493,493,493],"floor_reached":20,"language":"ENG","playtime":1492,"items_purged":[],"score":284,"play_id":"b3c803f8-6957-400d-bcda-db8f65b33b00","local_time":"20210224163614","is_ascension_mode":false,"campfire_choices":[{"data":"Zap","floor":6,"key":"SMITH"},{"data":"Hologram","floor":8,"key":"SMITH"},{"floor":15,"key":"REST"}],"circlet_count":0,"master_deck":["Strike_B","Strike_B","Strike_B","Strike_B","Defend_B","Defend_B","Defend_B","Defend_B","Zap+1","Dualcast","FTL","Rebound","Hologram+1","Doubt","Storm","Pain","Capacitor","Ball Lightning","BasicCrystalCard","Biased Cognition","SwitchThreat","stsjorbsmod:PollutedStrike","Parasite","Panic Button","Coolheaded"],"relics":["Cracked Core","aspiration:Nostalgia","m_SnakeBloodCore","hubris:RGBLights","HornCleat","WarpedTongs","Cables","Replay:Ancient Bell","hubris:SlimyHat","Symbiotic Virus","hubris:64BitClover"],"acts_visited":["Exordium","TheCity"],"potions_floor_usage":[16],"damage_taken":[{"damage":0,"enemies":"Small Slimes","floor":1,"turns":3},{"damage":1,"enemies":"Cultist","floor":2,"turns":3},{"damage":7,"enemies":"2 Louse","floor":4,"turns":2},{"damage":10,"enemies":"HollowMod:MossKnight","floor":7,"turns":7},{"damage":6,"enemies":"Blue Slaver","floor":12,"turns":3},{"damage":6,"enemies":"Lots of Slimes","floor":13,"turns":3},{"damage":11,"enemies":"3 Sentries","floor":14,"turns":5},{"damage":52,"enemies":"Slime Boss","floor":16,"turns":7},{"damage":26,"enemies":"2 Thieves","floor":18,"turns":4},{"damage":44,"enemies":"conspire:FuzzyDice","floor":19,"turns":5},{"damage":13,"enemies":"Centurion and Healer","floor":20,"turns":1}],"seed_played":"-101924008144304827","potions_obtained":[{"floor":1,"key":"conspire:TimeTravelPotion"},{"floor":7,"key":"Strength Potion"},{"floor":16,"key":"Elixir"},{"floor":19,"key":"Adrenaline Potion"}],"is_trial":false,"path_per_floor":["M","M","?","M","?","R","E","R","T","$","?","M","M","E","R","B",null,"M","M","M"],"character_chosen":"DEFECT","items_purchased":["Storm"],"campfire_rested":1,"item_purchase_floors":[10],"current_hp_per_floor":[75,75,68,64,64,64,57,57,57,57,57,54,51,43,65,46,75,52,11,0,0],"gold":493,"neow_bonus":"NOSTALGIA","is_daily":false,"chose_seed":false,"campfire_upgraded":2,"win_rate":0.0,"timestamp":1614202574,"path_taken":["M","M","?","?","?","R","E","R","T","$","?","M","?","E","R","BOSS","M","?","M"],"items_purchased_type":["Card"],"build_version":"2020-12-22","purchased_purges":0,"victory":false,"max_hp_per_floor":[75,75,75,75,75,75,75,75,75,75,75,75,75,75,75,75,75,75,75,75,75],"card_choices":[{"not_picked":["Havoc","Turbo"],"picked":"FTL","floor":1},{"not_picked":["Streamline","Sunder"],"picked":"Rebound","floor":2},{"not_picked":["Leap","Stack"],"picked":"Hologram","floor":4},{"not_picked":["Perfected Strike","Beam Cell","Go for the Eyes"],"picked":"SKIP","floor":7},{"not_picked":["Hologram","Glacier"],"picked":"Capacitor","floor":12},{"not_picked":["Storm","Doom and Gloom"],"picked":"Ball Lightning","floor":13},{"not_picked":["Havoc","Compile Driver"],"picked":"BasicCrystalCard","floor":14},{"not_picked":["Eclipse","Meteor Strike"],"picked":"Biased Cognition","floor":16},{"not_picked":["downfall:Haunted","downfall:Aged"],"picked":"SwitchThreat","floor":17},{"not_picked":["ReplayTheSpireMod:Restless Dread","Writhe"],"picked":"stsjorbsmod:PollutedStrike","floor":17},{"not_picked":["Replay:Hysterical Blindness","Shame"],"picked":"Parasite","floor":17},{"not_picked":["ReplaySolidLightProjector+1","aspiration:Polymerization"],"picked":"Panic Button","floor":18},{"not_picked":["Compile Driver+1","Gash"],"picked":"Coolheaded","floor":19}],"player_experience":767503,"relics_obtained":[{"floor":7,"key":"hubris:RGBLights"},{"floor":9,"key":"HornCleat"},{"floor":14,"key":"Cables"}],"event_choices":[{"damage_healed":0,"gold_gain":75,"player_choice":"Touch","damage_taken":7,"max_hp_gain":0,"max_hp_loss":0,"event_name":"FaceTrader","floor":3,"gold_loss":0},{"damage_healed":0,"gold_gain":175,"player_choice":"AGREE","damage_taken":213,"max_hp_gain":0,"max_hp_loss":0,"event_name":"betterThird:BetterSerpent","floor":5,"gold_loss":0},{"damage_healed":0,"gold_gain":0,"player_choice":"Rummage","damage_taken":0,"relics_obtained":["WarpedTongs"],"max_hp_gain":0,"max_hp_loss":0,"event_name":"Accursed Blacksmith","floor":11,"gold_loss":0,"cards_obtained":["Pain"]}],"is_beta":false,"boss_relics":[{"not_picked":["hubris:VirtuousBlindfold","Replay:Grab Bag"],"picked":"Replay:Ancient Bell"},{"not_picked":["conspire:TopHat","Vajra"],"picked":"hubris:SlimyHat"},{"not_picked":["Replay:Ringing Soul","Mummified Hand"],"picked":"Symbiotic Virus"},{"not_picked":["Old Coin","hubris:Potato"],"picked":"hubris:64BitClover"}],"items_purged_floors":[],"is_endless":false,"potions_floor_spawned":[1,7,16,19],"killed_by":"Centurion and Healer","ascension_level":0}}