{"host":"za9ilm1uiwmpmin1","time":1614157084,"event":{"mods":["AchievementEnabler","Act Like it!","BaseMod","Dota2Spire","Downfall","Friendly Minions","Gensokyo","KomeijiMod","Library of Ruina","Library of Ruina Extra","Lobotomy","LobotomyExtend","Minty Spire (QoL Compilation)","MostiFishMod","StSLib","TestMod","Waifu the Spire"],"gold_per_floor":[112,127,127,139,139,166,166,166,191,216,72,72,72,103,103,197,197,411,411,411,6,105,138,350,374,374,405,433,433,464,492,492,594,594,609,609,626,626,638,638,669,694,775,1105,1132,512,546,573,573,772,772,772,772,548,574,574],"floor_reached":57,"language":"ZHS","playtime":2599,"items_purged":["LightAttack"],"score":2402,"play_id":"717b9c1e-ab8f-4443-9a0e-9e7b9ea883b1","local_time":"20210224165804","is_ascension_mode":true,"campfire_choices":[{"floor":7,"key":"RECALL"},{"data":"Faith","floor":13,"key":"SMITH"},{"data":"SomberProcuration","floor":15,"key":"SMITH"},{"data":"CombatPreparation","floor":29,"key":"SMITH"},{"data":"SilentMist","floor":32,"key":"SMITH"},{"data":"DarkCloud","floor":40,"key":"SMITH"},{"data":"ChargeAndCover","floor":49,"key":"SMITH"},{"data":"SnakesPrey","floor":53,"key":"SMITH"}],"circlet_count":0,"master_deck":["Dodge+1","LightDefense","LightDefense","LightDefense","ChargeAndCover+1","FocusedStrikes+1","SnakesPrey+1","SomberProcuration+1","Faith+1","FrontalAssault+1","CombatPreparation+1","Parry2","SilentMist+1","DarkCloud+1","DriedUp+1"],"relics":["PageOfLibrarian","DaveBox","testmod-TestBox","testmod-Charity","BirthdayGift-Icosahedron","SynthV:TestCard","LetterFromLob","PageOfSingingMachine","Gensokyo:PortableGap","PageOfWrath","PageOfTheQueenOfHatred","Transparent","SynthV:C4","MetatronsCube","Medical Kit","PageOfTheKnightOfDespair","PageOfTheKnightOfDespair","testmod-IntensifyImprint","PageOfGreed","PageOfNihil","Orichalcum","PageOfBloodbath","Du-Vu Doll","Potion Belt","Dota2Spire:DrumOfEndurance","PageOfNothingThere","Guardian:PocketSentry","Dota2Spire:RefresherOrb","testmod-ArcanaOfDestiny","Omamori","HornCleat","Old Coin","PageOfApocalypseBird","OrangePellets","BrkXgEgg","Sling","testmod-FatalChain","FossilizedHelix","testmod-AssaultLearning","Dota2Spire:Vanguard","CombinedTypeHook","PageOfAlriune"],"acts_visited":["Exordium","Gensokyo:Gensokyo","Gensokyo:Gensokyoer","TheEnding"],"potions_floor_usage":[56,56],"damage_taken":[{"damage":0,"enemies":"Gensokyo:3_Fairies","floor":1,"turns":2},{"damage":0,"enemies":"Gensokyo:Python","floor":2,"turns":2},{"damage":0,"enemies":"Gensokyo:2_Kodama","floor":4,"turns":2},{"damage":0,"enemies":"Gensokyo:Aya","floor":6,"turns":3},{"damage":0,"enemies":"Gensokyo:Cirno","floor":10,"turns":4},{"damage":0,"enemies":"Gensokyo:Mamizou","floor":14,"turns":5},{"damage":0,"enemies":"Gensokyo:Kokoro","floor":16,"turns":3},{"damage":16,"enemies":"Gensokyo:3_Dogs","floor":18,"turns":2},{"damage":16,"enemies":"Gensokyo:3_Dogs","floor":22,"turns":2},{"damage":0,"enemies":"Gensokyo:Tenshi","floor":23,"turns":1},{"damage":56,"enemies":"Gensokyo:Chomper","floor":24,"turns":2},{"damage":16,"enemies":"Gensokyo:Reisen","floor":25,"turns":2},{"damage":16,"enemies":"Gensokyo:Koishi","floor":27,"turns":2},{"damage":0,"enemies":"Gensokyo:Tenshi","floor":28,"turns":1},{"damage":0,"enemies":"Gensokyo:Koishi","floor":30,"turns":1},{"damage":0,"enemies":"Gensokyo:Tenshi","floor":31,"turns":1},{"damage":7,"enemies":"Gensokyo:Kaguya","floor":33,"turns":4},{"damage":0,"enemies":"Gensokyo:AncientGuardian","floor":35,"turns":1},{"damage":0,"enemies":"Gensokyo:3_Bats","floor":37,"turns":1},{"damage":0,"enemies":"Gensokyo:Sharpion","floor":39,"turns":1},{"damage":0,"enemies":"Gensokyo:Kasen","floor":41,"turns":1},{"damage":0,"enemies":"Gensokyo:Doremy","floor":42,"turns":1},{"damage":0,"enemies":"Gensokyo:Kasen","floor":44,"turns":1},{"damage":0,"enemies":"Gensokyo:Marisa","floor":45,"turns":1},{"damage":0,"enemies":"Gensokyo:Kasen","floor":47,"turns":2},{"damage":0,"enemies":"Gensokyo:Doremy","floor":48,"turns":1},{"damage":0,"enemies":"Gensokyo:Yuyuko","floor":50,"turns":1},{"damage":0,"enemies":"Gensokyo:Yuyuko","floor":51,"turns":2},{"damage":0,"enemies":"Shield and Spear","floor":55,"turns":1},{"damage":0,"enemies":"The Heart","floor":56,"turns":2}],"seed_played":"6008276663433478848","potions_obtained":[{"floor":6,"key":"AttackPotion"},{"floor":24,"key":"PowerPotion"},{"floor":30,"key":"JyouchiReiPotion"},{"floor":31,"key":"Ancient Potion"},{"floor":35,"key":"PowerPotion"},{"floor":44,"key":"SteroidPotion"},{"floor":48,"key":"PowerPotion"}],"is_trial":false,"path_per_floor":["M","M","?","M","?","E","R","?","T","E","COS","?","R","E","R","B",null,"M","?","?","COS","?","E","M","E","T","E","E","R","E","E","R","B",null,"M","?","M","?","M","R","E","E","T","E","E","COS","E","E","R","B",null,null,"R","$","E","B",null],"character_chosen":"Librarian","items_purchased":["Dota2Spire:Vanguard"],"campfire_rested":0,"item_purchase_floors":[54],"current_hp_per_floor":[56,58,58,60,60,62,62,62,63,65,65,65,65,67,67,73,79,81,81,81,81,79,80,81,80,80,81,88,88,100,101,101,102,102,103,103,104,104,105,105,103,104,105,104,102,102,100,101,101,102,102,102,102,102,103,103],"gold":574,"neow_bonus":"TWENTY_PERCENT_HP_BONUS","is_daily":false,"chose_seed":false,"campfire_upgraded":7,"win_rate":0.0,"timestamp":1614157084,"path_taken":["M","M","?","M","?","E","R","?","T","E","COS","?","R","E","R","BOSS","M","?","?","COS","?","E","M","E","T","E","E","R","E","E","R","BOSS","M","?","M","?","M","R","E","E","T","E","E","COS","E","E","R","BOSS","R","$","E","BOSS"],"items_purchased_type":["Relic"],"build_version":"2020-12-22","purchased_purges":1,"victory":true,"max_hp_per_floor":[75,76,76,77,77,86,86,78,79,80,80,80,77,78,78,79,79,81,81,81,81,79,80,82,80,80,87,102,102,100,101,101,102,102,103,103,104,104,105,105,103,104,105,104,102,102,100,101,101,102,102,102,102,102,103,103],"card_choices":[{"not_picked":["Rewind","UpbeatPerformance","EnergyBeam","ForcefulGesture","AsThePrescriptOrders","EnergyCycle","StructuralAnalysis","WillOfThePrescript","CoordinatedAssault"],"picked":"SKIP","floor":1},{"not_picked":["EnergyCycle","ToOvercomeCrisis","SerpentSwordTechnique","HiddenBlade","TrashDisposal","BiAn","HandleRequest","YourShield","BackAttack","UpbeatPerformance","EnergyShield"],"picked":"SKIP","floor":2},{"not_picked":["ConcentratedFire","SkitterAway","RulesOfTheBackstreets","TendonChords","ForcefulGesture","InkOver","Collision","NonstopAssault","Riposte","IngredientHunt"],"picked":"GoinFirst","floor":4},{"not_picked":["Leap_lor","ToOvercomeCrisis","Brawl","TimeForALittleTest","BackstreetsDash","Gigigig","Collision","BulkyImpact","PinpointShot","BiAn","EnergyShield"],"picked":"SKIP","floor":6},{"not_picked":["LeRegole","SharpSwipe","DefenseOrder","GuidanceOfTheGears","Tttonst","VioletBlade","Unlock1","Faith","SharpNails","SearingSword"],"picked":"SnakesPrey","floor":10},{"not_picked":["BiteOff","TrimTheIngredients","BiXi","HandleRequest","AutomatedMovement","GrazeTheGrass","ClassAndRespect","EndlessBattle","MultiHit","Thrust"],"picked":"SomberProcuration","floor":12},{"not_picked":["GaleKick","PuppetBlockade","AsThePrescriptOrders","MindPrepared","Cruelty","SunsetBlade","SnakesPrey","HandleRequest","BackstreetsDash","EnergyStrike"],"picked":"Faith","floor":12},{"not_picked":["Wallop_lor","YourShield","Reload","FlowOfTheSword","BackAttack","Rewind","WillOfThePrescript","SkyClearingCut","PinpointShot","FlashingStrike","ToOvercomeCrisis"],"picked":"SKIP","floor":14},{"not_picked":["ShockRound","AsThePrescriptOrders","InnerArdor","FierceCharge","DarkCloud","ViolentFlame","MultiHit+1","HiddenBlade+1","SharpenedBlade","Quickness+1"],"picked":"FrontalAssault+1","floor":18},{"not_picked":["ButterflySlash","YoureTooSlow","Leap_lor","FlashingStrike","Thirst","Outburst","Ripple+1","Mutilate+1","Endure+1","ClassAndRespect","Execute_lor"],"picked":"SKIP","floor":23},{"not_picked":["SkitterAway","ViolentFlame","FrontalAssault+1","Wallop_lor+1","SuppressingShot","StrongStrike","QuickAttack","FleetEdge","Reload","SharpNails"],"picked":"CombatPreparation","floor":24},{"not_picked":["FierceOnslaught","SpearedSweep+1","Leap_lor","MultiBlock+1","ChargeUp","SetFire","FlashingStrike","Overpower+1","StrikeDown+1","PinpointShot+1"],"picked":"Parry2","floor":25},{"not_picked":["TraceOfFumes","TimeForALittleTest","Suppress","FierceOnslaught","SharpenedBlade","Thrust","Disposal","Pound","Thirst","Wallop_lor","Endure"],"picked":"SKIP","floor":27},{"not_picked":["ForTheFamily","ExtremeEdge","UpbeatPerformance","HandleRequest","CoordinatedAssault","Leap_lor","Parry+1","DimensionalRift+1","Concentration","Multislash+1","KeepItFresh+1"],"picked":"SKIP","floor":28},{"not_picked":["TrimTheIngredients","Marionette","VenomousFangs","SteelKnuckles","Unlock1+1","StrongStrike","TieShanKao","Rewind","Duel_lor","BladeWhirl"],"picked":"SilentMist","floor":30},{"not_picked":["UncannyStrike","WaitUp","SomberProcuration","Standoff","EndlessBattle+1","SpearedSweep","AsThePrescriptOrders","Brawl","LawAndOrder+1","FieryDragonSlash+1"],"picked":"DarkCloud","floor":31},{"not_picked":["SpearedSweep","Leap_lor+1","StructuralAnalysis","Parry2","Commandeering","Faith+1","Riposte","UnavoidableGaze","EnergyShield","Wallop_lor","Standoff"],"picked":"SKIP","floor":35},{"not_picked":["Outburst+1","HardRehearsal+1","Thrust+1","FleetFootsteps+1","Leap_lor+1","SuanNi","SunsetBlade+1","PreparedMind+1","SpearedSweep","IngredientHunt","DeepDrag"],"picked":"SKIP","floor":37},{"not_picked":["Pound+1","Parry2","Rewind+1","QuickAttack+1","GuidanceOfTheGears","SkyClearingCut","Riposte","Punishment","PinpointShot+1","BiAn","Outburst"],"picked":"SKIP","floor":39},{"not_picked":["Wallop_lor","NightInTheBackstreets","AGoldenOpportunity+1","SmokingPipe","Parry","Leap_lor+1","FleetEdge","Concentration+1","Guardian_lor","HiddenBlade+1","SpearedSweep"],"picked":"SKIP","floor":41},{"not_picked":["QuickSuppression+1","FrontalAssault","IllEndYou","ReadyUp","EnergyShield","PinpointShot+1","ChargeUp","TendonChords+1","RapidGashes+1","TrimTheIngredients+1","FleetFootsteps"],"picked":"SKIP","floor":42},{"not_picked":["ShrineToMusic","SmokingPipe+1","Standoff","SnakesPrey+1","BladeWhirl+1","MirageStorm","QuickAttack+1","FleetFootsteps+1","Multislash","SunsetBlade+1","RapidGashes"],"picked":"SKIP","floor":44},{"not_picked":["MirageStorm","Wallop_lor","Pound+1","GuardingStance+1","WaitUp+1","Creak+1","Rewind+1","BoundaryOfDeath","Thrust+1","Leap_lor+1"],"picked":"DriedUp+1","floor":45},{"not_picked":["TendonChords","Zzzzzap","GoinFirst+1","NightInTheBackstreets+1","PinpointShot","Rewind","GreatSerpentsImpact+1","FleetEdge+1","LawAndOrder+1","GroundSmash+1","StrikeDown+1"],"picked":"SKIP","floor":47},{"not_picked":["KeepItFresh+1","HandleRequest+1","Thrust+1","SpearedSweep+1","SuppressingShot","SetFire+1","BladeWhirl+1","ScratchThat+1","Reload+1","CoordinatedAssault+1","StrongStrike+1"],"picked":"SKIP","floor":48},{"not_picked":["SetFire+1","Struggle+1","ScatteringSlash+1","FrontalAssault","HiddenBlade","SnakesPrey+1","Diversion","Bvapour","FleetEdge","Thrust","AutomatedMovement"],"picked":"SKIP","floor":55}],"player_experience":1171118,"relics_obtained":[{"floor":1,"key":"SynthV:TestCard"},{"floor":1,"key":"LetterFromLob"},{"floor":6,"key":"PageOfSingingMachine"},{"floor":10,"key":"PageOfWrath"},{"floor":14,"key":"PageOfTheQueenOfHatred"},{"floor":22,"key":"PageOfTheKnightOfDespair"},{"floor":22,"key":"PageOfTheKnightOfDespair"},{"floor":23,"key":"PageOfGreed"},{"floor":24,"key":"PageOfNihil"},{"floor":25,"key":"Orichalcum"},{"floor":26,"key":"PageOfBloodbath"},{"floor":27,"key":"Potion Belt"},{"floor":28,"key":"Dota2Spire:DrumOfEndurance"},{"floor":30,"key":"PageOfNothingThere"},{"floor":31,"key":"Guardian:PocketSentry"},{"floor":41,"key":"testmod-ArcanaOfDestiny"},{"floor":42,"key":"Omamori"},{"floor":43,"key":"HornCleat"},{"floor":44,"key":"Old Coin"},{"floor":45,"key":"PageOfApocalypseBird"},{"floor":47,"key":"testmod-FatalChain"},{"floor":48,"key":"FossilizedHelix"},{"floor":55,"key":"PageOfAlriune"}],"event_choices":[{"damage_healed":0,"gold_gain":0,"player_choice":"Swap Relic","damage_taken":0,"relics_obtained":["Technique"],"max_hp_gain":0,"max_hp_loss":0,"event_name":"给自己的盒子","floor":5,"relics_lost":["Technique"],"gold_loss":0}],"is_beta":false,"boss_relics":[{"not_picked":["Velvet Choker","Pandora\u0027s Box"],"picked":"Transparent"},{"not_picked":["Coffee Dripper","testmod-StringDisintegrator"],"picked":"Dota2Spire:RefresherOrb"}],"items_purged_floors":[54],"is_endless":false,"potions_floor_spawned":[1,6,10,24,30,31,35,39,44,47,48],"ascension_level":1}}