{"host":"9dq5hqb6tzwgr8n9","time":1614143046,"event":{"mods":["ATMod(°¢èªMod)","Act Like it!","BaseMod","Better Third Choice","GifTheSpireLib","Minty Spire (QoL Compilation)","Reliquary","RyuuouÁúÍõ","StSLib","¡¾ÒÅÎï¿¨ÅÆ¡¿REMEMod","óô»ðÖ¸ÄÏ"],"gold_per_floor":[109,284,284,308,321,347,361,54,105,105,5,26,48,69,69,179,179,199,218,218,218],"floor_reached":20,"language":"ZHS","playtime":807,"items_purged":["Doubt","Defend_B"],"score":201,"play_id":"cf512f7b-8eb5-4913-a7c4-a1759b7427ba","local_time":"20210224130406","is_ascension_mode":false,"campfire_choices":[{"data":"REME_Whirling","floor":10,"key":"SMITH"},{"data":"Leap","floor":15,"key":"SMITH"}],"circlet_count":0,"master_deck":["Strike_B","Strike_B","Strike_B","Strike_B","Defend_B","Defend_B","Defend_B","Zap","Dualcast","AT_TwilightShroud","Capacitor","AT_DarkMatter","REME_Whirling+1","Ball Lightning","AT_DarkMatter","REME_BuildACard","Hello World","Leap+1","Recycle","Machine Learning","Self Repair+1","Coolheaded"],"relics":["Cracked Core","AT_ATBox","REME_ComplimentaryCards","NeowsBlessing","Boot","Bag of Marbles","reliquary:Spinner","CeramicFish","Fusion Hammer"],"acts_visited":["Exordium","TheCity"],"potions_floor_usage":[20],"damage_taken":[{"damage":0,"enemies":"Jaw Worm","floor":1,"turns":1},{"damage":0,"enemies":"2 Louse","floor":5,"turns":1},{"damage":0,"enemies":"3 Sentries","floor":6,"turns":1},{"damage":0,"enemies":"Small Slimes","floor":7,"turns":4},{"damage":0,"enemies":"2 Fungi Beasts","floor":12,"turns":3},{"damage":17,"enemies":"Exordium Thugs","floor":13,"turns":6},{"damage":13,"enemies":"Looter","floor":14,"turns":3},{"damage":26,"enemies":"The Guardian","floor":16,"turns":10},{"damage":8,"enemies":"Shell Parasite","floor":18,"turns":8},{"damage":10,"enemies":"Chosen","floor":19,"turns":7},{"damage":68,"enemies":"3 Cultists","floor":20,"turns":6}],"seed_played":"1562318635914951378","potions_obtained":[{"floor":1,"key":"Fire Potion"},{"floor":6,"key":"ColorlessPotion"},{"floor":16,"key":"GamblersBrew"},{"floor":19,"key":"PowerPotion"}],"is_trial":false,"path_per_floor":["M","?","?","T","M","E","M","R","T","R","$","M","M","M","R","B",null,"M","M","M"],"character_chosen":"DEFECT","items_purchased":["AT_DarkMatter","REME_BuildACard"],"campfire_rested":0,"item_purchase_floors":[8,8],"current_hp_per_floor":[75,75,72,72,72,72,72,72,72,72,72,72,55,42,42,16,75,67,67,0,0],"gold":218,"neow_bonus":"THREE_ENEMY_KILL","is_daily":false,"chose_seed":false,"campfire_upgraded":2,"win_rate":0.0,"timestamp":1614143046,"path_taken":["M","?","?","?","M","E","?","R","T","R","$","M","M","M","R","BOSS","M","M","M"],"items_purchased_type":["Card","Card"],"build_version":"2020-12-22","purchased_purges":2,"victory":false,"max_hp_per_floor":[75,75,75,75,75,75,75,75,75,75,75,75,75,75,75,75,75,75,75,75,75],"card_choices":[{"not_picked":["Rebound","Hologram"],"picked":"Capacitor","floor":1},{"not_picked":["AT_HeatAcrobatics","Hologram"],"picked":"AT_DarkMatter","floor":5},{"not_picked":["Rebound","Conserve Battery"],"picked":"REME_Whirling","floor":6},{"not_picked":["Beam Cell","Compile Driver"],"picked":"Ball Lightning","floor":7},{"not_picked":["AT_StudyProgram","Redo"],"picked":"Hello World","floor":12},{"not_picked":["Sweeping Beam","Conserve Battery"],"picked":"Leap","floor":13},{"not_picked":["Compile Driver","Sweeping Beam"],"picked":"Recycle","floor":14},{"not_picked":["Core Surge","Amplify"],"picked":"Machine Learning","floor":16},{"not_picked":["Sunder+1","Gash"],"picked":"Self Repair+1","floor":18},{"not_picked":["Compile Driver","Double Energy"],"picked":"Coolheaded","floor":19}],"player_experience":114497,"relics_obtained":[{"floor":4,"key":"Bag of Marbles"},{"floor":6,"key":"reliquary:Spinner"},{"floor":9,"key":"CeramicFish"}],"event_choices":[{"damage_healed":0,"gold_gain":175,"player_choice":"AGREE","damage_taken":109,"max_hp_gain":0,"max_hp_loss":0,"event_name":"betterThird:BetterSerpent","floor":2,"gold_loss":0},{"damage_healed":0,"gold_gain":0,"player_choice":"Relic ","damage_taken":3,"max_hp_gain":0,"max_hp_loss":0,"event_name":"betterThird:BetterScrap","floor":3,"gold_loss":0,"cards_obtained":["Battle Trance"]}],"is_beta":false,"boss_relics":[{"not_picked":["Black Star","Ectoplasm"],"picked":"Fusion Hammer"}],"items_purged_floors":[8,11],"is_endless":false,"potions_floor_spawned":[1,6,16,19],"killed_by":"3 Cultists","ascension_level":0}}