{"host":"y2ptgajoxt8nh64w","time":1614144159,"event":{"mods":["10 clothes from DAL","100% Spire Juice","AchievementEnabler","Act Like it!","Arknights","BaseMod","Better Vampires","CapriCore","Colored Map","Colored Powertips","Conspire","DeckTracker","Energized Spire","Friendly Minions","Gensokyo","GifTheSpireLib","Hallownest","Highlight Path","Koishi","Marisa（F雨　魔理沙）","Minty Spire (QoL Compilation)","Quick Restart","Rare Cards Sparkle","Reimu（博丽灵梦）","Relic Stats","Remilia（蕾米莉亚）","RumiaBox-露米娅的神秘盒子","Ryuuou龙王","StSLib","The Immortal","The Servant 0.9.4","Waifu the Spire","WarShipGirlsR/战舰少女R mod","Wide Potions","Youmu（魂魄妖梦）","【人物mod】游戏王New YuGiOh mod","【功能Mod】混沌之环修复补丁","【功能Mod】聪明的最终Boss","【遗物卡牌】REMEMod","老伊莉雅"],"gold_per_floor":[111,111,125,140,415,447,462,480,503,503,523,120,120,130,130,212,212,242,242,269,296,328,378,126,126,126,153,153,203,203,232,232,350,350,365,378,397,417,435,472,472,497,522,547,547,547,221,264,264,276,276,276,31,60,75],"floor_reached":56,"language":"ZHS","playtime":5907,"items_purged":["Regret","Iron Wave","Wraith"],"score":1538,"play_id":"ef3954d1-e1dd-4524-b84e-e9baf4ba640b","local_time":"20210224132239","is_ascension_mode":false,"campfire_choices":[{"data":"BlackMage","floor":30.0,"key":"PURGE"},{"floor":49.0,"key":"RECALL"}],"circlet_count":0,"master_deck":["StoneGiant","StoneGiant","GroundShake","GroundShake","GroundShake","SuddenShock","WhiteDragon","DragonMage","DemoBook","DragonReflection","FleshShield","BookScan","AccelerateMagic","SideChaos","WhiteStone","TimeTakenCity","Flash of Steel","AnotherSide","WhiteDragon+1","DestroyDragon","DragonAnger+1","EndlessPalace","BlackMage","IceDragon+1","DoubleDragon+1","WhiteDragon","Student+1","DragonTear+1","DragonOrigin+1","WhiteGuide","DragonOrigin+1","Camael"],"relics":["Question Card","Thousand","REME_ComplimentaryCards","Lantern","NlothsMask","YidongShenshe:ReiMu","Regal Pillow","conspire:RunicOctahedron","Nunchaku","REME_CardOfGreed","GodSword1","Sundial","AddBug","Sundial","Question Card","Happy Flower","RuthlessExorcism:ReiMu","Orichalcum","conspire:TopHat","Toy Ornithopter"],"acts_visited":["Exordium","TheCity","TheBeyond","TheEnding"],"potions_floor_usage":[54],"damage_taken":[{"damage":9.0,"enemies":"ats:Genji","floor":1.0,"turns":4.0},{"damage":0.0,"enemies":"Cultist","floor":3.0,"turns":2.0},{"damage":0.0,"enemies":"Small Slimes","floor":4.0,"turns":4.0},{"damage":3.0,"enemies":"Lagavulin","floor":6.0,"turns":6.0},{"damage":11.0,"enemies":"Gremlin Gang","floor":7.0,"turns":4.0},{"damage":12.0,"enemies":"Blue Slaver","floor":8.0,"turns":3.0},{"damage":22.0,"enemies":"Looter","floor":11.0,"turns":3.0},{"damage":0.0,"enemies":"3 Sentries","floor":14.0,"turns":3.0},{"damage":8.0,"enemies":"Hexaghost","floor":16.0,"turns":5.0},{"damage":0.0,"enemies":"Spheric Guardian","floor":18.0,"turns":1.0},{"damage":0.0,"enemies":"conspire:FuzzyDice","floor":20.0,"turns":2.0},{"damage":0.0,"enemies":"conspire:HollyBat","floor":21.0,"turns":6.0},{"damage":0.0,"enemies":"Snake Plant","floor":22.0,"turns":3.0},{"damage":4.0,"enemies":"Book of Stabbing","floor":23.0,"turns":4.0},{"damage":0.0,"enemies":"3 Cultists","floor":27.0,"turns":3.0},{"damage":0.0,"enemies":"conspire:SneckoGhost","floor":29.0,"turns":3.0},{"damage":0.0,"enemies":"Shelled Parasite and Fungi","floor":31.0,"turns":1.0},{"damage":0.0,"enemies":"conspire:MysteriousRune","floor":33.0,"turns":2.0},{"damage":6.0,"enemies":"3 Shapes","floor":35.0,"turns":3.0},{"damage":0.0,"enemies":"3 Darklings","floor":36.0,"turns":3.0},{"damage":0.0,"enemies":"Jaw Worm Horde","floor":37.0,"turns":2.0},{"damage":0.0,"enemies":"Sphere and 2 Shapes","floor":38.0,"turns":3.0},{"damage":0.0,"enemies":"Maw","floor":39.0,"turns":3.0},{"damage":0.0,"enemies":"Nemesis","floor":40.0,"turns":2.0},{"damage":3.0,"enemies":"4 Shapes","floor":42.0,"turns":3.0},{"damage":0.0,"enemies":"Jaw Worm Horde","floor":44.0,"turns":1.0},{"damage":0.0,"enemies":"Giant Head","floor":48.0,"turns":4.0},{"damage":0.0,"enemies":"Awakened One","floor":50.0,"turns":4.0},{"damage":0,"enemies":"Shield and Spear","floor":54,"turns":1},{"damage":32,"enemies":"The Heart","floor":55,"turns":3}],"seed_played":"6395454160580285368","potions_obtained":[{"floor":4.0,"key":"DistilledChaos"},{"floor":6.0,"key":"Block Potion"},{"floor":14.0,"key":"SmokeBomb"}],"is_trial":false,"path_per_floor":["M","?","M","M","?","E","M","M","T","?","M","$","?","E","R","B",null,"M","?","M","M","M","E","$","?","T","M","?","E","R","M","R","B",null,"M","M","M","M","M","E","?","M","T","M","R","?","$","E","R","B",null,"R","$","E","B",null],"character_chosen":"DragonServant","items_purchased":["WhiteStone","TimeTakenCity","Flash of Steel","REME_CardOfGreed","Energy Potion","RuthlessExorcism:ReiMu","Camael","conspire:TopHat"],"campfire_rested":0,"item_purchase_floors":[12,12,12,24,47,47,53,53],"current_hp_per_floor":[57,57,58,59,59,57,48,36,36,36,14,14,14,25,25,25,66,66,66,66,66,66,63,63,63,63,66,63,66,66,66,66,66,66,60,66,66,66,66,66,66,66,66,66,66,63,63,63,63,63,63,63,63,63,36],"gold":75,"neow_bonus":"TEN_PERCENT_HP_BONUS","is_daily":false,"chose_seed":false,"campfire_upgraded":0,"win_rate":0.0,"timestamp":1614144159,"path_taken":["M","?","?","M","?","E","?","M","T","?","?","$","?","E","R","BOSS","M","?","M","M","?","E","?","?","T","?","?","E","R","M","R","BOSS","M","?","M","M","M","E","?","M","T","M","R","?","$","E","R","BOSS","R","$","E","BOSS"],"items_purchased_type":["Card","Card","Card","Relic","Potion","Relic","Card","Relic"],"build_version":"2020-12-22","purchased_purges":3,"victory":true,"max_hp_per_floor":[66,66,66,66,66,66,66,66,66,66,66,66,66,66,66,66,66,66,66,66,66,66,66,66,66,66,66,66,66,66,66,66,66,66,66,66,66,66,66,66,66,66,66,66,66,63,63,63,63,63,63,63,63,63,63],"relic_stats":{"Regal Pillow":0,"Nunchaku":[29],"Happy Flower":[4],"counters":[30,91],"Sundial":[30],"Orichalcum":[18],"Question Card":32,"obtain_stats":[{"Lantern":6,"Regal Pillow":14,"Happy Flower":43,"Thousand":0,"conspire:RunicOctahedron":17,"AddBug":34,"Orichalcum":48,"Question Card":0,"conspire:TopHat":53,"Nunchaku":23,"Sundial":29,"YidongShenshe:ReiMu":13,"REME_CardOfGreed":24,"Toy Ornithopter":54,"REME_ComplimentaryCards":0,"NlothsMask":10,"GodSword1":25,"RuthlessExorcism:ReiMu":47},{"Lantern":4,"Regal Pillow":8,"Happy Flower":25,"Thousand":0,"conspire:RunicOctahedron":9,"AddBug":18,"Orichalcum":27,"Question Card":0,"conspire:TopHat":28,"Nunchaku":14,"Sundial":16,"YidongShenshe:ReiMu":7,"REME_CardOfGreed":14,"Toy Ornithopter":29,"REME_ComplimentaryCards":0,"NlothsMask":6,"GodSword1":14,"RuthlessExorcism:ReiMu":26},{"Lantern":16,"Regal Pillow":29,"Happy Flower":78,"Thousand":0,"conspire:RunicOctahedron":34,"AddBug":59,"Orichalcum":83,"Question Card":0,"conspire:TopHat":87,"Nunchaku":50,"Sundial":56,"YidongShenshe:ReiMu":26,"REME_CardOfGreed":50,"Toy Ornithopter":88,"REME_ComplimentaryCards":0,"NlothsMask":23,"GodSword1":50,"RuthlessExorcism:ReiMu":79}],"Toy Ornithopter":0},"card_choices":[{"not_picked":["Student","SideExchange","DemoTeacher"],"picked":"FleshShield","floor":1.0},{"not_picked":["SoundFromHell","BookScan","MoonlightDragon","RedEyeDragon"],"picked":"SKIP","floor":3.0},{"not_picked":["BookScan","TrapMaster","DragonAnger"],"picked":"BlackMage","floor":4.0},{"not_picked":["AntiMana","StoneGiant","SoundFromHell","ManaFloor"],"picked":"SKIP","floor":6.0},{"not_picked":["StoneGiant","GatherUp","SuddenShock"],"picked":"BookScan","floor":7.0},{"not_picked":["WindDragon","SuddenShock","DragonReflection"],"picked":"AccelerateMagic","floor":8.0},{"not_picked":["CardExchange","DragonMage","WhiteMage"],"picked":"SideChaos","floor":11.0},{"not_picked":["DemoMaster","DragonValley","DemoTeacher"],"picked":"AnotherSide","floor":14.0},{"not_picked":["WhiteGuide+1","DragonOrigin+1"],"picked":"WhiteDragon+1","floor":15.0},{"not_picked":["SideSpell","MirrorAngel","Forecast"],"picked":"DestroyDragon","floor":16.0},{"not_picked":["GatherUp","DemoHunter","LoliMage+1"],"picked":"DragonAnger+1","floor":18.0},{"not_picked":["ExpansiveShield","DarkDoor","Friendship","WhiteGuide"],"picked":"SKIP","floor":20.0},{"not_picked":["LoliMage","StoneGiant","SideChaos+1","GatherUp"],"picked":"SKIP","floor":21.0},{"not_picked":["DownHell+1","DemoTeacher+1","LoliMage+1"],"picked":"EndlessPalace","floor":22.0},{"not_picked":["SuddenShock","CooperationSpell","DragonOrigin","DemoExchange"],"picked":"SKIP","floor":23.0},{"not_picked":["DarkDoor","TrapMaster","Earth","DemoTeacher"],"picked":"SKIP","floor":27.0},{"not_picked":["LibraryManager","LoliMage","DemoExchange"],"picked":"BlackMage","floor":29.0},{"not_picked":["EndlessPalace","DemoBook","SideChaos+1"],"picked":"IceDragon+1","floor":31.0},{"not_picked":["DragonTear+1","WhiteStone+1"],"picked":"DoubleDragon+1","floor":32.0},{"not_picked":["Forecast","WhiteStone","Earth"],"picked":"WhiteDragon","floor":33.0},{"not_picked":["Friendship","MoonlightDragon","SideExchange","MageKnight"],"picked":"SKIP","floor":35.0},{"not_picked":["DemoHunter","Friendship+1","ManaRailgun"],"picked":"Student+1","floor":36.0},{"not_picked":["CooperationSpell","GatherUp","DownHell+1","DemoExchange+1"],"picked":"SKIP","floor":37.0},{"not_picked":["BlackMage","CardExchange","DemoExchange"],"picked":"DragonTear+1","floor":38.0},{"not_picked":["ExpansiveShield","CaseMagic","SideChaos+1","DemoExchange+1"],"picked":"SKIP","floor":39.0},{"not_picked":["WindDragon","DemoBook+1","DemoMaster"],"picked":"DragonOrigin+1","floor":40.0},{"not_picked":["TrapMaster","CooperationSpell+1","LibraryManager","DragonReflection+1"],"picked":"WhiteGuide","floor":42.0},{"not_picked":["DarkDoor","MagicAmplify+1","DragonOrigin","MirrorAngel","CooperationSpell"],"picked":"SKIP","floor":44.0},{"not_picked":["DownHell","WindDragon+1","BlackMage+1","AnotherSide","WhiteDragon"],"picked":"SKIP","floor":48.0},{"not_picked":["WhiteDragon+1","WhiteStone+1"],"picked":"DragonOrigin+1","floor":52.0},{"not_picked":["ManaFloor","DragonOrigin","MagicAmplify","DemoHunter","ExpansiveShield"],"picked":"SKIP","floor":54}],"player_experience":15921,"relics_obtained":[{"floor":6.0,"key":"Lantern"},{"floor":14.0,"key":"Regal Pillow"},{"floor":23.0,"key":"Nunchaku"},{"floor":29.0,"key":"Sundial"},{"floor":35.0,"key":"Sundial"},{"floor":40.0,"key":"Question Card"},{"floor":43.0,"key":"Happy Flower"},{"floor":48.0,"key":"Orichalcum"},{"floor":54,"key":"Toy Ornithopter"}],"event_choices":[{"cards_removed":["Paverschlev"],"damage_healed":0.0,"max_hp_gain":0.0,"max_hp_loss":0.0,"gold_gain":0.0,"event_name":"NoteForYourself","player_choice":"Took Card","floor":2.0,"gold_loss":0.0,"damage_taken":0.0,"cards_obtained":["Iron Wave"]},{"damage_healed":0.0,"max_hp_gain":0.0,"max_hp_loss":0.0,"gold_gain":275.0,"event_name":"Golden Shrine","player_choice":"Desecrate","floor":5.0,"gold_loss":0.0,"damage_taken":0.0,"cards_obtained":["Regret"]},{"damage_healed":0.0,"max_hp_gain":0.0,"max_hp_loss":0.0,"gold_gain":0.0,"event_name":"FaceTrader","player_choice":"Trade","floor":10.0,"gold_loss":0.0,"damage_taken":0.0,"relics_obtained":["NlothsMask"]},{"damage_healed":0.0,"max_hp_gain":0.0,"max_hp_loss":0.0,"gold_gain":0.0,"event_name":"yidonshenshe","player_choice":"带走神社","floor":13.0,"gold_loss":0.0,"damage_taken":0.0,"relics_obtained":["YidongShenshe:ReiMu"],"cards_obtained":["Poor:ReiMu"]},{"cards_removed":["Poor:ReiMu"],"damage_healed":0.0,"max_hp_gain":0.0,"max_hp_loss":0.0,"gold_gain":0.0,"event_name":"Fountain of Cleansing","player_choice":"Removed Curses","floor":19.0,"gold_loss":0.0,"damage_taken":0.0},{"damage_healed":0.0,"max_hp_gain":0.0,"max_hp_loss":0.0,"gold_gain":0.0,"event_name":"WeMeetAgain","player_choice":"Gave Potion","floor":25.0,"gold_loss":0.0,"damage_taken":0.0,"relics_obtained":["GodSword1"]},{"damage_healed":0.0,"max_hp_gain":0.0,"max_hp_loss":0.0,"gold_gain":0.0,"event_name":"Designer","player_choice":"Punched","floor":28.0,"gold_loss":0.0,"damage_taken":3.0},{"damage_healed":0.0,"max_hp_gain":0.0,"max_hp_loss":0.0,"gold_gain":0.0,"event_name":"OrinTheCat","player_choice":"Ignored","floor":41.0,"gold_loss":0.0,"damage_taken":0.0},{"damage_healed":0.0,"max_hp_gain":0.0,"max_hp_loss":3.0,"gold_gain":0.0,"event_name":"Winding Halls","player_choice":"Max HP","floor":46.0,"gold_loss":0.0,"damage_taken":0.0}],"is_beta":false,"boss_relics":[{"not_picked":["Snecko Eye","energizedSpire:HugeHouse"],"picked":"conspire:RunicOctahedron"},{"not_picked":["energizedSpire:OgreHead","Busted Crown"],"picked":"AddBug"}],"items_purged_floors":[12,24,47],"is_endless":false,"potions_floor_spawned":[4,6,8,14,18,22,33,36,37,48],"ascension_level":0}}