{"host":"fm9e0lfunjlbhzxv","time":1614202217,"event":{"mods":["2.2 Compatiblity","AchievementEnabler","Alarm Clock","BaseMod","Bestiary","Colored Map","Colored Powertips","Key Reminder","Minty Spire (QoL Compilation)","Permanent Neow","Random Character Button","Rare Cards Sparkle","Relic Stats","StSLib","slay the spire mod where everything is the same but ironclad has a cowboy hat"],"gold_per_floor":[111,186,201,201,49,49,65,94,118,136,136,174,31,31,31,151,151,196,196,196,240,240,265,265],"floor_reached":23,"language":"ENG","playtime":1916,"items_purged":["Defend_P"],"score":271,"play_id":"d8721789-92fe-4d4b-8007-f46fb9df4707","local_time":"20210224133017","is_ascension_mode":true,"campfire_choices":[{"data":"WheelKick","floor":6,"key":"SMITH"},{"floor":15,"key":"REST"}],"circlet_count":0,"master_deck":["Strike_P","Strike_P","Defend_P","Defend_P","Defend_P","Eruption","Vigilance","WheelKick+1","EmptyBody","MentalFortress","Meditate","Halt","FlurryOfBlows","Wireheading","LikeWater","Wish","RitualDagger","Ghostly","Ghostly","Ghostly","Ghostly","Ghostly","Swivel","Pray"],"relics":["Velvet Choker","ClockworkSouvenir","Vajra","Bag of Preparation","Golden Idol","Orichalcum","FaceOfCleric","Snecko Eye"],"acts_visited":["Exordium","TheCity"],"potions_floor_usage":[16],"damage_taken":[{"damage":2,"enemies":"Cultist","floor":1,"turns":3},{"damage":2,"enemies":"Jaw Worm","floor":3,"turns":3},{"damage":0,"enemies":"Small Slimes","floor":7,"turns":3},{"damage":9,"enemies":"Lagavulin","floor":8,"turns":6},{"damage":0,"enemies":"Exordium Thugs","floor":10,"turns":3},{"damage":10,"enemies":"Gremlin Nob","floor":12,"turns":3},{"damage":5,"enemies":"Slime Boss","floor":16,"turns":8},{"damage":0,"enemies":"3 Byrds","floor":18,"turns":4},{"damage":0,"enemies":"Chosen","floor":21,"turns":6},{"damage":45,"enemies":"Gremlin Leader","floor":23,"turns":7}],"seed_played":"-7462165328640729317","potions_obtained":[{"floor":10,"key":"SpeedPotion"},{"floor":16,"key":"Dexterity Potion"}],"is_trial":false,"path_per_floor":["M","?","M","?","$","R","M","E","T","M","?","E","$","?","R","B",null,"M","?","?","M","?","E"],"character_chosen":"WATCHER","items_purchased":["ClockworkSouvenir","LikeWater"],"campfire_rested":1,"item_purchase_floors":[5,13],"current_hp_per_floor":[70,59,57,57,57,57,57,48,48,48,30,20,20,20,41,37,64,65,59,37,38,38,0,0],"gold":265,"neow_bonus":"BOSS_RELIC","is_daily":false,"chose_seed":false,"campfire_upgraded":1,"win_rate":0.0,"timestamp":1614202217,"path_taken":["M","?","M","?","?","R","M","E","T","?","?","E","$","?","R","BOSS","M","?","?","M","?","E"],"items_purchased_type":["Relic","Card"],"build_version":"2020-12-22","purchased_purges":1,"victory":false,"max_hp_per_floor":[72,72,72,72,72,72,72,72,72,72,72,72,72,72,72,73,73,74,74,37,38,38,38,38],"relic_stats":{"FaceOfCleric":3,"counters":[10,46],"Golden Idol":40,"Snecko Eye":[26,44,41,30],"Bag of Preparation":[12],"Orichalcum":[36],"obtain_stats":[{"FaceOfCleric":14,"Golden Idol":11,"Velvet Choker":0,"Vajra":8,"Snecko Eye":17,"Bag of Preparation":9,"PureWater":0,"Orichalcum":12,"ClockworkSouvenir":5},{"FaceOfCleric":6,"Golden Idol":5,"Velvet Choker":0,"Vajra":4,"Snecko Eye":7,"Bag of Preparation":4,"PureWater":0,"Orichalcum":6,"ClockworkSouvenir":2},{"FaceOfCleric":21,"Golden Idol":18,"Velvet Choker":0,"Vajra":15,"Snecko Eye":29,"Bag of Preparation":15,"PureWater":0,"Orichalcum":21,"ClockworkSouvenir":6}]},"card_choices":[{"not_picked":["CutThroughFate","Protect"],"picked":"WheelKick","floor":1},{"not_picked":["ThirdEye","SashWhip"],"picked":"EmptyBody","floor":3},{"not_picked":["CutThroughFate","CrushJoints"],"picked":"Meditate","floor":7},{"not_picked":["Judgement","WindmillStrike"],"picked":"Halt","floor":8},{"not_picked":["InnerPeace","Halt"],"picked":"FlurryOfBlows","floor":10},{"not_picked":["Fasting2","Pray"],"picked":"Wireheading","floor":12},{"not_picked":["Brilliance","Establishment"],"picked":"Wish","floor":16},{"not_picked":["Evaluate","FollowUp","Crescendo"],"picked":"SKIP","floor":18},{"not_picked":["FlurryOfBlows","BowlingBash"],"picked":"Swivel","floor":21}],"player_experience":452482,"relics_obtained":[{"floor":8,"key":"Vajra"},{"floor":9,"key":"Bag of Preparation"},{"floor":12,"key":"Orichalcum"}],"event_choices":[{"damage_healed":0,"gold_gain":75,"player_choice":"Gather Gold","damage_taken":11,"max_hp_gain":0,"max_hp_loss":0,"event_name":"World of Goop","floor":2,"gold_loss":0},{"damage_healed":0,"gold_gain":0,"cards_transformed":["Strike_P"],"player_choice":"Change","damage_taken":0,"max_hp_gain":0,"max_hp_loss":0,"event_name":"Living Wall","floor":4,"gold_loss":0,"cards_obtained":["MentalFortress"]},{"damage_healed":0,"gold_gain":0,"player_choice":"Take Damage","damage_taken":18,"relics_obtained":["Golden Idol"],"max_hp_gain":0,"max_hp_loss":0,"event_name":"Golden Idol","floor":11,"gold_loss":0},{"damage_healed":0,"gold_gain":0,"player_choice":"Trade","damage_taken":0,"relics_obtained":["FaceOfCleric"],"max_hp_gain":0,"max_hp_loss":0,"event_name":"FaceTrader","floor":14,"gold_loss":0},{"damage_healed":0,"gold_gain":0,"player_choice":"Joined the Cult","damage_taken":6,"max_hp_gain":0,"max_hp_loss":0,"event_name":"Nest","floor":19,"gold_loss":0,"cards_obtained":["RitualDagger"]},{"damage_healed":0,"gold_gain":0,"player_choice":"Became a Ghost","damage_taken":0,"max_hp_gain":0,"max_hp_loss":37,"event_name":"Ghosts","floor":20,"gold_loss":0,"cards_obtained":["Ghostly","Ghostly","Ghostly","Ghostly","Ghostly"]},{"damage_healed":0,"gold_gain":0,"cards_transformed":["Strike_P"],"player_choice":"Transformed","damage_taken":0,"max_hp_gain":0,"max_hp_loss":0,"event_name":"Transmorgrifier","floor":22,"gold_loss":0,"cards_obtained":["Pray"]}],"is_beta":false,"boss_relics":[{"not_picked":["Black Star","Tiny House"],"picked":"Snecko Eye"}],"items_purged_floors":[13],"is_endless":false,"potions_floor_spawned":[10,16],"killed_by":"Gremlin Leader","ascension_level":5}}