{"host":"y24pqu7jih1n8m3t","time":1614135671,"event":{"mods":["AchievementEnabler","BaseMod","Bestiary","Block Reminder","Colored Map","Colored Powertips","DeckTracker","Highlight Path","Minty Spire (QoL Compilation)","Permanent Neow","Quick Restart","Rare Cards Sparkle","Relic Stats"],"gold_per_floor":[16,29,40,40,63,99,99,114,138,138,138,138],"floor_reached":11,"language":"ENG","playtime":430,"items_purged":[],"score":86,"play_id":"86e74ce4-098e-4eea-a6cd-422ec190cd23","local_time":"20210223220111","is_ascension_mode":true,"campfire_choices":[{"data":"Barricade","floor":7,"key":"SMITH"}],"circlet_count":0,"master_deck":["Strike_R","Strike_R","Strike_R","Strike_R","Defend_R","Defend_R","Defend_R","Defend_R","Bash","Barricade+1","Cleave","Anger","Battle Trance","Iron Wave","Warcry","Feel No Pain"],"relics":["Burning Blood","Golden Idol","Charon\u0027s Ashes","Anchor"],"acts_visited":["Exordium"],"potions_floor_usage":[],"damage_taken":[{"damage":3,"enemies":"2 Louse","floor":1,"turns":2},{"damage":14,"enemies":"Jaw Worm","floor":2,"turns":3},{"damage":6,"enemies":"Cultist","floor":3,"turns":3},{"damage":16,"enemies":"3 Louse","floor":5,"turns":2},{"damage":15,"enemies":"Gremlin Nob","floor":6,"turns":4},{"damage":12,"enemies":"Looter","floor":8,"turns":3},{"damage":28,"enemies":"Lagavulin","floor":11,"turns":8}],"seed_played":"-7975246881952569421","potions_obtained":[{"floor":2,"key":"Dexterity Potion"},{"floor":5,"key":"Strength Potion"},{"floor":8,"key":"Strength Potion"}],"is_trial":false,"path_per_floor":["M","M","M","?","M","E","R","M","T","?","E"],"character_chosen":"IRONCLAD","items_purchased":[],"campfire_rested":0,"item_purchase_floors":[],"current_hp_per_floor":[80,72,72,52,42,33,33,27,27,27,0,0],"gold":138,"neow_bonus":"THREE_RARE_CARDS","is_daily":false,"chose_seed":false,"campfire_upgraded":1,"win_rate":0.0,"timestamp":1614135671,"path_taken":["M","M","M","?","M","E","R","M","T","?","E"],"items_purchased_type":[],"build_version":"2020-12-22","purchased_purges":0,"victory":false,"max_hp_per_floor":[80,80,80,80,80,80,80,80,80,80,80,80],"relic_stats":{"counters":[7,25],"Golden Idol":15,"Charon\u0027s Ashes":[6],"obtain_stats":[{"Anchor":9,"Golden Idol":4,"Charon\u0027s Ashes":6,"Burning Blood":0},{"Anchor":6,"Golden Idol":3,"Charon\u0027s Ashes":5,"Burning Blood":0},{"Anchor":17,"Golden Idol":8,"Charon\u0027s Ashes":14,"Burning Blood":0}],"Burning Blood":33},"card_choices":[{"not_picked":["Reaper","Limit Break"],"picked":"Barricade","floor":0},{"not_picked":["Sever Soul","Dual Wield"],"picked":"Cleave","floor":1},{"not_picked":["Twin Strike","Wild Strike"],"picked":"Anger","floor":2},{"not_picked":["Whirlwind","Flex"],"picked":"Battle Trance","floor":3},{"not_picked":["Sword Boomerang","Barricade"],"picked":"Iron Wave","floor":5},{"not_picked":["Dropkick","Clothesline"],"picked":"Warcry","floor":6},{"not_picked":["Searing Blow","Sever Soul"],"picked":"Feel No Pain","floor":8}],"player_experience":215688,"relics_obtained":[{"floor":6,"key":"Charon\u0027s Ashes"},{"floor":9,"key":"Anchor"}],"event_choices":[{"damage_healed":0,"gold_gain":0,"player_choice":"Take Damage","damage_taken":20,"relics_obtained":["Golden Idol"],"max_hp_gain":0,"max_hp_loss":0,"event_name":"Golden Idol","floor":4,"gold_loss":0},{"cards_removed":["Strike_R"],"damage_healed":0,"gold_gain":0,"player_choice":"Purged","damage_taken":0,"max_hp_gain":0,"max_hp_loss":0,"event_name":"Purifier","floor":10,"gold_loss":0}],"is_beta":false,"boss_relics":[],"items_purged_floors":[],"is_endless":false,"potions_floor_spawned":[2,5,8],"killed_by":"Lagavulin","ascension_level":3}}