{"host":"prxrhpgaxnj4om9r","time":1614128783,"event":{"mods":["AchievementEnabler","BaseMod","Colored Map","DeckTracker","Minty Spire (QoL Compilation)"],"gold_per_floor":[113,113,126,136,311,339,357,357,357,382,382,382,402,416,416,517,517,533,74,90,90,90,117,117,132,132,143,158,158,258,276,276,276,276],"floor_reached":33,"language":"KOR","playtime":982,"items_purged":[],"score":427,"play_id":"6f1341d2-a9f3-4229-b05e-ee12d956bd0f","local_time":"20210224100623","is_ascension_mode":true,"campfire_choices":[{"data":"Eruption","floor":8,"key":"SMITH"},{"data":"ForeignInfluence","floor":12,"key":"SMITH"},{"data":"TalkToTheHand","floor":15,"key":"SMITH"},{"data":"LessonLearned","floor":24,"key":"SMITH"},{"floor":29,"key":"REST"},{"data":"Ragnarok","floor":32,"key":"SMITH"}],"circlet_count":0,"master_deck":["Eruption+1","Vigilance","Indignation","ForeignInfluence+1","WheelKick","Consecrate","SignatureMove","LessonLearned+1","TalkToTheHand+1","DevaForm","Ragnarok+1","WindmillStrike","Blasphemy","Study","EmptyFist","Perseverance","LikeWater","SandsOfTime","FollowUp","Tantrum+1","ReachHeaven+1","Pain","EmptyBody+1","ForeignInfluence+1","Evaluate+1","EmptyBody+1","ForeignInfluence+1"],"relics":["PureWater","NeowsBlessing","Meat on the Bone","Mercury Hourglass","Sundial","Spirit Poop","Pandora\u0027s Box","Du-Vu Doll","OrangePellets","WarpedTongs","Toxic Egg 2","Eternal Feather"],"acts_visited":["Exordium","TheCity"],"potions_floor_usage":[6,6,6,10,23,27,33],"damage_taken":[{"damage":0,"enemies":"Jaw Worm","floor":1,"turns":1},{"damage":0,"enemies":"Cultist","floor":3,"turns":1},{"damage":0,"enemies":"Small Slimes","floor":4,"turns":1},{"damage":10,"enemies":"3 Sentries","floor":6,"turns":5},{"damage":5,"enemies":"Gremlin Gang","floor":7,"turns":2},{"damage":0,"enemies":"Gremlin Nob","floor":10,"turns":2},{"damage":0,"enemies":"Exordium Wildlife","floor":13,"turns":1},{"damage":0,"enemies":"Exordium Thugs","floor":14,"turns":2},{"damage":20,"enemies":"The Guardian","floor":16,"turns":3},{"damage":14,"enemies":"Shell Parasite","floor":18,"turns":2},{"damage":4,"enemies":"Chosen","floor":20,"turns":3},{"damage":2,"enemies":"Gremlin Leader","floor":23,"turns":2},{"damage":33,"enemies":"Centurion and Healer","floor":25,"turns":3},{"damage":2,"enemies":"Snake Plant","floor":27,"turns":2},{"damage":26,"enemies":"3 Cultists","floor":28,"turns":3},{"damage":1,"enemies":"Snecko","floor":31,"turns":3},{"damage":82,"enemies":"Automaton","floor":33,"turns":6}],"seed_played":"-5828091745900384030","potions_obtained":[{"floor":2,"key":"PowerPotion"},{"floor":2,"key":"BottledMiracle"},{"floor":2,"key":"Block Potion"},{"floor":6,"key":"SpeedPotion"},{"floor":7,"key":"CultistPotion"},{"floor":18,"key":"Fire Potion"},{"floor":25,"key":"BottledMiracle"},{"floor":31,"key":"ColorlessPotion"}],"is_trial":false,"path_per_floor":["M","?","M","M","?","E","M","R","T","E","?","R","M","M","R","B",null,"M","$","M","?","$","E","R","M","T","M","M","R","?","M","R","B"],"character_chosen":"WATCHER","items_purchased":["Du-Vu Doll","OrangePellets"],"campfire_rested":1,"item_purchase_floors":[19,19],"current_hp_per_floor":[65,65,65,65,65,55,50,50,50,50,50,50,50,50,50,42,65,51,51,47,47,47,45,45,24,24,34,20,56,56,55,70,0,0],"gold":276,"neow_bonus":"THREE_ENEMY_KILL","is_daily":false,"chose_seed":false,"campfire_upgraded":5,"win_rate":0.0,"timestamp":1614128783,"path_taken":["M","?","?","M","?","E","M","R","T","E","?","R","M","?","R","BOSS","M","$","M","?","?","E","R","M","T","M","M","R","?","M","R","BOSS"],"items_purchased_type":["Relic","Relic"],"build_version":"2020-12-22","purchased_purges":0,"victory":false,"max_hp_per_floor":[72,72,72,72,72,72,72,72,72,72,72,72,72,72,72,72,72,72,72,72,72,72,72,72,72,72,72,72,72,72,72,72,72,72],"card_choices":[{"not_picked":["Crescendo","Protect"],"picked":"Indignation","floor":1},{"not_picked":["DeceiveReality","BowlingBash"],"picked":"ForeignInfluence","floor":3},{"not_picked":["Halt","FollowUp"],"picked":"WheelKick","floor":4},{"not_picked":["Crescendo","Swivel"],"picked":"Consecrate","floor":6},{"not_picked":["Nirvana","CrushJoints"],"picked":"SignatureMove","floor":7},{"not_picked":["Crescendo","ThirdEye"],"picked":"LessonLearned","floor":10},{"not_picked":["Consecrate","Protect"],"picked":"TalkToTheHand","floor":13},{"not_picked":["JustLucky","FollowUp"],"picked":"DevaForm","floor":14},{"not_picked":["LessonLearned","Scrawl"],"picked":"Ragnarok","floor":16},{"not_picked":["ThirdEye+1","TalkToTheHand+1"],"picked":"Tantrum+1","floor":18},{"not_picked":["Vengeance+1","FollowUp+1"],"picked":"ReachHeaven","floor":20},{"not_picked":["SignatureMove","BattleHymn"],"picked":"EmptyBody+1","floor":23},{"not_picked":["Protect+1","Consecrate"],"picked":"ForeignInfluence+1","floor":25},{"not_picked":["WindmillStrike+1","Pray+1"],"picked":"Evaluate+1","floor":27},{"not_picked":["ThirdEye+1","SandsOfTime"],"picked":"EmptyBody+1","floor":28},{"not_picked":["WaveOfTheHand+1","Perseverance+1"],"picked":"ForeignInfluence+1","floor":31}],"player_experience":616978,"relics_obtained":[{"floor":6,"key":"Meat on the Bone"},{"floor":9,"key":"Mercury Hourglass"},{"floor":10,"key":"Sundial"},{"floor":23,"key":"Toxic Egg 2"},{"floor":26,"key":"Eternal Feather"}],"event_choices":[{"damage_healed":0,"gold_gain":0,"player_choice":"Got Potions","damage_taken":0,"max_hp_gain":0,"max_hp_loss":0,"event_name":"Lab","floor":2,"gold_loss":0},{"damage_healed":0,"gold_gain":175,"player_choice":"AGREE","damage_taken":0,"max_hp_gain":0,"max_hp_loss":0,"event_name":"Liars Game","floor":5,"gold_loss":0,"cards_obtained":["Doubt"]},{"cards_removed":["Doubt"],"damage_healed":0,"gold_gain":0,"player_choice":"Offered Curse","damage_taken":0,"relics_obtained":["Spirit Poop"],"max_hp_gain":0,"max_hp_loss":0,"event_name":"Bonfire Elementals","floor":11,"gold_loss":0},{"damage_healed":0,"gold_gain":0,"player_choice":"Rummage","damage_taken":0,"relics_obtained":["WarpedTongs"],"max_hp_gain":0,"max_hp_loss":0,"event_name":"Accursed Blacksmith","floor":21,"gold_loss":0,"cards_obtained":["Pain"]},{"damage_healed":0,"gold_gain":100,"player_choice":"Pray","damage_taken":0,"max_hp_gain":0,"max_hp_loss":0,"event_name":"Golden Shrine","floor":30,"gold_loss":0}],"is_beta":false,"boss_relics":[{"not_picked":["Tiny House","HolyWater"],"picked":"Pandora\u0027s Box"}],"items_purged_floors":[],"is_endless":false,"potions_floor_spawned":[4,6,7,18,25,31],"killed_by":"Automaton","ascension_level":6}}