{"host":"l8n56n8abrvcftzc","time":1614125113,"event":{"mods":["Act Like it!","Arknights","BaseMod","Better Note","Better Third Choice","Colored Map","DeckTracker","Googly Eyes","Highlight Path","Minty Spire (QoL Compilation)","Permanent Neow","Relic Stats","StSLib","SuperFastMode","Uncapped"],"gold_per_floor":[119,69,69,21,38,72,72,136,136,166,186,216,85,96,96,196,196,225,258,134,134,84,126,126,5,5,5,5],"floor_reached":27,"language":"ENG","playtime":3588,"items_purged":["ats:Very Hot Blade","ats:Strike C","ats:Defend","ats:Demon Strength"],"score":272,"play_id":"a67b8e1c-d577-4d88-8cc8-78306951bf86","local_time":"20210223160513","is_ascension_mode":true,"campfire_choices":[{"floor":15.0,"key":"REST"},{"floor":24,"key":"REST"}],"circlet_count":0,"master_deck":["ats:Strike S","ats:Armor Crushing Shot","ats:Defend","ats:Defend","ats:Emotion Absorption","ats:Chain Hook","ats:Consecutive Shot Auto","ats:Poison Spread","ats:Neurotoxin","ats:Shell Defense","ats:Song Of Battle","ats:Poison Spread","ats:Explosion Area Strengthen","CurseOfTheBell","ats:Shadow Raid","ats:Neurotoxin","ats:Neurotoxin","ats:Hook Shot","ats:Soul Absorption"],"relics":["ats:Sanity","ats:Originium","Ornamental Fan","ats:Bonebreaker","ats:Emergency Defibrillator","Oddly Smooth Stone","Smiling Mask","Calling Bell","Pen Nib","Singing Bowl","ats:Gyao","StoneCalendar"],"acts_visited":["Exordium","TheCity"],"potions_floor_usage":[23,23],"damage_taken":[{"damage":3.0,"enemies":"Jaw Worm","floor":1.0,"turns":4.0},{"damage":0.0,"enemies":"Small Slimes","floor":5.0,"turns":2.0},{"damage":25.0,"enemies":"3 Sentries","floor":6.0,"turns":8.0},{"damage":16.0,"enemies":"Gremlin Nob","floor":8.0,"turns":4.0},{"damage":20.0,"enemies":"Lagavulin","floor":10.0,"turns":6.0},{"damage":0.0,"enemies":"2 Louse","floor":11.0,"turns":2.0},{"damage":25.0,"enemies":"3 Sentries","floor":12.0,"turns":6.0},{"damage":10.0,"enemies":"Exordium Thugs","floor":14.0,"turns":3.0},{"damage":36.0,"enemies":"The Guardian","floor":16.0,"turns":9.0},{"damage":19.0,"enemies":"3 Byrds","floor":18.0,"turns":4.0},{"damage":16.0,"enemies":"Shell Parasite","floor":19.0,"turns":6.0},{"damage":33,"enemies":"Gremlin Leader","floor":23,"turns":5},{"damage":36,"enemies":"Book of Stabbing","floor":27,"turns":5}],"seed_played":"8413975473057393862","potions_obtained":[{"floor":8.0,"key":"Weak Potion"},{"floor":10.0,"key":"ats:Emergency Sanity Potion"},{"floor":11.0,"key":"Strength Potion"},{"floor":14.0,"key":"Ancient Potion"}],"is_trial":false,"path_per_floor":["M","?","?","$","M","E","?","?","T","E","M","E","$","M","R","B",null,"M","M","$","?","$","E","R","$","T","E"],"character_chosen":"DOCTOR_CLASS","items_purchased":["ats:Poison Spread","ats:Demon Strength","ats:Neurotoxin","ats:Soul Absorption"],"campfire_rested":2,"item_purchase_floors":[4,13,20,25],"current_hp_per_floor":[69,69,62,62,62,37,37,21,21,40,42,20,20,12,33,8,72,53,39,39,39,39,13,35,35,35,0,0],"gold":5,"neow_bonus":"THREE_CARDS","is_daily":false,"chose_seed":false,"campfire_upgraded":0,"win_rate":0.0,"timestamp":1614125113,"path_taken":["M","?","?","$","M","E","?","?","T","E","M","E","?","M","R","BOSS","M","M","$","?","?","E","R","$","T","E"],"items_purchased_type":["Card","Card","Card","Card"],"build_version":"2020-12-22","purchased_purges":4,"victory":false,"max_hp_per_floor":[72,72,72,72,72,72,72,72,72,72,72,72,72,72,72,72,72,72,72,72,72,72,74,74,74,74,74,74],"relic_stats":{"Singing Bowl":2,"counters":[13,64],"Ornamental Fan":[60],"StoneCalendar":[0],"Pen Nib":[3],"Smiling Mask":250,"obtain_stats":[{"Calling Bell":17,"ats:Originium":6,"Singing Bowl":17,"Ornamental Fan":6,"Oddly Smooth Stone":10,"StoneCalendar":23,"ats:Emergency Defibrillator":9,"Pen Nib":17,"ats:Sanity":0,"ats:Bonebreaker":8,"Smiling Mask":12,"ats:Gyao":17},{"Calling Bell":9,"ats:Originium":3,"Singing Bowl":9,"Ornamental Fan":3,"Oddly Smooth Stone":5,"StoneCalendar":12,"ats:Emergency Defibrillator":4,"Pen Nib":9,"ats:Sanity":0,"ats:Bonebreaker":4,"Smiling Mask":7,"ats:Gyao":9},{"Calling Bell":44,"ats:Originium":14,"Singing Bowl":44,"Ornamental Fan":14,"Oddly Smooth Stone":24,"StoneCalendar":59,"ats:Emergency Defibrillator":18,"Pen Nib":44,"ats:Sanity":0,"ats:Bonebreaker":18,"Smiling Mask":32,"ats:Gyao":44}]},"card_choices":[{"not_picked":["ats:Poison Spread","ats:Revitalization"],"picked":"ats:Chain Hook","floor":0.0},{"not_picked":["ats:Thermite Blade","ats:Absolute Focus"],"picked":"ats:Consecutive Shot Auto","floor":1.0},{"not_picked":["ats:Directed Diagnosis","ats:Flame Of Heaven"],"picked":"ats:Very Hot Blade","floor":5.0},{"not_picked":["ats:Spore Proliferation","ats:Poison Spread"],"picked":"ats:Neurotoxin","floor":6.0},{"not_picked":["ats:Guardian Obelisk","ats:Blood Oath"],"picked":"ats:Shell Defense","floor":8.0},{"not_picked":["ats:Soul Rend","ats:Leaping Hammer","ats:Shell Defense"],"picked":"SKIP","floor":10.0},{"not_picked":["ats:Consecutive Shot Auto","ats:Poison Spread"],"picked":"ats:Song Of Battle","floor":11.0},{"not_picked":["ats:Song Of Battle","ats:Leaping Hammer"],"picked":"ats:Poison Spread","floor":12.0},{"not_picked":["ats:Demon Strength","ats:Flexible Camouflage"],"picked":"ats:Explosion Area Strengthen","floor":14.0},{"not_picked":["ats:Ignite+1","ats:LN2 Cannon"],"picked":"ats:Shadow Raid","floor":18.0},{"not_picked":["ats:Assault Order","ats:Explosion Area Strengthen"],"picked":"ats:Neurotoxin","floor":19.0},{"not_picked":["ats:Flexible Camouflage","ats:Counter Healing Mode","ats:Curse Doll"],"picked":"Singing Bowl","floor":23}],"player_experience":807569,"relics_obtained":[{"floor":6.0,"key":"ats:Originium"},{"floor":6.0,"key":"Ornamental Fan"},{"floor":8.0,"key":"ats:Bonebreaker"},{"floor":9.0,"key":"ats:Emergency Defibrillator"},{"floor":10.0,"key":"ats:Originium"},{"floor":10.0,"key":"Oddly Smooth Stone"},{"floor":12.0,"key":"ats:Originium"},{"floor":12.0,"key":"Smiling Mask"},{"floor":17.0,"key":"Pen Nib"},{"floor":17.0,"key":"Singing Bowl"},{"floor":17.0,"key":"ats:Gyao"},{"floor":23,"key":"ats:Originium"},{"floor":23,"key":"StoneCalendar"}],"event_choices":[{"cards_removed":["ats:Strike V"],"damage_healed":0.0,"max_hp_gain":0.0,"max_hp_loss":0.0,"gold_gain":0.0,"event_name":"The Cleric","player_choice":"Card Removal","floor":2.0,"gold_loss":50.0,"damage_taken":0.0},{"cards_removed":["ats:Defend"],"damage_healed":0.0,"max_hp_gain":0.0,"max_hp_loss":0.0,"gold_gain":0.0,"event_name":"Golden Wing","player_choice":"Card Removal","floor":3.0,"gold_loss":0.0,"damage_taken":7.0},{"cards_removed":["ats:Strike G"],"damage_healed":0.0,"max_hp_gain":0.0,"max_hp_loss":0.0,"gold_gain":0.0,"event_name":"Living Wall","player_choice":"Forget","floor":7.0,"gold_loss":0.0,"damage_taken":0.0},{"damage_healed":0.0,"max_hp_gain":0.0,"max_hp_loss":0.0,"gold_gain":0.0,"event_name":"Dead Adventurer","player_choice":"Searched \u00271\u0027 times","floor":8.0,"gold_loss":0.0,"damage_taken":0.0},{"damage_healed":0.0,"max_hp_gain":0.0,"max_hp_loss":0.0,"gold_gain":0.0,"event_name":"The Library","player_choice":"Read","floor":21.0,"gold_loss":0.0,"damage_taken":0.0,"cards_obtained":["ats:Hook Shot"]}],"is_beta":false,"boss_relics":[{"not_picked":["Snecko Eye","Fusion Hammer"],"picked":"Calling Bell"}],"items_purged_floors":[13,20,22,25],"is_endless":false,"potions_floor_spawned":[8,10,11,14,16,19],"killed_by":"Book of Stabbing","ascension_level":2}}