{"host":"nx6k9gttpbkpebht","time":1614178314,"event":{"mods":["BaseMod","Colored Map","Colored Powertips","DeckTracker","Downfall","Googly Eyes","Minty Spire (QoL Compilation)","StSLib"],"gold_per_floor":[115,127,127,146,166,166,197,197,197,232,232,250,325,345,345,442,442,461,461,461,51,40,371,386,386,386,396,415,415,415,434,434,434,434],"floor_reached":33,"language":"ENG","playtime":2368,"items_purged":[],"score":279,"play_id":"63ee05a1-476e-490e-bc83-c8919515eaab","local_time":"20210224155154","is_ascension_mode":false,"campfire_choices":[{"data":"Zap","floor":6.0,"key":"SMITH"},{"data":"Dualcast","floor":11.0,"key":"SMITH"},{"floor":15.0,"key":"REST"},{"floor":25.0,"key":"REST"},{"data":"Static Discharge","floor":29,"key":"SMITH"},{"floor":32,"key":"REST"}],"circlet_count":0,"master_deck":["Strike_B","Strike_B","Defend_B","Defend_B","Defend_B","Defend_B","Zap+1","Dualcast+1","Reboot","Conserve Battery","Static Discharge+1","Glacier","Ball Lightning","Redo","Machine Learning","Loop+1","Redo+1"],"relics":["Cracked Core","Pocketwatch","HornCleat","Shuriken","Sozu","Mummified Hand","Old Coin","CaptainsWheel"],"acts_visited":["Exordium","TheCity"],"potions_floor_usage":[],"damage_taken":[{"damage":0.0,"enemies":"Cultist","floor":1.0,"turns":4.0},{"damage":6.0,"enemies":"Small Slimes","floor":2.0,"turns":4.0},{"damage":0.0,"enemies":"Jaw Worm","floor":4.0,"turns":3.0},{"damage":4.0,"enemies":"3 Louse","floor":5.0,"turns":4.0},{"damage":20.0,"enemies":"3 Sentries","floor":7.0,"turns":7.0},{"damage":2.0,"enemies":"Lagavulin","floor":10.0,"turns":9.0},{"damage":0.0,"enemies":"Exordium Wildlife","floor":12.0,"turns":4.0},{"damage":7.0,"enemies":"Gremlin Gang","floor":14.0,"turns":4.0},{"damage":19.0,"enemies":"Slime Boss","floor":16.0,"turns":10.0},{"damage":2.0,"enemies":"Shell Parasite","floor":18.0,"turns":4.0},{"damage":4.0,"enemies":"2 Thieves","floor":22.0,"turns":5.0},{"damage":32.0,"enemies":"Slavers","floor":23.0,"turns":7.0},{"damage":7.0,"enemies":"Cultist and Chosen","floor":24.0,"turns":6.0},{"damage":5.0,"enemies":"Chosen and Byrds","floor":27.0,"turns":6.0},{"damage":0,"enemies":"Snake Plant","floor":28,"turns":6},{"damage":2,"enemies":"3 Cultists","floor":31,"turns":5},{"damage":101,"enemies":"Automaton","floor":33,"turns":12}],"seed_played":"2451300645945837723","potions_obtained":[{"floor":12.0,"key":"EntropicBrew"},{"floor":14.0,"key":"Weak Potion"},{"floor":16.0,"key":"EssenceOfSteel"}],"is_trial":false,"path_per_floor":["M","M","?","M","M","R","E","?","T","E","R","M","?","M","R","B",null,"M","?","?","$","M","E","M","R","T","M","M","R","?","M","R","B"],"character_chosen":"DEFECT","items_purchased":["Mummified Hand","Machine Learning"],"campfire_rested":3,"item_purchase_floors":[21,21],"current_hp_per_floor":[75,69,69,69,65,65,45,45,45,43,43,43,32,25,47,28,75,73,73,73,73,69,37,30,52,52,47,47,47,47,45,67,0,0],"gold":434,"neow_bonus":"TRANSFORM_CARD","is_daily":false,"chose_seed":false,"campfire_upgraded":3,"win_rate":0.0,"timestamp":1614178314,"path_taken":["M","?","?","?","M","R","E","?","T","E","R","M","?","M","R","BOSS","M","?","?","$","M","E","M","R","T","M","M","R","?","?","R","BOSS"],"items_purchased_type":["Relic","Card"],"build_version":"2020-12-22","purchased_purges":0,"victory":false,"max_hp_per_floor":[75,75,75,75,75,75,75,75,75,75,75,75,75,75,75,75,75,75,75,75,75,75,75,75,75,75,75,75,75,75,75,75,75,75],"card_choices":[{"not_picked":["Rebound","Barrage"],"picked":"Conserve Battery","floor":1.0},{"not_picked":["Coolheaded","Redo","Go for the Eyes"],"picked":"SKIP","floor":2.0},{"not_picked":["Storm","FTL","Scrape"],"picked":"SKIP","floor":4.0},{"not_picked":["Hologram","Go for the Eyes"],"picked":"Static Discharge","floor":5.0},{"not_picked":["Redo","Double Energy"],"picked":"Glacier","floor":7.0},{"not_picked":["Leap","Static Discharge","Cold Snap"],"picked":"SKIP","floor":10.0},{"not_picked":["Stack","Hologram"],"picked":"Ball Lightning","floor":12.0},{"not_picked":["Steam","Reprogram","Hologram"],"picked":"SKIP","floor":14.0},{"not_picked":["Lockon","Glacier"],"picked":"Redo","floor":18.0},{"not_picked":["Hologram","Sweeping Beam","Auto Shields"],"picked":"SKIP","floor":22.0},{"not_picked":["Lockon","Compile Driver","Rebound"],"picked":"SKIP","floor":23.0},{"not_picked":["Rebound","Redo"],"picked":"Loop+1","floor":24.0},{"not_picked":["White Noise","Go for the Eyes","Beam Cell"],"picked":"SKIP","floor":27},{"not_picked":["Melter+1","Compile Driver"],"picked":"Redo+1","floor":28},{"not_picked":["Auto Shields+1","Steam+1","Gash"],"picked":"SKIP","floor":31}],"player_experience":59233,"relics_obtained":[{"floor":7.0,"key":"Pocketwatch"},{"floor":9.0,"key":"HornCleat"},{"floor":10.0,"key":"Shuriken"},{"floor":23.0,"key":"Old Coin"},{"floor":26.0,"key":"CaptainsWheel"}],"event_choices":[{"cards_removed":["Strike_B"],"damage_healed":0.0,"max_hp_gain":0.0,"max_hp_loss":0.0,"gold_gain":0.0,"event_name":"Wheel of Change","player_choice":"Card Removal","floor":3.0,"gold_loss":0.0,"damage_taken":0.0},{"damage_healed":0.0,"max_hp_gain":0.0,"max_hp_loss":0.0,"gold_gain":0.0,"event_name":"Liars Game","player_choice":"Ignored","floor":8.0,"gold_loss":0.0,"damage_taken":0.0},{"damage_healed":0.0,"max_hp_gain":0.0,"max_hp_loss":0.0,"gold_gain":75.0,"event_name":"World of Goop","player_choice":"Gather Gold","floor":13.0,"gold_loss":0.0,"damage_taken":11.0},{"damage_healed":0.0,"max_hp_gain":0.0,"max_hp_loss":0.0,"gold_gain":0.0,"event_name":"Ghosts","player_choice":"Ignored","floor":20.0,"gold_loss":0.0,"damage_taken":0.0},{"damage_healed":0,"gold_gain":0,"player_choice":"Bought 0 Potions","damage_taken":0,"max_hp_gain":0,"max_hp_loss":0,"event_name":"The Woman in Blue","floor":30,"gold_loss":0}],"is_beta":false,"boss_relics":[{"not_picked":["Coffee Dripper","Cursed Key"],"picked":"Sozu"}],"items_purged_floors":[],"is_endless":false,"potions_floor_spawned":[12,14,16,22,27],"killed_by":"Automaton","ascension_level":0}}