{"host":"n3yraofadl2d9nwo","time":1614134877,"event":{"mods":["BaseMod","Friendly Minions","Marisa????????","Minty Spire (QoL Compilation)","StSLib","The Animator"],"gold_per_floor":[116,147,158,169,188,188,188,233,233,260,225,239,252,289,289,419,419,435,478,491,504,504,504,519,519,519],"floor_reached":25,"language":"ENG","playtime":2023,"items_purged":[],"score":213,"play_id":"0fc40ab9-c673-4bd5-b869-3e399bd9bc30","local_time":"20210224034757","is_ascension_mode":false,"campfire_choices":[{"data":"animator:Kuroyukihime","floor":6.0,"key":"SMITH"},{"floor":15.0,"key":"REST"},{"data":"animator:EmiyaShirou","floor":23,"key":"SMITH"}],"circlet_count":0,"master_deck":["animator:Strike_AccelWorld","animator:Defend_AccelWorld","animator:Strike","animator:Strike","animator:Strike","animator:Defend","animator:Defend","animator:Defend","animator:Kuroyukihime+1","animator:LimeBell","animator:ChaikaBohdan","animator:Assassin","animator:Verdia","animator:Rider","animator:Gillette","animator:Berserker","animator:Benimaru","animator:OrikoMikuni","animator:Archer","animator:TukaLunaMarceau","animator:Hans","animator:ElricEdward","animator:EmiyaShirou+1","animator:Millim+1","animator:Assassin","animator:Layla"],"relics":["animator:LivingPicture","animator:TheMissingPiece","Ancient Tea Set","Golden Idol","Oddly Smooth Stone","Mark of Pain"],"acts_visited":["Exordium","TheCity"],"potions_floor_usage":[25,25],"damage_taken":[{"damage":0.0,"enemies":"Small Slimes","floor":1.0,"turns":5.0},{"damage":0.0,"enemies":"2 Louse","floor":2.0,"turns":2.0},{"damage":1.0,"enemies":"Jaw Worm","floor":3.0,"turns":3.0},{"damage":4.0,"enemies":"Lots of Slimes","floor":4.0,"turns":4.0},{"damage":15.0,"enemies":"Red Slaver","floor":5.0,"turns":6.0},{"damage":46.0,"enemies":"Lagavulin","floor":8.0,"turns":11.0},{"damage":0.0,"enemies":"Looter","floor":10.0,"turns":4.0},{"damage":9.0,"enemies":"Exordium Wildlife","floor":12.0,"turns":3.0},{"damage":0.0,"enemies":"Blue Slaver","floor":13.0,"turns":5.0},{"damage":0.0,"enemies":"Looter","floor":14.0,"turns":4.0},{"damage":19.0,"enemies":"The Guardian","floor":16.0,"turns":11.0},{"damage":24,"enemies":"Spheric Guardian","floor":18,"turns":6},{"damage":0,"enemies":"3 Byrds","floor":19,"turns":3},{"damage":10,"enemies":"Sentry and Sphere","floor":20,"turns":7},{"damage":0,"enemies":"Snecko","floor":21,"turns":5},{"damage":17,"enemies":"Shelled Parasite and Fungi","floor":24,"turns":5},{"damage":17,"enemies":"Book of Stabbing","floor":25,"turns":4}],"seed_played":"5386243169733243259","potions_obtained":[{"floor":4.0,"key":"SmokeBomb"},{"floor":10.0,"key":"Dexterity Potion"},{"floor":12.0,"key":"FearPotion"},{"floor":13.0,"key":"Explosive Potion"}],"is_trial":false,"path_per_floor":["M","M","M","M","M","R","?","E","T","M","?","M","M","M","R","B",null,"M","M","M","M","?","R","M","E"],"character_chosen":"THE_ANIMATOR","items_purchased":[],"campfire_rested":1,"item_purchase_floors":[],"current_hp_per_floor":[66,66,65,62,47,47,47,1,1,1,16,7,8,8,26,7,63,39,39,30,30,30,30,13,0,0],"gold":519,"neow_bonus":"RANDOM_COMMON_RELIC","is_daily":false,"chose_seed":false,"campfire_upgraded":2,"win_rate":0.0,"timestamp":1614134877,"path_taken":["M","M","M","M","M","R","?","E","T","M","?","M","M","M","R","BOSS","BOSS","M","M","M","M","?","R","?","E"],"items_purchased_type":[],"build_version":"2020-12-22","purchased_purges":0,"victory":false,"max_hp_per_floor":[66,66,66,67,67,67,62,62,62,62,62,62,63,63,63,63,63,63,63,64,64,64,64,64,64,64],"card_choices":[{"not_picked":["animator:Millim","animator:Hakurou"],"picked":"animator:ChaikaBohdan","floor":1.0},{"not_picked":["animator:RinTohsaka","animator:NagisaMomoe"],"picked":"animator:Assassin","floor":2.0},{"not_picked":["animator:Vanir","animator:Megumin"],"picked":"animator:Verdia","floor":3.0},{"not_picked":["animator:Caster","animator:ShinjiMatou"],"picked":"animator:Rider","floor":4.0},{"not_picked":["animator:Aqua","animator:Shuna"],"picked":"animator:Gillette","floor":5.0},{"not_picked":["animator:Alexander","animator:Assassin"],"picked":"animator:Berserker","floor":8.0},{"not_picked":["animator:Vanir","animator:Chris"],"picked":"animator:Benimaru","floor":10.0},{"not_picked":["animator:IrohaTamaki","animator:MamiTomoe"],"picked":"animator:OrikoMikuni","floor":12.0},{"not_picked":["animator:ElricEdward","animator:Mitsurugi"],"picked":"animator:Archer","floor":13.0},{"not_picked":["animator:Guy","animator:Berserker"],"picked":"animator:TukaLunaMarceau","floor":14.0},{"not_picked":["animator:Gilgamesh","animator:Shizu"],"picked":"animator:Hans","floor":16},{"not_picked":["animator:ElricAlphonse+1","animator:KyokoSakura+1"],"picked":"animator:ElricEdward","floor":18},{"not_picked":["animator:Archer","animator:Rider"],"picked":"animator:EmiyaShirou","floor":19},{"not_picked":["animator:Rider","animator:NagisaMomoe"],"picked":"animator:Millim+1","floor":20},{"not_picked":["animator:Vanir","animator:Sloth+1"],"picked":"animator:Assassin","floor":21},{"not_picked":["animator:Assassin","animator:Chris"],"picked":"animator:Layla","floor":24}],"player_experience":863270,"relics_obtained":[{"floor":8.0,"key":"Oddly Smooth Stone"}],"event_choices":[{"damage_healed":0.0,"max_hp_gain":0.0,"max_hp_loss":5.0,"gold_gain":0.0,"event_name":"Golden Idol","player_choice":"Lose Max HP","floor":7.0,"gold_loss":0.0,"damage_taken":0.0,"relics_obtained":["Golden Idol"]},{"damage_healed":15.0,"max_hp_gain":0.0,"max_hp_loss":0.0,"gold_gain":0.0,"event_name":"The Cleric","player_choice":"Healed","floor":11.0,"gold_loss":35.0,"damage_taken":0.0},{"damage_healed":0,"gold_gain":0,"player_choice":"Got Potions","damage_taken":0,"max_hp_gain":0,"max_hp_loss":0,"event_name":"Lab","floor":22,"gold_loss":0}],"is_beta":false,"boss_relics":[{"not_picked":["Coffee Dripper","SacredBark"],"picked":"Mark of Pain"}],"items_purged_floors":[],"is_endless":false,"potions_floor_spawned":[4,10,12,13,14,18,21],"killed_by":"Book of Stabbing","ascension_level":0}}