{"host":"8yon5n5je7lh4vc0","time":1614180850,"event":{"mods":["AchievementEnabler","BaseMod","BetterRewards","Downfall","Gold Saver","Good Game Mod","Highlight Path","Hubris","Infinite Spire","Minty Spire (QoL Compilation)","Permanent Neow","Quick Restart","Remilia（蕾米莉亚）","Remove Card Discount Mod","Replay The Spire","Shop Mod","Spicy Shops","StSLib","SuperFastMode","TestMod","The Animator","Thieving Mod","UnlockEverythingMod","篝火指南"],"gold_per_floor":[113,113,113,126,10,10,10],"floor_reached":6,"language":"ZHS","playtime":685,"items_purged":["Strike_G","Defend_G","Strike_G","Defend_G","animator:Curse_Greed","Injury"],"score":51,"play_id":"5d2d4c3a-98d0-43b0-994f-3b87f895fa88","local_time":"20210224233410","is_ascension_mode":true,"campfire_choices":[],"circlet_count":0,"master_deck":["AscendersBane","Strike_G","Strike_G","Strike_G","Defend_G","Defend_G","Defend_G","Survivor","Neutralize","ReplayTheSpireMod:Brewmster","Pot Of Greed+1","Pot Of Greed","Fluid Movement","ReplayTheSpireMod:Scrap Shanks","Crippling Poison+1","Backflip","Fluid Movement","ReplayTheSpireMod:Faulty Equipment","infinitespire:Fortify","Dagger Throw","Pot Of Greed","hubris:Counter"],"relics":["Ring of the Snake","testmod-TestBox","REME:ComplimentaryCards","testmod-CrystalShield","Lee\u0027s Waffle","Grinning Jar","Tingsha","CeramicFish"],"acts_visited":["Exordium"],"potions_floor_usage":[6,6],"damage_taken":[{"damage":0,"enemies":"Small Slimes","floor":1,"turns":6},{"damage":3,"enemies":"2 Louse","floor":4,"turns":4},{"damage":38,"enemies":"3 Sentries","floor":6,"turns":7}],"seed_played":"-5637770196192309197","potions_obtained":[{"floor":1,"key":"Explosive Potion"}],"is_trial":false,"path_per_floor":["M","?","?","M","$","E"],"character_chosen":"THE_SILENT","items_purchased":["Lee\u0027s Waffle","Grinning Jar","Fluid Movement","ReplayTheSpireMod:Scrap Shanks","Crippling Poison+1","Backflip","CeramicFish","hubris:Counter"],"campfire_rested":0,"item_purchase_floors":[0,0,0,0,0,0,5,5],"current_hp_per_floor":[77,77,77,74,74,36,36],"gold":10,"neow_bonus":"","is_daily":false,"chose_seed":false,"campfire_upgraded":0,"win_rate":0.0,"timestamp":1614180850,"path_taken":["M","?","?","M","$","E"],"items_purchased_type":["Relic","Relic","Card","Card","Card","Card","Relic","Card"],"build_version":"2020-12-22","purchased_purges":6,"victory":false,"max_hp_per_floor":[77,77,77,77,77,77,77],"card_choices":[{"not_picked":["Deflect","Endless Agony"],"picked":"Fluid Movement","floor":1},{"not_picked":["ReplayTheSpireMod:Black Plague","hubris:InfiniteBlow"],"picked":"infinitespire:Fortify","floor":3},{"not_picked":["Eviscerate","Outmaneuver"],"picked":"Dagger Throw","floor":4}],"player_experience":29933,"relics_obtained":[],"event_choices":[],"is_beta":false,"boss_relics":[],"items_purged_floors":[0,0,0,0,5,5],"is_endless":false,"potions_floor_spawned":[1],"killed_by":"3 Sentries","ascension_level":10}}