{"host":"a57oumegxze0vmhs","time":1614166412,"event":{"mods":["AchievementEnabler","BaseMod","Colored Powertips","Minty Spire (QoL Compilation)","Quick Restart","Relic Stats"],"gold_per_floor":[112,112,4,17,17,46,46,73,100,100,112,125,125,125,125,196,196,209,209,221,238,238,238],"floor_reached":22,"language":"ENG","playtime":889,"items_purged":[],"score":365,"play_id":"c77d2c1a-13a8-4c1c-b01b-21a0a37d8aca","local_time":"20210224133332","is_ascension_mode":true,"campfire_choices":[{"floor":7.0,"key":"DIG"},{"floor":10.0,"key":"REST"},{"floor":15.0,"key":"REST"}],"circlet_count":0,"master_deck":["AscendersBane","Strike_G","Strike_G","Strike_G+1","Defend_G","Defend_G","Defend_G","Defend_G+1","Defend_G","Survivor","Neutralize","Blade Dance","Sucker Punch","Dagger Spray","Blur","Blade Dance","Prepared","Envenom","Bane","Well Laid Plans"],"relics":["Ring of the Snake","NeowsBlessing","Happy Flower","Shovel","Shuriken","Lantern","Snake Skull","Black Star"],"acts_visited":["Exordium","TheCity"],"potions_floor_usage":[],"damage_taken":[{"damage":0.0,"enemies":"Jaw Worm","floor":1.0,"turns":1.0},{"damage":0.0,"enemies":"2 Louse","floor":4.0,"turns":1.0},{"damage":0.0,"enemies":"Lagavulin","floor":6.0,"turns":1.0},{"damage":32.0,"enemies":"3 Sentries","floor":8.0,"turns":8.0},{"damage":0.0,"enemies":"Cultist","floor":11.0,"turns":3.0},{"damage":6.0,"enemies":"Exordium Thugs","floor":12.0,"turns":3.0},{"damage":8.0,"enemies":"The Guardian","floor":16.0,"turns":15.0},{"damage":13.0,"enemies":"3 Byrds","floor":18.0,"turns":4.0},{"damage":1.0,"enemies":"Spheric Guardian","floor":19.0,"turns":3.0},{"damage":42,"enemies":"Shelled Parasite and Fungi","floor":20,"turns":6},{"damage":16,"enemies":"Snecko","floor":21,"turns":4},{"damage":22,"enemies":"Snake Plant","floor":22,"turns":4}],"seed_played":"3570071939665300240","potions_obtained":[{"floor":6.0,"key":"SmokeBomb"},{"floor":16.0,"key":"Weak Potion"},{"floor":20,"key":"FairyPotion"}],"is_trial":false,"path_per_floor":["M","?","?","M","$","E","R","E","T","R","M","M","?","?","R","B",null,"M","M","M","M","M"],"character_chosen":"THE_SILENT","items_purchased":[],"campfire_rested":2,"item_purchase_floors":[],"current_hp_per_floor":[63,56,56,56,56,56,56,24,24,45,45,39,25,25,46,38,62,49,48,6,18,0,0],"gold":238,"neow_bonus":"THREE_ENEMY_KILL","is_daily":false,"chose_seed":false,"campfire_upgraded":0,"win_rate":0.0,"timestamp":1614166412,"path_taken":["M","?","?","?","?","E","R","E","T","R","M","?","?","?","R","BOSS","M","M","?","M","M"],"items_purchased_type":[],"build_version":"2020-12-22","purchased_purges":0,"victory":false,"max_hp_per_floor":[70,70,70,70,70,70,70,70,70,70,70,70,70,70,70,70,70,70,70,70,70,70,70],"relic_stats":{"Shovel":1,"Happy Flower":[17],"counters":[12,53],"Shuriken":[27],"Snake Skull":[39],"Black Star":0,"obtain_stats":[{"Lantern":8,"Shovel":6,"NeowsBlessing":0,"Happy Flower":3,"Shuriken":7,"Snake Skull":9,"Black Star":17,"Ring of the Snake":0},{"Lantern":4,"Shovel":3,"NeowsBlessing":0,"Happy Flower":1,"Shuriken":3,"Snake Skull":4,"Black Star":7,"Ring of the Snake":0},{"Lantern":11,"Shovel":3,"NeowsBlessing":0,"Happy Flower":1,"Shuriken":3,"Snake Skull":11,"Black Star":32,"Ring of the Snake":0}],"Ring of the Snake":[24]},"card_choices":[{"not_picked":["Prepared","Deadly Poison"],"picked":"Blade Dance","floor":1.0},{"not_picked":["Deflect","Expertise"],"picked":"Sucker Punch","floor":4.0},{"not_picked":["Outmaneuver","Deflect"],"picked":"Dagger Spray","floor":6.0},{"not_picked":["Bouncing Flask","Tactician"],"picked":"Blur","floor":8.0},{"not_picked":["Backflip","Bouncing Flask"],"picked":"Blade Dance","floor":11.0},{"not_picked":["Crippling Poison","Doppelganger"],"picked":"Prepared","floor":12.0},{"not_picked":["Storm of Steel","Bullet Time"],"picked":"Envenom","floor":16.0},{"not_picked":["Underhanded Strike","Slice","Heel Hook"],"picked":"SKIP","floor":18.0},{"not_picked":["Slice","Bane","Predator"],"picked":"SKIP","floor":20},{"not_picked":["Slice","Predator"],"picked":"Bane","floor":20},{"not_picked":["Dagger Throw+1","Blur"],"picked":"Well Laid Plans","floor":21}],"player_experience":464549,"relics_obtained":[{"floor":6.0,"key":"Shovel"},{"floor":7.0,"key":"Shuriken"},{"floor":8.0,"key":"Lantern"},{"floor":9.0,"key":"Snake Skull"}],"event_choices":[{"cards_removed":["Strike_G"],"damage_healed":0.0,"max_hp_gain":0.0,"max_hp_loss":0.0,"gold_gain":0.0,"event_name":"Golden Wing","player_choice":"Card Removal","floor":2.0,"gold_loss":0.0,"damage_taken":7.0},{"damage_healed":0.0,"max_hp_gain":0.0,"max_hp_loss":0.0,"gold_gain":0.0,"event_name":"WeMeetAgain","player_choice":"Paid Gold","floor":3.0,"gold_loss":108.0,"damage_taken":0.0,"relics_obtained":["Happy Flower"]},{"damage_healed":0.0,"max_hp_gain":0.0,"max_hp_loss":0.0,"gold_gain":0.0,"event_name":"Shining Light","player_choice":"Entered Light","floor":13.0,"gold_loss":0.0,"damage_taken":14.0,"cards_upgraded":["Defend_G","Strike_G"]},{"cards_removed":["Strike_G"],"damage_healed":0.0,"max_hp_gain":0.0,"max_hp_loss":0.0,"gold_gain":0.0,"event_name":"Purifier","player_choice":"Purged","floor":14.0,"gold_loss":0.0,"damage_taken":0.0}],"is_beta":false,"boss_relics":[{"not_picked":["Pandora\u0027s Box","Velvet Choker"],"picked":"Black Star"}],"items_purged_floors":[],"is_endless":false,"potions_floor_spawned":[6,16,19,20],"killed_by":"Snake Plant","ascension_level":13}}