{"host":"ucui2dhitt7z24xz","time":1614135578,"event":{"mods":["2.2 Compatiblity","AchievementEnabler","Act Like it!","AlwaysNeverKeys","Aspiration","BaseMod","Better Altar","Better Match","Better Note","Better Sensory Stone","Better Skull","Better Synergies","Better Third Choice","Block Reminder","Colored Map","Conspire","Dark Map","Disable Question Mark Monsters","GifTheSpireLib","Halation","Hubris","Infinite Spire","Jedi Mod","Marked Mod","Minty Spire (QoL Compilation)","Pale of the Ancients","Permanent Neow","Random Character Button","Rare Cards Sparkle","Relic Filter","Reliquary","Replay The Spire","SCP261 Mod","Spicy Shops","Spikes Relics","Spire Arcade","StSLib","Stuff the Spire","The Blue Laboratory","Wandering Minibosses"],"gold_per_floor":[19,19,119,135,152,179,199,199,199,199,228,153,170,183,183,278,278,296,296,296,296,310,344,344,344,370,370,390,315,341,341,341,436,436,448,448,448,448,497,522,522,6,6,182,182,7,22,95,95,95,95,95,395,0,0],"floor_reached":54,"language":"ENG","playtime":4223,"items_purged":["Strike_P","Strike_P","Strike_P+1","LessonLearned+1"],"score":811,"play_id":"19940a58-4666-4430-a40e-babd1347c35d","local_time":"20210223215938","is_ascension_mode":false,"campfire_choices":[{"data":"Defend_P","floor":8,"key":"SMITH"},{"floor":15,"key":"REST"},{"data":"Strike_P","floor":24,"key":"PURGE"},{"floor":27,"key":"DIG"},{"floor":32,"key":"DIG"},{"floor":41,"key":"RECALL"},{"floor":49,"key":"DIG"},{"data":"Defend_P","floor":52,"key":"PURGE"}],"circlet_count":0,"master_deck":["Defend_P+1","Defend_P+1","Defend_P+1","Eruption+1","Vigilance+1","PathToVictory+1","PathToVictory+1","BowlingBash+1","EmptyFist+1","FlyingSleeves+1","EmptyBody+1","Scrawl+1","Replay:BluntJabs+1","Replay:ManipulateFuture+1","Establishment+1","Wallop","conspire:SharedLibrary+1","Echo Form+1"],"relics":["StuffTheSpire:OccultApparatus","hubris:Zylophone","Blue Doll","hubris:SphereOfDissonance","Replay:Multitool","Replay:Bronze Core","TungstenRod","conspire:SpecialSausage","Snack Pack","Gremlin Food","reliquary:RosewoodLute","infinitespire:Eraser","War Paint","Gambling Chip","ZombieTooth","aspiration:DefectSkillbook","hubris:Towel","Pet Ghost","reliquary:Buckler","Frozen Egg 2","hubris:SlimyHat","jedi:fakemustache","ReplayTheSpireMod:TigerMarble","aspiration:TomeofQuesting","wanderingMiniBosses:LockLocket","aspiration:HatOfInfinitePower","hubris:NiceRug","Replay:Bottled Eggs","InkBottle","conspire:TreasureMap","ReplayTheSpireMod:Lightbulb","Toolbox","ReplayTheSpireMod:Shallot"],"acts_visited":["Exordium","TheCity","TheBeyond","TheEnding"],"potions_floor_usage":[5,5,23,33,34,40,40,44,54,54],"damage_taken":[{"damage":1,"enemies":"conspire:RoseBush","floor":1,"turns":3},{"damage":0,"enemies":"Small Slimes","floor":4,"turns":3},{"damage":0,"enemies":"infinitespire:Voidling","floor":5,"turns":3},{"damage":23,"enemies":"Lagavulin","floor":6,"turns":7},{"damage":9,"enemies":"Blue Slaver","floor":7,"turns":7},{"damage":36,"enemies":"3 Sentries","floor":11,"turns":6},{"damage":0,"enemies":"Large Slime","floor":13,"turns":2},{"damage":0,"enemies":"Red Slaver","floor":14,"turns":1},{"damage":21,"enemies":"The Guardian","floor":16,"turns":9},{"damage":3,"enemies":"2 Thieves","floor":18,"turns":4},{"damage":0,"enemies":"Spheric Guardian","floor":22,"turns":1},{"damage":10,"enemies":"Nightmare","floor":23,"turns":10},{"damage":0,"enemies":"conspire:HollyBat","floor":28,"turns":7},{"damage":0,"enemies":"Slavers","floor":30,"turns":4},{"damage":29,"enemies":"Collector","floor":33,"turns":6},{"damage":1,"enemies":"Orb Walker","floor":35,"turns":3},{"damage":26,"enemies":"Nightmare","floor":40,"turns":7},{"damage":0,"enemies":"3 Shapes","floor":44,"turns":7},{"damage":6,"enemies":"3 Darklings","floor":47,"turns":4},{"damage":3,"enemies":"Maw","floor":48,"turns":7},{"damage":23,"enemies":"Awakened One","floor":50,"turns":8},{"damage":7,"enemies":"hubris:Merchant","floor":53,"turns":7},{"damage":74,"enemies":"Shield and Spear","floor":54,"turns":11}],"seed_played":"6033474486754999104","potions_obtained":[{"floor":1,"key":"Adrenaline Potion"},{"floor":4,"key":"blueLaboratory:SavagePotion"},{"floor":13,"key":"blueLaboratory:EpiphanyPotion"},{"floor":16,"key":"blueLaboratory:FrostheartPotion"},{"floor":18,"key":"SCP261:GirlTearsPotion"},{"floor":22,"key":"blueLaboratory:BottleOfRum"},{"floor":30,"key":"jedi:mysterypotion"},{"floor":33,"key":"blueLaboratory:PyrophylliteBrew"},{"floor":35,"key":"BottledMiracle"},{"floor":40,"key":"SpeedPotion"},{"floor":53,"key":"Adrenaline Potion"},{"floor":53,"key":"LiquidBronze"}],"is_trial":false,"path_per_floor":["M","?","?","M","M","E","M","R","T","?","E","?","M","M","R","B",null,"M","?","?","AVR","M","NM","R","?","T","R","M","?","E","T","R","B",null,"M","?","AVR","?","T","NM","R","$","T","M","?","$","M","M","R","B",null,"R","$","E"],"character_chosen":"WATCHER","items_purchased":["blueLaboratory:BottleOfVodka","hubris:SlimyHat","jedi:fakemustache","Wallop","aspiration:TomeofQuesting"],"campfire_rested":1,"item_purchase_floors":[42,42,42,42,46],"current_hp_per_floor":[71,71,71,71,71,48,39,39,39,39,3,3,3,3,24,3,72,69,69,69,69,69,59,59,59,59,59,61,61,63,63,63,34,72,71,71,71,71,71,48,48,68,68,68,68,72,66,65,65,48,72,72,71,0,0],"gold":0,"neow_bonus":"ONE_RARE_RELIC","is_daily":false,"chose_seed":false,"campfire_upgraded":1,"win_rate":0.0,"timestamp":1614135578,"path_taken":["M","?","?","M","?","E","M","R","T","?","E","?","M","M","R","BOSS","M","?","?","AVR","M","NM","R","?","T","R","M","?","E","?","R","BOSS","M","?","AVR","?","?","NM","R","$","T","M","?","?","M","?","R","BOSS","R","$","E"],"items_purchased_type":["Potion","Relic","Relic","Card","Relic"],"build_version":"2020-12-22","purchased_purges":4,"victory":false,"max_hp_per_floor":[72,72,72,72,72,72,72,72,72,72,72,72,72,72,72,72,72,72,72,72,72,72,72,72,72,72,72,72,72,72,72,72,72,72,72,72,72,72,72,72,72,72,72,72,72,72,72,72,72,72,72,72,72,72,72],"card_choices":[{"not_picked":["Nirvana","Replay:AtTheReady"],"picked":"PathToVictory","floor":1},{"not_picked":["Wish","Consecrate"],"picked":"PathToVictory","floor":4},{"not_picked":["FollowUp","Crescendo"],"picked":"BowlingBash","floor":5},{"not_picked":["WheelKick","Replay:AtTheReady"],"picked":"LessonLearned","floor":6},{"not_picked":["EmptyBody","JustLucky","MarkedMod:FirstStrike"],"picked":"SKIP","floor":7},{"not_picked":["SashWhip","Replay:LoomingThreat","FollowUp"],"picked":"SKIP","floor":11},{"not_picked":["Replay:AtTheReady+1","Evaluate+1"],"picked":"EmptyFist+1","floor":12},{"not_picked":["Evaluate","InnerPeace"],"picked":"FlyingSleeves","floor":13},{"not_picked":["CarveReality","Prostrate"],"picked":"EmptyBody","floor":14},{"not_picked":["Blasphemy","SpiritShield"],"picked":"Scrawl","floor":16},{"not_picked":["ClearTheMind","Halt+1","EmptyBody+1"],"picked":"SKIP","floor":18},{"not_picked":["Sanctity","Pray"],"picked":"Replay:BluntJabs+1","floor":22},{"not_picked":["Halt","Prostrate","MarkedMod:GentlePulse"],"picked":"SKIP","floor":23},{"not_picked":["Weave","MarkedMod:GentlePulse","Indignation+1"],"picked":"SKIP","floor":28},{"not_picked":["Wireheading","WindmillStrike"],"picked":"Replay:ManipulateFuture+1","floor":30},{"not_picked":["Alpha","SpiritShield"],"picked":"Establishment","floor":33},{"not_picked":["Replay:ManipulateFuture+1","FollowUp+1","Cold Snap","Replay:AtTheReady+1"],"picked":"SKIP","floor":35},{"not_picked":["WindmillStrike","Coolheaded+1","conspire:Rain","MarkedMod:GentlePulse+1"],"picked":"SKIP","floor":40},{"not_picked":["Barrage","Panic Button+1","FlurryOfBlows+1"],"picked":"conspire:SharedLibrary+1","floor":44},{"not_picked":["Recycle","StuffTheSpire:LoadUp+1","Sweeping Beam","DiskWipe+1"],"picked":"SKIP","floor":47},{"not_picked":["EmptyBody+1","StuffTheSpire:Plugnplay+1","SashWhip+1"],"picked":"Echo Form+1","floor":48},{"not_picked":["BowlingBash"],"picked":"SKIP","floor":53},{"not_picked":["Hyperbeam"],"picked":"SKIP","floor":53},{"not_picked":["Redo+1"],"picked":"SKIP","floor":53},{"not_picked":["jedi:readyaimfire"],"picked":"SKIP","floor":53},{"not_picked":["Fasting2+1"],"picked":"SKIP","floor":53},{"not_picked":["Flash of Steel"],"picked":"SKIP","floor":53},{"not_picked":["ReplayTheSpireMod:Necrogeddon"],"picked":"SKIP","floor":53}],"player_experience":717606,"relics_obtained":[{"floor":6,"key":"Blue Doll"},{"floor":11,"key":"Replay:Multitool"},{"floor":23,"key":"Snack Pack"},{"floor":25,"key":"Gremlin Food"},{"floor":26,"key":"reliquary:RosewoodLute"},{"floor":27,"key":"infinitespire:Eraser"},{"floor":30,"key":"War Paint"},{"floor":31,"key":"Gambling Chip"},{"floor":32,"key":"ZombieTooth"},{"floor":39,"key":"reliquary:Buckler"},{"floor":40,"key":"Frozen Egg 2"},{"floor":43,"key":"ReplayTheSpireMod:TigerMarble"},{"floor":48,"key":"wanderingMiniBosses:LockLocket"},{"floor":49,"key":"aspiration:HatOfInfinitePower"},{"floor":53,"key":"Replay:Bottled Eggs"},{"floor":53,"key":"InkBottle"},{"floor":53,"key":"conspire:TreasureMap"},{"floor":53,"key":"ReplayTheSpireMod:Lightbulb"},{"floor":53,"key":"Toolbox"},{"floor":53,"key":"ReplayTheSpireMod:Shallot"}],"event_choices":[{"damage_healed":0,"gold_gain":0,"player_choice":"Leave","damage_taken":0,"max_hp_gain":0,"max_hp_loss":0,"event_name":"conspire:Investor","floor":2,"gold_loss":0},{"damage_healed":0,"gold_gain":100,"player_choice":"Pray","damage_taken":0,"max_hp_gain":0,"max_hp_loss":0,"event_name":"Golden Shrine","floor":3,"gold_loss":0},{"damage_healed":0,"gold_gain":0,"player_choice":"Searched \u00271\u0027 times","damage_taken":0,"relics_obtained":["hubris:SphereOfDissonance"],"max_hp_gain":0,"max_hp_loss":0,"event_name":"Dead Adventurer","floor":10,"gold_loss":0},{"damage_healed":0,"gold_gain":0,"player_choice":"2","damage_taken":0,"max_hp_gain":0,"max_hp_loss":0,"event_name":"betterMatch:BetterMatch","floor":12,"gold_loss":0,"cards_obtained":["betterMatch:CommonCard"]},{"damage_healed":0,"gold_gain":0,"player_choice":"Upgraded","damage_taken":0,"max_hp_gain":0,"max_hp_loss":0,"event_name":"Upgrade Shrine","floor":19,"gold_loss":0,"cards_upgraded":["PathToVictory"]},{"cards_removed":["Strike_P"],"damage_healed":0,"gold_gain":0,"player_choice":"Give","damage_taken":0,"max_hp_gain":0,"max_hp_loss":0,"event_name":"betterNote:BetterNote","floor":20,"gold_loss":0,"cards_obtained":["Strike_G"]},{"damage_healed":0,"gold_gain":0,"player_choice":"2","damage_taken":0,"max_hp_gain":0,"max_hp_loss":0,"event_name":"betterMatch:BetterMatch","floor":29,"gold_loss":0,"cards_obtained":["betterMatch:UncommonCard","betterMatch:CommonCard"]}],"is_beta":false,"boss_relics":[{"not_picked":["SacredBark","aspiration:SecretTechniqueScroll"],"picked":"Replay:Bronze Core"},{"not_picked":["halation:PlatinumPhoenix","Cursed Key"],"picked":"aspiration:DefectSkillbook"}],"items_purged_floors":[21,37,42,46],"is_endless":false,"potions_floor_spawned":[1,4,13,16,18,22,30,33,35,40],"killed_by":"Shield and Spear","ascension_level":0}}