{"host":"iovigr651ajk16h5","time":1614138246,"event":{"mods":["2.2 Compatiblity","AchievementEnabler","Aspiration","BaseMod","Better Altar","Better Match","Better Note","Better Sensory Stone","Better Skull","Better Third Choice","Block Reminder","CapriCore","Colored Map","Ekko","Energized Spire","GifTheSpireLib","GungeonMod","Halation","Hermit","Highlight Path","Hubris","Infinite Spire","Koishi","Luminous","Marisa????????","Minty Spire (QoL Compilation)","Nova Terra(??·??)","Onozuka Komachi Mod","Permanent Neow","Prisma Mod","Quick Restart","Railgun Mod","Remilia??????","Replay The Spire","StSLib","Stuff the Spire","Td1madao Mod","The Administrix","The Bladedancer","The Bug Knight","The Construct","The Exalted","The Immortal","The Marked","The Problem Sleuth","The Servant 0.9.4","TheFirefly","TheSwordswoman","Trackpad","Waifu the Spire","WarShipGirlsR/????R mod","everything is the same but u backflip on backflip"],"gold_per_floor":[119,170,170,186,6,6,6],"floor_reached":6,"language":"ENG","playtime":122,"items_purged":[],"score":34,"play_id":"7281e5c0-3b7f-4d9a-b80e-0cd8ebc17c91","local_time":"20210223224406","is_ascension_mode":false,"campfire_choices":[],"circlet_count":0,"master_deck":["theMarked:Strike","theMarked:Strike","theMarked:Strike","theMarked:Strike","theMarked:Strike","theMarked:Defend","theMarked:Defend","theMarked:Defend","theMarked:SoldierOfQuellstein","theMarked:HeightenedSenses","theMarked:AttractMetal","theMarked:ShockingTouch+1","theMarked:RepellingDischarge","theMarked:EmpowerWeapon"],"relics":["theMarked:ArtifactOfAir","aspiration:Nostalgia","Koishi:ImaginaryFriend","DemoMod:Metronome","trackpad:CultistFigurine"],"acts_visited":["Exordium"],"potions_floor_usage":[],"damage_taken":[{"damage":0,"enemies":"Small Slimes","floor":1,"turns":3},{"damage":0,"enemies":"2 Louse","floor":4,"turns":1},{"damage":0,"enemies":"3 Sentries","floor":6,"turns":1}],"seed_played":"1611287717453265258","potions_obtained":[{"floor":2,"key":"SkillPotion"}],"is_trial":false,"path_per_floor":["M","?","?","M","$","E"],"character_chosen":"THE_DEFAULT","items_purchased":["theMarked:EmpowerWeapon","trackpad:CultistFigurine"],"campfire_rested":0,"item_purchase_floors":[5,5],"current_hp_per_floor":[72,54,54,54,54,54,54],"gold":6,"neow_bonus":"NOSTALGIA","is_daily":false,"chose_seed":false,"campfire_upgraded":0,"win_rate":0.0,"timestamp":1614138246,"path_taken":["M","?","?","M","?","E"],"items_purchased_type":["Card","Relic"],"build_version":"2020-12-22","purchased_purges":0,"victory":false,"max_hp_per_floor":[72,72,72,72,72,72,72],"card_choices":[{"not_picked":["theMarked:TheMission","theMarked:ChainLightning"],"picked":"theMarked:HeightenedSenses","floor":1},{"not_picked":["theMarked:Memento","theMarked:ChainLightning"],"picked":"theMarked:AttractMetal","floor":2},{"not_picked":["theMarked:TwofoldDefense","theMarked:WastefulAttack"],"picked":"theMarked:RepellingDischarge","floor":4}],"player_experience":407530,"relics_obtained":[{"floor":2,"key":"DemoMod:Metronome"}],"event_choices":[],"is_beta":false,"boss_relics":[],"items_purged_floors":[],"is_endless":false,"potions_floor_spawned":[],"killed_by":"3 Sentries","ascension_level":0}}