{"host":"vfjw5z5u57sxa51v","time":1614188505,"event":{"mods":["AchievementEnabler","Act Like it!","Aspiration","BaseMod","Bestiary","Better Altar","Better Match","Better Note","Better Sensory Stone","Better Skull","Better Synergies","Better Third Choice","BetterRewards","CCEM2","Colored Map","Conspire","Dota2Spire","Downfall","GifTheSpireLib","GungeonMod","Halation","Highlight Path","Hubris","Infinite Spire","Jedi Mod","Minty Spire (QoL Compilation)","Permanent Neow","Reliquary","Replay The Spire","Shop Mod","Spicy Shops","StSLib","Stuff the Spire","The Cursed","The Disciple","The Gatherer","Unceasing Turn Reminder","everything is the same but u backflip on backflip"],"gold_per_floor":[111,286,300,300,324,369,369,382,382,396,396,396],"floor_reached":11,"language":"DEU","playtime":795,"items_purged":[],"score":75,"play_id":"c5db9c56-54c2-4ff8-94b1-423c68f1e785","local_time":"20210224184145","is_ascension_mode":false,"campfire_choices":[{"floor":7,"key":"REST"}],"circlet_count":0,"master_deck":["DemoMod:Strike_Huntress","DemoMod:Strike_Huntress","DemoMod:Defend_Huntress","DemoMod:Defend_Huntress","DemoMod:Defend_Huntress","DemoMod:Defend_Huntress","DemoMod:Roll","DemoMod:ManualReload","DemoMod:RustySidearm","DemoMod:CrossBow","DemoMod:ZorGun","Doubt","DemoMod:CursedBullets","DemoMod:HungryBullets","DemoMod:MachoBrace"],"relics":["DemoMod:Dog","aspiration:Nostalgia","Burning Blood","Golden Idol","Kunai","Oddly Smooth Stone"],"acts_visited":["Exordium"],"potions_floor_usage":[],"damage_taken":[{"damage":1,"enemies":"Jaw Worm","floor":1,"turns":3},{"damage":14,"enemies":"Cultist","floor":3,"turns":6},{"damage":0,"enemies":"2 Louse","floor":5,"turns":2},{"damage":31,"enemies":"3 Sentries","floor":6,"turns":11},{"damage":9,"enemies":"2 Fungi Beasts","floor":8,"turns":3},{"damage":26,"enemies":"Exordium Thugs","floor":10,"turns":8},{"damage":47,"enemies":"Gremlin Nob","floor":11,"turns":4}],"seed_played":"-2369940043609474676","potions_obtained":[{"floor":6,"key":"Dexterity Potion"}],"is_trial":false,"path_per_floor":["M","?","M","?","M","E","R","M","T","M","E"],"character_chosen":"HUNTRESS","items_purchased":[],"campfire_rested":1,"item_purchase_floors":[],"current_hp_per_floor":[70,70,62,45,51,26,47,44,44,24,0,0],"gold":396,"neow_bonus":"NOSTALGIA","is_daily":false,"chose_seed":false,"campfire_upgraded":0,"win_rate":0.0,"timestamp":1614188505,"path_taken":["M","?","M","?","M","E","R","?","T","M","E"],"items_purchased_type":[],"build_version":"2020-12-22","purchased_purges":0,"victory":false,"max_hp_per_floor":[70,70,70,70,70,70,70,70,70,70,70,70],"card_choices":[{"not_picked":["DemoMod:FastSwitch","DemoMod:DirectionalPad"],"picked":"DemoMod:ZorGun","floor":1},{"not_picked":["DemoMod:HuntsMan","DemoMod:DirectionalPad"],"picked":"DemoMod:CursedBullets","floor":3},{"not_picked":["DemoMod:MachoBrace","DemoMod:Unmoved"],"picked":"DemoMod:HungryBullets","floor":5},{"not_picked":["DemoMod:BlackHoleGun","DemoMod:AbyssalTentacle"],"picked":"DemoMod:Purify","floor":6},{"not_picked":["DemoMod:PotionOfGunFriendShip","DemoMod:LifeOrb"],"picked":"DemoMod:MachoBrace","floor":8},{"not_picked":["DemoMod:ConditionalReflex","DemoMod:SAA","DemoMod:JK47"],"picked":"SKIP","floor":10}],"player_experience":48675,"relics_obtained":[{"floor":6,"key":"Kunai"},{"floor":9,"key":"Oddly Smooth Stone"}],"event_choices":[{"damage_healed":0,"gold_gain":175,"player_choice":"AGREE","damage_taken":111,"max_hp_gain":0,"max_hp_loss":0,"event_name":"betterThird:BetterSerpent","floor":2,"gold_loss":0},{"damage_healed":0,"gold_gain":0,"player_choice":"Take Damage","damage_taken":17,"relics_obtained":["Golden Idol"],"max_hp_gain":0,"max_hp_loss":0,"event_name":"Golden Idol","floor":4,"gold_loss":0}],"is_beta":false,"boss_relics":[],"items_purged_floors":[],"is_endless":false,"potions_floor_spawned":[6],"killed_by":"Gremlin Nob","ascension_level":0}}