{"host":"5tzvto3beate6p8b","time":1614197326,"event":{"mods":["BaseMod","Colored Map","DeckTracker","Minty Spire (QoL Compilation)","Relic Stats","StSLib","SuperFastMode"],"gold_per_floor":[113,123,123,30,41,41,66,66,90,108,108,108,128,154,154,154,154],"floor_reached":16,"language":"JPN","playtime":563,"items_purged":[],"score":200,"play_id":"a1215ca0-7ae0-4607-908c-24a8453c479f","local_time":"20210225050846","is_ascension_mode":true,"campfire_choices":[{"data":"Dagger Spray","floor":6,"key":"SMITH"},{"data":"Storm of Steel","floor":8,"key":"SMITH"},{"floor":11,"key":"REST"},{"data":"Dash","floor":15,"key":"SMITH"}],"circlet_count":0,"master_deck":["AscendersBane","Strike_G","Strike_G","Strike_G","Strike_G","Defend_G","Defend_G","Defend_G","Defend_G","Defend_G","Survivor","Neutralize","Dash+1","Backflip","Dagger Spray+1","Accuracy","Crippling Poison","Storm of Steel+1","Finisher","Dagger Spray"],"relics":["Ring of the Snake","Turnip","PreservedInsect","Oddly Smooth Stone","Golden Idol","Ancient Tea Set"],"acts_visited":["Exordium"],"potions_floor_usage":[7,7],"damage_taken":[{"damage":4,"enemies":"2 Louse","floor":1,"turns":4},{"damage":2,"enemies":"Cultist","floor":2,"turns":4},{"damage":0,"enemies":"Jaw Worm","floor":5,"turns":4},{"damage":31,"enemies":"Lagavulin","floor":7,"turns":10},{"damage":4,"enemies":"Gremlin Gang","floor":10,"turns":4},{"damage":0,"enemies":"2 Fungi Beasts","floor":13,"turns":3},{"damage":24,"enemies":"Hexaghost","floor":16,"turns":11}],"seed_played":"3783555113704057391","potions_obtained":[{"floor":1,"key":"FearPotion"},{"floor":5,"key":"Block Potion"}],"is_trial":false,"path_per_floor":["M","M","?","$","M","R","E","R","T","M","R","?","M","T","R","B"],"character_chosen":"THE_SILENT","items_purchased":["Dagger Spray","Accuracy"],"campfire_rested":1,"item_purchase_floors":[4,4],"current_hp_per_floor":[40,38,38,38,38,38,7,7,7,3,22,22,22,22,22,0,0],"gold":154,"neow_bonus":"ONE_RARE_RELIC","is_daily":false,"chose_seed":false,"campfire_upgraded":3,"win_rate":0.0,"timestamp":1614197326,"path_taken":["M","M","?","?","M","R","E","R","T","M","R","?","M","?","R","BOSS"],"items_purchased_type":["Card","Card"],"build_version":"2020-12-22","purchased_purges":0,"victory":false,"max_hp_per_floor":[66,66,66,66,66,66,66,66,66,66,66,60,60,60,60,60,60],"relic_stats":{"counters":[7,40],"Golden Idol":4,"Turnip":[5],"PreservedInsect":0,"obtain_stats":[{"Golden Idol":12,"Oddly Smooth Stone":9,"Turnip":0,"PreservedInsect":7,"Ancient Tea Set":14,"Ring of the Snake":0},{"Golden Idol":5,"Oddly Smooth Stone":4,"Turnip":0,"PreservedInsect":4,"Ancient Tea Set":6,"Ring of the Snake":0},{"Golden Idol":26,"Oddly Smooth Stone":22,"Turnip":0,"PreservedInsect":22,"Ancient Tea Set":29,"Ring of the Snake":0}],"Ring of the Snake":[14]},"card_choices":[{"not_picked":["Skewer","Reflex"],"picked":"Dash","floor":1},{"not_picked":["Reflex","Cloak And Dagger"],"picked":"Backflip","floor":2},{"not_picked":["Cloak And Dagger","Deflect"],"picked":"Crippling Poison","floor":5},{"not_picked":["Poisoned Stab","Well Laid Plans"],"picked":"Storm of Steel","floor":7},{"not_picked":["Dagger Throw","Outmaneuver"],"picked":"Finisher","floor":10},{"not_picked":["Deadly Poison","Bane"],"picked":"Dagger Spray","floor":13}],"player_experience":878555,"relics_obtained":[{"floor":7,"key":"PreservedInsect"},{"floor":9,"key":"Oddly Smooth Stone"},{"floor":14,"key":"Ancient Tea Set"}],"event_choices":[{"cards_removed":["Strike_G"],"damage_healed":0,"gold_gain":0,"player_choice":"Offered Basic","damage_taken":0,"max_hp_gain":0,"max_hp_loss":0,"event_name":"Bonfire Elementals","floor":3,"gold_loss":0},{"damage_healed":0,"gold_gain":0,"player_choice":"Lose Max HP","damage_taken":0,"relics_obtained":["Golden Idol"],"max_hp_gain":0,"max_hp_loss":6,"event_name":"Golden Idol","floor":12,"gold_loss":0}],"is_beta":false,"boss_relics":[],"items_purged_floors":[],"is_endless":false,"potions_floor_spawned":[1,5],"killed_by":"Hexaghost","ascension_level":20}}