{"host":"fujxx38qt1kwucvg","time":1614150696,"event":{"mods":["AchievementEnabler","BaseMod","Colored Powertips","Highlight Path","Library of Ruina","Library of Ruina Extra","Minty Spire (QoL Compilation)","Quick Restart","StSLib"],"gold_per_floor":[115,115,129,140,151,183,198,198,268,278,291,317,344,358,358,458,458,474,486,500,514,283,283,294,323,323,336,356,456,456,468,468,572,572,589,605,72,72,84,114,114,114,137,163,178,188,198,214,214,214,214,214,214,58,90,90],"floor_reached":57,"language":"KOR","playtime":4486,"items_purged":["LightDefense","LightAttack"],"score":1301,"play_id":"4917293e-1c8f-4f6d-a298-d2baf374d1d4","local_time":"20210224161136","is_ascension_mode":false,"campfire_choices":[{"data":"BoundaryOfDeath","floor":8,"key":"SMITH"},{"data":"TheArtOfRapidSteps","floor":15,"key":"SMITH"},{"floor":23,"key":"RECALL"},{"data":"BattleCommand","floor":30,"key":"SMITH"},{"data":"BoundaryOfDeath","floor":32,"key":"SMITH"},{"data":"LightDefense","floor":41,"key":"PURGE"},{"data":"ShrineToMusic","floor":49,"key":"SMITH"},{"data":"LeRegole","floor":53,"key":"SMITH"}],"circlet_count":0,"master_deck":["Dodge","LightAttack+1","LightAttack","LightDefense","LightDefense","ChargeAndCover","FocusedStrikes","ScratchThat","BoundaryOfDeath+1","FlashingStrike","KeepItFresh","FierceCharge","Eject","TheArtOfRapidSteps+1","SnakeSlit","RepressedFlesh","BladeWhirl","Unlock1","FleetEdge","RagingStormLove","BattleCommand+1","SharpNails+1","BoundaryOfDeath+1","TrashDisposal","Faith","Secret Weapon","Unlock1+1","SharpenedBlade+1","Madness","Madness","ShrineToMusic+1","LeRegole+1"],"relics":["PageOfLibrarian","Singing Bowl","PageOfScarecrow","Peace Pipe","PageOfBlackSwan","Strange Spoon","PageOfTodaysShyLook","HornCleat","Incense Burner","PageOfScorchedGirl","Philosopher\u0027s Stone","PageOfQueenBee","Thread and Needle","PreservedInsect","Lantern","PageOfSnowWhitesApple","PageOfOzma"],"acts_visited":["Exordium","TheCity","TheBeyond","TheEnding"],"potions_floor_usage":[13,13,20,33,51,56],"damage_taken":[{"damage":0,"enemies":"Jaw Worm","floor":1,"turns":4},{"damage":0,"enemies":"Cultist","floor":3,"turns":3},{"damage":0,"enemies":"Small Slimes","floor":4,"turns":2},{"damage":7,"enemies":"2 Fungi Beasts","floor":5,"turns":3},{"damage":11,"enemies":"Lagavulin","floor":6,"turns":4},{"damage":3,"enemies":"Blue Slaver","floor":7,"turns":3},{"damage":1,"enemies":"Red Slaver","floor":10,"turns":3},{"damage":4,"enemies":"Large Slime","floor":11,"turns":4},{"damage":0,"enemies":"Gremlin Nob","floor":13,"turns":2},{"damage":12,"enemies":"Exordium Thugs","floor":14,"turns":3},{"damage":12,"enemies":"The Guardian","floor":16,"turns":4},{"damage":6,"enemies":"3 Byrds","floor":18,"turns":5},{"damage":2,"enemies":"Shell Parasite","floor":19,"turns":4},{"damage":0,"enemies":"Centurion and Healer","floor":20,"turns":4},{"damage":4,"enemies":"3 Cultists","floor":21,"turns":4},{"damage":0,"enemies":"Sentry and Sphere","floor":24,"turns":3},{"damage":28,"enemies":"Slavers","floor":25,"turns":7},{"damage":4,"enemies":"Shelled Parasite and Fungi","floor":27,"turns":3},{"damage":6,"enemies":"Snake Plant","floor":28,"turns":2},{"damage":3,"enemies":"Colosseum Slavers","floor":29,"turns":4},{"damage":0,"enemies":"Colosseum Nobs","floor":29,"turns":3},{"damage":0,"enemies":"Snecko","floor":31,"turns":3},{"damage":0,"enemies":"Collector","floor":33,"turns":5},{"damage":0,"enemies":"3 Darklings","floor":35,"turns":2},{"damage":16,"enemies":"3 Shapes","floor":36,"turns":3},{"damage":1,"enemies":"Writhing Mass","floor":39,"turns":3},{"damage":2,"enemies":"Giant Head","floor":40,"turns":5},{"damage":0,"enemies":"Jaw Worm Horde","floor":45,"turns":2},{"damage":4,"enemies":"Spire Growth","floor":46,"turns":3},{"damage":4,"enemies":"Sphere and 2 Shapes","floor":47,"turns":2},{"damage":0,"enemies":"Transient","floor":48,"turns":5},{"damage":26,"enemies":"Awakened One","floor":50,"turns":7},{"damage":5,"enemies":"Awakened One","floor":51,"turns":6},{"damage":14,"enemies":"Shield and Spear","floor":55,"turns":3},{"damage":80,"enemies":"The Heart","floor":56,"turns":7}],"seed_played":"3252342174576659686","potions_obtained":[{"floor":1,"key":"BlessingOfTheForge"},{"floor":7,"key":"LiquidBronze"},{"floor":10,"key":"Fire Potion"},{"floor":13,"key":"Block Potion"},{"floor":14,"key":"LiquidMemories"},{"floor":16,"key":"GamblersBrew"},{"floor":18,"key":"CultistPotion"},{"floor":20,"key":"Regen Potion"},{"floor":39,"key":"FairyPotion"}],"is_trial":false,"path_per_floor":["M","?","M","M","M","E","M","R","T","M","M","T","E","M","R","B",null,"M","M","M","M","$","R","M","E","T","M","M","?","R","M","R","B",null,"M","M","$","?","M","E","R","?","T","T","M","M","M","M","R","B",null,null,"R","$","E","B",null],"character_chosen":"Librarian","items_purchased":["Strange Spoon","Secret Weapon","PageOfQueenBee","PageOfSnowWhitesApple"],"campfire_rested":0,"item_purchase_floors":[22,37,37,54],"current_hp_per_floor":[60,65,65,65,58,49,46,46,46,45,41,41,41,29,29,17,86,80,78,78,74,74,74,74,46,46,44,40,39,39,46,46,46,92,92,84,84,84,90,88,88,76,76,76,80,78,76,76,76,54,68,98,98,98,86,17],"gold":90,"neow_bonus":"UPGRADE_CARD","is_daily":false,"chose_seed":false,"campfire_upgraded":6,"win_rate":0.0,"timestamp":1614150696,"path_taken":["M","?","M","M","M","E","M","R","T","M","M","?","E","M","R","BOSS","M","M","M","M","$","R","M","E","T","M","?","?","R","M","R","BOSS","M","M","$","?","M","E","R","?","T","?","M","M","M","M","R","BOSS","R","$","E","BOSS"],"items_purchased_type":["Relic","Card","Relic","Relic"],"build_version":"2020-12-22","purchased_purges":2,"victory":true,"max_hp_per_floor":[68,73,82,83,84,86,86,86,86,86,86,86,86,86,86,86,86,86,86,86,86,86,86,86,86,86,88,90,92,92,92,92,92,92,92,94,94,94,94,94,94,94,94,94,94,96,98,98,98,98,98,98,98,98,100,100],"card_choices":[{"not_picked":["Unlock1","SpearedSweep","Retaliate","Tailoring","FleetEdge","TheRedNotes","ViolentFlame","ScatteringSlash"],"picked":"ScratchThat","floor":1},{"not_picked":["Execute_lor","QuickSuppression","Quickness","EnergyCycle","YourShield","Outburst","SinglePointStab","DeepDrag"],"picked":"BoundaryOfDeath","floor":3},{"not_picked":["CoordinatedAssault","Struggle","UnavoidableGaze","Diversion","FleetEdge","DefenseOrder","LeRegole","DarkCloud"],"picked":"FlashingStrike","floor":4},{"not_picked":["Pound","MultiHit","Gigigig","InhaleSmoke","NightInTheBackstreets","StrongStrike","Preparation","IronWall"],"picked":"KeepItFresh","floor":5},{"not_picked":["FlowOfTheSword","Juggling","GreatSerpentsImpact","ClassAndRespect","UnforgettableMelody","DesperateStruggle","SweepTheBackstreets","FeelinGood","SerpentSwordTechnique"],"picked":"Singing Bowl","floor":6},{"not_picked":["RatsGuideToSurvival","DesperateStruggle","SilentNight","Quickness","AutomatedMovement","DefenseOrder","Overpower","DeepDrag"],"picked":"FierceCharge","floor":7},{"not_picked":["FieryWaltz","PreemptiveStrike","Parry","Concentration","MirageStorm","FleetFootsteps","BackAttack","CookingPrep"],"picked":"Eject","floor":10},{"not_picked":["HighKick","Quickness","Parry2","SerpentineBarrier","RepressedFlesh","GreatSerpentsImpact","BackstreetsDash","HiddenBlade"],"picked":"TheArtOfRapidSteps","floor":11},{"not_picked":["Cruelty","SearingSword","WillOfThePrescript","WillBeTasty","FierceCharge","Reload","SmokingPipe","SuanNi"],"picked":"SnakeSlit","floor":13},{"not_picked":["GreatSerpentsImpact","BiAn","Reload","ClassAndRespect","FierceCharge","EnergyShield","FrontalAssault","EndlessBattle"],"picked":"RepressedFlesh","floor":14},{"not_picked":["FleshFillet","Decapitation"],"picked":"SavageMode","floor":16},{"not_picked":["ClassAndRespect","SerpentSwordTechnique","Thrust","StructuralAnalysis","BackstreetsDash","MultiBlock","SpearedSweep+1","FleetFootsteps+1"],"picked":"BladeWhirl","floor":18},{"not_picked":["ICanCookAnything","StrongStrike+1","Bvapour","SearingSword+1","KeepItFresh+1","EnergyCycle+1","BizarreAttack","ReadyUp"],"picked":"Unlock1","floor":19},{"not_picked":["ForTheFamily","PreemptiveStrike","SetFire","SnakesPrey","Leap_lor","YoureTooSlow+1","ForcefulGesture","Ripple"],"picked":"FleetEdge","floor":20},{"not_picked":["Brawl+1","IngredientHunt","Wallop_lor","BackstreetsDash","FieryWaltz","SmokingPipe+1","Rewind+1","Unlock1"],"picked":"RagingStormLove","floor":21},{"not_picked":["Eject","SnakesPrey","EnergyConversion","Multislash","QuickSuppression+1","Preparation","DefenseOrder","Ripple"],"picked":"BattleCommand","floor":24},{"not_picked":["AssaultOrder+1","ToOvercomeCrisis","AsThePrescriptOrders","AGoldenOpportunity+1","SuppressingShot","EmotionalTurbulence","TheArtOfRapidSteps+1","SenseQuarry"],"picked":"SharpNails+1","floor":25},{"not_picked":["BiteOff","Execute_lor","Pound","SearingSword","QuickSuppression","EnergyShield","SilentMist","HandleRequest","Thrust"],"picked":"Singing Bowl","floor":27},{"not_picked":["FierceCharge","Reload","SnakesPrey","InkOver","EnergyBeam","MultiBlock","Clone","CookingPrep","WillOfThePrescript"],"picked":"Singing Bowl","floor":28},{"not_picked":["PreemptiveStrike","AbsorbImpact","FleetEdge","UpbeatPerformance","Reload","BackAttack","CoordinatedAssault+1","Unlock1+1","SerpentineBarrier"],"picked":"Singing Bowl","floor":29},{"not_picked":["FleetEdge","SturdyDefense","FierceCharge","BayonetCombat+1","FlyingSword","EnergyCycle","TendonChords","Diversion"],"picked":"BoundaryOfDeath","floor":31},{"not_picked":["SenseQuarry","MindCrush"],"picked":"TrashDisposal","floor":33},{"not_picked":["Overpower","SnakesPrey","BizarreAttack","Multislash","SturdyDefense+1","FlashingStrike+1","HighKick+1","GreatSerpentsImpact+1"],"picked":"Faith","floor":35},{"not_picked":["IllEndYou","SinglePointStab+1","Leap_lor+1","SunsetBlade","SnakesPrey","StrikeDown+1","BulkyImpact","Thrust","TendonChords"],"picked":"Singing Bowl","floor":36},{"not_picked":["SpearedSweep+1","InhaleSmoke+1","ShockingBlow+1","Outburst","EnergyBeam","FleetEdge","YourShield+1","BiXi"],"picked":"Unlock1+1","floor":39},{"not_picked":["DirtyBlow+1","ButterflySlash","PinpointShot","Execute_lor","EndlessBattle+1","MultiHit","NightInTheBackstreets","PuppetBlockade+1"],"picked":"SharpenedBlade+1","floor":40},{"not_picked":["GutHarvesting","Wallop_lor+1","BindingChains","Leap_lor+1","AsThePrescriptOrders+1","DesperateStruggle+1","ScatteringSlash","Execute_lor+1"],"picked":"ShrineToMusic","floor":45},{"not_picked":["Overcharge+1","WillBeTasty","SteelKnuckles+1","ShockRound+1","MultiHit","EnergyStrike","Diversion+1","StructuralAnalysis","DesperateStruggle"],"picked":"Singing Bowl","floor":46},{"not_picked":["DarkCloud+1","FaintMemories+1","SuppressingShot+1","SnakeSlit+1","Faith","Quickness+1","Concentration+1","NonstopAssault+1","UnavoidableGaze"],"picked":"Singing Bowl","floor":47},{"not_picked":["SearingSword+1","Rampage_lor","StrongStrike+1","FocusFire","Unlock1+1","CoordinatedAssault+1","HandleRequest+1","DesperateStruggle"],"picked":"LeRegole","floor":48},{"not_picked":["IronWall+1","FieryWaltz+1","WillOfThePrescript","SerpentSwordTechnique","FierceCharge+1","NightInTheBackstreets+1","SuanNi","Multislash+1","PreemptiveStrike+1"],"picked":"Singing Bowl","floor":55}],"player_experience":166120,"relics_obtained":[{"floor":6,"key":"Singing Bowl"},{"floor":9,"key":"PageOfScarecrow"},{"floor":13,"key":"Peace Pipe"},{"floor":25,"key":"PageOfTodaysShyLook"},{"floor":26,"key":"HornCleat"},{"floor":29,"key":"Incense Burner"},{"floor":29,"key":"PageOfScorchedGirl"},{"floor":40,"key":"Thread and Needle"},{"floor":43,"key":"PreservedInsect"},{"floor":44,"key":"Lantern"},{"floor":55,"key":"PageOfOzma"}],"event_choices":[{"damage_healed":0,"gold_gain":0,"player_choice":"Donut","damage_taken":0,"max_hp_gain":5,"max_hp_loss":0,"event_name":"Big Fish","floor":2,"gold_loss":0},{"damage_healed":0,"gold_gain":0,"player_choice":"Fight","damage_taken":0,"max_hp_gain":0,"max_hp_loss":0,"event_name":"Colosseum","floor":29,"gold_loss":0},{"damage_healed":0,"gold_gain":0,"player_choice":"Fought Nobs","damage_taken":0,"max_hp_gain":0,"max_hp_loss":0,"event_name":"Colosseum","floor":29,"gold_loss":0},{"cards_removed":["SavageMode"],"damage_healed":0,"gold_gain":0,"player_choice":"Removed Attack","damage_taken":0,"max_hp_gain":0,"max_hp_loss":0,"event_name":"Falling","floor":38,"gold_loss":0},{"damage_healed":0,"gold_gain":0,"player_choice":"Embrace Madness","damage_taken":12,"max_hp_gain":0,"max_hp_loss":0,"event_name":"Winding Halls","floor":42,"gold_loss":0,"cards_obtained":["Madness","Madness"]}],"is_beta":false,"boss_relics":[{"not_picked":["Astrolabe","Coffee Dripper"],"picked":"PageOfBlackSwan"},{"not_picked":["SacredBark","Fusion Hammer"],"picked":"Philosopher\u0027s Stone"}],"items_purged_floors":[22,37],"is_endless":false,"potions_floor_spawned":[1,7,10,13,14,16,18,20,21,28,29,31,35,39,40],"ascension_level":0}}