{"host":"hyzmf9jejtktdcwr","time":1614172892,"event":{"mods":["100% Spire Juice","ATMod(°¢èªMod)","Act Like it!","Arknights","Aspiration","BaseMod","Dota2Spire","Hermit","Luminous","Minty Spire (QoL Compilation)","MostiFishMod","Prisma Mod","Quick Restart","Reliquary","Shop Mod","StSLib","The Blackbeard","The Construct","The Poker Player","[IsaacMod]ÒÔÈö¼âËþ"],"gold_per_floor":[133,159,84,91,98,151,174,246,328,410,443,463,476,100,100,228,228,259,134,163,191,191,248,248,285,312,365,403,462,462,505,505,629,629,666,704,704,226,226,226,307,345,345,345,417,506,557,599,599,662],"floor_reached":51,"language":"ZHS","playtime":1914,"items_purged":["ats:Strike V","ats:Strike C","ats:Armor Crushing Shot","ats:Strike S","ats:Strike G"],"score":1676,"play_id":"862fca55-2bff-4133-b5cb-c70c9ed47513","local_time":"20210224212132","is_ascension_mode":true,"campfire_choices":[{"data":"ats:Emotion Absorption","floor":15,"key":"SMITH"},{"data":"ats:Assault Order","floor":24,"key":"SMITH"},{"data":"ats:Phantom","floor":30,"key":"SMITH"},{"data":"AT_FamilyPortrait","floor":32,"key":"SMITH"},{"data":"AT_FamilyPortrait","floor":40,"key":"SMITH"},{"data":"MostiFishMod:EE1D","floor":44,"key":"SMITH"},{"data":"ats:Absolute Focus","floor":49,"key":"SMITH"}],"circlet_count":0,"master_deck":["AscendersBane","ats:Defend","ats:Defend","ats:Emotion Absorption+1","AT_FamilyPortrait+1","ats:Literary Storm+1","ats:Explosion Area Strengthen","ats:Sashimi Platter+1","ats:Red Shift","ats:Soul Absorption+1","ats:Chain Hook","ats:Closed Bolt Burst Fire","ats:Red Shift","ats:Mental Burst","ats:Calcification","ats:Red Shift","ats:Phantom+1","ats:Assault Order+1","ats:Burning Ground","ats:Wolf Pack","ats:Sashimi Platter","ats:Song Of Battle","ats:Composite Medical Shells","ats:Red Shift+1","ats:Soul Rend","MostiFishMod:EE1D+1","MostiFishMod:EE1D","MostiFishMod:EE1D","ats:Sashimi Platter","ats:Calcification","ats:Sunburst","ats:Steam Pump+1","ats:Red Shift","ats:Thorns","AT_FamilyPortrait+1","ats:Sashimi Platter+1","ats:Thorns+1","ats:Absolute Focus+1"],"relics":["ats:Sanity","DaveBox","AT_ATBox","HushsDoor","SalivaCoin","Civilization","SynthV:TestCard","Golden Idol","ats:Originium","GuppysPaw","Dota2Spire:ShivaGuard","ats:Military Tradition","reliquary:RoseTintedGlasses","Shuriken","Transparent","reliquary:SilkGlove","reliquary:Buckler","Dota2Spire:DrumOfEndurance","PreservedInsect","EE1DDrone","GuppysHead","Membership Card","ats:Bonebreaker","Whetstone","Happy Flower","AT_DeathDance"],"acts_visited":["Exordium","TheCity","TheBeyond"],"potions_floor_usage":[6,50,50,50,50],"damage_taken":[{"damage":15,"enemies":"Cultist","floor":1,"turns":5},{"damage":3,"enemies":"Small Slimes","floor":2,"turns":5},{"damage":8,"enemies":"Lagavulin","floor":6,"turns":4},{"damage":12,"enemies":"Jaw Worm","floor":7,"turns":2},{"damage":12,"enemies":"3 Sentries","floor":8,"turns":4},{"damage":0,"enemies":"Gremlin Nob","floor":11,"turns":2},{"damage":0,"enemies":"3 Louse","floor":12,"turns":2},{"damage":0,"enemies":"Blue Slaver","floor":13,"turns":1},{"damage":30,"enemies":"Hexaghost","floor":16,"turns":4},{"damage":20,"enemies":"Spheric Guardian","floor":18,"turns":1},{"damage":42,"enemies":"3 Byrds","floor":20,"turns":2},{"damage":22,"enemies":"Shelled Parasite and Fungi","floor":21,"turns":1},{"damage":46,"enemies":"Gremlin Leader","floor":23,"turns":2},{"damage":48,"enemies":"Centurion and Healer","floor":25,"turns":2},{"damage":50,"enemies":"Slavers","floor":27,"turns":2},{"damage":52,"enemies":"Snecko","floor":28,"turns":2},{"damage":68,"enemies":"Book of Stabbing","floor":29,"turns":2},{"damage":68,"enemies":"Cultist and Chosen","floor":31,"turns":2},{"damage":116,"enemies":"Automaton","floor":33,"turns":4},{"damage":50,"enemies":"3 Darklings","floor":35,"turns":2},{"damage":52,"enemies":"Orb Walker","floor":36,"turns":2},{"damage":97,"enemies":"Nemesis","floor":41,"turns":3},{"damage":56,"enemies":"3 Darklings","floor":42,"turns":2},{"damage":100,"enemies":"Reptomancer","floor":45,"turns":3},{"damage":84,"enemies":"Sphere and 2 Shapes","floor":46,"turns":2},{"damage":99,"enemies":"Jaw Worm Horde","floor":47,"turns":3},{"damage":70,"enemies":"3 Darklings","floor":48,"turns":2},{"damage":181,"enemies":"Awakened One","floor":50,"turns":5}],"seed_played":"-1775060312525719243","potions_obtained":[{"floor":2,"key":"SteroidPotion"},{"floor":11,"key":"Block Potion"},{"floor":12,"key":"Strength Potion"},{"floor":29,"key":"CultistPotion"},{"floor":48,"key":"EntropicBrew"}],"is_trial":false,"path_per_floor":["M","M","$","?","?","E","M","E","T","?","E","M","M","$","R","B",null,"M","$","M","M","?","E","R","M","T","E","M","E","R","M","R","B",null,"M","M","?","$","?","R","E","M","T","R","E","M","M","M","R","B",null],"character_chosen":"DOCTOR_CLASS","items_purchased":["Shuriken","ats:Mental Burst","ats:Sashimi Platter","ats:Calcification","ats:Sunburst","GuppysHead","Membership Card","ats:Bonebreaker","ats:Thorns","AT_FamilyPortrait"],"campfire_rested":0,"item_purchase_floors":[14,14,34,34,34,34,38,38,38,38],"current_hp_per_floor":[51,51,51,44,27,23,25,28,28,17,42,54,59,59,59,44,88,108,108,113,118,118,123,123,128,128,133,138,143,143,148,148,153,128,133,138,138,138,138,138,143,148,148,148,153,158,163,168,168,173],"gold":662,"neow_bonus":"REMOVE_TWO","is_daily":false,"chose_seed":false,"campfire_upgraded":7,"win_rate":0.0,"timestamp":1614172892,"path_taken":["M","?","$","?","?","E","M","E","T","?","E","M","M","$","R","BOSS","M","$","M","M","?","E","R","M","T","E","?","E","R","M","R","BOSS","M","M","?","$","?","R","E","M","T","R","E","M","M","M","R","BOSS"],"items_purchased_type":["Relic","Card","Card","Card","Card","Relic","Relic","Relic","Card","Card"],"build_version":"2020-12-22","purchased_purges":5,"victory":true,"max_hp_per_floor":[66,69,69,69,69,73,78,83,83,83,88,93,98,98,98,103,103,108,108,113,118,118,123,123,128,128,133,138,143,143,148,148,153,128,133,138,138,138,138,138,143,148,148,148,153,158,163,168,168,173],"card_choices":[{"not_picked":["ats:Guard Mode","ats:Poison Spread"],"picked":"ats:Literary Storm","floor":1},{"not_picked":["ats:Magnetic Hammer","ats:Healing Drone","ats:Revitalization","ats:Leaping Hammer"],"picked":"ats:Explosion Area Strengthen","floor":2},{"not_picked":["ats:Shell Defense","ats:LN2 Cannon","ats:Poison Spread","ats:Collapsing Strike"],"picked":"ats:Sashimi Platter","floor":6},{"not_picked":["ats:Soul Absorption","ats:Hammer On","ats:Blood Oath","ats:Guardian Obelisk"],"picked":"ats:Red Shift","floor":7},{"not_picked":["ats:Consecutive Shot Auto","ats:Composite Medical Shells","ats:Ignite","ats:Blood Oath"],"picked":"ats:Soul Absorption","floor":8},{"not_picked":["ats:Flexible Camouflage","ats:Volcano","ats:Blood Oath","ats:Shell Defense"],"picked":"ats:Chain Hook","floor":11},{"not_picked":["ats:Hammer On","ats:Ignite","ats:Healing Drone","ats:Flexible Camouflage"],"picked":"ats:Closed Bolt Burst Fire","floor":12},{"not_picked":["ats:Guard Mode","ats:Rapid Magazine","ats:Shell Defense","ats:Flexible Camouflage"],"picked":"ats:Red Shift","floor":13},{"not_picked":["ats:Disruption Kick","ats:Dogmatic Field","ats:Rat Pack","ats:Fractured Body"],"picked":"ats:Calcification","floor":16},{"not_picked":["ats:Revitalization","ats:Leaping Hammer+1","ats:Chain Hook","ats:Shadow Raid"],"picked":"ats:Red Shift","floor":18},{"not_picked":["ats:Curse Doll","ats:Assault Order","ats:Very Hot Blade","ats:Beaten Up"],"picked":"ats:Phantom","floor":20},{"not_picked":["ats:Curse Doll","ats:Apocalypse","ats:Support Order","ats:Steam Pump"],"picked":"ats:Assault Order","floor":21},{"not_picked":["ats:Thermite Blade+1","ats:Absolute Focus","ats:Phantom","ats:Composite Medical Shells","ats:Guardian Obelisk+1"],"picked":"SKIP","floor":23},{"not_picked":["ats:Collapsing Strike","ats:Poison Spread","ats:Closed Bolt Burst Fire","ats:Phantom"],"picked":"ats:Wolf Pack","floor":25},{"not_picked":["ats:Guard Mode","ats:Absolute Focus","ats:Hammer On","ats:Demon Strength"],"picked":"ats:Sashimi Platter","floor":27},{"not_picked":["ats:Composite Medical Shells","ats:Closed Bolt Burst Fire","ats:Thermite Blade","ats:Serious Mode"],"picked":"ats:Song Of Battle","floor":28},{"not_picked":["ats:Flame Of Heaven","ats:Closed Bolt Burst Fire","ats:Hook Shot","ats:Guardian Obelisk"],"picked":"ats:Composite Medical Shells","floor":29},{"not_picked":["ats:Very Hot Blade","ats:Blood Oath","ats:Apocalypse","ats:Serious Mode"],"picked":"ats:Red Shift","floor":31},{"not_picked":["ats:Disruption Kick","ats:Durian","ats:Echo Reverb","ats:Calcification"],"picked":"ats:Soul Rend","floor":33},{"not_picked":["ats:Consecutive Shot Auto","ats:Guard Mode","ats:Ignite","ats:Closed Bolt Burst Fire"],"picked":"ats:Steam Pump+1","floor":35},{"not_picked":["ats:Revitalization+1","ats:Blood Oath","ats:Flexible Camouflage","ats:Closed Bolt Burst Fire"],"picked":"ats:Red Shift","floor":36},{"not_picked":["ats:Leaping Hammer","ats:Blood Oath","ats:Thermite Blade","ats:Healing Strengthening+1"],"picked":"ats:Sashimi Platter+1","floor":41},{"not_picked":["ats:Assault Order","ats:Fractured Body","ats:Leaping Hammer","ats:Poison Spread+1"],"picked":"ats:Thorns+1","floor":42},{"not_picked":["ats:Collapsing Strike","ats:Explosion Area Strengthen","ats:Flexible Camouflage+1","ats:Leaping Hammer"],"picked":"ats:Absolute Focus","floor":45},{"not_picked":["ats:Curse Doll","ats:Poison Spread+1","ats:Blood Oath+1","ats:Magnetic Hammer","ats:Assault Order"],"picked":"SKIP","floor":46},{"not_picked":["ats:Literary Storm","ats:Cat Scratch","ats:Closed Bolt Burst Fire","ats:Curse Doll","ats:Guard Mode"],"picked":"SKIP","floor":47},{"not_picked":["ats:Absolute Focus","ats:Closed Bolt Burst Fire+1","ats:Red Shift","ats:Ignite","ats:Fractured Body"],"picked":"SKIP","floor":48}],"player_experience":213644,"relics_obtained":[{"floor":1,"key":"SynthV:TestCard"},{"floor":6,"key":"ats:Originium"},{"floor":6,"key":"GuppysPaw"},{"floor":8,"key":"ats:Originium"},{"floor":8,"key":"Dota2Spire:ShivaGuard"},{"floor":9,"key":"ats:Military Tradition"},{"floor":11,"key":"ats:Originium"},{"floor":11,"key":"reliquary:RoseTintedGlasses"},{"floor":23,"key":"ats:Originium"},{"floor":23,"key":"reliquary:SilkGlove"},{"floor":26,"key":"reliquary:Buckler"},{"floor":27,"key":"Dota2Spire:DrumOfEndurance"},{"floor":29,"key":"PreservedInsect"},{"floor":41,"key":"Whetstone"},{"floor":43,"key":"Happy Flower"},{"floor":45,"key":"AT_DeathDance"}],"event_choices":[{"cards_removed":["ats:Defend"],"damage_healed":0,"gold_gain":0,"player_choice":"Card Removal","damage_taken":7,"max_hp_gain":0,"max_hp_loss":0,"event_name":"Golden Wing","floor":4,"gold_loss":0},{"damage_healed":0,"gold_gain":0,"player_choice":"Take Damage","damage_taken":17,"relics_obtained":["Golden Idol"],"max_hp_gain":0,"max_hp_loss":0,"event_name":"Golden Idol","floor":5,"gold_loss":0},{"damage_healed":0,"gold_gain":75,"player_choice":"Gather Gold","damage_taken":11,"max_hp_gain":0,"max_hp_loss":0,"event_name":"World of Goop","floor":10,"gold_loss":0},{"damage_healed":0,"gold_gain":0,"player_choice":"Read","damage_taken":0,"max_hp_gain":0,"max_hp_loss":0,"event_name":"The Library","floor":22,"gold_loss":0,"cards_obtained":["ats:Burning Ground"]},{"cards_removed":["ats:Defend"],"damage_healed":0,"gold_gain":0,"player_choice":"Removed Skill","damage_taken":0,"max_hp_gain":0,"max_hp_loss":0,"event_name":"Falling","floor":37,"gold_loss":0},{"damage_healed":0,"gold_gain":0,"player_choice":"Ignored","damage_taken":0,"max_hp_gain":0,"max_hp_loss":0,"event_name":"Tomb of Lord Red Mask","floor":39,"gold_loss":0}],"is_beta":false,"boss_relics":[{"not_picked":["Runic Pyramid","NightmareShop"],"picked":"Transparent"},{"not_picked":[]},{"not_picked":["aspiration:WatcherSkillbook","aspiration:RunicSpoon"],"picked":"EE1DDrone"},{"not_picked":[]}],"items_purged_floors":[3,14,19,34,38],"is_endless":false,"potions_floor_spawned":[2,11,12,16,18,21,29,31,33,35,42,47,48],"ascension_level":13}}