{"host":"r7hmxrtwvofdnlkf","time":1614200654,"event":{"mods":["AchievementEnabler","BaseMod","Colored Powertips","Minty Spire (QoL Compilation)","Relic Stats","StSLib"],"gold_per_floor":[116,135,149,164,175,201,201,217,243,243,255,266,282,307,307,408,408,423,440,296,46,46,78,90,114,150,180,192,204,245,272,284,296,296],"floor_reached":33,"language":"ENG","playtime":2053,"items_purged":["Defend_P","Strike_P"],"score":328,"play_id":"84a0e688-84fd-4c83-bf57-31cec7d87216","local_time":"20210224220414","is_ascension_mode":false,"campfire_choices":[{"data":"WindmillStrike","floor":7,"key":"SMITH"},{"data":"ReachHeaven","floor":15,"key":"SMITH"},{"floor":24,"key":"REST"},{"floor":29,"key":"REST"},{"data":"Eruption","floor":32,"key":"SMITH"}],"circlet_count":0,"master_deck":["Strike_P","Strike_P","Strike_P+1","Defend_P","Eruption+1","Vigilance","ThirdEye","WindmillStrike+1","Protect","ThirdEye","FlyingSleeves+1","CrushJoints+1","FearNoEvil+1","Consecrate","ReachHeaven+1","Crescendo","ClearTheMind","Scrawl","CutThroughFate+1","Meditate+1","Swivel","LessonLearned","Wallop+1","LikeWater+1","FearNoEvil","WheelKick"],"relics":["HolyWater","Mummified Hand","Whetstone","Frozen Egg 2","MawBank","Blood Vial","Anchor"],"acts_visited":["Exordium","TheCity"],"potions_floor_usage":[6,6,14,16,23,25,30,33],"damage_taken":[{"damage":1,"enemies":"2 Louse","floor":1,"turns":3},{"damage":0,"enemies":"Cultist","floor":2,"turns":3},{"damage":0,"enemies":"Small Slimes","floor":3,"turns":2},{"damage":4,"enemies":"Blue Slaver","floor":4,"turns":5},{"damage":0,"enemies":"3 Louse","floor":5,"turns":4},{"damage":7,"enemies":"Lagavulin","floor":6,"turns":8},{"damage":0,"enemies":"2 Fungi Beasts","floor":8,"turns":4},{"damage":1,"enemies":"Large Slime","floor":11,"turns":3},{"damage":6,"enemies":"Gremlin Gang","floor":12,"turns":4},{"damage":7,"enemies":"Looter","floor":13,"turns":4},{"damage":0,"enemies":"Gremlin Nob","floor":14,"turns":2},{"damage":16,"enemies":"Hexaghost","floor":16,"turns":8},{"damage":0,"enemies":"Chosen","floor":18,"turns":4},{"damage":16,"enemies":"Spheric Guardian","floor":19,"turns":6},{"damage":18,"enemies":"Slavers","floor":23,"turns":9},{"damage":34,"enemies":"Snake Plant","floor":25,"turns":4},{"damage":11,"enemies":"Shelled Parasite and Fungi","floor":27,"turns":3},{"damage":9,"enemies":"Gremlin Leader","floor":30,"turns":5},{"damage":2,"enemies":"Centurion and Healer","floor":31,"turns":7},{"damage":50,"enemies":"Champ","floor":33,"turns":9}],"seed_played":"7705708735912193880","potions_obtained":[{"floor":3,"key":"AttackPotion"},{"floor":5,"key":"Block Potion"},{"floor":8,"key":"BottledMiracle"},{"floor":12,"key":"SkillPotion"},{"floor":13,"key":"Block Potion"},{"floor":19,"key":"BottledMiracle"},{"floor":23,"key":"AttackPotion"},{"floor":25,"key":"EssenceOfSteel"},{"floor":31,"key":"Fire Potion"}],"is_trial":false,"path_per_floor":["M","M","M","M","M","E","R","M","T","?","M","M","M","E","R","B",null,"M","M","$","$","?","E","R","M","T","M","$","R","E","M","R","B"],"character_chosen":"WATCHER","items_purchased":["Swivel","LessonLearned"],"campfire_rested":2,"item_purchase_floors":[20,21],"current_hp_per_floor":[78,78,78,74,74,67,67,67,67,67,66,60,53,53,53,37,79,79,63,63,63,63,45,68,34,34,25,25,48,41,41,41,0,0],"gold":296,"neow_bonus":"TEN_PERCENT_HP_BONUS","is_daily":false,"chose_seed":false,"campfire_upgraded":3,"win_rate":0.0,"timestamp":1614200654,"path_taken":["M","M","M","M","M","E","R","M","T","?","?","M","M","E","R","BOSS","M","M","?","$","?","E","R","M","T","M","$","R","E","M","R","BOSS"],"items_purchased_type":["Card","Card"],"build_version":"2020-12-22","purchased_purges":2,"victory":false,"max_hp_per_floor":[79,79,79,79,79,79,79,79,79,79,79,79,79,79,79,79,79,79,79,79,79,79,79,79,79,79,79,79,79,79,79,79,79,79],"relic_stats":{"Blood Vial":8,"counters":[20,97],"Mummified Hand":[5],"Whetstone":["FearNoEvil","CrushJoints"],"MawBank":120,"obtain_stats":[{"Blood Vial":26,"Anchor":30,"Mummified Hand":6,"HolyWater":17,"Whetstone":9,"PureWater":0,"Frozen Egg 2":14,"MawBank":23},{"Blood Vial":16,"Anchor":18,"Mummified Hand":6,"HolyWater":12,"Whetstone":7,"PureWater":0,"Frozen Egg 2":11,"MawBank":15},{"Blood Vial":73,"Anchor":81,"Mummified Hand":25,"HolyWater":50,"Whetstone":29,"PureWater":0,"Frozen Egg 2":42,"MawBank":69}]},"card_choices":[{"not_picked":["Study","Protect"],"picked":"ThirdEye","floor":1},{"not_picked":["Sanctity","Crescendo"],"picked":"WindmillStrike","floor":2},{"not_picked":["Study","JustLucky"],"picked":"Protect","floor":3},{"not_picked":["CrushJoints","JustLucky"],"picked":"ThirdEye","floor":4},{"not_picked":["Collect","Sanctity"],"picked":"FlyingSleeves","floor":5},{"not_picked":["ThirdEye","SashWhip"],"picked":"CrushJoints","floor":6},{"not_picked":["EmptyFist","SashWhip"],"picked":"FearNoEvil","floor":8},{"not_picked":["Halt","Weave"],"picked":"Consecrate","floor":11},{"not_picked":["WheelKick","PathToVictory"],"picked":"ReachHeaven","floor":12},{"not_picked":["ConjureBlade","CarveReality"],"picked":"Crescendo","floor":13},{"not_picked":["ReachHeaven","Protect"],"picked":"ClearTheMind","floor":14},{"not_picked":["Brilliance","DeusExMachina"],"picked":"Scrawl","floor":16},{"not_picked":["Tantrum","Pray+1"],"picked":"CutThroughFate+1","floor":18},{"not_picked":["ReachHeaven","SashWhip"],"picked":"Meditate+1","floor":19},{"not_picked":["Consecrate+1","Adaptation+1"],"picked":"Wallop+1","floor":23},{"not_picked":["EmptyMind","BowlingBash+1"],"picked":"LikeWater+1","floor":25},{"not_picked":["Consecrate","Halt"],"picked":"FearNoEvil","floor":27},{"not_picked":["FlurryOfBlows","JustLucky+1"],"picked":"WheelKick","floor":30},{"not_picked":["PathToVictory+1","Brilliance","SignatureMove"],"picked":"SKIP","floor":31}],"player_experience":181833,"relics_obtained":[{"floor":6,"key":"Mummified Hand"},{"floor":9,"key":"Whetstone"},{"floor":14,"key":"Frozen Egg 2"},{"floor":23,"key":"MawBank"},{"floor":26,"key":"Blood Vial"},{"floor":30,"key":"Anchor"}],"event_choices":[{"cards_removed":["Defend_P"],"damage_healed":0,"gold_gain":0,"player_choice":"Offered Basic","damage_taken":0,"max_hp_gain":0,"max_hp_loss":0,"event_name":"Bonfire Elementals","floor":10,"gold_loss":0},{"cards_removed":["Defend_P"],"damage_healed":0,"gold_gain":0,"player_choice":"Elegance","damage_taken":0,"max_hp_gain":0,"max_hp_loss":0,"event_name":"Back to Basics","floor":22,"gold_loss":0}],"is_beta":false,"boss_relics":[{"not_picked":["SacredBark","Black Star"],"picked":"HolyWater"}],"items_purged_floors":[20,21],"is_endless":false,"potions_floor_spawned":[3,5,8,12,13,19,23,25,31],"killed_by":"Champ","ascension_level":0}}