{"host":"zxkjcgzis4pm3za5","time":1614188215,"event":{"mods":["2.2 Compatiblity","AchievementEnabler","BaseMod","Colored Map","Colored Powertips","Minty Spire (QoL Compilation)","Quick Restart","Random Character Button","Relic Filter Mod","Relic Sorter","Relic Stats","StSLib","ojb\u0027s Info Mod"],"gold_per_floor":[111,111,130,405,293,327,327,327,327],"floor_reached":8,"language":"ENG","playtime":220,"items_purged":["Regret"],"score":108,"play_id":"3e6b898e-7ad7-419b-8b2d-e40e6990cee5","local_time":"20210224230655","is_ascension_mode":true,"campfire_choices":[{"data":"Noxious Fumes","floor":7,"key":"SMITH"}],"circlet_count":0,"master_deck":["AscendersBane","Strike_G","Strike_G","Strike_G","Strike_G","Strike_G","Defend_G","Defend_G","Defend_G","Defend_G","Survivor","Neutralize","All Out Attack","Endless Agony","Noxious Fumes+1","Catalyst"],"relics":["Runic Dome","Letter Opener"],"acts_visited":["Exordium"],"potions_floor_usage":[6],"damage_taken":[{"damage":4,"enemies":"2 Louse","floor":1,"turns":3},{"damage":0,"enemies":"Cultist","floor":3,"turns":3},{"damage":26,"enemies":"Gremlin Nob","floor":6,"turns":4},{"damage":29,"enemies":"3 Sentries","floor":8,"turns":5}],"seed_played":"25951432303359178","potions_obtained":[{"floor":1,"key":"FearPotion"},{"floor":6,"key":"SpeedPotion"}],"is_trial":false,"path_per_floor":["M","?","M","?","$","E","R","E"],"character_chosen":"THE_SILENT","items_purchased":["Noxious Fumes"],"campfire_rested":0,"item_purchase_floors":[5],"current_hp_per_floor":[55,55,55,55,55,29,29,0,0],"gold":327,"neow_bonus":"BOSS_RELIC","is_daily":false,"chose_seed":false,"campfire_upgraded":1,"win_rate":0.0,"timestamp":1614188215,"path_taken":["M","?","?","?","$","E","R","E"],"items_purchased_type":["Card"],"build_version":"2020-12-22","purchased_purges":1,"victory":false,"max_hp_per_floor":[66,66,66,66,66,66,66,66,66],"relic_stats":{"counters":[4,15],"Letter Opener":[15],"obtain_stats":[{"Runic Dome":0,"Letter Opener":6,"Ring of the Snake":0},{"Runic Dome":0,"Letter Opener":3,"Ring of the Snake":0},{"Runic Dome":0,"Letter Opener":10,"Ring of the Snake":0}]},"card_choices":[{"not_picked":["Slice","Underhanded Strike"],"picked":"All Out Attack","floor":1},{"not_picked":["Masterful Stab","PiercingWail"],"picked":"Endless Agony","floor":3},{"not_picked":["Dodge and Roll","Calculated Gamble"],"picked":"Catalyst","floor":6}],"player_experience":437756,"relics_obtained":[{"floor":6,"key":"Letter Opener"}],"event_choices":[{"cards_removed":["Defend_G"],"damage_healed":0,"gold_gain":0,"player_choice":"Offered Basic","damage_taken":0,"max_hp_gain":0,"max_hp_loss":0,"event_name":"Bonfire Elementals","floor":2,"gold_loss":0},{"damage_healed":0,"gold_gain":275,"player_choice":"Desecrate","damage_taken":0,"max_hp_gain":0,"max_hp_loss":0,"event_name":"Golden Shrine","floor":4,"gold_loss":0,"cards_obtained":["Regret"]}],"is_beta":false,"boss_relics":[],"items_purged_floors":[5],"is_endless":false,"potions_floor_spawned":[1,6],"killed_by":"3 Sentries","ascension_level":20}}