{"host":"whe4vf9w0yuhsr02","time":1614191289,"event":{"mods":["AchievementEnabler","Act Like it!","BaseMod","Better Altar","Better Match","Better Note","Better Sensory Stone","Better Skull","Better Third Choice","Colored Map","Dark Map","Friendly Minions","Highlight Path","Hubris","Library of Ruina","Library of Ruina Extra","Minty Spire (QoL Compilation)","Poor People Problems","Quick Restart","Replay The Spire","StSLib","everything is the same but u backflip on backflip"],"gold_per_floor":[216,67,77,106,106,218,351,428,476,488,511,523,568,580,592,704,766,790,802,365,377,88,88,122,83,83,83,110,120,153,169,169,264,264,281,301,351,369,388,366,366,384,435,435,435,55,88,88,88,88,88],"floor_reached":52,"language":"ENG","playtime":622,"items_purged":["Normality"],"score":1596,"play_id":"829665eb-5122-4594-8906-329ca34208e9","local_time":"20210224202809","is_ascension_mode":true,"campfire_choices":[{"floor":10.0,"key":"DIG"},{"floor":15.0,"key":"DIG"},{"floor":27.0,"key":"DIG"},{"floor":32.0,"key":"DIG"},{"floor":41,"key":"DIG"},{"floor":45,"key":"DIG"},{"floor":49,"key":"DIG"}],"circlet_count":0,"master_deck":["DegradedFairy+1","DegradedFairy+1","DegradedFairy","DegradedChain+1","DegradedChain","DegradedLock","DegradedPillar+1","DegradedPillar+1","DegradedShockwave","Necronomicurse"],"relics":["PageOfLibrarian","PageOfPorccubus","Shovel","hubris:Icosahedron","InkBottle","MawBank","Art of War","Garlic","Grinning Jar","PageOfDeadButterflies","Tiny House","Necronomicon","Lee\u0027s Waffle","hubris:MedicalManual","Guide Book","Bag of Preparation","hubris:Towel","hubris:TenFootPole","Blood Vial","Toy Ornithopter","PageOfWrath","PageOfTheQueenOfHatred","Pear","PageOfBlackSwan","PageOfTheKnightOfDespair","PageOfGreed","Lantern","PageOfNihil","PageOfSnowWhitesApple","Ring of Hypnosis","Whetstone","Replay:Baseball","Anchor","Du-Vu Doll"],"acts_visited":["Exordium","TheCity","TheBeyond"],"potions_floor_usage":[40,51,51],"damage_taken":[{"damage":0.0,"enemies":"Cultist","floor":1.0,"turns":1.0},{"damage":0.0,"enemies":"2 Louse","floor":3.0,"turns":1.0},{"damage":0.0,"enemies":"Small Slimes","floor":6.0,"turns":2.0},{"damage":4.0,"enemies":"3 Sentries","floor":7.0,"turns":2.0},{"damage":0.0,"enemies":"Looter","floor":11.0,"turns":1.0},{"damage":0.0,"enemies":"Gremlin Nob","floor":13.0,"turns":2.0},{"damage":0.0,"enemies":"Hexaghost","floor":16.0,"turns":5.0},{"damage":0.0,"enemies":"Spheric Guardian","floor":18.0,"turns":1.0},{"damage":0.0,"enemies":"Chosen","floor":21.0,"turns":2.0},{"damage":0.0,"enemies":"Replay:Snechameleon","floor":24.0,"turns":2.0},{"damage":0.0,"enemies":"Centurion and Healer","floor":25.0,"turns":2.0},{"damage":0.0,"enemies":"Slavers","floor":28.0,"turns":1.0},{"damage":0.0,"enemies":"Snake Plant","floor":29.0,"turns":2.0},{"damage":0.0,"enemies":"Gremlin Leader","floor":30.0,"turns":2.0},{"damage":0.0,"enemies":"Sentry and Sphere","floor":31.0,"turns":1.0},{"damage":11,"enemies":"KingOfGreed","floor":33,"turns":5},{"damage":0,"enemies":"3 Darklings","floor":35,"turns":1},{"damage":0,"enemies":"Orb Walker","floor":36,"turns":2},{"damage":0,"enemies":"Mind Bloom Boss Battle","floor":37,"turns":3},{"damage":0,"enemies":"3 Darklings","floor":38,"turns":1},{"damage":0,"enemies":"Writhing Mass","floor":39,"turns":2},{"damage":0,"enemies":"R_Hoarder","floor":40,"turns":3},{"damage":22,"enemies":"Reptomancer","floor":42,"turns":6},{"damage":0,"enemies":"Reptomancer","floor":47,"turns":1},{"damage":0,"enemies":"Donu and Deca","floor":50,"turns":2},{"damage":16,"enemies":"Donu and Deca","floor":51,"turns":6}],"seed_played":"6166184441714596921","potions_obtained":[{"floor":3.0,"key":"Weak Potion"},{"floor":6.0,"key":"Energy Potion"},{"floor":16.0,"key":"SmokeBomb"},{"floor":17.0,"key":"Flashbang"},{"floor":40,"key":"SteroidPotion"}],"is_trial":false,"path_per_floor":["M","$","M","?","?","M","E","?","T","R","M","T","E","?","R","B",null,"M","?","$","M","$","?","E","M","T","R","E","M","E","M","R_BF","B",null,"M","M","?","M","M","E","R","E","T","?","R","$","E","$","R_BF","B",null,null],"character_chosen":"Librarian","items_purchased":["PageOfPorccubus","Lee\u0027s Waffle","hubris:MedicalManual","Guide Book","Bag of Preparation","Replay:Baseball","LiquidMemories","LiquidMemories"],"campfire_rested":0,"item_purchase_floors":[2,20,20,22,22,46,46,46],"current_hp_per_floor":[54,54,54,20,20,20,18,18,18,18,18,18,18,23,23,23,78,78,68,102,102,102,102,102,102,102,102,102,102,102,102,112,103,110,112,112,112,112,112,112,112,104,104,104,104,104,106,106,106,108,96],"gold":88,"neow_bonus":"HUNDRED_GOLD","is_daily":false,"chose_seed":false,"campfire_upgraded":0,"win_rate":0.0,"timestamp":1614191289,"path_taken":["M","$","?","?","?","M","E","?","T","R","?","?","E","?","R","BOSS","M","?","$","M","$","?","E","M","T","R","E","M","E","M","R_BF","BOSS","M","M","?","M","M","E","R","E","T","?","R","$","E","$","R_BF","BOSS"],"items_purchased_type":["Relic","Relic","Relic","Relic","Relic","Relic","Potion","Potion"],"build_version":"2020-12-22","purchased_purges":1,"victory":true,"max_hp_per_floor":[90,90,90,90,90,90,90,90,90,90,90,90,90,90,90,90,95,95,95,102,102,102,102,102,102,102,102,102,102,102,102,112,112,112,112,112,112,112,112,112,112,112,112,112,112,112,112,112,112,112,112],"card_choices":[{"not_picked":["Wallop_lor","BiXi","ViolentFlame","Creak","MultiHit","SerpentSwordTechnique","Overpower","SharpenedBlade","CoordinatedAssault"],"picked":"SKIP","floor":1.0},{"not_picked":["Pound","BoundaryOfDeath","GuardingStance","GreatSerpentsImpact","BindingChains","HighKick","NonstopAssault","Mutilate","BiAn"],"picked":"SKIP","floor":3.0},{"not_picked":["WillOfThePrescript","SpearedSweep","AsThePrescriptOrders","QuickSuppression","Slice_lor","ShockRound","QuickAttack","TrashDisposal","TheArtOfRapidSteps"],"picked":"SKIP","floor":6.0},{"not_picked":["GroundSmash","NightInTheBackstreets","SmokingPipe","FendThisOffIfYouCan","BindingChains","InkOver","PinpointShot","HiddenBlade","Multislash"],"picked":"SKIP","floor":7.0},{"not_picked":["VioletBlade","SinglePointStab","Pound","WillOfThePrescript","IdentifyWeakpoint","DefenseOrder","GuidanceOfTheGears","FlashOfSunup","Fence"],"picked":"SKIP","floor":11.0},{"not_picked":["IdentifyWeakpoint","Quickness","SpearedSweep","Feast","HighKick","SkitterAway","EnergyCycle","Outburst","StayCalm"],"picked":"SKIP","floor":13.0},{"not_picked":["AutomatedMovement","Riposte","PreemptiveStrike","SunsetBlade","Decapitation","WillOfThePrescript","Reload+1","FierceCharge","FlashingStrike"],"picked":"SKIP","floor":18.0},{"not_picked":["StrongStrike+1","Standoff","StructuralAnalysis","BackAttack","QuickSuppression+1","EndlessBattle+1","FleetEdge","GoinFirst","FierceCharge"],"picked":"SKIP","floor":21.0},{"not_picked":["Thrust+1","Leap_lor+1","SmokingPipe+1","Guardian_lor","UndertakePrescript+1","Parry","GuidanceOfTheGears","DesperateStruggle+1","TendonChords+1"],"picked":"SKIP","floor":24.0},{"not_picked":["FlyingSword","UncannyStrike","Crush","SuppressingShot","BiAn","AutomatedMovement","ICanCookAnything","UndertakePrescript","UnavoidableGaze+1"],"picked":"SKIP","floor":25.0},{"not_picked":["Crush","FrontalAssault","BackAttack","Standoff","Concentration","ShockingBlow","StrikeDown","Wallop_lor","PreparedMind"],"picked":"SKIP","floor":28.0},{"not_picked":["FlashingStrike","GreatSerpentsImpact","FieryWaltz","FocusFire","HandleRequest","SturdyDefense","AutonomousRush+1","Decapitation","StructuralAnalysis"],"picked":"SKIP","floor":29.0},{"not_picked":["ChiWen","FormingStorm","Unlock1","CoordinatedAssault","StructuralAnalysis","BindingChains","DarkCloud","UnforgettableMelody","SpearedSweep"],"picked":"SKIP","floor":30.0},{"not_picked":["Rewind+1","Thrust","SturdyDefense","BindingArms+1","UpbeatPerformance","HandleRequest","RipSpace","Parry2+1","ReadyUp"],"picked":"SKIP","floor":31.0},{"not_picked":["EnergyShield","GrazeTheGrass","TheArtOfRapidSteps+1","BackstreetsDash","InkOver+1","TendonChords","DestructiveImpact+1","Quickness+1","EnergyStrike"],"picked":"SKIP","floor":35},{"not_picked":["FierceCharge","Observe","RhinoRam+1","Multislash+1","SilentMist","Pound+1","HardRehearsal+1","Brawl","InkOver+1"],"picked":"SKIP","floor":36},{"not_picked":["Multislash+1","Diversion","WildCard+1","SpearedSweep+1","FlamingDragonFist","ToOvercomeCrisis","FleetEdge+1","MultiBlock","PinpointShot+1"],"picked":"SKIP","floor":38},{"not_picked":["SharpSwipe+1","FrontalAssault+1","AlloutWar+1","FormingStorm","HiddenBlade","GrazeTheGrass+1","BindingArms+1","Reload+1","BackAttack"],"picked":"SKIP","floor":39},{"not_picked":["Rewind+1","UndertakePrescript","KeepItFresh","UnavoidableGaze+1","SilentNight","Reload","Multislash+1","GuidanceOfTheGears","Standoff"],"picked":"SKIP","floor":40},{"not_picked":["SpearedSweep","ForcefulGesture","CoordinatedAssault+1","SuanNi","StructuralAnalysis","NightInTheBackstreets+1","Faith","KeepItFresh","ViolentFlame"],"picked":"SKIP","floor":42},{"not_picked":["BackAttack","BladeWhirl","Tttonst","ViolentFlame","AutomatedMovement","InhaleSmoke+1","FleetEdge+1","SilentMist+1","UnavoidableGaze"],"picked":"SKIP","floor":47}],"player_experience":456399,"relics_obtained":[{"floor":4.0,"key":"Shovel"},{"floor":7.0,"key":"InkBottle"},{"floor":9.0,"key":"MawBank"},{"floor":10.0,"key":"Art of War"},{"floor":12.0,"key":"Garlic"},{"floor":13.0,"key":"Grinning Jar"},{"floor":15.0,"key":"PageOfDeadButterflies"},{"floor":19.0,"key":"Necronomicon"},{"floor":24.0,"key":"hubris:TenFootPole"},{"floor":26.0,"key":"Blood Vial"},{"floor":27.0,"key":"Toy Ornithopter"},{"floor":28.0,"key":"PageOfWrath"},{"floor":30.0,"key":"PageOfTheQueenOfHatred"},{"floor":32.0,"key":"Pear"},{"floor":37,"key":"PageOfTheKnightOfDespair"},{"floor":40,"key":"PageOfGreed"},{"floor":41,"key":"Lantern"},{"floor":42,"key":"PageOfNihil"},{"floor":43,"key":"PageOfSnowWhitesApple"},{"floor":44,"key":"Ring of Hypnosis"},{"floor":45,"key":"Whetstone"},{"floor":47,"key":"Anchor"},{"floor":49,"key":"Du-Vu Doll"}],"event_choices":[{"damage_healed":0.0,"max_hp_gain":0.0,"max_hp_loss":0.0,"gold_gain":77.0,"event_name":"Golden Wing","player_choice":"Gained Gold","floor":8.0,"gold_loss":0.0,"damage_taken":0.0},{"cards_removed":["Pot Of Greed"],"damage_healed":5.0,"max_hp_gain":0.0,"max_hp_loss":0.0,"gold_gain":0.0,"event_name":"Bonfire Elementals","player_choice":"Offered Special","floor":14.0,"gold_loss":0.0,"damage_taken":0.0},{"damage_healed":0.0,"max_hp_gain":0.0,"max_hp_loss":0.0,"gold_gain":0.0,"event_name":"Cursed Tome","player_choice":"Obtained Book","floor":19.0,"gold_loss":0.0,"damage_taken":16.0},{"damage_healed":0,"gold_gain":0,"player_choice":"Fight","damage_taken":0,"max_hp_gain":0,"max_hp_loss":0,"event_name":"MindBloom","floor":37,"gold_loss":0}],"is_beta":false,"boss_relics":[{"not_picked":["Runic Pyramid","hubris:Stopwatch"],"picked":"Tiny House"},{"not_picked":["Empty Cage","hubris:BlackHole"],"picked":"PageOfBlackSwan"}],"items_purged_floors":[46],"is_endless":false,"potions_floor_spawned":[3,6,16,25,28,29,36,38,40],"ascension_level":6}}