{"host":"y4fuci1jk2rsxnep","time":1614159668,"event":{"mods":["AchievementEnabler","BaseMod","Colored Powertips","Custom Start","Defuse TimeMaze Blight","Dio Mod","Downfall","Hermit","Hero for Fun","Hubris","Hunter ??","Infinite Spire","Minty Spire (QoL Compilation)","Quick Restart","Reliquary","Remove Card Discount Mod","Replay The Spire","StSLib","The Blackbeard","The Bug Knight","The Mystic","The Runesmith"],"gold_per_floor":[116,20,20,38,38,73,73,100,126,126,126],"floor_reached":10,"language":"ENG","playtime":406,"items_purged":["hermit:Defend_Hermit","hermit:Strike_Hermit"],"score":119,"play_id":"14738dbb-97a2-4d2a-a062-094b381e52c6","local_time":"20210224104108","is_ascension_mode":true,"campfire_choices":[{"data":"hermit:Midnight","floor":7,"key":"SMITH"}],"circlet_count":0,"master_deck":["hermit:Strike_Hermit","hermit:Strike_Hermit","hermit:Strike_Hermit","hermit:Defend_Hermit","hermit:Defend_Hermit+1","hermit:Defend_Hermit","hermit:Snapshot","hermit:Covet","hermit:BodyArmor","hermit:Determination","hermit:Misfire","hermit:Midnight+1","hermit:Gestalt","hermit:WideOpen"],"relics":["hermit:Momento","NeowsBlessing","Blue Doll","HollowMod:PaleOreRelic","infinitespire:PuzzleCube"],"acts_visited":["Exordium"],"potions_floor_usage":[],"damage_taken":[{"damage":0,"enemies":"Small Slimes","floor":1,"turns":1},{"damage":0,"enemies":"Cultist","floor":4,"turns":1},{"damage":0,"enemies":"3 Sentries","floor":6,"turns":1},{"damage":18,"enemies":"Lagavulin","floor":8,"turns":8},{"damage":58,"enemies":"HollowMod:MossKnight","floor":10,"turns":7}],"seed_played":"333762729113990131","potions_obtained":[{"floor":4,"key":"Elixir"},{"floor":6,"key":"Elixir"}],"is_trial":false,"path_per_floor":["M","$","?","M","?","E","R","E","T","E"],"character_chosen":"HERMIT","items_purchased":["hermit:Determination","hermit:Misfire"],"campfire_rested":0,"item_purchase_floors":[2,2],"current_hp_per_floor":[75,75,75,75,75,75,75,57,57,0,0],"gold":126,"neow_bonus":"THREE_ENEMY_KILL","is_daily":false,"chose_seed":false,"campfire_upgraded":1,"win_rate":0.0,"timestamp":1614159668,"path_taken":["M","$","?","?","?","E","R","E","T","E"],"items_purchased_type":["Card","Card"],"build_version":"2020-12-22","purchased_purges":2,"victory":false,"max_hp_per_floor":[75,75,75,75,75,75,75,75,75,75,75],"card_choices":[{"not_picked":["hermit:LowProfile","hermit:TakeAim"],"picked":"hermit:BodyArmor","floor":1},{"not_picked":["hermit:Ricochet","hermit:EyeOfTheStorm"],"picked":"hermit:Midnight","floor":4},{"not_picked":["hermit:Virtue","hermit:HeroicBravado"],"picked":"hermit:Gestalt","floor":6},{"not_picked":["hermit:Dive","hermit:HighCaliber"],"picked":"hermit:WideOpen","floor":8}],"player_experience":704041,"relics_obtained":[{"floor":6,"key":"Blue Doll"},{"floor":8,"key":"HollowMod:PaleOreRelic"},{"floor":9,"key":"infinitespire:PuzzleCube"}],"event_choices":[{"damage_healed":0,"gold_gain":0,"player_choice":"Ignored","damage_taken":0,"max_hp_gain":0,"max_hp_loss":0,"event_name":"WeMeetAgain","floor":3,"gold_loss":0}],"is_beta":false,"boss_relics":[],"items_purged_floors":[2,2],"is_endless":false,"potions_floor_spawned":[4,6],"killed_by":"HollowMod:MossKnight","ascension_level":4}}