{"host":"7fyy23rucerupe6i","time":1614145701,"event":{"mods":["AchievementEnabler","Act Like it!","Aspiration","BaseMod","Better Note","BetterRewards","Colored Map","Colored Powertips","Conspire","Curses Come First","Custom Start","Downfall","Googly Eyes","Marisa£®ÏF”Í°°ƒß¿Ì…≥£©","Minty Spire (QoL Compilation)","Quick Restart","Relic Stats","Shop Mod","ShortenTheSpire","Spicy Shops","StSLib","SuperFastMode","The Blackbeard","The Construct","The Cursed","The Senshi","The Servant 0.9.4"],"gold_per_floor":[99,115,125,125,275,74,74,101,117,128,156,431,44,61,79,176,176,176,193,193,293,303,303,303,303],"floor_reached":23,"language":"ZHS","playtime":2242,"items_purged":["downfall:Icky","Regret"],"score":211,"play_id":"c0004b49-9481-42aa-bf0b-665ef6d25b4f","local_time":"20210224134821","is_ascension_mode":true,"campfire_choices":[{"data":"champ:Taunt","floor":1,"key":"SMITH"},{"data":"champ:DefensiveStyle","floor":18,"key":"SMITH"}],"circlet_count":0,"master_deck":["champ:Strike","champ:Strike","champ:Strike","champ:Defend","champ:Defend","champ:Defend","champ:Execute","champ:Taunt+1","champ:FlashCut","champ:FlashCut","Injury","champ:ArenaPreparation+1","champ:SetATrap+1","champ:DefensiveStyle+1","champ:EnGarde+1","champ:BringItOn+1","champ:DefensiveShout+1","champ:Circumvent+1","champ:PreemptiveStrike","champ:UltimateStance+1","champ:SkillfulDodge+1","champ:FaceSlap","champ:FanOfKnives","J.A.X.+1","champ:DefensiveShout+1"],"relics":["champ:ChampionCrown","Toxic Egg 2","StoneCalendar","Nunchaku","The Courier","Ornamental Fan","conspire:BottledYoYo","expansioncontent:StudyCardRelic","MutagenicStrength"],"acts_visited":["Exordium","TheCity"],"potions_floor_usage":[2,21],"damage_taken":[{"damage":1,"enemies":"2 Louse","floor":2,"turns":2},{"damage":10,"enemies":"Jaw Worm","floor":3,"turns":3},{"damage":20,"enemies":"downfall:FleeingMerchant","floor":6,"turns":4},{"damage":24,"enemies":"3 Sentries","floor":8,"turns":4},{"damage":6,"enemies":"Cultist","floor":9,"turns":2},{"damage":2,"enemies":"Blue Slaver","floor":10,"turns":3},{"damage":50,"enemies":"Lagavulin","floor":11,"turns":5},{"damage":27,"enemies":"downfall:FleeingMerchant","floor":13,"turns":4},{"damage":13,"enemies":"3 Louse","floor":14,"turns":4},{"damage":0,"enemies":"Large Slime","floor":15,"turns":3},{"damage":39,"enemies":"SI_SHIV_ARCHETYPE","floor":16,"turns":7},{"damage":40,"enemies":"downfall:LooterAlt2","floor":19,"turns":2},{"damage":49,"enemies":"downfall:Augmenter","floor":21,"turns":7},{"damage":5,"enemies":"Shell Parasite","floor":22,"turns":3},{"damage":48,"enemies":"Snecko","floor":23,"turns":7}],"seed_played":"5675377215567697289","potions_obtained":[{"floor":2,"key":"Fruit Juice"},{"floor":8,"key":"bronze:BurnAndBuffPotion"},{"floor":11,"key":"SmokeBomb"},{"floor":16,"key":"champ:OpenerPotion"},{"floor":21,"key":"Energy Potion"}],"is_trial":false,"path_per_floor":["R","M","M","?","?","$","T","E","M","M","E","?","$","M","M","B",null,"R","M","?","?","M","M"],"character_chosen":"THE_CHAMP","items_purchased":["champ:SetATrap+1","champ:DefensiveStyle","Ornamental Fan","conspire:BottledYoYo"],"campfire_rested":0,"item_purchase_floors":[6,6,13,13],"current_hp_per_floor":[99,103,103,103,103,103,103,79,78,76,61,61,54,51,51,42,104,104,89,89,60,60,12,12,12],"gold":303,"neow_bonus":"TEN_PERCENT_HP_BONUS","is_daily":false,"chose_seed":false,"campfire_upgraded":2,"win_rate":0.0,"timestamp":1614145701,"path_taken":["R","M","M","?","?","?","T","E","M","M","E","?","$","?","M","BOSS","R","M","?","?","M","M"],"items_purchased_type":["Card","Card","Relic","Relic"],"build_version":"2020-12-22","purchased_purges":2,"victory":false,"max_hp_per_floor":[99,104,104,104,104,104,104,104,104,104,104,104,104,104,104,104,104,104,104,104,104,104,104,104,104],"relic_stats":{"Nunchaku":[6],"counters":[15,60],"Ornamental Fan":[12],"StoneCalendar":[47],"obtain_stats":[{"Nunchaku":8,"Ornamental Fan":13,"MutagenicStrength":21,"champ:ChampionCrown":0,"StoneCalendar":7,"The Courier":11,"conspire:BottledYoYo":13,"expansioncontent:StudyCardRelic":17,"Toxic Egg 2":4},{"Nunchaku":4,"Ornamental Fan":8,"MutagenicStrength":13,"champ:ChampionCrown":0,"StoneCalendar":3,"The Courier":7,"conspire:BottledYoYo":8,"expansioncontent:StudyCardRelic":11,"Toxic Egg 2":2},{"Nunchaku":13,"Ornamental Fan":27,"MutagenicStrength":50,"champ:ChampionCrown":0,"StoneCalendar":9,"The Courier":23,"conspire:BottledYoYo":27,"expansioncontent:StudyCardRelic":41,"Toxic Egg 2":5}]},"card_choices":[{"not_picked":["champ:RapidStrikes","champ:BerserkersShout"],"picked":"champ:FlashCut","floor":2},{"not_picked":["champ:BerserkersShout","champ:ShieldSigil"],"picked":"champ:FlashCut","floor":3},{"not_picked":["champ:BerserkersShout+1","champ:Backstep+1"],"picked":"champ:ArenaPreparation+1","floor":6},{"not_picked":["champ:PreciseThrust","champ:GutPunch"],"picked":"champ:EnGarde+1","floor":8},{"not_picked":["champ:FocusedBerserking+1","champ:CrownThrow","champ:GutPunch"],"picked":"SKIP","floor":9},{"not_picked":["champ:StanceDance+1","champ:FlashCut"],"picked":"champ:BringItOn+1","floor":10},{"not_picked":["champ:CheapShot","champ:Haymaker"],"picked":"champ:DefensiveShout+1","floor":11},{"not_picked":["champ:GutPunch","champ:CrownThrow"],"picked":"champ:Circumvent+1","floor":13},{"not_picked":["champ:HeartStrike","champ:PreciseThrust"],"picked":"champ:PreemptiveStrike","floor":14},{"not_picked":["champ:StanceDance+1","champ:DeathBlow","champ:BringItOn+1"],"picked":"SKIP","floor":15},{"not_picked":["champ:CheapShot","champ:SteelEdge"],"picked":"champ:UltimateStance+1","floor":16},{"not_picked":["champ:StanceDance+1","champ:PerfectedStrike"],"picked":"champ:SkillfulDodge+1","floor":19},{"not_picked":[],"picked":"J.A.X.","floor":21},{"not_picked":["champ:BerserkersShout+1","champ:DeathBlow"],"picked":"champ:DefensiveShout+1","floor":21},{"not_picked":["champ:GutPunch","champ:FaceSlap+1","champ:ArenaPreparation+1"],"picked":"SKIP","floor":22}],"player_experience":604907,"relics_obtained":[{"floor":7,"key":"StoneCalendar"},{"floor":8,"key":"Nunchaku"},{"floor":11,"key":"The Courier"},{"floor":21,"key":"MutagenicStrength"}],"event_choices":[{"damage_healed":0,"gold_gain":0,"player_choice":"Ignored","damage_taken":0,"max_hp_gain":0,"max_hp_loss":0,"event_name":"Ghosts","floor":20,"gold_loss":0}],"is_beta":false,"boss_relics":[{"not_picked":["conspire:SpecialSausage","Sozu"],"picked":"expansioncontent:StudyCardRelic"}],"items_purged_floors":[6,13],"is_endless":false,"potions_floor_spawned":[2,8,11,16,21,22],"killed_by":"Snecko","ascension_level":1}}