{"host":"gyvm9iplrwbfzexe","time":1614196884,"event":{"mods":["BaseMod","Minty Spire (QoL Compilation)","StSLib"],"gold_per_floor":[110,110,121,121,136,164,164,194,217,236,255,84,101,111,111,215,215,226,236,246,161,86,86,98,98,98,114,213,213,240,270,282,294,294],"floor_reached":33,"language":"ENG","playtime":1600,"items_purged":["Strike_G"],"score":387,"play_id":"4bacee27-99bb-494b-a0e0-11cf57f8edde","local_time":"20210224140124","is_ascension_mode":true,"campfire_choices":[{"data":"Underhanded Strike","floor":7,"key":"SMITH"},{"data":"After Image","floor":15,"key":"SMITH"},{"data":"Adrenaline","floor":23,"key":"SMITH"},{"data":"Tools of the Trade","floor":29,"key":"SMITH"},{"data":"Deflect","floor":32,"key":"SMITH"}],"circlet_count":0,"master_deck":["Strike_G","Strike_G","Strike_G","Defend_G","Defend_G","Defend_G","Defend_G","Defend_G","Survivor","Neutralize","Backstab","Dagger Throw","Underhanded Strike+1","Masterful Stab","Quick Slash","Cloak And Dagger","Noxious Fumes","Noxious Fumes","Deadly Poison","After Image+1","Deflect+1","Adrenaline+1","CurseOfTheBell","Poisoned Stab","Noxious Fumes+1","Deadly Poison","Deflect+1","Tools of the Trade+1","Deadly Poison+1","PiercingWail","Escape Plan"],"relics":["Coffee Dripper","FaceOfCleric","Snake Skull","Blood Vial","Strawberry","Calling Bell","Nunchaku","Gremlin Horn","CaptainsWheel","Pear","Letter Opener","MawBank"],"acts_visited":["Exordium","TheCity"],"potions_floor_usage":[16,16,16,18,30,31,33],"damage_taken":[{"damage":2,"enemies":"Small Slimes","floor":1,"turns":4},{"damage":0,"enemies":"Cultist","floor":3,"turns":4},{"damage":0,"enemies":"2 Louse","floor":5,"turns":3},{"damage":24,"enemies":"3 Sentries","floor":6,"turns":9},{"damage":37,"enemies":"Lagavulin","floor":8,"turns":6},{"damage":2,"enemies":"Gremlin Gang","floor":10,"turns":4},{"damage":0,"enemies":"Exordium Thugs","floor":11,"turns":3},{"damage":4,"enemies":"2 Fungi Beasts","floor":13,"turns":2},{"damage":4,"enemies":"Large Slime","floor":14,"turns":4},{"damage":13,"enemies":"The Guardian","floor":16,"turns":8},{"damage":15,"enemies":"3 Byrds","floor":18,"turns":5},{"damage":8,"enemies":"Chosen","floor":19,"turns":4},{"damage":18,"enemies":"Snecko","floor":20,"turns":5},{"damage":8,"enemies":"Centurion and Healer","floor":24,"turns":6},{"damage":15,"enemies":"Cultist and Chosen","floor":27,"turns":6},{"damage":24,"enemies":"Slavers","floor":30,"turns":4},{"damage":5,"enemies":"Snake Plant","floor":31,"turns":4},{"damage":36,"enemies":"Collector","floor":33,"turns":6}],"seed_played":"3272794735782569621","potions_obtained":[{"floor":1,"key":"Energy Potion"},{"floor":3,"key":"SmokeBomb"},{"floor":13,"key":"LiquidBronze"},{"floor":14,"key":"CultistPotion"},{"floor":16,"key":"Weak Potion"},{"floor":20,"key":"Swift Potion"},{"floor":27,"key":"Explosive Potion"},{"floor":30,"key":"LiquidBronze"},{"floor":31,"key":"Weak Potion"}],"is_trial":false,"path_per_floor":["M","?","M","?","M","E","R","E","T","M","M","$","M","M","R","B",null,"M","M","M","?","?","R","M","?","T","M","?","R","E","M","R","B"],"character_chosen":"THE_SILENT","items_purchased":["Noxious Fumes","Deadly Poison"],"campfire_rested":0,"item_purchase_floors":[12,12],"current_hp_per_floor":[68,68,69,71,72,49,49,13,20,21,24,24,23,22,22,12,86,72,67,52,62,62,62,57,57,57,45,45,45,24,22,22,0,0],"gold":294,"neow_bonus":"BOSS_RELIC","is_daily":false,"chose_seed":false,"campfire_upgraded":5,"win_rate":0.0,"timestamp":1614196884,"path_taken":["M","?","?","?","M","E","R","E","T","M","M","$","M","?","R","BOSS","M","M","M","?","?","R","M","?","T","?","?","R","E","M","R","BOSS"],"items_purchased_type":["Card","Card"],"build_version":"2020-12-22","purchased_purges":1,"victory":false,"max_hp_per_floor":[70,70,71,71,72,73,73,74,81,82,83,83,84,85,85,86,86,87,88,89,99,99,99,100,100,100,101,101,101,102,103,103,103,103],"card_choices":[{"not_picked":["Dodge and Roll","Bane"],"picked":"Backstab","floor":1},{"not_picked":["Prepared","Outmaneuver"],"picked":"Dagger Throw","floor":3},{"not_picked":["Dagger Throw","Catalyst"],"picked":"Underhanded Strike","floor":5},{"not_picked":["All Out Attack","Dagger Spray"],"picked":"Masterful Stab","floor":6},{"not_picked":["Endless Agony","Night Terror"],"picked":"Quick Slash","floor":8},{"not_picked":["Slice","Choke"],"picked":"Cloak And Dagger","floor":10},{"not_picked":["Masterful Stab","Infinite Blades"],"picked":"Noxious Fumes","floor":11},{"not_picked":["Crippling Poison","Blade Dance"],"picked":"After Image","floor":13},{"not_picked":["Dodge and Roll","Well Laid Plans"],"picked":"Deflect","floor":14},{"not_picked":["Unload","Venomology"],"picked":"Adrenaline","floor":16},{"not_picked":["Crippling Poison","Dagger Throw"],"picked":"Poisoned Stab","floor":18},{"not_picked":["Setup+1","Endless Agony"],"picked":"Noxious Fumes+1","floor":19},{"not_picked":["Distraction","Quick Slash+1"],"picked":"Deadly Poison","floor":20},{"not_picked":["Blade Dance","Poisoned Stab"],"picked":"Deflect+1","floor":24},{"not_picked":["Acrobatics","Setup"],"picked":"Deadly Poison+1","floor":27},{"not_picked":["Bane","Expertise"],"picked":"PiercingWail","floor":30},{"not_picked":["Slice","Outmaneuver"],"picked":"Escape Plan","floor":31}],"player_experience":61175,"relics_obtained":[{"floor":6,"key":"Snake Skull"},{"floor":8,"key":"Blood Vial"},{"floor":9,"key":"Strawberry"},{"floor":17,"key":"Nunchaku"},{"floor":17,"key":"Gremlin Horn"},{"floor":17,"key":"CaptainsWheel"},{"floor":26,"key":"Letter Opener"},{"floor":30,"key":"MawBank"}],"event_choices":[{"damage_healed":0,"gold_gain":0,"player_choice":"Trade","damage_taken":0,"relics_obtained":["FaceOfCleric"],"max_hp_gain":0,"max_hp_loss":0,"event_name":"FaceTrader","floor":2,"gold_loss":0},{"damage_healed":2,"gold_gain":0,"player_choice":"Full Heal","damage_taken":0,"max_hp_gain":0,"max_hp_loss":0,"event_name":"Wheel of Change","floor":4,"gold_loss":0},{"damage_healed":0,"gold_gain":0,"player_choice":"Obtained Relic","damage_taken":0,"relics_obtained":["Pear"],"max_hp_gain":0,"max_hp_loss":0,"event_name":"Addict","floor":21,"gold_loss":85},{"cards_removed":["Strike_G"],"damage_healed":0,"gold_gain":0,"player_choice":"Gave Gold","damage_taken":0,"max_hp_gain":0,"max_hp_loss":0,"event_name":"Beggar","floor":22,"gold_loss":75},{"damage_healed":0,"gold_gain":0,"player_choice":"1 cards matched","damage_taken":0,"max_hp_gain":0,"max_hp_loss":0,"event_name":"Match and Keep!","floor":25,"gold_loss":0,"cards_obtained":["Tools of the Trade"]},{"damage_healed":0,"gold_gain":99,"player_choice":"Stole From Cult","damage_taken":0,"max_hp_gain":0,"max_hp_loss":0,"event_name":"Nest","floor":28,"gold_loss":0}],"is_beta":false,"boss_relics":[{"not_picked":["Velvet Choker","Busted Crown"],"picked":"Calling Bell"}],"items_purged_floors":[12],"is_endless":false,"potions_floor_spawned":[1,3,13,14,16,20,27,30,31],"killed_by":"Collector","ascension_level":4}}