{"host":"y2nx07t75db4hs5p","time":1614164824,"event":{"mods":["Act Like it!","BaseMod","Gensokyo","Lobotomy","LobotomyExtend","Minty Spire (QoL Compilation)","StSLib"],"gold_per_floor":[219,149,149,169,180,213,224,224,224,224,237,237,237,268,268,368,368,388,388,398,398,106,106,132,150,221,221,221],"floor_reached":27,"language":"ZHS","playtime":1026,"items_purged":[],"score":241,"play_id":"fb73807e-6dc0-4f7e-a1d2-7a2ac67350b2","local_time":"20210224190704","is_ascension_mode":false,"campfire_choices":[],"circlet_count":0,"master_deck":["SpecialBullet","SpecialBullet","SpecialBullet","SpecialBullet","SpecialBullet","SpecialBullet","SpecialBullet","SpecialBullet","SecurityCode","DisciplinaryCode","CentralCode","BlackSwan_ego+1","Lamp+7","WristCuter","Variant","Laetitia_ego","Mimicry","RecordCode","WelfareCode","PunishingBird","Adoration","RedEyes","ScreamingWedge","BloodyDesire+1","InformationCode"],"relics":["CogitoBucket","LetterFromLob","Gensokyo:NagashiBinaDoll","The Courier","HellTrain","Strawberry","Bag of Preparation","Runic Dome","Sling","Medical Kit","Shuriken","StrikeDummy","Frozen Eye"],"acts_visited":["Gensokyo:Gensokyo","Gensokyo:Gensokyoer"],"potions_floor_usage":[16,25],"damage_taken":[{"damage":0,"enemies":"Gensokyo:Python","floor":1,"turns":2},{"damage":4,"enemies":"Gensokyo:2_Kodama","floor":4,"turns":3},{"damage":9,"enemies":"Gensokyo:Gryphon","floor":5,"turns":4},{"damage":29,"enemies":"Gensokyo:Cirno","floor":6,"turns":6},{"damage":1,"enemies":"Gensokyo:VengefulSpirit","floor":7,"turns":5},{"damage":17,"enemies":"Gensokyo:Kitsune","floor":11,"turns":6},{"damage":1,"enemies":"Gensokyo:Mamizou","floor":14,"turns":5},{"damage":3,"enemies":"Gensokyo:Reimu","floor":16,"turns":7},{"damage":3,"enemies":"Gensokyo:2_Gloops","floor":18,"turns":5},{"damage":4,"enemies":"Gensokyo:CosmicMonolith","floor":20,"turns":5},{"damage":3,"enemies":"Gensokyo:Reisen","floor":24,"turns":7},{"damage":16,"enemies":"Gensokyo:Slime_Group","floor":25,"turns":9},{"damage":128,"enemies":"Gensokyo:Koishi","floor":27,"turns":3}],"seed_played":"-5861479044182403914","potions_obtained":[{"floor":1,"key":"Weak Potion"},{"floor":6,"key":"Ancient Potion"},{"floor":16,"key":"SkillPotion"},{"floor":18,"key":"DuplicationPotion"}],"is_trial":false,"path_per_floor":["M","?","?","M","M","E","M","?","T","R","M","?","R","E","R","B",null,"M","?","M","?","COS","R","E","M","T","E"],"character_chosen":"Angela","items_purchased":[],"campfire_rested":0,"item_purchase_floors":[],"current_hp_per_floor":[70,70,70,70,70,55,68,68,68,68,65,62,62,75,75,77,77,77,77,77,77,77,77,77,75,75,0,0],"gold":221,"neow_bonus":"HUNDRED_GOLD","is_daily":false,"chose_seed":false,"campfire_upgraded":0,"win_rate":0.0,"timestamp":1614164824,"path_taken":["M","?","?","M","M","E","?","?","T","R","M","?","R","E","R","BOSS","M","?","M","?","COS","R","E","M","T","E"],"items_purchased_type":[],"build_version":"2020-12-22","purchased_purges":0,"victory":false,"max_hp_per_floor":[70,70,70,70,70,70,70,70,70,70,70,77,77,77,77,77,77,77,77,77,77,77,77,77,77,77,77,77],"card_choices":[{"not_picked":["Loneliness"],"picked":"BlackSwan_ego","floor":1},{"not_picked":["TodaysExpression"],"picked":"Lamp","floor":4},{"not_picked":["CUTE"],"picked":"WristCuter","floor":5},{"not_picked":["OldLady","Freischutz"],"picked":"Variant","floor":6},{"not_picked":["Harmony"],"picked":"Laetitia_ego","floor":6},{"not_picked":["Loneliness","Tough"],"picked":"SKIP","floor":7},{"not_picked":["Wingbeat"],"picked":"Mimicry","floor":8},{"not_picked":["Soda","FeatherOfHonor"],"picked":"SKIP","floor":11},{"not_picked":["CherryBlossom","SomewhereSpear"],"picked":"SKIP","floor":14},{"not_picked":["Rudolta","Scorched"],"picked":"PunishingBird","floor":16},{"not_picked":["CENSORED_ego"],"picked":"Adoration","floor":16},{"not_picked":["SomewhereSpear+1","RedEyes"],"picked":"SKIP","floor":18},{"not_picked":["SomewhereSpear+1"],"picked":"RedEyes","floor":18},{"not_picked":["Penitence+1"],"picked":"BloodyDesire+1","floor":20},{"not_picked":["Freischutz","VoidDream"],"picked":"Mercenary","floor":24},{"not_picked":["TodaysExpression","ScreamingWedge+1"],"picked":"SKIP","floor":24},{"not_picked":["Galaxy+1","GrinderMk4"],"picked":"SKIP","floor":25}],"player_experience":326692,"relics_obtained":[{"floor":1,"key":"LetterFromLob"},{"floor":6,"key":"The Courier"},{"floor":14,"key":"Bag of Preparation"},{"floor":24,"key":"Shuriken"},{"floor":26,"key":"StrikeDummy"}],"event_choices":[],"is_beta":false,"boss_relics":[{"not_picked":["Cursed Key","Runic Pyramid"],"picked":"Runic Dome"}],"items_purged_floors":[],"is_endless":false,"potions_floor_spawned":[1,6,16,18,24],"killed_by":"Gensokyo:Koishi","ascension_level":0}}