{"host":"zdahj580pq9zy75i","time":1614184262,"event":{"mods":["AchievementEnabler","BaseMod","Bestiary","Colored Map","Minty Spire (QoL Compilation)","Relic Stats","StSLib"],"gold_per_floor":[114,129,129,129,149,182,182,257,283,314,331,350,50,77,77,154,154,165,176,18,37,37,66,80,80,103,134,134,39,39,54,54,131,131,148,163,163,35,35,35,62,82,82,93,113,139,154,187,187,187,187],"floor_reached":50,"language":"ENG","playtime":2554,"items_purged":["Strike_R"],"score":1309,"play_id":"cb2bbfb3-889a-44aa-b6c5-d2877cf450c5","local_time":"20210224113102","is_ascension_mode":true,"campfire_choices":[{"floor":7.0,"key":"REST"},{"floor":15.0,"key":"REST"},{"data":"Barricade","floor":25.0,"key":"SMITH"},{"data":"Body Slam","floor":28.0,"key":"SMITH"},{"data":"Battle Trance","floor":30.0,"key":"SMITH"},{"data":"True Grit","floor":32.0,"key":"SMITH"},{"data":"True Grit","floor":40.0,"key":"SMITH"},{"floor":49,"key":"RECALL"}],"circlet_count":0,"master_deck":["AscendersBane","Strike_R","Defend_R","Defend_R","Defend_R","Defend_R","Bash","Immolate","Flame Barrier","Iron Wave","Shrug It Off","Blood for Blood","True Grit+1","Flame Barrier","Barricade+1","Metallicize","Body Slam+1","Battle Trance+1","Second Wind","Blood for Blood","True Grit+1","Shrug It Off","Reaper","Iron Wave","Juggernaut","CurseOfTheBell","Metallicize+1","Sentinel","Metallicize","Shrug It Off","Metallicize","Entrench","Body Slam","Iron Wave"],"relics":["Burning Blood","Smiling Mask","Mercury Hourglass","Dream Catcher","Orichalcum","Membership Card","Toy Ornithopter","HornCleat","Velvet Choker","Gambling Chip","Eternal Feather","PreservedInsect","Vajra","Calling Bell","Happy Flower","Ornamental Fan","Prayer Wheel","Oddly Smooth Stone","Shovel","TungstenRod","Omamori"],"acts_visited":["Exordium","TheCity","TheBeyond"],"potions_floor_usage":[48],"damage_taken":[{"damage":12.0,"enemies":"Jaw Worm","floor":1.0,"turns":3.0},{"damage":0.0,"enemies":"2 Louse","floor":2.0,"turns":1.0},{"damage":6.0,"enemies":"Cultist","floor":5.0,"turns":3.0},{"damage":31.0,"enemies":"Gremlin Nob","floor":6.0,"turns":4.0},{"damage":35.0,"enemies":"Lagavulin","floor":10.0,"turns":6.0},{"damage":3.0,"enemies":"Blue Slaver","floor":11.0,"turns":4.0},{"damage":0.0,"enemies":"Exordium Wildlife","floor":12.0,"turns":2.0},{"damage":13.0,"enemies":"Gremlin Nob","floor":14.0,"turns":4.0},{"damage":32.0,"enemies":"The Guardian","floor":16.0,"turns":14.0},{"damage":7.0,"enemies":"Spheric Guardian","floor":18.0,"turns":11.0},{"damage":0.0,"enemies":"3 Byrds","floor":19.0,"turns":3.0},{"damage":23.0,"enemies":"Shelled Parasite and Fungi","floor":21.0,"turns":7.0},{"damage":14.0,"enemies":"Slavers","floor":23.0,"turns":3.0},{"damage":0.0,"enemies":"Snecko","floor":24.0,"turns":8.0},{"damage":41.0,"enemies":"Gremlin Leader","floor":27.0,"turns":6.0},{"damage":12.0,"enemies":"Snake Plant","floor":31.0,"turns":3.0},{"damage":61.0,"enemies":"Champ","floor":33.0,"turns":21.0},{"damage":8.0,"enemies":"Orb Walker","floor":35.0,"turns":4.0},{"damage":4.0,"enemies":"3 Shapes","floor":36.0,"turns":4.0},{"damage":21.0,"enemies":"Nemesis","floor":41.0,"turns":9.0},{"damage":0.0,"enemies":"Maw","floor":42.0,"turns":9.0},{"damage":0.0,"enemies":"Sphere and 2 Shapes","floor":44.0,"turns":9.0},{"damage":0.0,"enemies":"Spire Growth","floor":45.0,"turns":8.0},{"damage":0.0,"enemies":"Giant Head","floor":46.0,"turns":9.0},{"damage":1.0,"enemies":"Writhing Mass","floor":47.0,"turns":7.0},{"damage":82,"enemies":"Reptomancer","floor":48,"turns":9},{"damage":45,"enemies":"Awakened One","floor":50,"turns":3}],"seed_played":"2190651179945720339","potions_obtained":[{"floor":4.0,"key":"Weak Potion"},{"floor":4.0,"key":"FairyPotion"},{"floor":5.0,"key":"PowerPotion"},{"floor":6.0,"key":"AttackPotion"},{"floor":10.0,"key":"ColorlessPotion"},{"floor":19.0,"key":"LiquidMemories"},{"floor":21.0,"key":"AttackPotion"},{"floor":27.0,"key":"FairyPotion"},{"floor":35.0,"key":"SkillPotion"},{"floor":42.0,"key":"AttackPotion"},{"floor":48,"key":"BlessingOfTheForge"}],"is_trial":false,"path_per_floor":["M","M","?","?","M","E","R","?","T","E","M","M","$","E","R","B",null,"M","M","$","M","?","E","M","R","T","E","R","$","R","M","R","B",null,"M","M","?","$","?","R","E","M","T","M","M","E","M","E","R","B"],"character_chosen":"IRONCLAD","items_purchased":["Membership Card","Toy Ornithopter","Gambling Chip","Shrug It Off","Reaper","Oddly Smooth Stone","Metallicize"],"campfire_rested":2,"item_purchase_floors":[13,13,20,29,29,38,38],"current_hp_per_floor":[62,68,57,57,57,32,52,41,41,12,15,21,21,19,39,13,54,53,59,59,47,47,44,50,62,62,27,39,39,51,50,65,10,54,52,54,54,54,54,65,60,65,65,65,65,65,65,20,38,0,0],"gold":187,"neow_bonus":"THREE_RARE_CARDS","is_daily":false,"chose_seed":false,"campfire_upgraded":5,"win_rate":0.0,"timestamp":1614184262,"path_taken":["M","M","?","?","?","E","R","?","T","E","M","M","$","E","R","BOSS","M","M","$","M","?","E","M","R","T","E","R","$","R","M","R","BOSS","M","M","?","$","?","R","E","?","T","M","M","E","M","E","R","BOSS"],"items_purchased_type":["Relic","Relic","Relic","Card","Card","Relic","Card"],"build_version":"2020-12-22","purchased_purges":1,"victory":false,"max_hp_per_floor":[68,68,68,68,68,68,68,68,68,68,68,68,68,68,68,68,68,68,68,68,68,68,68,68,68,68,68,68,68,68,68,68,68,68,68,68,65,65,65,65,65,65,65,65,65,65,65,65,65,65,65],"relic_stats":{"Happy Flower":[23],"counters":[27,171],"Eternal Feather":80,"PreservedInsect":288,"Orichalcum":[90],"Smiling Mask":-12,"Burning Blood":127,"Mercury Hourglass":[459],"Dream Catcher":1,"Shovel":0,"Ornamental Fan":[16],"Gambling Chip":[56],"Prayer Wheel":6,"obtain_stats":[{"Happy Flower":34,"Velvet Choker":17,"Vajra":27,"Oddly Smooth Stone":38,"Eternal Feather":23,"PreservedInsect":26,"Omamori":48,"Orichalcum":10,"Smiling Mask":3,"Burning Blood":0,"Mercury Hourglass":6,"Calling Bell":34,"Dream Catcher":9,"HornCleat":14,"Shovel":41,"Ornamental Fan":34,"Gambling Chip":20,"Prayer Wheel":34,"Membership Card":13,"Toy Ornithopter":13,"TungstenRod":46},{"Happy Flower":17,"Velvet Choker":9,"Vajra":15,"Oddly Smooth Stone":19,"Eternal Feather":13,"PreservedInsect":14,"Omamori":26,"Orichalcum":5,"Smiling Mask":2,"Burning Blood":0,"Mercury Hourglass":4,"Calling Bell":17,"Dream Catcher":4,"HornCleat":8,"Shovel":20,"Ornamental Fan":17,"Gambling Chip":11,"Prayer Wheel":17,"Membership Card":7,"Toy Ornithopter":7,"TungstenRod":24},{"Happy Flower":102,"Velvet Choker":41,"Vajra":78,"Oddly Smooth Stone":109,"Eternal Feather":64,"PreservedInsect":72,"Omamori":168,"Orichalcum":17,"Smiling Mask":4,"Burning Blood":0,"Mercury Hourglass":11,"Calling Bell":102,"Dream Catcher":11,"HornCleat":27,"Shovel":118,"Ornamental Fan":102,"Gambling Chip":54,"Prayer Wheel":102,"Membership Card":23,"Toy Ornithopter":23,"TungstenRod":153}],"Toy Ornithopter":20,"TungstenRod":12},"card_choices":[{"not_picked":["Offering","Bludgeon"],"picked":"Immolate","floor":0.0},{"not_picked":["Heavy Blade","Feel No Pain"],"picked":"Flame Barrier","floor":1.0},{"not_picked":["Clash","Sword Boomerang","Cleave"],"picked":"SKIP","floor":2.0},{"not_picked":["Anger","Barricade"],"picked":"Iron Wave","floor":5.0},{"not_picked":["Flex","Rupture"],"picked":"Shrug It Off","floor":6.0},{"not_picked":["Perfected Strike","Clash"],"picked":"Blood for Blood","floor":10.0},{"not_picked":["Dark Embrace","Flex"],"picked":"True Grit","floor":11.0},{"not_picked":["Uppercut","Armaments"],"picked":"Flame Barrier","floor":12.0},{"not_picked":["Armaments","Heavy Blade","Perfected Strike"],"picked":"SKIP","floor":14.0},{"not_picked":["Immolate","Juggernaut"],"picked":"Barricade","floor":16.0},{"not_picked":["Pommel Strike","Warcry"],"picked":"Metallicize","floor":18.0},{"not_picked":["Anger","Bloodletting"],"picked":"Body Slam","floor":19.0},{"not_picked":["Havoc","Dark Embrace"],"picked":"Battle Trance","floor":21.0},{"not_picked":["Warcry","Wild Strike","Seeing Red+1"],"picked":"SKIP","floor":23.0},{"not_picked":["Pommel Strike","Clash"],"picked":"True Grit","floor":24.0},{"not_picked":["Havoc","Twin Strike","Perfected Strike"],"picked":"SKIP","floor":27.0},{"not_picked":["Havoc","Armaments"],"picked":"Iron Wave","floor":31.0},{"not_picked":["Offering","Bludgeon"],"picked":"Juggernaut","floor":33.0},{"not_picked":["Anger","Bloodletting"],"picked":"Metallicize+1","floor":35.0},{"not_picked":["True Grit","Searing Blow","Havoc"],"picked":"SKIP","floor":35.0},{"not_picked":["Hemokinesis+1","Headbutt+1"],"picked":"Sentinel","floor":36.0},{"not_picked":["Wild Strike","Bloodletting+1","Pommel Strike"],"picked":"SKIP","floor":36.0},{"not_picked":["Iron Wave","Reaper","Body Slam"],"picked":"SKIP","floor":41.0},{"not_picked":["Perfected Strike","Clash+1"],"picked":"Shrug It Off","floor":42.0},{"not_picked":["Anger+1","Disarm"],"picked":"Metallicize","floor":42.0},{"not_picked":["Carnage","True Grit+1"],"picked":"Entrench","floor":44.0},{"not_picked":["Heavy Blade","Anger"],"picked":"Body Slam","floor":44.0},{"not_picked":["Flex","Pommel Strike","Clothesline"],"picked":"SKIP","floor":45.0},{"not_picked":["Havoc","Armaments","Thunderclap"],"picked":"SKIP","floor":45.0},{"not_picked":["Intimidate","Reaper"],"picked":"Iron Wave","floor":46.0},{"not_picked":["Carnage","Blood for Blood","Clothesline"],"picked":"SKIP","floor":47.0},{"not_picked":["Sword Boomerang+1","Rampage+1","Inflame"],"picked":"SKIP","floor":47.0},{"not_picked":["Body Slam","Limit Break","Sword Boomerang+1"],"picked":"SKIP","floor":48}],"player_experience":799803,"relics_obtained":[{"floor":6.0,"key":"Mercury Hourglass"},{"floor":9.0,"key":"Dream Catcher"},{"floor":10.0,"key":"Orichalcum"},{"floor":14.0,"key":"HornCleat"},{"floor":23.0,"key":"Eternal Feather"},{"floor":26.0,"key":"PreservedInsect"},{"floor":27.0,"key":"Vajra"},{"floor":34.0,"key":"Happy Flower"},{"floor":34.0,"key":"Ornamental Fan"},{"floor":34.0,"key":"Prayer Wheel"},{"floor":41.0,"key":"Shovel"},{"floor":46.0,"key":"TungstenRod"},{"floor":48,"key":"Omamori"}],"event_choices":[{"damage_healed":0.0,"max_hp_gain":0.0,"max_hp_loss":0.0,"gold_gain":0.0,"event_name":"Scrap Ooze","player_choice":"Success","floor":3.0,"gold_loss":0.0,"damage_taken":11.0,"relics_obtained":["Smiling Mask"]},{"damage_healed":0.0,"max_hp_gain":0.0,"max_hp_loss":0.0,"gold_gain":0.0,"event_name":"Lab","player_choice":"Got Potions","floor":4.0,"gold_loss":0.0,"damage_taken":0.0},{"damage_healed":0.0,"max_hp_gain":0.0,"max_hp_loss":0.0,"gold_gain":75.0,"event_name":"World of Goop","player_choice":"Gather Gold","floor":8.0,"gold_loss":0.0,"damage_taken":11.0},{"damage_healed":0.0,"max_hp_gain":0.0,"max_hp_loss":0.0,"gold_gain":0.0,"cards_transformed":["Strike_R","Strike_R"],"event_name":"Drug Dealer","player_choice":"Became Test Subject","floor":22.0,"gold_loss":0.0,"damage_taken":0.0,"cards_obtained":["Second Wind","Blood for Blood"]},{"damage_healed":0.0,"max_hp_gain":0.0,"max_hp_loss":3.0,"gold_gain":0.0,"event_name":"Winding Halls","player_choice":"Max HP","floor":37.0,"gold_loss":0.0,"damage_taken":0.0},{"cards_removed":["Strike_R"],"damage_healed":0.0,"max_hp_gain":0.0,"max_hp_loss":0.0,"gold_gain":0.0,"event_name":"Bonfire Elementals","player_choice":"Offered Basic","floor":39.0,"gold_loss":0.0,"damage_taken":0.0}],"is_beta":false,"boss_relics":[{"not_picked":["Black Star","SlaversCollar"],"picked":"Velvet Choker"},{"not_picked":["Sozu","Snecko Eye"],"picked":"Calling Bell"}],"items_purged_floors":[13],"is_endless":false,"potions_floor_spawned":[5,6,10,12,19,21,27,35,42,47,48],"killed_by":"Awakened One","ascension_level":20}}