{"host":"eaiphzh066bwqdh7","time":1614200872,"event":{"mods":["AchievementEnabler","Aspiration","BaseMod","Bestiary","Better Note","Better Third Choice","Colored Powertips","Curses Come First","GifTheSpireLib","Halation","Highlight Path","Hubris","Infinite Spire","Minty Spire (QoL Compilation)","Quick Restart","Reliquary","Replay The Spire","StSLib","Stuff the Spire"],"gold_per_floor":[118,118,118,138,3,3,16,16,43,43,60,60,0,15,15,113,113,129,228,228,228,64,64,91,111,111,111,143,161,175,115,115,215,315,329,329,347,97,97,97],"floor_reached":39,"language":"ENG","playtime":848,"items_purged":["Regret"],"score":509,"play_id":"6332c5a7-5b22-4dae-b1b9-4cff69d9decf","local_time":"20210224160752","is_ascension_mode":true,"campfire_choices":[{"data":"Metallicize","floor":6,"key":"SMITH"},{"data":"Perfected Strike","floor":10,"key":"SMITH"},{"data":"Berserk","floor":12,"key":"SMITH"},{"data":"Enlightenment","floor":15,"key":"SMITH"},{"floor":23,"key":"REST"},{"floor":27,"key":"REST"},{"floor":32,"key":"REST"}],"circlet_count":0,"master_deck":["Strike_R","Strike_R","Strike_R","Strike_R","Strike_R","Defend_R","Defend_R","Defend_R","Defend_R","Bash","Metallicize+1","Metallicize+1","Perfected Strike+1","Berserk+1","Enlightenment+1","Bludgeon+1","Pommel Strike","infinitespire:TheBestDefense","hubris:StunningStrike","Infernal Blade+1","Demon Form","Perfected Strike","Immolate","Flex+1"],"relics":["Burning Blood","NeowsBlessing","StuffTheSpire:RedRose","halation:EternalFortune","halation:PromiseList","aspiration:PoetsPen_weak","StuffTheSpire:SapphireSignet","infinitespire:Beetle Shell","aspiration:DSix","aspiration:Stabinomicon","Replay:Wanted Poster","Centennial Puzzle","hubris:Metronome"],"acts_visited":["Exordium","TheCity","TheBeyond"],"potions_floor_usage":[16,29,29,33,39],"damage_taken":[{"damage":0,"enemies":"Small Slimes","floor":1,"turns":1},{"damage":0,"enemies":"2 Louse","floor":4,"turns":1},{"damage":0,"enemies":"Cultist","floor":7,"turns":1},{"damage":5,"enemies":"Blue Slaver","floor":11,"turns":3},{"damage":15,"enemies":"2 Fungi Beasts","floor":14,"turns":4},{"damage":50,"enemies":"Hexaghost","floor":16,"turns":8},{"damage":23,"enemies":"2 Thieves","floor":18,"turns":3},{"damage":38,"enemies":"Slavers","floor":24,"turns":4},{"damage":14,"enemies":"3 Byrds","floor":25,"turns":5},{"damage":10,"enemies":"Book of Stabbing","floor":28,"turns":3},{"damage":0,"enemies":"Shelled Parasite and Fungi","floor":29,"turns":2},{"damage":6,"enemies":"Cultist and Chosen","floor":30,"turns":5},{"damage":12,"enemies":"hubris:MusketHawk","floor":33,"turns":5},{"damage":3,"enemies":"Orb Walker","floor":35,"turns":2},{"damage":21,"enemies":"3 Shapes","floor":37,"turns":4},{"damage":25,"enemies":"infinitespire:Three Voidlings","floor":39,"turns":3},{"damage":61,"enemies":"Nightmare_Alpha","floor":39,"turns":4}],"seed_played":"-8186655256258013407","potions_obtained":[{"floor":11,"key":"BlessingOfTheForge"},{"floor":25,"key":"Energy Potion"},{"floor":28,"key":"Fire Potion"},{"floor":30,"key":"Strength Potion"},{"floor":33,"key":"Strength Potion"},{"floor":37,"key":"ColorlessPotion"}],"is_trial":false,"path_per_floor":["M","?","?","M","$","R","M","?","T","R","M","R","?","M","R","B",null,"M","?","AVR","?","$","R","E","M","T","R","E","M","M","?","R","B",null,"M","?","M","$","?"],"character_chosen":"IRONCLAD","items_purchased":["Metallicize","hubris:StunningStrike","hubris:Metronome"],"campfire_rested":3,"item_purchase_floors":[5,22,38],"current_hp_per_floor":[80,80,83,83,83,83,83,83,83,83,83,83,89,80,80,36,76,59,59,59,59,59,85,56,48,48,75,71,77,77,77,92,86,91,92,92,77,77,0,0],"gold":97,"neow_bonus":"THREE_ENEMY_KILL","is_daily":false,"chose_seed":false,"campfire_upgraded":4,"win_rate":0.0,"timestamp":1614200872,"path_taken":["M","?","?","M","$","R","M","?","T","R","?","R","?","M","R","BOSS","M","?","AVR","?","$","R","E","?","T","R","E","M","M","?","R","BOSS","M","?","?","?","?"],"items_purchased_type":["Card","Card","Relic"],"build_version":"2020-12-22","purchased_purges":1,"victory":false,"max_hp_per_floor":[80,80,83,83,83,83,83,83,83,83,83,83,89,89,89,89,89,89,89,89,89,89,89,92,92,92,92,92,92,92,92,92,92,92,92,92,92,92,92,92],"card_choices":[{"not_picked":["StuffTheSpire:RockThrow","StuffTheSpire:Resist","StuffTheSpire:Incineration"],"picked":"SKIP","floor":1},{"not_picked":["Run Through","StuffTheSpire:RockThrow","ReplayTheSpireMod:Limb From Limb"],"picked":"SKIP","floor":4},{"not_picked":["Havoc","Run Through"],"picked":"Perfected Strike","floor":7},{"not_picked":["hubris:ReadiedAction","Thunderclap"],"picked":"Berserk","floor":11},{"not_picked":["Wild Strike","Cleave","Heavy Blade"],"picked":"SKIP","floor":14},{"not_picked":["Berserk","Fiend Fire"],"picked":"Bludgeon","floor":16},{"not_picked":["Run Through","StuffTheSpire:RockThrow"],"picked":"Pommel Strike","floor":18},{"not_picked":["Reckless Charge","Warcry"],"picked":"Infernal Blade+1","floor":24},{"not_picked":["Cleave","Power Through+1"],"picked":"Demon Form","floor":25},{"not_picked":["Dark Embrace","Run Through","Armaments"],"picked":"SKIP","floor":28},{"not_picked":["Clash+1","Sentinel","Hemokinesis"],"picked":"SKIP","floor":29},{"not_picked":["Ghostly Armor","Fire Breathing"],"picked":"Perfected Strike","floor":30},{"not_picked":["Hemogenesis","Eclipse"],"picked":"Immolate","floor":33},{"not_picked":["Pommel Strike","Second Wind","Wild Strike+1"],"picked":"SKIP","floor":35},{"not_picked":["Anger+1","Shrug It Off"],"picked":"Flex+1","floor":37}],"player_experience":349029,"relics_obtained":[{"floor":9,"key":"halation:PromiseList"},{"floor":24,"key":"halation:EternalFortune"},{"floor":24,"key":"infinitespire:Beetle Shell"},{"floor":26,"key":"aspiration:DSix"},{"floor":28,"key":"aspiration:Stabinomicon"}],"event_choices":[{"damage_healed":0,"gold_gain":0,"player_choice":"Upgraded","damage_taken":0,"max_hp_gain":0,"max_hp_loss":0,"event_name":"Upgrade Shrine","floor":8,"gold_loss":0,"cards_upgraded":["Metallicize"]},{"damage_healed":0,"gold_gain":0,"player_choice":"RENOUNCE","damage_taken":60,"max_hp_gain":0,"max_hp_loss":0,"event_name":"betterThird:BetterSerpent","floor":13,"gold_loss":60,"cards_obtained":["Enlightenment"]},{"damage_healed":0,"gold_gain":99,"player_choice":"Steal","damage_taken":0,"max_hp_gain":0,"max_hp_loss":0,"event_name":"betterThird:BetterNest","floor":19,"gold_loss":0},{"damage_healed":0,"gold_gain":0,"player_choice":"Upgraded","damage_taken":0,"max_hp_gain":0,"max_hp_loss":0,"event_name":"Upgrade Shrine","floor":21,"gold_loss":0,"cards_upgraded":["Bludgeon"]},{"damage_healed":0,"gold_gain":0,"player_choice":"Gave Potion","damage_taken":0,"relics_obtained":["Centennial Puzzle"],"max_hp_gain":0,"max_hp_loss":0,"event_name":"WeMeetAgain","floor":36,"gold_loss":0}],"is_beta":false,"boss_relics":[{"not_picked":["ChewingGum","ReplayTheSpireMod:DimensionalGlitch"],"picked":"aspiration:PoetsPen_weak"},{"not_picked":["reliquary:RedPaperclip","Snecko Eye"],"picked":"Replay:Wanted Poster"}],"items_purged_floors":[5],"is_endless":false,"potions_floor_spawned":[11,25,28,30,33,37],"killed_by":"Nightmare_Alpha","ascension_level":5}}