{"host":"j0lq4v91luowxwha","time":1614179639,"event":{"mods":["BaseMod","Colored Powertips","Downfall","Hermit","Minty Spire (QoL Compilation)","Quick Restart","Replay The Spire","StSLib","SuperFastMode","The Cursed"],"gold_per_floor":[99,111,126,137,150,162,185,185,200,219,219,369,392,422,438,538,538,538,548,558,558,558,572,597,351,364,364,378,378,378,398,413,413,413,413],"floor_reached":33,"language":"ENG","playtime":1335,"items_purged":["bronze:CleanCode+1"],"score":255,"play_id":"fee55be0-3057-47db-b488-4570708f60cc","local_time":"20210224101359","is_ascension_mode":false,"campfire_choices":[{"data":"bronze:Replicate","floor":1,"key":"SMITH"},{"floor":8,"key":"REST"},{"data":"bronze:Terminator","floor":11,"key":"SMITH"},{"data":"bronze:DelayedSlice","floor":18,"key":"SMITH"},{"floor":27,"key":"REST"}],"circlet_count":0,"master_deck":["bronze:Strike","bronze:Strike","bronze:Defend","bronze:Defend","bronze:Defend","bronze:Replicate+1","bronze:Goto","bronze:Terminator+1","bronze:Constructor","bronze:DelayedSlice+1","bronze:WhirlingStrike","downfall:Icky","bronze:Format","bronze:Format+1","bronze:CloningBeam+1","bronze:Optimize","bronze:CutThrough+1","bronze:GetLatest+1"],"relics":["bronze:BronzeCore","Juzu Bracelet","Happy Flower","ReplayTheSpireMod:Lightbulb","Lantern","Astrolabe","Omamori","Membership Card"],"acts_visited":["Exordium","TheCity"],"potions_floor_usage":[6,33,33],"damage_taken":[{"damage":1,"enemies":"Jaw Worm","floor":2,"turns":3},{"damage":0,"enemies":"2 Louse","floor":3,"turns":3},{"damage":1,"enemies":"Cultist","floor":4,"turns":4},{"damage":5,"enemies":"downfall:LooterAlt","floor":5,"turns":3},{"damage":16,"enemies":"Exordium Wildlife","floor":6,"turns":4},{"damage":5,"enemies":"Lots of Slimes","floor":9,"turns":7},{"damage":8,"enemies":"Red Slaver","floor":10,"turns":3},{"damage":6,"enemies":"Lagavulin","floor":14,"turns":6},{"damage":0,"enemies":"downfall:LooterAlt","floor":15,"turns":3},{"damage":29,"enemies":"SI_SHIV_ARCHETYPE","floor":16,"turns":13},{"damage":15,"enemies":"downfall:LooterAlt2","floor":19,"turns":4},{"damage":0,"enemies":"Chosen","floor":20,"turns":4},{"damage":18,"enemies":"Snake Plant","floor":23,"turns":6},{"damage":5,"enemies":"downfall:FleeingMerchant","floor":25,"turns":4},{"damage":2,"enemies":"Sentry and Sphere","floor":26,"turns":4},{"damage":6,"enemies":"Chosen and Byrds","floor":28,"turns":5},{"damage":0,"enemies":"Cultist and Chosen","floor":31,"turns":5},{"damage":0,"enemies":"Sentry and Sphere","floor":32,"turns":2},{"damage":50,"enemies":"DF_ARCHETYPE_CLAW","floor":33,"turns":5}],"seed_played":"5639994435089400814","potions_obtained":[{"floor":3,"key":"SkillPotion"},{"floor":4,"key":"bronze:FreeFunctionsPotion"},{"floor":5,"key":"Explosive Potion"},{"floor":9,"key":"Venom Potion"}],"is_trial":false,"path_per_floor":["R","M","M","M","M","M","T","R","M","M","R","?","T","E","M","B",null,"R","M","M","?","?","M","T","$","M","R","M","?","?","M","M","B"],"character_chosen":"THE_AUTOMATON","items_purchased":["bronze:Optimize","Membership Card"],"campfire_rested":2,"item_purchase_floors":[25,25],"current_hp_per_floor":[70,69,69,68,63,47,47,68,63,55,55,55,55,49,49,20,70,70,55,55,55,55,37,37,32,30,51,45,45,45,45,45,0,0,0],"gold":413,"neow_bonus":"RANDOM_COMMON_RELIC","is_daily":false,"chose_seed":false,"campfire_upgraded":3,"win_rate":0.0,"timestamp":1614179639,"path_taken":["R","M","M","M","M","M","T","R","M","M","R","?","?","E","M","BOSS","R","M","M","?","?","M","T","$","M","R","M","?","?","M","M","BOSS"],"items_purchased_type":["Card","Relic"],"build_version":"2020-12-22","purchased_purges":1,"victory":false,"max_hp_per_floor":[70,70,70,70,70,70,70,70,70,70,70,70,70,70,70,70,70,70,70,70,70,70,70,70,70,70,70,70,70,70,70,70,70,70,70],"card_choices":[{"not_picked":["bronze:BugBarrage","bronze:Frontload","bronze:Safeguard"],"picked":"SKIP","floor":2},{"not_picked":["bronze:Shield","bronze:BugBarrage"],"picked":"bronze:Terminator","floor":3},{"not_picked":["bronze:Shell","bronze:Turbo","bronze:Separator"],"picked":"SKIP","floor":4},{"not_picked":["bronze:FineTuning","bronze:WhirlingStrike"],"picked":"bronze:Constructor","floor":5},{"not_picked":["bronze:Overheat","bronze:Flail","bronze:WildBeam"],"picked":"SKIP","floor":6},{"not_picked":["bronze:FollowUp","bronze:BuggyMess"],"picked":"bronze:DelayedSlice","floor":9},{"not_picked":["bronze:DigitalCarnage","bronze:FollowUp"],"picked":"bronze:WhirlingStrike","floor":10},{"not_picked":["bronze:Turbo","bronze:SpaghettiCode","bronze:Separator"],"picked":"SKIP","floor":14},{"not_picked":["bronze:Invalidate","bronze:Constructor","bronze:Overheat"],"picked":"SKIP","floor":15},{"not_picked":["bronze:Virus","bronze:SpaghettiCode"],"picked":"bronze:Format","floor":16},{"not_picked":["bronze:Turbo","bronze:Invalidate","bronze:Branch"],"picked":"SKIP","floor":19},{"not_picked":["bronze:DelayedGuard","bronze:BitShift","bronze:CloningBeam"],"picked":"SKIP","floor":20},{"not_picked":["bronze:Deprecate+1","bronze:Return+1","bronze:DigitalCarnage"],"picked":"SKIP","floor":23},{"not_picked":["bronze:Fortify+1","bronze:ChildClass+1","bronze:Shield"],"picked":"SKIP","floor":25},{"not_picked":["bronze:Constructor","bronze:Invalidate+1"],"picked":"bronze:CutThrough+1","floor":26},{"not_picked":["bronze:Virus","bronze:DelayedSlice","bronze:BugBarrage"],"picked":"SKIP","floor":28},{"not_picked":["bronze:Terminator","bronze:Flail+1"],"picked":"bronze:GetLatest+1","floor":31},{"not_picked":["bronze:FineTuning","bronze:Iterate","bronze:DelayedSlice"],"picked":"SKIP","floor":32}],"player_experience":255412,"relics_obtained":[{"floor":7,"key":"Happy Flower"},{"floor":13,"key":"ReplayTheSpireMod:Lightbulb"},{"floor":14,"key":"Lantern"},{"floor":24,"key":"Omamori"}],"event_choices":[{"damage_healed":0,"gold_gain":0,"player_choice":"Ignored","damage_taken":0,"max_hp_gain":0,"max_hp_loss":0,"event_name":"Ghosts","floor":29,"gold_loss":0}],"is_beta":false,"boss_relics":[{"not_picked":["bronze:MakeshiftBattery","Cursed Key"],"picked":"Astrolabe"}],"items_purged_floors":[25],"is_endless":false,"potions_floor_spawned":[3,4,5,9,23,28,31],"killed_by":"DF_ARCHETYPE_CLAW","ascension_level":0}}