{"host":"8vrmceg1p8ljousa","time":1614170720,"event":{"mods":["BaseMod","Highlight Path","Minty Spire (QoL Compilation)","StSLib"],"gold_per_floor":[117,137,155,174,193,193,213,240,286,286,140,157,188,206,206,303,303,316,216,315,315,329,355,355,67,67,84,84,116,127,127,127],"floor_reached":31,"language":"ENG","playtime":1426,"items_purged":["Strike_R","Strike_R"],"score":314,"play_id":"bfcb513d-b595-423b-ad91-8a1120e60003","local_time":"20210224144520","is_ascension_mode":false,"campfire_choices":[{"data":"Body Slam","floor":6.0,"key":"SMITH"},{"data":"Entrench","floor":10.0,"key":"SMITH"},{"data":"Armaments","floor":15.0,"key":"SMITH"},{"data":"Impervious","floor":24,"key":"SMITH"},{"data":"True Grit","floor":28,"key":"SMITH"}],"circlet_count":0,"master_deck":["Strike_R","Strike_R","Strike_R","Defend_R","Defend_R","Defend_R","Defend_R","Bash","Impervious+1","Armaments+1","True Grit+1","Entrench+1","Body Slam+1","Shrug It Off","Clothesline","Shrug It Off","Battle Trance","Juggernaut","Bludgeon+1","Exhume","Seeing Red+1","True Grit"],"relics":["Burning Blood","Prayer Wheel","Anchor","Molten Egg 2","Runic Pyramid","Sundial","Calipers","Ancient Tea Set","Dream Catcher"],"acts_visited":["Exordium","TheCity"],"potions_floor_usage":[],"damage_taken":[{"damage":1.0,"enemies":"Cultist","floor":1.0,"turns":3.0},{"damage":7.0,"enemies":"Small Slimes","floor":2.0,"turns":4.0},{"damage":2.0,"enemies":"2 Louse","floor":3.0,"turns":2.0},{"damage":4.0,"enemies":"Exordium Wildlife","floor":4.0,"turns":4.0},{"damage":10.0,"enemies":"2 Fungi Beasts","floor":5.0,"turns":4.0},{"damage":2.0,"enemies":"Red Slaver","floor":7.0,"turns":3.0},{"damage":34.0,"enemies":"Lagavulin","floor":8.0,"turns":11.0},{"damage":2.0,"enemies":"Large Slime","floor":12.0,"turns":5.0},{"damage":2.0,"enemies":"3 Sentries","floor":13.0,"turns":5.0},{"damage":0.0,"enemies":"Looter","floor":14.0,"turns":1.0},{"damage":23.0,"enemies":"The Guardian","floor":16.0,"turns":12.0},{"damage":2.0,"enemies":"Chosen","floor":18.0,"turns":4.0},{"damage":2.0,"enemies":"Shell Parasite","floor":22.0,"turns":3.0},{"damage":34,"enemies":"Gremlin Leader","floor":23,"turns":11},{"damage":23,"enemies":"Sentry and Sphere","floor":27,"turns":9},{"damage":20,"enemies":"Slavers","floor":29,"turns":7},{"damage":0,"enemies":"Snecko","floor":30,"turns":4},{"damage":0,"enemies":"Shelled Parasite and Fungi","floor":31,"turns":1}],"seed_played":"487932713257253744","potions_obtained":[{"floor":2.0,"key":"Swift Potion"},{"floor":5.0,"key":"Explosive Potion"},{"floor":12.0,"key":"Strength Potion"},{"floor":13.0,"key":"BloodPotion"},{"floor":16.0,"key":"BlessingOfTheForge"}],"is_trial":false,"path_per_floor":["M","M","M","M","M","R","M","E","T","R","$","M","E","M","R","B",null,"M","$","?","?","M","E","R","$","T","M","R","E","M","M"],"character_chosen":"IRONCLAD","items_purchased":["Shrug It Off","PowerPotion","Calipers"],"campfire_rested":0,"item_purchase_floors":[11,11,25],"current_hp_per_floor":[80,79,80,80,76,76,80,52,52,52,52,56,60,66,66,49,80,80,80,80,80,80,52,52,52,52,35,35,21,27,27,27],"gold":127,"neow_bonus":"ONE_RANDOM_RARE_CARD","is_daily":false,"chose_seed":false,"campfire_upgraded":5,"win_rate":0.0,"timestamp":1614170720,"path_taken":["M","?","M","M","M","R","M","E","T","R","$","M","E","M","R","BOSS","M","$","?","?","M","E","R","$","T","M","R","E","M","M"],"items_purchased_type":["Card","Potion","Relic"],"build_version":"2020-12-22","purchased_purges":2,"victory":false,"max_hp_per_floor":[80,80,80,80,80,80,80,80,80,80,80,80,80,80,80,80,80,80,80,80,80,80,80,80,80,80,80,80,80,80,80,80],"card_choices":[{"not_picked":["Havoc","Wild Strike"],"picked":"Hemokinesis","floor":1.0},{"not_picked":["Ghostly Armor","Thunderclap"],"picked":"Armaments","floor":2.0},{"not_picked":["Infernal Blade","Bloodletting"],"picked":"True Grit","floor":3.0},{"not_picked":["Pommel Strike","Uppercut"],"picked":"Entrench","floor":4.0},{"not_picked":["Wild Strike","Feel No Pain"],"picked":"Body Slam","floor":5.0},{"not_picked":["Headbutt","Second Wind"],"picked":"Shrug It Off","floor":7.0},{"not_picked":["Fire Breathing","Searing Blow"],"picked":"Clothesline","floor":8.0},{"not_picked":["Sword Boomerang","Hemokinesis"],"picked":"Battle Trance","floor":12.0},{"not_picked":["Flex","Body Slam","Dual Wield"],"picked":"SKIP","floor":12.0},{"not_picked":["Searing Blow+1","Rupture"],"picked":"Juggernaut","floor":13.0},{"not_picked":["Pummel+1","Perfected Strike+1","Havoc"],"picked":"SKIP","floor":14.0},{"not_picked":["Ghostly Armor","Fire Breathing","Heavy Blade+1"],"picked":"SKIP","floor":14.0},{"not_picked":["Impervious","Reaper+1"],"picked":"Bludgeon+1","floor":16.0},{"not_picked":["Power Through","Bloodletting+1","Armaments"],"picked":"SKIP","floor":18.0},{"not_picked":["Rage","Dual Wield","Headbutt+1"],"picked":"SKIP","floor":18.0},{"not_picked":["Iron Wave+1","Carnage+1","Sword Boomerang+1"],"picked":"SKIP","floor":22.0},{"not_picked":["Seeing Red","Spot Weakness","Sword Boomerang+1"],"picked":"SKIP","floor":22.0},{"not_picked":["Flex","Sentinel"],"picked":"Seeing Red+1","floor":23},{"not_picked":["Dropkick+1","Warcry+1"],"picked":"True Grit","floor":27},{"not_picked":["Warcry","Perfected Strike+1","Battle Trance"],"picked":"SKIP","floor":27},{"not_picked":["Thunderclap+1","Heavy Blade+1","Limit Break"],"picked":"SKIP","floor":29},{"not_picked":["Rupture","Sword Boomerang+1","Wild Strike+1"],"picked":"SKIP","floor":30},{"not_picked":["Rupture","Sever Soul+1","Clothesline+1"],"picked":"SKIP","floor":30}],"player_experience":53519,"relics_obtained":[{"floor":8.0,"key":"Prayer Wheel"},{"floor":9.0,"key":"Anchor"},{"floor":13.0,"key":"Molten Egg 2"},{"floor":23,"key":"Sundial"},{"floor":26,"key":"Ancient Tea Set"},{"floor":29,"key":"Dream Catcher"}],"event_choices":[{"damage_healed":0.0,"max_hp_gain":0.0,"max_hp_loss":0.0,"gold_gain":99.0,"event_name":"Nest","player_choice":"Stole From Cult","floor":20.0,"gold_loss":0.0,"damage_taken":0.0},{"damage_healed":0.0,"max_hp_gain":0.0,"max_hp_loss":0.0,"gold_gain":0.0,"cards_transformed":["Hemokinesis"],"event_name":"Transmorgrifier","player_choice":"Transformed","floor":21.0,"gold_loss":0.0,"damage_taken":0.0,"cards_obtained":["Exhume"]}],"is_beta":false,"boss_relics":[{"not_picked":["Calling Bell","Runic Dome"],"picked":"Runic Pyramid"}],"items_purged_floors":[11,19],"is_endless":false,"potions_floor_spawned":[2,5,12,13,16,18,27],"killed_by":"Shelled Parasite and Fungi","ascension_level":0}}