{"host":"2se5dq1do2gp0x9k","time":1614181631,"event":{"mods":["AchievementEnabler","BaseMod","Block Reminder","Colored Map","Colored Powertips","Minty Spire (QoL Compilation)","Relic Stats","StSLib","SuperFastMode"],"gold_per_floor":[111,127,127,87,87,119,132,157,204,27,60,72,104,104,104,181,181,197,60,335,345,138,170,170,170,170,170,183,183,183],"floor_reached":29,"language":"ENG","playtime":1452,"items_purged":["Defend_P","Regret"],"score":768,"play_id":"8adcea39-50b0-4bda-b5d7-9f8bc907e5fc","local_time":"20210224074711","is_ascension_mode":true,"campfire_choices":[{"data":"Ragnarok","floor":15.0,"key":"SMITH"},{"floor":24,"key":"REST"},{"floor":27,"key":"REST"}],"circlet_count":0,"master_deck":["AscendersBane","Strike_P","Strike_P","Strike_P","Defend_P","Defend_P+1","Defend_P","Eruption","Vigilance","CutThroughFate","FollowUp+1","Nirvana","Scrawl","FlurryOfBlows","ThirdEye","Ragnarok+1","Indignation","Tantrum","EmptyBody","LessonLearned","Adaptation","CutThroughFate","FlurryOfBlows","Panacea","JustLucky"],"relics":["PureWater","NeowsBlessing","Gremlin Horn","Smiling Mask","Akabeko","Pocketwatch","Happy Flower","Fusion Hammer","Ginger","Sundial"],"acts_visited":["Exordium","TheCity"],"potions_floor_usage":[],"damage_taken":[{"damage":0.0,"enemies":"Cultist","floor":1.0,"turns":1.0},{"damage":0.0,"enemies":"Small Slimes","floor":2.0,"turns":1.0},{"damage":0.0,"enemies":"3 Sentries","floor":6.0,"turns":2.0},{"damage":4.0,"enemies":"Jaw Worm","floor":7.0,"turns":4.0},{"damage":0.0,"enemies":"Gremlin Nob","floor":8.0,"turns":2.0},{"damage":20.0,"enemies":"Lagavulin","floor":11.0,"turns":7.0},{"damage":0.0,"enemies":"2 Fungi Beasts","floor":12.0,"turns":2.0},{"damage":0.0,"enemies":"3 Sentries","floor":13.0,"turns":2.0},{"damage":0.0,"enemies":"Slime Boss","floor":16.0,"turns":3.0},{"damage":0.0,"enemies":"Chosen","floor":18.0,"turns":2.0},{"damage":26,"enemies":"Shell Parasite","floor":21,"turns":4},{"damage":23,"enemies":"Gremlin Leader","floor":23,"turns":5},{"damage":0,"enemies":"Sentry and Sphere","floor":28,"turns":2},{"damage":58,"enemies":"Book of Stabbing","floor":29,"turns":4}],"seed_played":"1000354338335506838","potions_obtained":[{"floor":2.0,"key":"Regen Potion"},{"floor":6.0,"key":"AttackPotion"},{"floor":8.0,"key":"Explosive Potion"},{"floor":11.0,"key":"Dexterity Potion"},{"floor":13.0,"key":"Regen Potion"},{"floor":23,"key":"DuplicationPotion"}],"is_trial":false,"path_per_floor":["M","M","?","$","$","E","M","E","T","$","E","M","E","?","R","B",null,"M","$","?","M","$","E","R","?","T","R","M","E"],"character_chosen":"WATCHER","items_purchased":["Nirvana","Ragnarok","Adaptation","FlurryOfBlows","Panacea"],"campfire_rested":2,"item_purchase_floors":[4,10,19,22,22],"current_hp_per_floor":[61,61,41,41,41,41,37,37,37,37,32,32,32,25,25,25,57,57,57,57,31,31,8,28,28,28,48,48,0,0],"gold":183,"neow_bonus":"THREE_ENEMY_KILL","is_daily":false,"chose_seed":false,"campfire_upgraded":1,"win_rate":0.0,"timestamp":1614181631,"path_taken":["M","?","?","?","$","E","M","E","T","$","E","M","E","?","R","BOSS","M","$","?","?","$","E","R","?","T","R","?","E"],"items_purchased_type":["Card","Card","Card","Card","Card"],"build_version":"2020-12-22","purchased_purges":2,"victory":false,"max_hp_per_floor":[68,68,68,68,68,68,68,68,68,68,68,68,68,68,68,68,68,68,68,68,68,68,68,68,68,68,68,68,68,68],"relic_stats":{"Gremlin Horn":[7,7],"Happy Flower":[6],"counters":[14,41],"Sundial":[0],"Ginger":[0],"Smiling Mask":75,"obtain_stats":[{"NeowsBlessing":0,"Gremlin Horn":6,"Happy Flower":13,"Sundial":26,"Fusion Hammer":17,"Ginger":23,"PureWater":0,"Smiling Mask":8,"Akabeko":9,"Pocketwatch":11},{"NeowsBlessing":0,"Gremlin Horn":3,"Happy Flower":8,"Sundial":12,"Fusion Hammer":9,"Ginger":12,"PureWater":0,"Smiling Mask":5,"Akabeko":5,"Pocketwatch":6},{"NeowsBlessing":0,"Gremlin Horn":4,"Happy Flower":21,"Sundial":35,"Fusion Hammer":24,"Ginger":35,"PureWater":0,"Smiling Mask":10,"Akabeko":10,"Pocketwatch":17}],"Pocketwatch":[24]},"card_choices":[{"not_picked":["BowlingBash","FlyingSleeves"],"picked":"CutThroughFate","floor":1.0},{"not_picked":["Crescendo","WindmillStrike"],"picked":"FollowUp","floor":2.0},{"not_picked":["EmptyBody","Worship"],"picked":"Scrawl","floor":6.0},{"not_picked":["ReachHeaven","Consecrate"],"picked":"FlurryOfBlows","floor":7.0},{"not_picked":["Consecrate","DeusExMachina"],"picked":"ThirdEye","floor":8.0},{"not_picked":["WindmillStrike","EmptyBody"],"picked":"Indignation","floor":11.0},{"not_picked":["Indignation","BowlingBash"],"picked":"Tantrum","floor":12.0},{"not_picked":["Study","Vengeance"],"picked":"EmptyBody","floor":13.0},{"not_picked":["Devotion","Judgement"],"picked":"LessonLearned","floor":16.0},{"not_picked":["DeceiveReality","Crescendo","Evaluate"],"picked":"SKIP","floor":18.0},{"not_picked":["Crescendo","ClearTheMind"],"picked":"CutThroughFate","floor":21},{"not_picked":["Nirvana","Indignation","Conclude"],"picked":"SKIP","floor":23},{"not_picked":["Halt","EmptyFist"],"picked":"JustLucky","floor":28}],"player_experience":4139880,"relics_obtained":[{"floor":6.0,"key":"Gremlin Horn"},{"floor":8.0,"key":"Smiling Mask"},{"floor":9.0,"key":"Akabeko"},{"floor":11.0,"key":"Pocketwatch"},{"floor":13.0,"key":"Happy Flower"},{"floor":23,"key":"Ginger"},{"floor":26,"key":"Sundial"}],"event_choices":[{"damage_healed":0.0,"max_hp_gain":0.0,"max_hp_loss":0.0,"gold_gain":0.0,"event_name":"Shining Light","player_choice":"Entered Light","floor":3.0,"gold_loss":0.0,"damage_taken":20.0,"cards_upgraded":["FollowUp","Defend_P"]},{"cards_removed":["Strike_P"],"damage_healed":0.0,"max_hp_gain":0.0,"max_hp_loss":0.0,"gold_gain":0.0,"event_name":"Golden Wing","player_choice":"Card Removal","floor":14.0,"gold_loss":0.0,"damage_taken":7.0},{"damage_healed":0.0,"max_hp_gain":0.0,"max_hp_loss":0.0,"gold_gain":275.0,"event_name":"Golden Shrine","player_choice":"Desecrate","floor":20.0,"gold_loss":0.0,"damage_taken":0.0,"cards_obtained":["Regret"]},{"damage_healed":0,"gold_gain":0,"player_choice":"0 cards matched","damage_taken":0,"max_hp_gain":0,"max_hp_loss":0,"event_name":"Match and Keep!","floor":25,"gold_loss":0,"cards_obtained":[]}],"is_beta":false,"boss_relics":[{"not_picked":["Sozu","Coffee Dripper"],"picked":"Fusion Hammer"}],"items_purged_floors":[19,22],"is_endless":false,"potions_floor_spawned":[2,6,8,11,13,18,23],"killed_by":"Book of Stabbing","ascension_level":19}}