{"host":"jmzvm640hfhaby9x","time":1614198375,"event":{"mods":["AchievementEnabler","BaseMod","Block Reminder","Colored Powertips","Googly Eyes","Minty Spire (QoL Compilation)","Quick Restart"],"gold_per_floor":[113,113,129,129,148,184,205,228,274,274,374,387,56,56,56,180,180,204,204,204,219,219,219,219],"floor_reached":23,"language":"ENG","playtime":1215,"items_purged":[],"score":291,"play_id":"4fb15ed9-56bf-499b-9aa5-f7e26fdb2dd2","local_time":"20210224202615","is_ascension_mode":false,"campfire_choices":[{"floor":10.0,"key":"REST"},{"floor":15.0,"key":"REST"}],"circlet_count":0,"master_deck":["Strike_R","Strike_R+1","Strike_R","Strike_R","Strike_R","Defend_R","Defend_R","Defend_R+1","Defend_R","Bash","Reaper","Rampage","Sword Boomerang","Iron Wave","Juggernaut","True Grit","Metallicize","Iron Wave","Dramatic Entrance","Dark Embrace","Demon Form","Entrench","Armaments"],"relics":["Burning Blood","Golden Idol","Ice Cream","Juzu Bracelet","Bag of Preparation","Runic Cube","NlothsMask"],"acts_visited":["Exordium","TheCity"],"potions_floor_usage":[],"damage_taken":[{"damage":12.0,"enemies":"Cultist","floor":1.0,"turns":5.0},{"damage":0.0,"enemies":"Small Slimes","floor":3.0,"turns":3.0},{"damage":3.0,"enemies":"Jaw Worm","floor":5.0,"turns":4.0},{"damage":50.0,"enemies":"Lagavulin","floor":6.0,"turns":8.0},{"damage":32.0,"enemies":"Exordium Thugs","floor":7.0,"turns":6.0},{"damage":11.0,"enemies":"Large Slime","floor":8.0,"turns":8.0},{"damage":8.0,"enemies":"3 Louse","floor":12.0,"turns":4.0},{"damage":27.0,"enemies":"Hexaghost","floor":16.0,"turns":9.0},{"damage":17.0,"enemies":"Spheric Guardian","floor":18.0,"turns":4.0},{"damage":27.0,"enemies":"Shell Parasite","floor":21.0,"turns":5.0},{"damage":81,"enemies":"Gremlin Leader","floor":23,"turns":4}],"seed_played":"-2773600016197589453","potions_obtained":[{"floor":7.0,"key":"GamblersBrew"},{"floor":16.0,"key":"BloodPotion"}],"is_trial":false,"path_per_floor":["M","?","M","?","M","E","M","M","T","R","?","M","$","?","R","B",null,"M","?","?","M","?","E"],"character_chosen":"IRONCLAD","items_purchased":["Bag of Preparation","ColorlessPotion","Dramatic Entrance","Dark Embrace"],"campfire_rested":2,"item_purchase_floors":[13,13,13,13],"current_hp_per_floor":[74,74,80,80,80,36,18,17,17,41,41,51,51,35,59,38,80,69,69,69,48,74,0,0],"gold":219,"neow_bonus":"ONE_RANDOM_RARE_CARD","is_daily":false,"chose_seed":false,"campfire_upgraded":0,"win_rate":0.0,"timestamp":1614198375,"path_taken":["M","?","M","?","M","E","M","?","T","R","?","M","?","?","R","BOSS","M","?","?","M","?","E"],"items_purchased_type":["Relic","Potion","Card","Card"],"build_version":"2020-12-22","purchased_purges":0,"victory":false,"max_hp_per_floor":[80,80,80,80,80,80,80,80,80,80,80,80,80,80,80,80,80,80,80,80,80,80,80,80],"card_choices":[{"not_picked":["Shrug It Off","Body Slam"],"picked":"Rampage","floor":1.0},{"not_picked":["Perfected Strike","Shockwave"],"picked":"Sword Boomerang","floor":3.0},{"not_picked":["Twin Strike","Headbutt"],"picked":"Iron Wave","floor":5.0},{"not_picked":["Anger","Pummel"],"picked":"Juggernaut","floor":6.0},{"not_picked":["Hemokinesis","Cleave"],"picked":"True Grit","floor":7.0},{"not_picked":["Ghostly Armor","Shrug It Off"],"picked":"Metallicize","floor":8.0},{"not_picked":["Whirlwind","Spot Weakness"],"picked":"Iron Wave","floor":12.0},{"not_picked":["Bludgeon","Feed"],"picked":"Demon Form","floor":16.0},{"not_picked":["Rupture","Clothesline"],"picked":"Entrench","floor":18.0},{"not_picked":["Clothesline+1","Iron Wave"],"picked":"Armaments","floor":21.0}],"player_experience":26547,"relics_obtained":[{"floor":6.0,"key":"Ice Cream"},{"floor":9.0,"key":"Juzu Bracelet"}],"event_choices":[{"damage_healed":0.0,"max_hp_gain":0.0,"max_hp_loss":0.0,"gold_gain":0.0,"event_name":"Golden Idol","player_choice":"Take Wound","floor":2.0,"gold_loss":0.0,"damage_taken":0.0,"relics_obtained":["Golden Idol"],"cards_obtained":["Injury"]},{"cards_removed":["Injury"],"damage_healed":0.0,"max_hp_gain":0.0,"max_hp_loss":0.0,"gold_gain":0.0,"event_name":"Fountain of Cleansing","player_choice":"Removed Curses","floor":4.0,"gold_loss":0.0,"damage_taken":0.0},{"damage_healed":0.0,"max_hp_gain":0.0,"max_hp_loss":0.0,"gold_gain":100.0,"event_name":"Golden Shrine","player_choice":"Pray","floor":11.0,"gold_loss":0.0,"damage_taken":0.0},{"damage_healed":0.0,"max_hp_gain":0.0,"max_hp_loss":0.0,"gold_gain":0.0,"event_name":"Shining Light","player_choice":"Entered Light","floor":14.0,"gold_loss":0.0,"damage_taken":16.0,"cards_upgraded":["Defend_R","Strike_R"]},{"damage_healed":0.0,"max_hp_gain":0.0,"max_hp_loss":0.0,"gold_gain":0.0,"event_name":"Vampires","player_choice":"Ignored","floor":19.0,"gold_loss":0.0,"damage_taken":0.0},{"damage_healed":0.0,"max_hp_gain":0.0,"max_hp_loss":0.0,"gold_gain":0.0,"event_name":"FaceTrader","player_choice":"Trade","floor":20.0,"gold_loss":0.0,"damage_taken":0.0,"relics_obtained":["NlothsMask"]},{"damage_healed":26.0,"max_hp_gain":0.0,"max_hp_loss":0.0,"gold_gain":0.0,"event_name":"The Library","player_choice":"Heal","floor":22.0,"gold_loss":0.0,"damage_taken":0.0}],"is_beta":false,"boss_relics":[{"not_picked":["Sozu","Coffee Dripper"],"picked":"Runic Cube"}],"items_purged_floors":[],"is_endless":false,"potions_floor_spawned":[7,16],"killed_by":"Gremlin Leader","ascension_level":0}}