{"host":"1t0llcfp0lo7rmr4","time":1614171469,"event":{"mods":["AchievementEnabler","Aspiration","BaseMod","Beaked The Cultist","Better Note","Block Reminder","Colored Powertips","GifTheSpireLib","Hermit","Hubris","Jorbs\u0027s Wanderer Trilogy","Minty Spire (QoL Compilation)","Permanent Neow","Potionbrewer","Quick Restart","Relic Filter","Replay The Spire","StSLib","SuperFastMode","The Bladedancer","The Bug Knight","The Cursed","The Death Knight","The Druid","The Elementalist","The Exalted","The Forsaken","The Judge","The Poker Player","The Runesmith"],"gold_per_floor":[212,387,387,405,419,431,47,73,123,123,123,123,123,149,149,254,254,274,274,293,142,161,161,76,76,76,76,90,90,100,125,125,221,221,237,68,68,80,99,99,113,72,98,98,127,127,141,159,159,159,159,159,5,30,30],"floor_reached":56,"language":"ENG","playtime":2467,"items_purged":["Doubt"],"score":1250,"play_id":"1aeb58fd-5bdd-48e7-aef6-5b6f4bfd3015","local_time":"20210224235749","is_ascension_mode":true,"campfire_choices":[{"floor":10.0,"key":"REST"},{"floor":13.0,"key":"REST"},{"floor":15.0,"key":"REST"},{"floor":23.0,"key":"RECALL"},{"floor":25.0,"key":"REST"},{"data":"DeathKnight:ArmyOfTheDead","floor":27.0,"key":"SMITH"},{"floor":32.0,"key":"REST"},{"floor":40.0,"key":"REST"},{"data":"DeathKnight:Runesurge","floor":46.0,"key":"SMITH"},{"data":"DeathKnight:Razorice","floor":49.0,"key":"SMITH"},{"data":"DeathKnight:BoneShield","floor":52.0,"key":"SMITH"}],"circlet_count":0,"master_deck":["DeathKnight:Strike_DeathKnight+1","DeathKnight:Strike_DeathKnight","DeathKnight:Strike_DeathKnight+1","DeathKnight:Strike_DeathKnight","DeathKnight:Defend_DeathKnight","DeathKnight:Defend_DeathKnight","DeathKnight:Defend_DeathKnight","DeathKnight:Defend_DeathKnight","DeathKnight:Defend_DeathKnight","DeathKnight:RuneTap","DeathKnight:RuneStrike","DeathKnight:FoulBulwark+1","DeathKnight:Outbreak+1","DeathKnight:DeathCoil","DeathKnight:Razorice+1","DeathKnight:ArmyOfTheDead+1","beaked:TuckingFeathers+1","DeathKnight:Rot","DeathKnight:DeathsAdvance+1","beaked:Insight+1","DeathKnight:Runesurge+1","DeathKnight:DarkSuccor+1","DeathKnight:MutagenicPlague+1","beaked:MaddeningMurmurs+1","Parasite","beaked:Evade+1","DeathKnight:BoneShield","DeathKnight:BoneShield+1","DeathKnight:PlagueStrike+1","DeathKnight:Lichborne+1"],"relics":["DeathKnight:BrokenRuneblade","Blue Doll","Anchor","Strawberry","HollowMod:StagPassRelic","aspiration:BeakedSkillbook","ReplayTheSpireMod:TigerMarble","Centennial Puzzle","Bromod:ArcaneAegis","War Paint","aspiration:RitualDagger","Lee\u0027s Waffle","potionbrewer:Torch","hubris:CuriousFeather","Simple Rune","Sundial"],"acts_visited":["Exordium","TheCity","TheBeyond","TheEnding"],"potions_floor_usage":[55],"damage_taken":[{"damage":0.0,"enemies":"Small Slimes","floor":1.0,"turns":4.0},{"damage":3.0,"enemies":"2 Louse","floor":4.0,"turns":3.0},{"damage":1.0,"enemies":"Jaw Worm","floor":5.0,"turns":4.0},{"damage":5.0,"enemies":"Large Slime","floor":6.0,"turns":7.0},{"damage":59.0,"enemies":"Gremlin Nob","floor":8.0,"turns":5.0},{"damage":22.0,"enemies":"3 Sentries","floor":14.0,"turns":10.0},{"damage":40.0,"enemies":"Hexaghost","floor":16.0,"turns":9.0},{"damage":20.0,"enemies":"Shell Parasite","floor":18.0,"turns":5.0},{"damage":0.0,"enemies":"3 Byrds","floor":20.0,"turns":3.0},{"damage":6.0,"enemies":"Snake Plant","floor":22.0,"turns":3.0},{"damage":7.0,"enemies":"Snecko","floor":28.0,"turns":4.0},{"damage":18.0,"enemies":"Centurion and Healer","floor":30.0,"turns":8.0},{"damage":1.0,"enemies":"Replay:Snechameleon","floor":31.0,"turns":3.0},{"damage":43.0,"enemies":"Collector","floor":33.0,"turns":9.0},{"damage":28.0,"enemies":"3 Shapes","floor":35.0,"turns":9.0},{"damage":23.0,"enemies":"3 Darklings","floor":38.0,"turns":7.0},{"damage":15.0,"enemies":"Jaw Worm Horde","floor":39.0,"turns":5.0},{"damage":117.0,"enemies":"Writhing Mass","floor":41.0,"turns":8.0},{"damage":39.0,"enemies":"Reptomancer","floor":45.0,"turns":7.0},{"damage":9.0,"enemies":"Jaw Worm Horde","floor":47.0,"turns":3.0},{"damage":18.0,"enemies":"Spire Growth","floor":48.0,"turns":4.0},{"damage":75.0,"enemies":"Awakened One","floor":50.0,"turns":10.0},{"damage":83.0,"enemies":"Shield and Spear","floor":54.0,"turns":7.0},{"damage":78,"enemies":"The Heart","floor":55,"turns":7}],"seed_played":"1520558904706880580","potions_obtained":[{"floor":1.0,"key":"Fire Potion"},{"floor":4.0,"key":"GamblersBrew"},{"floor":5.0,"key":"BlessingOfTheForge"},{"floor":16.0,"key":"potionbrewer:DiscountPotion"},{"floor":22.0,"key":"Energy Potion"},{"floor":30.0,"key":"SpeedPotion"},{"floor":31.0,"key":"SkillPotion"},{"floor":33.0,"key":"Reflective Coating"},{"floor":39.0,"key":"potionbrewer:AcidPotion"},{"floor":45.0,"key":"BlessingOfTheForge"},{"floor":47.0,"key":"Reflective Coating"}],"is_trial":false,"path_per_floor":["M","?","?","M","M","M","$","E","T","R","T","?","R","E","R","B",null,"M","?","M","$","M","R","?","R","T","R","M","$","M","E","R","B",null,"M","$","?","M","M","R","M","$","T","?","E","R","M","M","R","B",null,"R","$","E","B",null],"character_chosen":"DEATH_KNIGHT","items_purchased":["DeathKnight:Outbreak","Blue Doll","ReplayTheSpireMod:TigerMarble","DeathKnight:MutagenicPlague+1","Lee\u0027s Waffle","DeathKnight:BoneShield","Simple Rune"],"campfire_rested":6,"item_purchase_floors":[7,7,21,36,36,42,53],"current_hp_per_floor":[75,75,75,72,71,66,66,7,7,29,36,36,60,38,62,22,82,62,62,62,62,56,56,56,80,80,80,73,73,55,54,78,35,82,60,89,89,66,51,77,87,87,87,87,81,81,89,89,89,85,89,89,89,38,42],"gold":30,"neow_bonus":"HUNDRED_GOLD","is_daily":false,"chose_seed":false,"campfire_upgraded":4,"win_rate":0.0,"timestamp":1614171469,"path_taken":["M","?","?","M","M","M","$","E","T","R","?","?","R","E","R","BOSS","M","?","M","$","M","R","?","R","T","R","M","?","M","E","R","BOSS","M","$","?","M","?","R","M","?","T","?","E","R","?","M","R","BOSS","R","$","E","BOSS"],"items_purchased_type":["Card","Relic","Relic","Card","Relic","Card","Relic"],"build_version":"2020-12-22","purchased_purges":1,"victory":true,"max_hp_per_floor":[75,75,75,75,75,75,75,75,75,75,82,82,82,82,82,82,82,82,82,82,82,82,82,82,82,82,82,82,82,82,82,82,82,82,82,89,89,89,89,89,89,89,89,89,89,89,89,89,89,89,89,89,89,89,89],"card_choices":[{"not_picked":["DeathKnight:BloodTap","DeathKnight:BloodPact","DeathKnight:Culling"],"picked":"SKIP","floor":1.0},{"not_picked":["DeathKnight:Marrowrend","DeathKnight:HartStrike"],"picked":"DeathKnight:FoulBulwark","floor":4.0},{"not_picked":["DeathKnight:Obliterate","DeathKnight:Ossuary","DeathKnight:Culling"],"picked":"SKIP","floor":5.0},{"not_picked":["DeathKnight:RaiseAlly","DeathKnight:HartStrike","DeathKnight:Ossuary"],"picked":"SKIP","floor":6.0},{"not_picked":["DeathKnight:ThirstingStrike","DeathKnight:UnholyFrenzy"],"picked":"DeathKnight:DeathCoil","floor":8.0},{"not_picked":["DeathKnight:ChainsOfIce","DeathKnight:PathOfFrost"],"picked":"DeathKnight:Razorice","floor":14.0},{"not_picked":["DeathKnight:UnholyExperiment","DeathKnight:BoneStorm"],"picked":"DeathKnight:ArmyOfTheDead","floor":16.0},{"not_picked":["DeathKnight:HartStrike","beaked:DigDeep","DeathKnight:FrostStrike"],"picked":"beaked:TuckingFeathers+1","floor":18.0},{"not_picked":["beaked:CursingBlood+1","beaked:WindBringer","DeathKnight:HornOfWinter+1"],"picked":"DeathKnight:Rot","floor":20.0},{"not_picked":["beaked:Resilience","beaked:Windmill","DeathKnight:DeathCoil","DeathKnight:MindFreeze"],"picked":"SKIP","floor":22.0},{"not_picked":["beaked:DesperateSwing","beaked:CursingBlood","beaked:Negation","DeathKnight:Runeguard"],"picked":"SKIP","floor":28.0},{"not_picked":["beaked:MimicWarrior+1","beaked:Poke","beaked:BraceForImpact+1"],"picked":"DeathKnight:DeathsAdvance","floor":30.0},{"not_picked":["beaked:Tweet","beaked:MimicWarrior+1","DeathKnight:Lichborne"],"picked":"beaked:Insight+1","floor":31.0},{"not_picked":["beaked:AwakenedForm","beaked:LiftOff","DeathKnight:RunicDetonation"],"picked":"DeathKnight:Runesurge","floor":33.0},{"not_picked":["beaked:Flinch+1","DeathKnight:BoneSpear+1","DeathKnight:DeathsAdvance"],"picked":"DeathKnight:DarkSuccor+1","floor":35.0},{"not_picked":["DeathKnight:DeathAndDecay","beaked:Foresight","DeathKnight:Lichborne"],"picked":"beaked:MaddeningMurmurs+1","floor":38.0},{"not_picked":["beaked:TuckingFeathers+1","DeathKnight:MindFreeze","beaked:BarbedWire+1","DeathKnight:GargoyleSkin"],"picked":"SKIP","floor":39.0},{"not_picked":["beaked:RuinSticks","DeathKnight:DeathAndDecay+1","DeathKnight:ThirstingStrike+1"],"picked":"beaked:Evade+1","floor":41.0},{"not_picked":["beaked:DigDeep","beaked:Sacrifice","beaked:Redirect+1"],"picked":"DeathKnight:PlagueStrike+1","floor":45.0},{"not_picked":["DeathKnight:IcyTouch","beaked:TuckingFeathers+1","DeathKnight:UnholyFrenzy+1"],"picked":"DeathKnight:Lichborne+1","floor":47.0},{"not_picked":["DeathKnight:MindFreeze+1","beaked:Daydream+1","beaked:Sacrifice","DeathKnight:UnholyAssault"],"picked":"SKIP","floor":48.0},{"not_picked":["DeathKnight:DreadStrike","DeathKnight:PlagueStrike","DeathKnight:HartStrike","beaked:Evade+1"],"picked":"SKIP","floor":54.0}],"player_experience":876012,"relics_obtained":[{"floor":8.0,"key":"Anchor"},{"floor":11.0,"key":"Strawberry"},{"floor":14.0,"key":"HollowMod:StagPassRelic"},{"floor":26.0,"key":"Bromod:ArcaneAegis"},{"floor":31.0,"key":"War Paint"},{"floor":43.0,"key":"potionbrewer:Torch"},{"floor":45.0,"key":"hubris:CuriousFeather"},{"floor":54.0,"key":"Sundial"}],"event_choices":[{"damage_healed":0.0,"max_hp_gain":0.0,"max_hp_loss":0.0,"gold_gain":175.0,"event_name":"Liars Game","player_choice":"AGREE","floor":2.0,"gold_loss":0.0,"damage_taken":0.0,"cards_obtained":["Doubt"]},{"damage_healed":0.0,"max_hp_gain":0.0,"max_hp_loss":0.0,"gold_gain":0.0,"event_name":"Addict","player_choice":"Obtained Relic","floor":24.0,"gold_loss":85.0,"damage_taken":0.0,"relics_obtained":["Centennial Puzzle"]},{"damage_healed":0.0,"max_hp_gain":0.0,"max_hp_loss":0.0,"gold_gain":0.0,"event_name":"SecretPortal","player_choice":"Ignored","floor":37.0,"gold_loss":0.0,"damage_taken":0.0},{"cards_removed":["DeathKnight:Strike_DeathKnight"],"damage_healed":0.0,"max_hp_gain":0.0,"max_hp_loss":0.0,"gold_gain":0.0,"event_name":"Bonfire Elementals","player_choice":"Offered Basic","floor":44.0,"gold_loss":0.0,"damage_taken":0.0}],"is_beta":false,"boss_relics":[{"not_picked":["aspiration:WatcherSkillbook","theForsaken:PaleLantern"],"picked":"aspiration:BeakedSkillbook"},{"not_picked":["Replay:Bronze Core","Astrolabe"],"picked":"aspiration:RitualDagger"}],"items_purged_floors":[7],"is_endless":false,"potions_floor_spawned":[1,4,5,16,22,30,31,33,39,45,47,54],"ascension_level":1}}