{"host":"6wux4armhsntp4yb","time":1614149908,"event":{"mods":["BaseMod","Colored Map","DeckTracker","Minty Spire (QoL Compilation)","Relic Stats"],"gold_per_floor":[115,126,126,41,41,41,74,74,121,121,147,147,166,184,184,258,258,274,288,203,203,153,180,180,206,206,34,61,61,61,77,77,151,151,171,187,187,199,209,209,239,239,239,239,255,267,292,311,311,311,311],"floor_reached":52,"language":"JPN","playtime":5091,"items_purged":[],"score":2110,"play_id":"a72c92f9-a1fb-4083-8137-0e2302556641","local_time":"20210224155828","is_ascension_mode":true,"campfire_choices":[{"data":"Noxious Fumes","floor":6.0,"key":"SMITH"},{"data":"Catalyst","floor":8.0,"key":"SMITH"},{"data":"Neutralize","floor":12.0,"key":"SMITH"},{"data":"Deadly Poison","floor":15.0,"key":"SMITH"},{"floor":24,"key":"REST"},{"data":"Well Laid Plans","floor":30,"key":"SMITH"},{"data":"Catalyst","floor":32,"key":"SMITH"},{"floor":40,"key":"REST"},{"floor":44,"key":"REST"},{"data":"Calculated Gamble","floor":49,"key":"SMITH"}],"circlet_count":0,"master_deck":["AscendersBane","Strike_G","Strike_G","Strike_G","Defend_G","Defend_G","Defend_G","Defend_G","Defend_G","Survivor","Neutralize+1","Crippling Poison+1","Backflip","Noxious Fumes+1","Catalyst+1","Backflip","Deadly Poison+1","Adrenaline","Footwork+1","PiercingWail","Well Laid Plans+1","Catalyst+1","Bouncing Flask","After Image","Escape Plan","Tactician+1","Chrysalis","Dark Shackles","Prepared","Acrobatics+1","Calculated Gamble+1","Well Laid Plans","Expertise+1"],"relics":["Ring of the Snake","NeowsBlessing","Du-Vu Doll","Lantern","MealTicket","Dream Catcher","SacredBark","Regal Pillow","Art of War","Omamori","Bag of Preparation","CaptainsWheel","Runic Dome","Nunchaku","Bottled Tornado","Tingsha"],"acts_visited":["Exordium","TheCity","TheBeyond"],"potions_floor_usage":[25,31,38,46,48,51],"damage_taken":[{"damage":0.0,"enemies":"2 Louse","floor":1.0,"turns":1.0},{"damage":0.0,"enemies":"Jaw Worm","floor":2.0,"turns":1.0},{"damage":0.0,"enemies":"3 Sentries","floor":7.0,"turns":1.0},{"damage":21.0,"enemies":"Gremlin Nob","floor":11.0,"turns":4.0},{"damage":0.0,"enemies":"Small Slimes","floor":13.0,"turns":3.0},{"damage":0.0,"enemies":"Blue Slaver","floor":14.0,"turns":2.0},{"damage":0.0,"enemies":"The Guardian","floor":16.0,"turns":6.0},{"damage":4.0,"enemies":"2 Thieves","floor":18.0,"turns":3.0},{"damage":1.0,"enemies":"Shell Parasite","floor":19.0,"turns":7.0},{"damage":0.0,"enemies":"Shelled Parasite and Fungi","floor":21.0,"turns":1.0},{"damage":20,"enemies":"Gremlin Leader","floor":23,"turns":6},{"damage":11,"enemies":"Book of Stabbing","floor":25,"turns":5},{"damage":2,"enemies":"Gremlin Leader","floor":28,"turns":5},{"damage":0,"enemies":"Snecko","floor":31,"turns":4},{"damage":11,"enemies":"Collector","floor":33,"turns":5},{"damage":0,"enemies":"Orb Walker","floor":35,"turns":3},{"damage":12,"enemies":"3 Shapes","floor":36,"turns":3},{"damage":10,"enemies":"Jaw Worm Horde","floor":38,"turns":5},{"damage":13,"enemies":"Writhing Mass","floor":39,"turns":5},{"damage":23,"enemies":"Nemesis","floor":41,"turns":5},{"damage":0,"enemies":"4 Shapes","floor":45,"turns":4},{"damage":0,"enemies":"Sphere and 2 Shapes","floor":46,"turns":5},{"damage":0,"enemies":"Giant Head","floor":47,"turns":4},{"damage":0,"enemies":"Transient","floor":48,"turns":6},{"damage":33,"enemies":"Donu and Deca","floor":50,"turns":5},{"damage":6,"enemies":"Awakened One","floor":51,"turns":12}],"seed_played":"2697353565748391845","potions_obtained":[{"floor":2.0,"key":"Explosive Potion"},{"floor":7.0,"key":"SmokeBomb"},{"floor":19.0,"key":"SteroidPotion"},{"floor":23,"key":"LiquidMemories"},{"floor":25,"key":"Ancient Potion"},{"floor":28,"key":"Block Potion"},{"floor":36,"key":"FearPotion"},{"floor":41,"key":"AttackPotion"},{"floor":45,"key":"ColorlessPotion"},{"floor":46,"key":"Block Potion"}],"is_trial":false,"path_per_floor":["M","M","?","$","?","R","E","R","T","?","E","R","M","M","R","B",null,"M","M","?","M","?","E","R","E","T","$","E","$","R","M","R","B",null,"M","M","?","M","M","R","E","?","T","R","M","M","E","M","R","B","B",null],"character_chosen":"THE_SILENT","items_purchased":["Noxious Fumes","Well Laid Plans","Catalyst"],"campfire_rested":3,"item_purchase_floors":[4,27,27],"current_hp_per_floor":[59,59,59,59,52,52,52,52,52,52,31,31,31,31,31,31,57,53,52,52,52,52,32,66,55,55,66,64,66,66,66,66,55,63,63,51,41,31,18,52,29,29,29,63,63,63,63,63,63,30,24],"gold":311,"neow_bonus":"THREE_ENEMY_KILL","is_daily":false,"chose_seed":false,"campfire_upgraded":7,"win_rate":0.0,"timestamp":1614149908,"path_taken":["M","M","?","$","?","R","E","R","T","?","E","R","M","M","R","BOSS","M","M","?","M","?","E","R","E","T","$","E","$","R","M","R","BOSS","M","M","?","M","M","R","E","?","T","R","M","M","E","M","R","BOSS","BOSS"],"items_purchased_type":["Card","Card","Card"],"build_version":"2020-12-22","purchased_purges":0,"victory":true,"max_hp_per_floor":[66,66,66,66,66,66,66,66,66,66,66,66,66,66,66,66,66,66,66,66,66,66,66,66,66,66,66,66,66,66,66,66,66,66,66,66,66,66,66,66,66,66,66,66,66,66,66,66,66,66,66],"relic_stats":{"Dream Catcher":3,"Regal Pillow":45,"Nunchaku":[3],"counters":[26,111],"MealTicket":13,"Tingsha":[199],"Art of War":[38],"Bag of Preparation":[28],"obtain_stats":[{"Lantern":9,"Regal Pillow":20,"NeowsBlessing":0,"SacredBark":17,"Tingsha":47,"Omamori":25,"Bag of Preparation":26,"Bottled Tornado":43,"Du-Vu Doll":7,"Runic Dome":34,"Dream Catcher":11,"CaptainsWheel":28,"Nunchaku":41,"MealTicket":10,"Art of War":23,"Ring of the Snake":0},{"Lantern":3,"Regal Pillow":9,"NeowsBlessing":0,"SacredBark":7,"Tingsha":23,"Omamori":12,"Bag of Preparation":12,"Bottled Tornado":20,"Du-Vu Doll":3,"Runic Dome":15,"Dream Catcher":4,"CaptainsWheel":13,"Nunchaku":20,"MealTicket":3,"Art of War":11,"Ring of the Snake":0},{"Lantern":3,"Regal Pillow":28,"NeowsBlessing":0,"SacredBark":18,"Tingsha":88,"Omamori":40,"Bag of Preparation":40,"Bottled Tornado":75,"Du-Vu Doll":3,"Runic Dome":54,"Dream Catcher":7,"CaptainsWheel":45,"Nunchaku":75,"MealTicket":3,"Art of War":35,"Ring of the Snake":0}],"Ring of the Snake":[52]},"card_choices":[{"not_picked":["Quick Slash","Caltrops"],"picked":"Crippling Poison","floor":1.0},{"not_picked":["Expertise","Outmaneuver"],"picked":"Backflip","floor":2.0},{"not_picked":["Underhanded Strike","Bouncing Flask"],"picked":"Catalyst","floor":7.0},{"not_picked":["Quick Slash","Choke"],"picked":"Backflip","floor":11.0},{"not_picked":["PiercingWail","Skewer"],"picked":"Deadly Poison","floor":13.0},{"not_picked":["Acrobatics","Outmaneuver","Sucker Punch"],"picked":"SKIP","floor":14.0},{"not_picked":["A Thousand Cuts","Envenom"],"picked":"Adrenaline","floor":16.0},{"not_picked":["Terror","Dash"],"picked":"Footwork+1","floor":18.0},{"not_picked":["Deadly Poison+1","Sucker Punch"],"picked":"PiercingWail","floor":19.0},{"not_picked":["Poisoned Stab","Underhanded Strike","Doppelganger"],"picked":"SKIP","floor":23},{"not_picked":["Deadly Poison","Quick Slash","Choke"],"picked":"SKIP","floor":25},{"not_picked":["Skewer","Flying Knee","Poisoned Stab"],"picked":"SKIP","floor":28},{"not_picked":["Dash+1","Deadly Poison"],"picked":"Bouncing Flask","floor":31},{"not_picked":["Storm of Steel","Glass Knife"],"picked":"After Image","floor":33},{"not_picked":["Infinite Blades+1","All Out Attack"],"picked":"Escape Plan","floor":35},{"not_picked":["Distraction","Noxious Fumes"],"picked":"Tactician+1","floor":36},{"not_picked":["Transmutation","Enlightenment"],"picked":"Chrysalis","floor":37},{"not_picked":["Dramatic Entrance","Violence"],"picked":"Dark Shackles","floor":37},{"not_picked":["Concentrate","Poisoned Stab","Dagger Spray"],"picked":"SKIP","floor":38},{"not_picked":["Concentrate","Poisoned Stab","Dagger Spray"],"picked":"SKIP","floor":38},{"not_picked":["Dagger Throw","Dagger Spray","Bouncing Flask+1"],"picked":"SKIP","floor":39},{"not_picked":["Quick Slash+1","Prepared","Finisher"],"picked":"SKIP","floor":41},{"not_picked":["Quick Slash+1","Finisher"],"picked":"Prepared","floor":41},{"not_picked":["Setup","Blade Dance"],"picked":"Acrobatics+1","floor":45},{"not_picked":["Terror","Bullet Time"],"picked":"Calculated Gamble","floor":46},{"not_picked":["Acrobatics","Leg Sweep+1"],"picked":"Well Laid Plans","floor":47},{"not_picked":["Poisoned Stab","Quick Slash"],"picked":"Expertise+1","floor":48}],"player_experience":5914281,"relics_obtained":[{"floor":7.0,"key":"Du-Vu Doll"},{"floor":9.0,"key":"Lantern"},{"floor":11.0,"key":"Dream Catcher"},{"floor":23,"key":"Art of War"},{"floor":25,"key":"Omamori"},{"floor":26,"key":"Bag of Preparation"},{"floor":28,"key":"CaptainsWheel"},{"floor":41,"key":"Nunchaku"},{"floor":43,"key":"Bottled Tornado"},{"floor":47,"key":"Tingsha"}],"event_choices":[{"damage_healed":0.0,"max_hp_gain":0.0,"max_hp_loss":0.0,"gold_gain":0.0,"event_name":"Living Wall","player_choice":"Grow","floor":3.0,"gold_loss":0.0,"damage_taken":0.0,"cards_upgraded":["Crippling Poison"]},{"cards_removed":["Strike_G"],"damage_healed":0.0,"max_hp_gain":0.0,"max_hp_loss":0.0,"gold_gain":0.0,"event_name":"Golden Wing","player_choice":"Card Removal","floor":5.0,"gold_loss":0.0,"damage_taken":7.0},{"damage_healed":0.0,"max_hp_gain":0.0,"max_hp_loss":0.0,"gold_gain":0.0,"event_name":"Dead Adventurer","player_choice":"Searched \u00271\u0027 times","floor":10.0,"gold_loss":0.0,"damage_taken":0.0,"relics_obtained":["MealTicket"]},{"damage_healed":0.0,"max_hp_gain":0.0,"max_hp_loss":0.0,"gold_gain":0.0,"event_name":"Addict","player_choice":"Obtained Relic","floor":20.0,"gold_loss":85.0,"damage_taken":0.0,"relics_obtained":["Regal Pillow"]},{"damage_healed":0.0,"max_hp_gain":0.0,"max_hp_loss":0.0,"gold_gain":0.0,"event_name":"The Joust","player_choice":"Bet on Murderer","floor":22.0,"gold_loss":50.0,"damage_taken":0.0},{"damage_healed":0,"gold_gain":0,"player_choice":"Memory 3","damage_taken":10,"max_hp_gain":0,"max_hp_loss":0,"event_name":"SensoryStone","floor":37,"gold_loss":0},{"cards_removed":["Strike_G"],"damage_healed":0,"gold_gain":0,"player_choice":"Removed Attack","damage_taken":0,"max_hp_gain":0,"max_hp_loss":0,"event_name":"Falling","floor":42,"gold_loss":0}],"is_beta":false,"boss_relics":[{"not_picked":["SlaversCollar","Sozu"],"picked":"SacredBark"},{"not_picked":["Tiny House","Velvet Choker"],"picked":"Runic Dome"}],"items_purged_floors":[],"is_endless":false,"potions_floor_spawned":[2,7,16,19,23,25,28,36,41,45,46],"ascension_level":20}}