{"host":"5tzvto3beate6p8b","time":1614154805,"event":{"mods":["BaseMod","Colored Map","DeckTracker","Minty Spire (QoL Compilation)","Relic Stats","StSLib","SuperFastMode"],"gold_per_floor":[109,121,46,58,71,105,105,139,139,149,149,149,162,162,162,241,241,260,279,194,214,214,214,10,10,64,82,82,113,113,142,142,215,215,227,58,58,19,19,19,19,30,30,41,72,72,97,97,97,97,97],"floor_reached":50,"language":"JPN","playtime":1987,"items_purged":[],"score":1167,"play_id":"2236070b-63ce-40ff-835a-55a44e04f357","local_time":"20210224172005","is_ascension_mode":true,"campfire_choices":[{"data":"Noxious Fumes","floor":7.0,"key":"SMITH"},{"data":"Deadly Poison","floor":11.0,"key":"SMITH"},{"floor":15.0,"key":"REST"},{"floor":23.0,"key":"REST"},{"data":"Footwork","floor":25.0,"key":"SMITH"},{"data":"Catalyst","floor":28.0,"key":"SMITH"},{"floor":30.0,"key":"REST"},{"floor":32.0,"key":"REST"},{"data":"Catalyst","floor":40.0,"key":"SMITH"},{"floor":49.0,"key":"RECALL"}],"circlet_count":0,"master_deck":["AscendersBane","Strike_G+1","Defend_G","Defend_G","Defend_G","Defend_G","Defend_G","Survivor","Neutralize+1","PiercingWail","Dagger Spray","Catalyst+1","Noxious Fumes+1","Burst","After Image","Deadly Poison+1","Bane","Burst","Bouncing Flask+1","Well Laid Plans","Catalyst+1","Footwork+1","Backflip","Acrobatics","Dagger Spray","Dodge and Roll","Burst","Tools of the Trade","Catalyst","Caltrops","Bouncing Flask","Backflip","Doubt","Dodge and Roll+1","Footwork+1"],"relics":["Ring of the Snake","Juzu Bracelet","Regal Pillow","Tiny Chest","Whetstone","Ninja Scroll","Empty Cage","Potion Belt","Centennial Puzzle","Boot","Bottled Tornado","Pen Nib","HoveringKite","Cauldron","Happy Flower","Mercury Hourglass","Snake Skull"],"acts_visited":["Exordium","TheCity","TheBeyond"],"potions_floor_usage":[50],"damage_taken":[{"damage":4.0,"enemies":"Jaw Worm","floor":1.0,"turns":6.0},{"damage":0.0,"enemies":"2 Louse","floor":2.0,"turns":4.0},{"damage":6.0,"enemies":"Small Slimes","floor":4.0,"turns":4.0},{"damage":2.0,"enemies":"2 Fungi Beasts","floor":5.0,"turns":5.0},{"damage":15.0,"enemies":"3 Sentries","floor":6.0,"turns":8.0},{"damage":1.0,"enemies":"Lagavulin","floor":8.0,"turns":3.0},{"damage":7.0,"enemies":"3 Louse","floor":10.0,"turns":4.0},{"damage":7.0,"enemies":"Exordium Wildlife","floor":13.0,"turns":3.0},{"damage":14.0,"enemies":"The Guardian","floor":16.0,"turns":8.0},{"damage":9.0,"enemies":"Spheric Guardian","floor":18.0,"turns":5.0},{"damage":6.0,"enemies":"Shell Parasite","floor":19.0,"turns":5.0},{"damage":38.0,"enemies":"Cultist and Chosen","floor":21.0,"turns":9.0},{"damage":4.0,"enemies":"Chosen and Byrds","floor":27.0,"turns":3.0},{"damage":30.0,"enemies":"Slavers","floor":29.0,"turns":7.0},{"damage":35.0,"enemies":"Book of Stabbing","floor":31.0,"turns":3.0},{"damage":18.0,"enemies":"Automaton","floor":33.0,"turns":5.0},{"damage":7.0,"enemies":"3 Shapes","floor":35.0,"turns":7.0},{"damage":0.0,"enemies":"Orb Walker","floor":42.0,"turns":5.0},{"damage":46.0,"enemies":"Spire Growth","floor":44.0,"turns":5.0},{"damage":2.0,"enemies":"Giant Head","floor":45.0,"turns":5.0},{"damage":38.0,"enemies":"Reptomancer","floor":47.0,"turns":3.0},{"damage":28,"enemies":"Awakened One","floor":50,"turns":3}],"seed_played":"-2161376029202372096","potions_obtained":[{"floor":1.0,"key":"SkillPotion"},{"floor":4.0,"key":"Fire Potion"},{"floor":6.0,"key":"Swift Potion"},{"floor":8.0,"key":"SpeedPotion"},{"floor":19.0,"key":"BlessingOfTheForge"},{"floor":27.0,"key":"Dexterity Potion"},{"floor":33.0,"key":"LiquidBronze"},{"floor":36.0,"key":"Regen Potion"},{"floor":36.0,"key":"Weak Potion"},{"floor":36.0,"key":"EntropicBrew"},{"floor":36.0,"key":"Swift Potion"},{"floor":42.0,"key":"Ancient Potion"},{"floor":44.0,"key":"Strength Potion"},{"floor":47.0,"key":"GamblersBrew"}],"is_trial":false,"path_per_floor":["M","M","?","M","M","E","R","E","T","M","R","?","M","?","R","B",null,"M","M","?","M","T","R","$","R","T","M","R","E","R","E","R","B",null,"M","$","?","$","T","R","?","M","T","M","E","?","E","?","R","B"],"character_chosen":"THE_SILENT","items_purchased":["Footwork","Backflip","Acrobatics","Cauldron","Caltrops"],"campfire_rested":4,"item_purchase_floors":[24,24,24,36,38],"current_hp_per_floor":[55,55,55,49,47,32,32,31,31,24,24,13,6,6,40,26,56,47,41,41,3,3,37,37,37,37,33,33,3,37,2,36,18,54,47,47,47,47,47,47,47,47,47,1,14,66,28,28,28,0,0],"gold":97,"neow_bonus":"RANDOM_COMMON_RELIC","is_daily":false,"chose_seed":false,"campfire_upgraded":5,"win_rate":0.0,"timestamp":1614154805,"path_taken":["M","M","?","M","M","E","R","E","T","M","R","?","M","?","R","BOSS","M","M","?","M","?","R","?","R","T","M","R","E","R","E","R","BOSS","M","$","?","?","?","R","?","M","T","M","E","?","E","?","R","BOSS"],"items_purchased_type":["Card","Card","Card","Relic","Card"],"build_version":"2020-12-22","purchased_purges":0,"victory":false,"max_hp_per_floor":[66,66,66,66,66,66,66,66,66,66,66,66,66,66,66,66,66,66,66,66,66,66,66,66,66,66,66,66,66,66,66,66,66,66,66,66,66,66,66,66,66,66,66,66,66,66,66,66,66,66,66],"relic_stats":{"Regal Pillow":60,"Happy Flower":[5],"counters":[22,110],"HoveringKite":[16],"Pen Nib":[3],"Snake Skull":[0],"Juzu Bracelet":2,"Whetstone":["Strike_G","Neutralize"],"Boot":[53],"Mercury Hourglass":[51],"Centennial Puzzle":[27],"Tiny Chest":2,"obtain_stats":[{"Potion Belt":20,"Regal Pillow":6,"Happy Flower":43,"HoveringKite":34,"Pen Nib":31,"Snake Skull":47,"Juzu Bracelet":0,"Whetstone":9,"Bottled Tornado":29,"Empty Cage":17,"Boot":26,"Mercury Hourglass":45,"Cauldron":36,"Centennial Puzzle":22,"Ninja Scroll":12,"Tiny Chest":8,"Ring of the Snake":0},{"Potion Belt":11,"Regal Pillow":5,"Happy Flower":18,"HoveringKite":16,"Pen Nib":15,"Snake Skull":21,"Juzu Bracelet":0,"Whetstone":6,"Bottled Tornado":14,"Empty Cage":9,"Boot":12,"Mercury Hourglass":20,"Cauldron":17,"Centennial Puzzle":12,"Ninja Scroll":7,"Tiny Chest":6,"Ring of the Snake":0},{"Potion Belt":55,"Regal Pillow":27,"Happy Flower":94,"HoveringKite":82,"Pen Nib":77,"Snake Skull":107,"Juzu Bracelet":0,"Whetstone":30,"Bottled Tornado":74,"Empty Cage":45,"Boot":64,"Mercury Hourglass":104,"Cauldron":89,"Centennial Puzzle":64,"Ninja Scroll":34,"Tiny Chest":30,"Ring of the Snake":0}],"Ring of the Snake":[44]},"card_choices":[{"not_picked":["Sucker Punch","Endless Agony"],"picked":"PiercingWail","floor":1.0},{"not_picked":["Outmaneuver","Heel Hook"],"picked":"Dagger Spray","floor":2.0},{"not_picked":["Bane","Dagger Throw"],"picked":"Catalyst","floor":4.0},{"not_picked":["Accuracy","Calculated Gamble"],"picked":"Noxious Fumes","floor":5.0},{"not_picked":["Skewer","Backflip"],"picked":"Burst","floor":6.0},{"not_picked":["Sucker Punch","PiercingWail"],"picked":"After Image","floor":8.0},{"not_picked":["Prepared","Quick Slash"],"picked":"Deadly Poison","floor":10.0},{"not_picked":["Endless Agony","Flying Knee"],"picked":"Bane","floor":13.0},{"not_picked":["Phantasmal Killer","Unload"],"picked":"Burst","floor":16.0},{"not_picked":["Bane","Outmaneuver"],"picked":"Bouncing Flask+1","floor":18.0},{"not_picked":["Eviscerate","Distraction"],"picked":"Well Laid Plans","floor":19.0},{"not_picked":["Sucker Punch","PiercingWail"],"picked":"Catalyst","floor":21.0},{"not_picked":["Riddle With Holes","Eviscerate"],"picked":"Dagger Spray","floor":27.0},{"not_picked":["Sucker Punch","Phantasmal Killer"],"picked":"Dodge and Roll","floor":29.0},{"not_picked":["Riddle With Holes+1","Deflect"],"picked":"Burst","floor":31.0},{"not_picked":["Storm of Steel","Grand Finale"],"picked":"Tools of the Trade","floor":33.0},{"not_picked":["Poisoned Stab+1","Backflip"],"picked":"Catalyst","floor":35.0},{"not_picked":["Dash+1","Underhanded Strike"],"picked":"Bouncing Flask","floor":42.0},{"not_picked":["Eviscerate","Setup"],"picked":"Backflip","floor":44.0},{"not_picked":["Masterful Stab","Finisher","Infinite Blades"],"picked":"SKIP","floor":45.0},{"not_picked":["Reflex","Prepared"],"picked":"Dodge and Roll+1","floor":47.0}],"player_experience":852702,"relics_obtained":[{"floor":6.0,"key":"Regal Pillow"},{"floor":8.0,"key":"Tiny Chest"},{"floor":9.0,"key":"Whetstone"},{"floor":22.0,"key":"Centennial Puzzle"},{"floor":26.0,"key":"Boot"},{"floor":29.0,"key":"Bottled Tornado"},{"floor":31.0,"key":"Pen Nib"},{"floor":43.0,"key":"Happy Flower"},{"floor":45.0,"key":"Mercury Hourglass"},{"floor":47.0,"key":"Snake Skull"}],"event_choices":[{"cards_removed":["Strike_G"],"damage_healed":0.0,"max_hp_gain":0.0,"max_hp_loss":0.0,"gold_gain":0.0,"event_name":"The Cleric","player_choice":"Card Removal","floor":3.0,"gold_loss":75.0,"damage_taken":0.0},{"damage_healed":0.0,"max_hp_gain":0.0,"max_hp_loss":0.0,"gold_gain":0.0,"event_name":"Scrap Ooze","player_choice":"Success","floor":12.0,"gold_loss":0.0,"damage_taken":11.0,"relics_obtained":["Ninja Scroll"]},{"damage_healed":0.0,"max_hp_gain":0.0,"max_hp_loss":0.0,"gold_gain":0.0,"event_name":"Shining Light","player_choice":"Ignored","floor":14.0,"gold_loss":0.0,"damage_taken":0.0},{"damage_healed":0.0,"max_hp_gain":0.0,"max_hp_loss":0.0,"gold_gain":0.0,"event_name":"Addict","player_choice":"Obtained Relic","floor":20.0,"gold_loss":85.0,"damage_taken":0.0,"relics_obtained":["Potion Belt"]},{"cards_removed":["Strike_G"],"damage_healed":0.0,"max_hp_gain":0.0,"max_hp_loss":0.0,"gold_gain":0.0,"event_name":"Purifier","player_choice":"Purged","floor":37.0,"gold_loss":0.0,"damage_taken":0.0},{"damage_healed":0.0,"max_hp_gain":0.0,"max_hp_loss":0.0,"gold_gain":0.0,"event_name":"SecretPortal","player_choice":"Ignored","floor":41.0,"gold_loss":0.0,"damage_taken":0.0},{"damage_healed":52.0,"max_hp_gain":0.0,"max_hp_loss":0.0,"gold_gain":0.0,"event_name":"MindBloom","player_choice":"Heal","floor":46.0,"gold_loss":0.0,"damage_taken":0.0,"cards_obtained":["Doubt"]},{"damage_healed":0.0,"max_hp_gain":0.0,"max_hp_loss":0.0,"gold_gain":0.0,"event_name":"Duplicator","player_choice":"Copied","floor":48.0,"gold_loss":0.0,"damage_taken":0.0,"cards_obtained":["Footwork"]}],"is_beta":false,"boss_relics":[{"not_picked":["Snecko Eye","Velvet Choker"],"picked":"Empty Cage"},{"not_picked":["Runic Pyramid","Astrolabe"],"picked":"HoveringKite"}],"items_purged_floors":[],"is_endless":false,"potions_floor_spawned":[1,4,6,8,19,27,33,42,44,47],"killed_by":"Awakened One","ascension_level":20}}