{"host":"gn4zoccfnie4id9c","time":1614125357,"event":{"mods":["AchievementEnabler","BaseMod","Colored Map","Minty Spire (QoL Compilation)"],"gold_per_floor":[115,115,127,142,157,182,182,208,234,262,262,65,65,76,76,173,173,190,203,24,24,24,24,24,55,101,101,120,120,44,44,44,144,144,164,174,10,10,20,20,20],"floor_reached":40,"language":"ENG","playtime":11937,"items_purged":[],"score":472,"play_id":"88cccb0e-717e-43bd-946d-ffe1464e3811","local_time":"20210223190917","is_ascension_mode":false,"campfire_choices":[{"floor":7.0,"key":"REST"},{"floor":11.0,"key":"REST"},{"data":"Genetic Algorithm","floor":13.0,"key":"SMITH"},{"floor":15.0,"key":"REST"},{"data":"Chaos","floor":23.0,"key":"SMITH"},{"floor":27,"key":"REST"},{"data":"Capacitor","floor":29,"key":"SMITH"},{"floor":32,"key":"REST"}],"circlet_count":0,"master_deck":["Strike_B+1","Strike_B+1","Strike_B+1","Strike_B+1","Defend_B+1","Defend_B+1","Defend_B+1","Defend_B+1","Zap","Dualcast","Conserve Battery","Genetic Algorithm+1","BootSequence","Doom and Gloom","Chaos+1","Static Discharge","Glacier+1","Hello World","Sunder","Leap","Rip and Tear","Thunder Strike","Steam+1","Capacitor+1","Redo+1","Ball Lightning","Storm","Gash+1","Stack","Loop","Seek","CurseOfTheBell","Lockon+1","Rip and Tear+1","Tempest","Blizzard+1","Ball Lightning+1","Sweeping Beam+1"],"relics":["Cracked Core","Torii","Smiling Mask","Happy Flower","Centennial Puzzle","Runic Pyramid","MutagenicStrength","Bottled Tornado","Anchor","Gremlin Horn","Calling Bell","War Paint","Molten Egg 2","Mango"],"acts_visited":["Exordium","TheCity","TheBeyond"],"potions_floor_usage":[25,33,33,40],"damage_taken":[{"damage":4.0,"enemies":"Cultist","floor":1.0,"turns":4.0},{"damage":7.0,"enemies":"Small Slimes","floor":3.0,"turns":3.0},{"damage":0.0,"enemies":"Jaw Worm","floor":4.0,"turns":5.0},{"damage":2.0,"enemies":"Looter","floor":5.0,"turns":4.0},{"damage":45.0,"enemies":"3 Sentries","floor":6.0,"turns":9.0},{"damage":11.0,"enemies":"Gremlin Nob","floor":8.0,"turns":3.0},{"damage":1.0,"enemies":"3 Sentries","floor":10.0,"turns":4.0},{"damage":0.0,"enemies":"3 Louse","floor":14.0,"turns":3.0},{"damage":42.0,"enemies":"Slime Boss","floor":16.0,"turns":7.0},{"damage":3.0,"enemies":"Chosen","floor":18.0,"turns":8.0},{"damage":2.0,"enemies":"Shell Parasite","floor":19.0,"turns":6.0},{"damage":38,"enemies":"Book of Stabbing","floor":25,"turns":6},{"damage":0,"enemies":"Snecko","floor":28,"turns":7},{"damage":10,"enemies":"Collector","floor":33,"turns":17},{"damage":26,"enemies":"3 Shapes","floor":35,"turns":5},{"damage":11,"enemies":"Orb Walker","floor":36,"turns":4},{"damage":19,"enemies":"3 Darklings","floor":39,"turns":6},{"damage":41,"enemies":"Giant Head","floor":40,"turns":7}],"seed_played":"3125044231594779551","potions_obtained":[{"floor":2.0,"key":"DuplicationPotion"},{"floor":2.0,"key":"SteroidPotion"},{"floor":2.0,"key":"SteroidPotion"},{"floor":3.0,"key":"SneckoOil"},{"floor":6.0,"key":"Fire Potion"},{"floor":8.0,"key":"FocusPotion"},{"floor":14.0,"key":"Block Potion"},{"floor":19.0,"key":"FearPotion"},{"floor":25,"key":"AttackPotion"},{"floor":39,"key":"Fire Potion"}],"is_trial":false,"path_per_floor":["M","?","M","M","M","E","R","E","T","E","R","$","R","M","R","B",null,"M","M","$","?","?","R","?","E","T","R","M","R","$","T","R","B",null,"M","M","$","?","M","E"],"character_chosen":"DEFECT","items_purchased":["Hello World","Sunder","Leap","Redo","Ball Lightning","Storm","Loop","Tempest","Blizzard+1","Ball Lightning+1"],"campfire_rested":5,"item_purchase_floors":[12,12,12,20,20,20,30,37,37,37],"current_hp_per_floor":[78,78,71,71,69,24,48,37,37,36,60,60,60,60,82,40,82,79,77,77,77,77,77,77,39,39,63,63,63,63,63,82,72,96,70,59,59,59,40,0,0],"gold":20,"neow_bonus":"TEN_PERCENT_HP_BONUS","is_daily":false,"chose_seed":false,"campfire_upgraded":3,"win_rate":0.0,"timestamp":1614125357,"path_taken":["M","?","?","M","M","E","R","E","T","E","R","?","R","M","R","BOSS","M","M","$","?","?","R","?","E","T","R","M","R","?","?","R","BOSS","M","M","$","?","M","E"],"items_purchased_type":["Card","Card","Card","Card","Card","Card","Card","Card","Card","Card"],"build_version":"2020-12-22","purchased_purges":0,"victory":false,"max_hp_per_floor":[82,82,82,82,82,82,82,82,82,82,82,82,82,82,82,82,82,82,82,82,82,82,82,82,82,82,82,82,82,82,82,82,82,96,96,96,96,96,96,96,96],"card_choices":[{"not_picked":["Turbo","Force Field"],"picked":"Conserve Battery","floor":1.0},{"not_picked":["Gash","Hologram"],"picked":"Genetic Algorithm","floor":3.0},{"not_picked":["Hologram","Barrage"],"picked":"BootSequence","floor":4.0},{"not_picked":["Rip and Tear","Conserve Battery"],"picked":"Doom and Gloom","floor":5.0},{"not_picked":["Consume","Coolheaded"],"picked":"Chaos","floor":6.0},{"not_picked":["Redo","Conserve Battery"],"picked":"Static Discharge","floor":8.0},{"not_picked":["Beam Cell","Sweeping Beam"],"picked":"Glacier","floor":10.0},{"not_picked":["Gash","Rebound"],"picked":"Rip and Tear","floor":14.0},{"not_picked":["Seek","Creative AI"],"picked":"Thunder Strike","floor":16.0},{"not_picked":["Barrage","Rebound"],"picked":"Steam+1","floor":18.0},{"not_picked":["Tempest","Lockon"],"picked":"Capacitor","floor":19.0},{"not_picked":["Machine Learning","Undo"],"picked":"Gash+1","floor":25},{"not_picked":["Compile Driver+1","Genetic Algorithm"],"picked":"Stack","floor":28},{"not_picked":["All For One","Biased Cognition"],"picked":"Seek","floor":33},{"not_picked":["Turbo+1","Hologram"],"picked":"Lockon+1","floor":35},{"not_picked":["Storm+1","Hologram"],"picked":"Rip and Tear+1","floor":36},{"not_picked":["Cold Snap+1","Force Field+1"],"picked":"Sweeping Beam+1","floor":39}],"player_experience":115173,"relics_obtained":[{"floor":6.0,"key":"Torii"},{"floor":8.0,"key":"Smiling Mask"},{"floor":9.0,"key":"Happy Flower"},{"floor":10.0,"key":"Centennial Puzzle"},{"floor":25,"key":"Bottled Tornado"},{"floor":26,"key":"Anchor"},{"floor":31,"key":"Gremlin Horn"},{"floor":34,"key":"War Paint"},{"floor":34,"key":"Molten Egg 2"},{"floor":34,"key":"Mango"}],"event_choices":[{"damage_healed":0.0,"max_hp_gain":0.0,"max_hp_loss":0.0,"gold_gain":0.0,"event_name":"Lab","player_choice":"Got Potions","floor":2.0,"gold_loss":0.0,"damage_taken":0.0},{"damage_healed":0.0,"max_hp_gain":0.0,"max_hp_loss":0.0,"gold_gain":0.0,"event_name":"Back to Basics","player_choice":"Simplicity","floor":21.0,"gold_loss":0.0,"damage_taken":0.0,"cards_upgraded":["Strike_B","Strike_B","Strike_B","Strike_B","Defend_B","Defend_B","Defend_B","Defend_B"]},{"damage_healed":0.0,"max_hp_gain":0.0,"max_hp_loss":0.0,"gold_gain":0.0,"event_name":"Vampires","player_choice":"Ignored","floor":22.0,"gold_loss":0.0,"damage_taken":0.0},{"damage_healed":0,"gold_gain":0,"player_choice":"Inject Mutagens","damage_taken":0,"relics_obtained":["MutagenicStrength"],"max_hp_gain":0,"max_hp_loss":0,"event_name":"Drug Dealer","floor":24,"gold_loss":0},{"damage_healed":0,"gold_gain":0,"player_choice":"Ignored","damage_taken":0,"max_hp_gain":0,"max_hp_loss":0,"event_name":"Mysterious Sphere","floor":38,"gold_loss":0}],"is_beta":false,"boss_relics":[{"not_picked":["Cursed Key","Empty Cage"],"picked":"Runic Pyramid"},{"not_picked":["Velvet Choker","Snecko Eye"],"picked":"Calling Bell"}],"items_purged_floors":[],"is_endless":false,"potions_floor_spawned":[3,6,8,14,19,25,39],"killed_by":"Giant Head","ascension_level":0}}