{"host":"pu1pmxeu7vyxsds8","time":1614126986,"event":{"mods":["Act Like it!","BaseMod","Block Reminder","Minty Spire (QoL Compilation)","Permanent Neow","Quick Restart","Relic Stats"],"gold_per_floor":[109,109,127,57,70,99,99,124,124,144,144,155,172,172,172],"floor_reached":14,"language":"SPA","playtime":3952,"items_purged":[],"score":107,"play_id":"cf42a389-3b05-49d7-a9b9-15059cac0329","local_time":"20210223213625","is_ascension_mode":true,"campfire_choices":[{"data":"Reprogram","floor":7.0,"key":"SMITH"}],"circlet_count":0,"master_deck":["Strike_B","Strike_B","Strike_B","Strike_B","Defend_B","Defend_B","Defend_B","Defend_B","Zap","Dualcast","Gash","Compile Driver","Go for the Eyes","Coolheaded","Go for the Eyes","Reprogram+1","Conserve Battery","Skim","Machine Learning","Beam Cell+1"],"relics":["Cracked Core","Pocketwatch","Shuriken","Eternal Feather","Molten Egg 2","Mercury Hourglass","FaceOfCleric"],"acts_visited":["Exordium"],"potions_floor_usage":[14,14],"damage_taken":[{"damage":7.0,"enemies":"Jaw Worm","floor":1.0,"turns":4.0},{"damage":0.0,"enemies":"2 Louse","floor":3.0,"turns":1.0},{"damage":0.0,"enemies":"Cultist","floor":5.0,"turns":3.0},{"damage":6.0,"enemies":"Gremlin Nob","floor":6.0,"turns":3.0},{"damage":7.0,"enemies":"3 Sentries","floor":8.0,"turns":6.0},{"damage":4.0,"enemies":"Gremlin Gang","floor":10.0,"turns":4.0},{"damage":3.0,"enemies":"Lots of Slimes","floor":12.0,"turns":3.0},{"damage":12.0,"enemies":"2 Fungi Beasts","floor":13.0,"turns":3.0},{"damage":16,"enemies":"Gremlin Nob","floor":14,"turns":3}],"seed_played":"5815157037465967411","potions_obtained":[{"floor":3.0,"key":"ColorlessPotion"},{"floor":6.0,"key":"BlessingOfTheForge"},{"floor":10.0,"key":"PotionOfCapacity"},{"floor":13.0,"key":"SkillPotion"}],"is_trial":false,"path_per_floor":["M","?","M","$","M","E","R","E","T","M","?","M","M","E"],"character_chosen":"DEFECT","items_purchased":["Go for the Eyes","Coolheaded"],"campfire_rested":0,"item_purchase_floors":[4,4],"current_hp_per_floor":[61,36,36,36,36,30,39,32,32,28,28,26,15,0,0],"gold":172,"neow_bonus":"ONE_RARE_RELIC","is_daily":false,"chose_seed":false,"campfire_upgraded":1,"win_rate":0.0,"timestamp":1614126985,"path_taken":["M","?","M","$","M","E","R","E","T","M","?","M","?","E"],"items_purchased_type":["Card","Card"],"build_version":"2020-12-22","purchased_purges":0,"victory":false,"max_hp_per_floor":[68,68,68,68,68,68,68,68,68,68,68,69,70,70,70],"relic_stats":{"FaceOfCleric":2,"counters":[9,29],"Shuriken":[11],"Eternal Feather":9,"obtain_stats":[{"FaceOfCleric":11,"Shuriken":2,"Eternal Feather":6,"Molten Egg 2":8,"Cracked Core":0,"Pocketwatch":0,"Mercury Hourglass":9},{"FaceOfCleric":6,"Shuriken":1,"Eternal Feather":4,"Molten Egg 2":5,"Cracked Core":0,"Pocketwatch":0,"Mercury Hourglass":5},{"FaceOfCleric":21,"Shuriken":4,"Eternal Feather":11,"Molten Egg 2":17,"Cracked Core":0,"Pocketwatch":0,"Mercury Hourglass":17}],"Pocketwatch":[27],"Mercury Hourglass":[84]},"card_choices":[{"not_picked":["Stack","Self Repair"],"picked":"Gash","floor":1.0},{"not_picked":["Beam Cell","Cold Snap"],"picked":"Compile Driver","floor":3.0},{"not_picked":["Tempest","Reinforced Body"],"picked":"Go for the Eyes","floor":5.0},{"not_picked":["Force Field","Stack"],"picked":"Reprogram","floor":6.0},{"not_picked":["Stack","Tempest"],"picked":"Conserve Battery","floor":8.0},{"not_picked":["Leap","Hologram"],"picked":"Skim","floor":10.0},{"not_picked":["Streamline+1","Conserve Battery"],"picked":"Machine Learning","floor":12.0},{"not_picked":["Steam Power","Streamline+1"],"picked":"Beam Cell+1","floor":13.0}],"player_experience":62414,"relics_obtained":[{"floor":6.0,"key":"Eternal Feather"},{"floor":8.0,"key":"Molten Egg 2"},{"floor":9.0,"key":"Mercury Hourglass"}],"event_choices":[{"damage_healed":0.0,"max_hp_gain":0.0,"max_hp_loss":0.0,"gold_gain":0.0,"event_name":"Scrap Ooze","player_choice":"Success","floor":2.0,"gold_loss":0.0,"damage_taken":25.0,"relics_obtained":["Shuriken"]},{"damage_healed":0.0,"max_hp_gain":0.0,"max_hp_loss":0.0,"gold_gain":0.0,"event_name":"FaceTrader","player_choice":"Trade","floor":11.0,"gold_loss":0.0,"damage_taken":0.0,"relics_obtained":["FaceOfCleric"]}],"is_beta":false,"boss_relics":[],"items_purged_floors":[],"is_endless":false,"potions_floor_spawned":[3,6,10,13],"killed_by":"Gremlin Nob","ascension_level":1}}