{"host":"nw2z3r121qgmn6la","time":1614206252,"event":{"mods":["BaseMod","Colored Map","Downfall","Highlight Path","Minty Spire (QoL Compilation)","Random Character Button","Relic Sorter","StSLib"],"gold_per_floor":[99,549,649,20,20,20,20,20,20,50,68,84,84,96,106,106,106,106],"floor_reached":16,"language":"ENG","playtime":753,"items_purged":["downfall:Icky"],"score":123,"play_id":"7174f783-cdc0-472d-b801-e1a673cd4ac0","local_time":"20210224223732","is_ascension_mode":false,"campfire_choices":[{"floor":1,"key":"RECALL"},{"data":"expansioncontent:DashGenerateEvil","floor":13,"key":"SMITH"}],"circlet_count":0,"master_deck":["bronze:Strike","bronze:Strike","bronze:Strike","bronze:Strike","bronze:Defend","bronze:Defend","bronze:Defend","bronze:Replicate","bronze:Goto","downfall:Icky","downfall:Icky","bronze:AlphaBuild","expansioncontent:DashGenerateEvil+1","expansioncontent:PolyBeam","bronze:Philosophize","bronze:BuggyMess","bronze:Optimize","bronze:Break","bronze:ChosenStrike","bronze:FineTuning","bronze:BitShift"],"relics":["bronze:BronzeCore","downfall:HeartsMalice","Boot","Centennial Puzzle","Dream Catcher","Happy Flower"],"acts_visited":["Exordium"],"potions_floor_usage":[16,16,16],"damage_taken":[{"damage":0,"enemies":"downfall:FleeingMerchant","floor":4,"turns":1},{"damage":0,"enemies":"Jaw Worm","floor":8,"turns":1},{"damage":0,"enemies":"3 Sentries","floor":10,"turns":1},{"damage":0,"enemies":"2 Louse","floor":11,"turns":3},{"damage":0,"enemies":"Small Slimes","floor":12,"turns":2},{"damage":2,"enemies":"3 Louse","floor":14,"turns":2},{"damage":27,"enemies":"Gremlin Gang","floor":15,"turns":3},{"damage":26,"enemies":"DF_ARCHETYPE_STREAMLINE","floor":16,"turns":3}],"seed_played":"213098702522942810","potions_obtained":[{"floor":10,"key":"champ:CounterPotion"},{"floor":11,"key":"PowerPotion"},{"floor":14,"key":"ColorlessPotion"}],"is_trial":false,"path_per_floor":["R","?","?","$","?","?","T","M","?","E","M","M","R","M","M","B"],"character_chosen":"THE_AUTOMATON","items_purchased":["Boot","Centennial Puzzle","expansioncontent:DashGenerateEvil","expansioncontent:PolyBeam"],"campfire_rested":0,"item_purchase_floors":[4,4,4,4],"current_hp_per_floor":[70,70,70,70,52,52,52,52,52,52,52,52,52,50,23,0,0,0],"gold":106,"neow_bonus":"THREE_ENEMY_KILL","is_daily":false,"chose_seed":false,"campfire_upgraded":1,"win_rate":0.0,"timestamp":1614206252,"path_taken":["R","?","?","$","?","?","T","?","?","E","M","M","R","M","M","BOSS"],"items_purchased_type":["Relic","Relic","Card","Card"],"build_version":"2020-12-22","purchased_purges":1,"victory":false,"max_hp_per_floor":[70,70,70,70,70,70,70,70,70,70,70,70,70,70,70,70,70,70],"card_choices":[{"not_picked":["bronze:Overload","bronze:Overheat"],"picked":"bronze:AlphaBuild","floor":4},{"not_picked":["bronze:Invalidate","bronze:DelayedGuard"],"picked":"bronze:BuggyMess","floor":8},{"not_picked":["bronze:CloningBeam","bronze:Fortify"],"picked":"bronze:Optimize","floor":10},{"not_picked":["bronze:Invalidate","bronze:DigitalCarnage"],"picked":"bronze:Break","floor":11},{"not_picked":["bronze:Turbo","bronze:CutThrough"],"picked":"bronze:ChosenStrike","floor":12},{"not_picked":["bronze:MaxOutput","bronze:ChosenStrike"],"picked":"bronze:FineTuning","floor":14},{"not_picked":["bronze:NullPointer","bronze:ChosenStrike"],"picked":"bronze:BitShift","floor":15}],"player_experience":285444,"relics_obtained":[{"floor":10,"key":"Happy Flower"}],"event_choices":[{"damage_healed":0,"gold_gain":0,"player_choice":"Success","damage_taken":18,"relics_obtained":["Dream Catcher"],"max_hp_gain":0,"max_hp_loss":0,"event_name":"Scrap Ooze","floor":5,"gold_loss":0}],"is_beta":false,"boss_relics":[],"items_purged_floors":[4],"is_endless":false,"potions_floor_spawned":[10,11,14],"killed_by":"DF_ARCHETYPE_STREAMLINE","ascension_level":0}}