{"host":"r4aerl4ckfvw1dw3","time":1614134982,"event":{"mods":["BaseMod","BetterRewards","Minty Spire (QoL Compilation)","Quick Restart","StSLib"],"gold_per_floor":[217,66,80,180,35,67,83,83,129,142,161,121,156,170,170,269,269,287,287,64,76,76,76,106,34,80,30,30,30],"floor_reached":28,"language":"ENG","playtime":1042,"items_purged":["Strike_B"],"score":344,"play_id":"8659ddc2-f916-421e-b75c-d6956301d579","local_time":"20210223184942","is_ascension_mode":true,"campfire_choices":[{"floor":8,"key":"REST"},{"floor":15,"key":"REST"},{"floor":23,"key":"REST"}],"circlet_count":0,"master_deck":["Strike_B","Strike_B","Strike_B","Defend_B","Defend_B","Defend_B","Defend_B","Zap","Dualcast","Conserve Battery","Loop+1","Doom and Gloom","Gash","Go for the Eyes","Skim","Sweeping Beam","Cold Snap","Turbo","Ball Lightning","Hologram","Undo","Recycle","Machine Learning","Coolheaded+1","Defragment","Stack","Self Repair"],"relics":["Cracked Core","Orrery","Blood Vial","Centennial Puzzle","Omamori","Cursed Key","ClockworkSouvenir","StoneCalendar","Juzu Bracelet"],"acts_visited":["Exordium","TheCity"],"potions_floor_usage":[10,13,16],"damage_taken":[{"damage":10,"enemies":"2 Louse","floor":1,"turns":4},{"damage":6,"enemies":"Cultist","floor":3,"turns":4},{"damage":20,"enemies":"3 Sentries","floor":6,"turns":6},{"damage":7,"enemies":"Jaw Worm","floor":7,"turns":4},{"damage":9,"enemies":"Gremlin Gang","floor":10,"turns":3},{"damage":4,"enemies":"Looter","floor":11,"turns":3},{"damage":13,"enemies":"Gremlin Nob","floor":13,"turns":4},{"damage":16,"enemies":"Large Slime","floor":14,"turns":4},{"damage":31,"enemies":"Hexaghost","floor":16,"turns":9},{"damage":14,"enemies":"Chosen","floor":18,"turns":5},{"damage":13,"enemies":"Spheric Guardian","floor":21,"turns":4},{"damage":53,"enemies":"Book of Stabbing","floor":24,"turns":6},{"damage":15,"enemies":"Snake Plant","floor":28,"turns":2}],"seed_played":"5178907523163811137","potions_obtained":[{"floor":3,"key":"Swift Potion"},{"floor":6,"key":"LiquidBronze"},{"floor":10,"key":"SteroidPotion"},{"floor":12,"key":"DuplicationPotion"},{"floor":12,"key":"ColorlessPotion"},{"floor":14,"key":"SpeedPotion"},{"floor":21,"key":"Swift Potion"},{"floor":24,"key":"Dexterity Potion"}],"is_trial":false,"path_per_floor":["M","$","M","?","$","E","M","R","T","M","M","?","E","M","R","B",null,"M","?","$","M","?","R","E","$","T","?","M"],"character_chosen":"DEFECT","items_purchased":["Loop","Doom and Gloom","Orrery","ClockworkSouvenir","Self Repair"],"campfire_rested":3,"item_purchase_floors":[2,2,5,20,25],"current_hp_per_floor":[58,58,52,52,52,32,27,49,49,42,40,40,29,15,37,8,58,46,46,46,35,35,57,6,6,6,6,0,0],"gold":30,"neow_bonus":"HUNDRED_GOLD","is_daily":false,"chose_seed":false,"campfire_upgraded":0,"win_rate":0.0,"timestamp":1614134982,"path_taken":["M","$","M","?","$","E","M","R","T","?","M","?","E","?","R","BOSS","M","?","$","M","?","R","E","$","T","?","M"],"items_purchased_type":["Card","Card","Relic","Relic","Card"],"build_version":"2020-12-22","purchased_purges":1,"victory":false,"max_hp_per_floor":[75,75,75,75,75,75,75,75,75,75,75,75,75,75,75,75,75,75,75,75,75,75,75,75,75,75,75,75,75],"card_choices":[{"not_picked":["Hologram","Rebound"],"picked":"Conserve Battery","floor":1},{"not_picked":["Skim","Hologram"],"picked":"Gash","floor":3},{"not_picked":["Storm","Reprogram"],"picked":"Go for the Eyes","floor":5},{"not_picked":["Streamline","Go for the Eyes"],"picked":"Skim","floor":5},{"not_picked":["Streamline","Beam Cell"],"picked":"Sweeping Beam","floor":5},{"not_picked":["Core Surge","FTL"],"picked":"Cold Snap","floor":5},{"not_picked":["Aggregate","Static Discharge"],"picked":"Turbo","floor":5},{"not_picked":["Coolheaded","Redo"],"picked":"Ball Lightning","floor":6},{"not_picked":["Lockon","Auto Shields","Darkness"],"picked":"SKIP","floor":7},{"not_picked":["Sweeping Beam","Conserve Battery","Thunder Strike"],"picked":"SKIP","floor":10},{"not_picked":["Gash","Turbo"],"picked":"Hologram","floor":11},{"not_picked":["BootSequence","Hello World"],"picked":"Undo","floor":13},{"not_picked":["Steam","Sweeping Beam"],"picked":"Recycle","floor":14},{"not_picked":["All For One","Core Surge"],"picked":"Machine Learning","floor":16},{"not_picked":["Darkness","Blizzard"],"picked":"Coolheaded+1","floor":18},{"not_picked":["Recycle","BootSequence"],"picked":"Defragment","floor":21},{"not_picked":["Streamline","Glacier"],"picked":"Stack","floor":24}],"player_experience":689084,"relics_obtained":[{"floor":6,"key":"Blood Vial"},{"floor":9,"key":"Centennial Puzzle"},{"floor":13,"key":"Omamori"},{"floor":24,"key":"StoneCalendar"},{"floor":26,"key":"Juzu Bracelet"}],"event_choices":[{"damage_healed":0,"gold_gain":100,"player_choice":"Pray","damage_taken":0,"max_hp_gain":0,"max_hp_loss":0,"event_name":"Golden Shrine","floor":4,"gold_loss":0},{"damage_healed":0,"gold_gain":0,"player_choice":"Bought 3 Potions","damage_taken":0,"max_hp_gain":0,"max_hp_loss":0,"event_name":"The Woman in Blue","floor":12,"gold_loss":0},{"damage_healed":0,"gold_gain":0,"player_choice":"Ignored","damage_taken":0,"max_hp_gain":0,"max_hp_loss":0,"event_name":"The Mausoleum","floor":19,"gold_loss":0},{"damage_healed":0,"gold_gain":0,"player_choice":"Forge","damage_taken":0,"max_hp_gain":0,"max_hp_loss":0,"event_name":"Accursed Blacksmith","floor":22,"gold_loss":0,"cards_upgraded":["Loop"]},{"damage_healed":0,"gold_gain":0,"player_choice":"Bet on Owner","damage_taken":0,"max_hp_gain":0,"max_hp_loss":0,"event_name":"The Joust","floor":27,"gold_loss":50}],"is_beta":false,"boss_relics":[{"not_picked":["Runic Dome","Coffee Dripper"],"picked":"Cursed Key"}],"items_purged_floors":[20],"is_endless":false,"potions_floor_spawned":[3,6,10,14,21,24],"killed_by":"Snake Plant","ascension_level":8}}