{"host":"ELF","time":1614153838,"event":{"mods":["BaseMod","Bestiary","Minty Spire (QoL Compilation)","Relic Stats","Slay the Relics Exporter"],"gold_per_floor":[111,121,121,101,120,120,146,162,162,172,172,190,190,215,215,215,215],"floor_reached":16,"language":"ENG","playtime":6975,"items_purged":[],"score":224,"play_id":"41673106-615e-414c-98b1-a6b071dab842","local_time":"20210224020358","is_ascension_mode":true,"campfire_choices":[{"data":"Skewer","floor":6,"key":"SMITH"},{"floor":11,"key":"REST"},{"data":"Acrobatics","floor":15,"key":"SMITH"}],"circlet_count":0,"master_deck":["AscendersBane","Strike_G","Strike_G","Strike_G","Strike_G","Defend_G","Defend_G","Defend_G","Defend_G","Defend_G","Survivor","Neutralize","Skewer+1","Dagger Throw","Acrobatics+1"],"relics":["Ring of the Snake","Akabeko","Singing Bowl","Mummified Hand","Frozen Egg 2"],"acts_visited":["Exordium"],"potions_floor_usage":[14,16],"damage_taken":[{"damage":0,"enemies":"2 Louse","floor":1,"turns":3},{"damage":7,"enemies":"Small Slimes","floor":2,"turns":3},{"damage":0,"enemies":"Cultist","floor":5,"turns":3},{"damage":25,"enemies":"Lagavulin","floor":7,"turns":6},{"damage":4,"enemies":"2 Fungi Beasts","floor":8,"turns":5},{"damage":0,"enemies":"Red Slaver","floor":10,"turns":4},{"damage":0,"enemies":"Blue Slaver","floor":12,"turns":1},{"damage":14,"enemies":"3 Sentries","floor":14,"turns":12},{"damage":76,"enemies":"The Guardian","floor":16,"turns":16}],"seed_played":"1118250274621324498","potions_obtained":[{"floor":1,"key":"GhostInAJar"},{"floor":4,"key":"Regen Potion"}],"is_trial":false,"path_per_floor":["M","M","?","?","M","R","E","M","T","M","R","M","?","E","R","B"],"character_chosen":"THE_SILENT","items_purchased":[],"campfire_rested":1,"item_purchase_floors":[],"current_hp_per_floor":[59,52,45,45,45,45,22,20,20,20,41,43,72,60,60,0,0],"gold":215,"neow_bonus":"RANDOM_COMMON_RELIC","is_daily":false,"chose_seed":false,"campfire_upgraded":2,"win_rate":0.0,"timestamp":1614153838,"path_taken":["M","M","?","?","M","R","E","M","T","M","R","?","?","E","R","BOSS"],"items_purchased_type":[],"build_version":"2020-12-18","purchased_purges":0,"victory":false,"max_hp_per_floor":[66,66,66,66,66,66,68,70,70,70,70,72,72,74,74,74,74],"relic_stats":{"Singing Bowl":8,"counters":[9,53],"Mummified Hand":[0],"obtain_stats":[{"Singing Bowl":7,"Mummified Hand":9,"Frozen Egg 2":14,"Akabeko":0,"Ring of the Snake":0},{"Singing Bowl":4,"Mummified Hand":5,"Frozen Egg 2":8,"Akabeko":0,"Ring of the Snake":0},{"Singing Bowl":15,"Mummified Hand":20,"Frozen Egg 2":37,"Akabeko":0,"Ring of the Snake":0}],"Ring of the Snake":[18]},"card_choices":[{"not_picked":["Backstab","Poisoned Stab"],"picked":"Skewer","floor":1},{"not_picked":["Slice","Bane"],"picked":"Dagger Throw","floor":2},{"not_picked":["Backstab","Acrobatics"],"picked":"Reflex","floor":5},{"not_picked":["Dodge and Roll","Predator","Eviscerate"],"picked":"Singing Bowl","floor":7},{"not_picked":["Backflip","Dodge and Roll","Setup"],"picked":"Singing Bowl","floor":8},{"not_picked":["Expertise","Deadly Poison"],"picked":"Acrobatics","floor":10},{"not_picked":["Backflip","Dagger Throw","Setup"],"picked":"Singing Bowl","floor":12},{"not_picked":["Blade Dance","Flying Knee","Expertise"],"picked":"Singing Bowl","floor":14}],"player_experience":3534446,"relics_obtained":[{"floor":7,"key":"Singing Bowl"},{"floor":9,"key":"Mummified Hand"},{"floor":14,"key":"Frozen Egg 2"}],"event_choices":[{"cards_removed":["Strike_G"],"damage_healed":0,"gold_gain":0,"player_choice":"Card Removal","damage_taken":7,"max_hp_gain":0,"max_hp_loss":0,"event_name":"Golden Wing","floor":3,"gold_loss":0},{"damage_healed":0,"gold_gain":0,"player_choice":"Bought 1 Potion","damage_taken":0,"max_hp_gain":0,"max_hp_loss":0,"event_name":"The Woman in Blue","floor":4,"gold_loss":0},{"cards_removed":["Reflex"],"damage_healed":29,"gold_gain":0,"player_choice":"Offered Uncommon","damage_taken":0,"max_hp_gain":0,"max_hp_loss":0,"event_name":"Bonfire Elementals","floor":13,"gold_loss":0}],"is_beta":true,"boss_relics":[],"items_purged_floors":[],"is_endless":false,"potions_floor_spawned":[1,10,12],"killed_by":"The Guardian","ascension_level":20}}