{"host":"h3yie3u3olngyjol","time":1614170153,"event":{"mods":["BaseMod","Colored Powertips","Downfall","Highlight Path","Infinite Spire","Lobotomy","LobotomyExtend","Marked Mod","Minty Spire (QoL Compilation)","Prisma Mod","Replay The Spire","RumiaBox-露米娅的神秘盒子","Shop Mod","StSLib","The Hierophant","The Runesmith"],"gold_per_floor":[114,114,133,133,133,133,152,152,220,220,248,248,248,268,268,370,370,370,370],"floor_reached":18,"language":"ZHS","playtime":368,"items_purged":[],"score":229,"play_id":"185ee62e-2cc0-4839-9669-23c4802dc351","local_time":"20210224203553","is_ascension_mode":true,"campfire_choices":[{"data":"Backstab","floor":6,"key":"SMITH"},{"data":"Neutralize","floor":8,"key":"SMITH"},{"data":"Poisoned Stab","floor":10,"key":"SMITH"},{"data":"infinitespire:Neurotoxin","floor":12,"key":"SMITH"},{"data":"Bouncing Flask","floor":15,"key":"SMITH"}],"circlet_count":0,"master_deck":["Strike_G","Strike_G","Strike_G","Strike_G","Strike_G","Defend_G","Defend_G","Defend_G","Defend_G","Defend_G","Survivor","Neutralize+1","Shame","Backstab+1","Poisoned Stab+1","infinitespire:Neurotoxin+1","Bouncing Flask+1","Replay:Bag of Tricks"],"relics":["Ring of the Snake","infinitespire:Joker Card","LetterFromLob","Bronze Scales","Anchor","StrikeDummy","Replay:Baseball","Darkstone Periapt","Sozu"],"acts_visited":["Exordium","TheCity"],"potions_floor_usage":[18],"damage_taken":[{"damage":17,"enemies":"Jaw Worm","floor":1,"turns":4},{"damage":0,"enemies":"2 Louse","floor":3,"turns":2},{"damage":0,"enemies":"Cultist","floor":7,"turns":3},{"damage":13,"enemies":"Gremlin Nob","floor":11,"turns":3},{"damage":0,"enemies":"Blue Slaver","floor":14,"turns":1},{"damage":29,"enemies":"The Guardian","floor":16,"turns":6},{"damage":110,"enemies":"3 Byrds","floor":18,"turns":3}],"seed_played":"9067903611786136012","potions_obtained":[{"floor":7,"key":"Toxic Potion"},{"floor":11,"key":"BlessingOfTheForge"},{"floor":16,"key":"SteroidPotion"}],"is_trial":false,"path_per_floor":["M","?","M","?","?","R","M","R","T","R","E","R","?","M","R","B",null,"M"],"character_chosen":"THE_SILENT","items_purchased":[],"campfire_rested":0,"item_purchase_floors":[],"current_hp_per_floor":[46,43,43,43,70,70,70,70,70,70,57,57,57,57,57,28,60,0,0],"gold":370,"neow_bonus":"ONE_RARE_RELIC","is_daily":false,"chose_seed":false,"campfire_upgraded":5,"win_rate":0.0,"timestamp":1614170153,"path_taken":["M","?","M","?","?","R","?","R","T","R","E","R","?","M","R","BOSS","M"],"items_purchased_type":[],"build_version":"2020-12-22","purchased_purges":0,"victory":false,"max_hp_per_floor":[70,70,70,70,70,70,70,70,70,70,70,70,70,70,70,70,70,70,70],"card_choices":[{"not_picked":["Dodge and Roll","Outmaneuver"],"picked":"Backstab","floor":1},{"not_picked":["Backflip","Underhanded Strike","PiercingWail"],"picked":"SKIP","floor":3},{"not_picked":["Bane","Tactician"],"picked":"Poisoned Stab","floor":7},{"not_picked":["Prepared","ReplayTheSpireMod:The Works"],"picked":"infinitespire:Neurotoxin","floor":11},{"not_picked":["Backflip","Cloak And Dagger"],"picked":"Bouncing Flask","floor":14},{"not_picked":["Bullet Time","Envenom"],"picked":"Replay:Bag of Tricks","floor":16}],"player_experience":471300,"relics_obtained":[{"floor":1,"key":"LetterFromLob"},{"floor":4,"key":"Anchor"},{"floor":9,"key":"StrikeDummy"},{"floor":11,"key":"Replay:Baseball"}],"event_choices":[{"damage_healed":0,"gold_gain":0,"player_choice":"Success","damage_taken":3,"relics_obtained":["Bronze Scales"],"max_hp_gain":0,"max_hp_loss":0,"event_name":"Scrap Ooze","floor":2,"gold_loss":0},{"damage_healed":27,"gold_gain":0,"player_choice":"Full Heal","damage_taken":0,"max_hp_gain":0,"max_hp_loss":0,"event_name":"Wheel of Change","floor":5,"gold_loss":0},{"damage_healed":0,"gold_gain":0,"player_choice":"Gave Potion","damage_taken":0,"relics_obtained":["Darkstone Periapt"],"max_hp_gain":0,"max_hp_loss":0,"event_name":"WeMeetAgain","floor":13,"gold_loss":0}],"is_beta":false,"boss_relics":[{"not_picked":["Fusion Hammer","Ring of Chaos"],"picked":"Sozu"}],"items_purged_floors":[],"is_endless":false,"potions_floor_spawned":[7,11,16],"killed_by":"3 Byrds","ascension_level":9}}