{"host":"050ensmz1fh1c58u","time":1614174985,"event":{"mods":["BaseMod","Downfall","Hubris","JesterMod","Minty Spire (QoL Compilation)","READ ME - Guardian Mod","StSLib","The Disciple","The Marked","The Necromancer","The Servant 0.9.4"],"gold_per_floor":[99,118,130,146,146,146,146,146,159,170,197,209,9,44,55,157,157,157,171,190,190,201,111,111,111,96,109,140,155,182,199,216,320,320,320,338,338,338,338],"floor_reached":37,"language":"ENG","playtime":3274,"items_purged":["bronze:Strike"],"score":550,"play_id":"067d9e1f-30f5-45bf-b974-71c2eb211c42","local_time":"20210224145625","is_ascension_mode":true,"campfire_choices":[{"data":"bronze:Goto","floor":1.0,"key":"SMITH"},{"floor":13.0,"key":"REST"},{"data":"bronze:Iterate","floor":18.0,"key":"SMITH"},{"floor":25.0,"key":"REST"},{"floor":35.0,"key":"RECALL"}],"circlet_count":0,"master_deck":["bronze:Defend","bronze:Defend","bronze:Defend","bronze:Defend","bronze:Replicate+1","bronze:Goto+1","bronze:BitShift","bronze:FineTuning","bronze:BitShift","bronze:SpaghettiCode","bronze:FunctionCard","bronze:Verify+1","bronze:ForceShield+1","bronze:TinkerersToolbox","bronze:Separator+1"],"relics":["bronze:BronzeCore","hubris:Metronome","downfall:HeartBlessingGreen","downfall:HeartBlessingBlue","hubris:FunFungus","hubris:Backtick","Kunai","Frozen Egg 2","Akabeko","Orichalcum","Cursed Key"],"acts_visited":["Exordium","TheCity","TheBeyond"],"potions_floor_usage":[],"damage_taken":[{"damage":0.0,"enemies":"Small Slimes","floor":2.0,"turns":4.0},{"damage":2.0,"enemies":"Jaw Worm","floor":3.0,"turns":2.0},{"damage":6.0,"enemies":"2 Louse","floor":4.0,"turns":3.0},{"damage":10.0,"enemies":"Exordium Thugs","floor":9.0,"turns":3.0},{"damage":0.0,"enemies":"Blue Slaver","floor":10.0,"turns":3.0},{"damage":0.0,"enemies":"Lagavulin","floor":11.0,"turns":4.0},{"damage":7.0,"enemies":"downfall:LooterAlt","floor":12.0,"turns":3.0},{"damage":23.0,"enemies":"3 Sentries","floor":14.0,"turns":6.0},{"damage":6.0,"enemies":"3 Louse","floor":15.0,"turns":2.0},{"damage":14.0,"enemies":"SI_SHIV_ARCHETYPE","floor":16.0,"turns":6.0},{"damage":0.0,"enemies":"3 Byrds","floor":19.0,"turns":5.0},{"damage":7.0,"enemies":"Shell Parasite","floor":20.0,"turns":3.0},{"damage":37.0,"enemies":"Snecko","floor":22.0,"turns":8.0},{"damage":0.0,"enemies":"downfall:FleeingMerchant","floor":23.0,"turns":4.0},{"damage":10.0,"enemies":"downfall:FleeingMerchant","floor":26.0,"turns":4.0},{"damage":0.0,"enemies":"Centurion and Healer","floor":27.0,"turns":6.0},{"damage":16.0,"enemies":"Slavers","floor":28.0,"turns":4.0},{"damage":0.0,"enemies":"Cultist and Chosen","floor":29.0,"turns":3.0},{"damage":31.0,"enemies":"Gremlin Leader","floor":30.0,"turns":4.0},{"damage":16.0,"enemies":"Snake Plant","floor":31.0,"turns":5.0},{"damage":6.0,"enemies":"Chosen and Byrds","floor":32.0,"turns":3.0},{"damage":0.0,"enemies":"IC_MUSHROOM_ARCHETYPE","floor":33.0,"turns":4.0},{"damage":14.0,"enemies":"Orb Walker","floor":36.0,"turns":4.0},{"damage":0,"enemies":"3 Shapes","floor":37,"turns":1}],"seed_played":"-3667488596437735200","potions_obtained":[{"floor":2.0,"key":"champ:CounterPotion"},{"floor":9.0,"key":"DistilledChaos"},{"floor":11.0,"key":"bronze:BurnAndBuffPotion"},{"floor":15.0,"key":"bronze:BurnAndBuffPotion"},{"floor":19.0,"key":"Block Potion"},{"floor":20.0,"key":"LiquidMemories"},{"floor":28.0,"key":"BlessingOfTheForge"},{"floor":29.0,"key":"SkillPotion"},{"floor":30.0,"key":"AttackPotion"},{"floor":32.0,"key":"Explosive Potion"},{"floor":33.0,"key":"hexamod:SoulburnPotion"},{"floor":36.0,"key":"PowerPotion"}],"is_trial":false,"path_per_floor":["R","M","M","M","?","?","T","?","M","M","E","M","R","E","M","B",null,"R","M","M","?","M","$","T","R","$","M","E","M","E","M","M","B",null,"R","M","M"],"character_chosen":"THE_AUTOMATON","items_purchased":[],"campfire_rested":2,"item_purchase_floors":[],"current_hp_per_floor":[70,70,68,62,62,62,62,62,52,52,52,45,79,56,50,37,80,80,80,73,73,37,40,40,64,58,62,48,49,18,7,2,6,80,80,68,68,68,68],"gold":338,"neow_bonus":"UPGRADE_CARD","is_daily":false,"chose_seed":false,"campfire_upgraded":2,"win_rate":0.0,"timestamp":1614174985,"path_taken":["R","M","M","M","?","?","T","?","?","M","E","M","R","E","M","BOSS","R","M","M","?","M","$","T","R","?","M","E","M","E","M","M","BOSS","R","M","M"],"items_purchased_type":[],"build_version":"2020-12-22","purchased_purges":1,"victory":false,"max_hp_per_floor":[70,70,70,70,70,70,70,70,70,70,70,70,80,80,80,80,80,80,80,80,80,80,80,80,80,80,80,80,80,80,80,80,80,80,80,80,80,80,80],"card_choices":[{"not_picked":["bronze:Fortify","bronze:BronzeOrb"],"picked":"bronze:Iterate","floor":2.0},{"not_picked":["bronze:Turbo","bronze:Iterate","bronze:BugBarrage"],"picked":"SKIP","floor":3.0},{"not_picked":["bronze:Repulsor","bronze:Deprecate","bronze:Optimize"],"picked":"SKIP","floor":4.0},{"not_picked":["bronze:Return","bronze:CutThrough"],"picked":"bronze:FineTuning","floor":9.0},{"not_picked":["bronze:Shell","bronze:CutThrough"],"picked":"bronze:BitShift","floor":10.0},{"not_picked":["bronze:Branch","bronze:DarkDash","bronze:CutThrough"],"picked":"SKIP","floor":11.0},{"not_picked":["bronze:Turbo","bronze:NullPointer","bronze:ChildClass"],"picked":"SKIP","floor":12.0},{"not_picked":["bronze:Branch","bronze:Boost","bronze:Shield"],"picked":"SKIP","floor":14.0},{"not_picked":["bronze:Hardcode","bronze:DelayedGuard","bronze:OilSpill"],"picked":"SKIP","floor":15.0},{"not_picked":["bronze:FindAndReplace","bronze:Mutator"],"picked":"bronze:SpaghettiCode","floor":16.0},{"not_picked":["bronze:Return","bronze:DarkDash","bronze:BitShift"],"picked":"SKIP","floor":19.0},{"not_picked":["bronze:Overload","bronze:Safeguard","bronze:Branch"],"picked":"SKIP","floor":20.0},{"not_picked":["bronze:Iterate","bronze:Allocate","bronze:MaxOutput"],"picked":"SKIP","floor":22.0},{"not_picked":["bronze:Safeguard","bronze:ForceShield+1","bronze:ChosenStrike"],"picked":"SKIP","floor":23.0},{"not_picked":["bronze:Overheat+1","bronze:Turbo"],"picked":"bronze:Hardcode+1","floor":26.0},{"not_picked":["bronze:BitShift","bronze:Overheat","bronze:WildBeam"],"picked":"SKIP","floor":27.0},{"not_picked":["bronze:Overheat","bronze:OilSpill"],"picked":"bronze:Verify+1","floor":28.0},{"not_picked":["bronze:Backtrace","bronze:Optimize+1","bronze:Turbo"],"picked":"SKIP","floor":29.0},{"not_picked":["bronze:Deprecate","bronze:ChildClass+1"],"picked":"bronze:ForceShield+1","floor":30.0},{"not_picked":["bronze:BugBarrage","bronze:BitShift","bronze:BuggyMess"],"picked":"SKIP","floor":31.0},{"not_picked":["bronze:Shield","bronze:WildBeam+1","bronze:BronzeArmor"],"picked":"SKIP","floor":32.0},{"not_picked":["bronze:HyperBeam","bronze:RecursiveStrike"],"picked":"bronze:TinkerersToolbox","floor":33.0},{"not_picked":["bronze:ForceShield+1","bronze:Branch"],"picked":"bronze:Separator+1","floor":36.0}],"player_experience":1410071,"relics_obtained":[{"floor":11.0,"key":"hubris:Metronome"},{"floor":14.0,"key":"hubris:FunFungus"},{"floor":24.0,"key":"Frozen Egg 2"},{"floor":28.0,"key":"Akabeko"},{"floor":30.0,"key":"Orichalcum"}],"event_choices":[{"damage_healed":0.0,"max_hp_gain":0.0,"max_hp_loss":0.0,"gold_gain":0.0,"cards_transformed":["bronze:Strike"],"event_name":"Living Wall","player_choice":"Change","floor":6.0,"gold_loss":0.0,"damage_taken":0.0,"cards_obtained":["bronze:BitShift"]}],"is_beta":false,"boss_relics":[{"not_picked":["hubris:ScarierMask","Black Star"],"picked":"hubris:Backtick"},{"not_picked":["Runic Pyramid","bronze:MakeshiftBattery"],"picked":"Cursed Key"}],"items_purged_floors":[23],"is_endless":false,"potions_floor_spawned":[2,9,11,15,19,20,28,29,30,32,33,36],"killed_by":"3 Shapes","ascension_level":2}}