{"host":"dwyzfvnzfcqffr30","time":1614205408,"event":{"mods":["2.2 Compatiblity","Act Like it!","Aspiration","BaseMod","Beaked The Cultist","Better Altar","Better Match","Better Note","Better Sensory Stone","Better Skull","Better Third Choice","Clockwork Mod","Colored Map","Colored Powertips","Conspire","Downfall","Elementarium","GifTheSpireLib","Halation","Hermit","Hubris","Infinite Spire","Ironclad Rager","Jedi Mod","Menagerie","Mimic Mod","Minty Spire (QoL Compilation)","Permanent Neow","Random Character Button","Relic Filter Mod","Reliquary","Replay The Spire","Shapeshifter Mod","Spicy Shops","Spikes Relics","StSLib","Stuff the Spire","The Construct","The Disciple","The Druid","The Marked","TheFirefly","Trackpad","Wandering Minibosses"],"gold_per_floor":[227,255,289,289,289,289,337,412,465,528,574,621,109,134,134,220,220,246,281,316,316,353,353,403,15,341,341,341,395,431,489,489,595,595,649,711,586,586,635,635,710,769,769,960,960,1057,1146,1255,1255,1255,1255,1255,202,240,240],"floor_reached":56,"language":"ENG","playtime":32367,"items_purged":["Spreading Infection","Pain","Parasite"],"score":2642,"play_id":"a214637a-1a32-4a45-88b9-01bcae50d258","local_time":"20210224142328","is_ascension_mode":true,"campfire_choices":[{"floor":6,"key":"RECALL"},{"data":"1","floor":15,"key":"LIFT"},{"data":"2","floor":23,"key":"LIFT"},{"data":"3","floor":27,"key":"LIFT"},{"data":"Flex+1","floor":32,"key":"SMITH"},{"data":"Flex+3","floor":40,"key":"SMITH"},{"floor":45,"key":"REST"},{"data":"Thunderclap+1","floor":49,"key":"SMITH"},{"data":"Cleave+1","floor":52,"key":"SMITH"}],"circlet_count":0,"master_deck":["AscendersBane","Clockwork:RevUp+1","Strike_R+1","Strike_R+1","Strike_R+1","Strike_R+1","Strike_R+1","Defend_R+1","Defend_R+1","Defend_R+1","Defend_R+1","Bash+1","MasterReality+1","Apotheosis+1","Armaments+1","Thunderclap+2","Flex+4","Cleave+2","PlatinumSkin+1","Exhume+1"],"relics":["Burning Blood","Bottled Tornado","hubris:TinFlute","halation:Prosthetics","infinitespire:EvilPickle","conspire:InfiniteJournal","SacredBark","Quantum Egg","Molten Egg 2","Toxic Egg 2","Frozen Egg 2","Ring of Panic","Ring of Searing","Orichalcum","Girya","BargainBundle","infinitespire:ShieldingShard","reliquary:WeakTea","Medical Kit","jedi:matchstick","Elementarium:GolemsHeart","jedi:crownofsimplicity","jedi:archwizardhat","Onion Ring","trackpad:BottledShadow","reliquary:PartyBalloon","Thread and Needle","Elementarium:ElementariumTrophy","beaked:SacredNecklace","hubris:SlimyHat","reliquary:BallBearing","wanderingMiniBosses:LockLocket","reliquary:Knoch","trackpad:WritersBlock","Red Skull","reliquary:IridiumChain","Blue Candle","StuffTheSpire:PointBlank"],"acts_visited":["Exordium","Elementarium:Elementarium","TheBeyond","TheEnding"],"potions_floor_usage":[3,12,19,24,33,44,46,50,54,55],"damage_taken":[{"damage":0,"enemies":"2 Louse","floor":1,"turns":2},{"damage":0,"enemies":"Small Slimes","floor":2,"turns":4},{"damage":0,"enemies":"Jaw Worm","floor":3,"turns":2},{"damage":20,"enemies":"Lagavulin","floor":7,"turns":3},{"damage":1,"enemies":"Gremlin Nob","floor":10,"turns":3},{"damage":0,"enemies":"Blue Slaver","floor":11,"turns":3},{"damage":0,"enemies":"Large Slime","floor":12,"turns":2},{"damage":3,"enemies":"3 Louse","floor":14,"turns":2},{"damage":0,"enemies":"Slime Boss","floor":16,"turns":5},{"damage":0,"enemies":"Elementarium:2_ELEMENTALS","floor":18,"turns":2},{"damage":24,"enemies":"Menagerie:Suneater","floor":19,"turns":5},{"damage":12,"enemies":"Elementarium:Cyclone","floor":20,"turns":6},{"damage":0,"enemies":"Elementarium:VOID_CORRUPTION_AND_ORB_OF_FIRE","floor":22,"turns":4},{"damage":10,"enemies":"Elementarium:ElementalPortal","floor":24,"turns":7},{"damage":0,"enemies":"Elementarium:Hydrostalker","floor":26,"turns":6},{"damage":11,"enemies":"Elementarium:FIRE_NOBILITY","floor":29,"turns":5},{"damage":4,"enemies":"Elementarium:Hydrostalker","floor":30,"turns":3},{"damage":0,"enemies":"Elementarium:WarGolem","floor":31,"turns":1},{"damage":9,"enemies":"Elementarium:GolemEmperor","floor":33,"turns":6},{"damage":5,"enemies":"3 Darklings","floor":35,"turns":2},{"damage":1,"enemies":"3 Shapes","floor":36,"turns":3},{"damage":1,"enemies":"Spire Growth","floor":39,"turns":3},{"damage":12,"enemies":"Nemesis","floor":41,"turns":3},{"damage":8,"enemies":"Sphere and 2 Shapes","floor":42,"turns":4},{"damage":15,"enemies":"4 Shapes","floor":44,"turns":4},{"damage":1,"enemies":"Reptomancer","floor":46,"turns":3},{"damage":1,"enemies":"Writhing Mass","floor":47,"turns":3},{"damage":6,"enemies":"Giant Head","floor":48,"turns":4},{"damage":18,"enemies":"Donu and Deca","floor":50,"turns":5},{"damage":0,"enemies":"Shield and Spear","floor":54,"turns":5},{"damage":43,"enemies":"The Heart","floor":55,"turns":6}],"seed_played":"-1641917996987852037","potions_obtained":[{"floor":2,"key":"Block Potion"},{"floor":7,"key":"SkillPotion"},{"floor":10,"key":"jedi:wingpotion"},{"floor":29,"key":"Venom Potion"},{"floor":30,"key":"Toxic Potion"},{"floor":39,"key":"LiquidMemories"},{"floor":47,"key":"LifebloodPotion"},{"floor":54,"key":"BloodPotion"}],"is_trial":false,"path_per_floor":["M","M","M","?","?","R","E","?","T","E","M","M","$","M","R","B",null,"M","?","M","?","M","R","E","$","MIM","R","?","E","M","E","R","B",null,"M","M","?","?","M","R","E","M","T","M","R","E","M","E","R","B",null,"R","$","E","B",null],"character_chosen":"IRONCLAD","items_purchased":["BargainBundle","PlatinumSkin+1","infinitespire:ShieldingShard","reliquary:WeakTea","Medical Kit","champ:CounterPotion","LifebloodPotion","jedi:archwizardhat","Red Skull","LiquidBronze","LifebloodPotion","reliquary:IridiumChain","Blue Candle"],"campfire_rested":1,"item_purchase_floors":[13,13,13,13,13,13,13,25,53,53,53,53,53],"current_hp_per_floor":[80,80,80,56,56,56,42,30,30,35,41,47,47,50,50,56,74,80,62,56,56,62,62,58,58,64,64,64,59,61,67,67,64,76,77,80,80,80,80,80,74,72,72,63,80,80,80,80,80,68,77,77,77,77,40],"gold":240,"neow_bonus":"HUNDRED_GOLD","is_daily":false,"chose_seed":false,"campfire_upgraded":4,"win_rate":0.0,"timestamp":1614205408,"path_taken":["M","M","M","?","?","R","E","?","T","E","M","?","$","M","R","BOSS","M","?","M","?","M","R","E","$","MIM","R","?","E","M","E","R","BOSS","M","M","?","?","?","R","E","?","T","M","R","E","M","E","R","BOSS","R","$","E","BOSS"],"items_purchased_type":["Relic","Card","Relic","Relic","Relic","Potion","Potion","Relic","Relic","Potion","Potion","Relic","Relic"],"build_version":"2020-12-22","purchased_purges":3,"victory":true,"max_hp_per_floor":[80,80,80,80,80,80,80,80,80,80,80,80,80,80,80,80,80,80,80,80,80,80,80,80,80,80,80,80,80,80,80,80,80,80,80,80,80,80,80,80,80,80,80,80,80,80,80,80,80,80,80,80,77,77,77],"card_choices":[{"not_picked":["StuffTheSpire:Slingshot+1","jedi:fear+1"],"picked":"Armaments+1","floor":1},{"not_picked":["Sword Boomerang+1","Dark Embrace+1"],"picked":"Thunderclap+1","floor":2},{"not_picked":["Brutality+1","Heavy Blade+1"],"picked":"Flex+1","floor":3},{"not_picked":["Warcry+1","Flame Barrier+1"],"picked":"Cleave+1","floor":7},{"not_picked":["Run Through+1","Metallicize+1","Cleave+1"],"picked":"SKIP","floor":10},{"not_picked":["Infernal Blade+1","Rupture+1","Rampage+1"],"picked":"SKIP","floor":11},{"not_picked":["Burning Pact+1","Warcry+1","Pommel Strike+1"],"picked":"SKIP","floor":12},{"not_picked":["jedi:MakeshiftSword+1","StuffTheSpire:Slingshot+1","Flex+1"],"picked":"SKIP","floor":14},{"not_picked":["Ghostly Armor+1","Evolve+1","True Grit+1"],"picked":"SKIP","floor":18},{"not_picked":["True Grit+1","ReplayTheSpireMod:Strike From Hell+1","Anger+1"],"picked":"SKIP","floor":20},{"not_picked":["ReplayTheSpireMod:Strike From Hell+1","Battle Trance+1","Twin Strike+1"],"picked":"SKIP","floor":22},{"not_picked":["Clothesline+1","jedi:MakeshiftSword+1","Dropkick+1"],"picked":"SKIP","floor":24},{"not_picked":["jedi:hate+1","jedi:fear+1"],"picked":"Exhume+1","floor":26},{"not_picked":["Heavy Blade+1","StuffTheSpire:RockThrow+1","Sever Soul+1"],"picked":"SKIP","floor":29},{"not_picked":["ReplayTheSpireMod:Strike From Hell+1","Cleave+1","Sentinel+1"],"picked":"SKIP","floor":30},{"not_picked":["StuffTheSpire:RockThrow+1","Uppercut+1","ReplayTheSpireMod:Strike From Hell+1"],"picked":"SKIP","floor":31},{"not_picked":["Run Through+1","Rage+1","Warcry+1"],"picked":"SKIP","floor":35},{"not_picked":["StuffTheSpire:BloodClot+1","Run Through+1","Clash+1"],"picked":"SKIP","floor":36},{"not_picked":["Thunderclap+1","Replay:Undeath\u0027s Touch+1","StuffTheSpire:Slingshot+1"],"picked":"SKIP","floor":39},{"not_picked":["Replay:Undeath\u0027s Touch+1","conspire:HitWhereItHurts+1","Barricade+1"],"picked":"SKIP","floor":41},{"not_picked":["jedi:fear+1","Warcry+1","Flex+1"],"picked":"SKIP","floor":42},{"not_picked":["Body Slam+1","Intimidate+1","ReplayReversal+1"],"picked":"SKIP","floor":44},{"not_picked":["Flex+1","Flame Barrier+1","StuffTheSpire:BloodClot+1"],"picked":"SKIP","floor":46},{"not_picked":["Run Through+1","Cleave+1","Anger+1"],"picked":"SKIP","floor":47},{"not_picked":["Flex+1","Run Through+1","Heavy Blade+1"],"picked":"SKIP","floor":48},{"not_picked":["Headbutt+1","Anger+1","ReplayTheSpireMod:LeadingStrike+1"],"picked":"SKIP","floor":54}],"player_experience":3566936,"relics_obtained":[{"floor":5,"key":"Ring of Panic"},{"floor":5,"key":"Ring of Searing"},{"floor":7,"key":"Orichalcum"},{"floor":10,"key":"Girya"},{"floor":19,"key":"jedi:matchstick"},{"floor":24,"key":"jedi:crownofsimplicity"},{"floor":26,"key":"Onion Ring"},{"floor":29,"key":"reliquary:PartyBalloon"},{"floor":31,"key":"Thread and Needle"},{"floor":41,"key":"hubris:SlimyHat"},{"floor":43,"key":"reliquary:BallBearing"},{"floor":44,"key":"wanderingMiniBosses:LockLocket"},{"floor":46,"key":"reliquary:Knoch"},{"floor":48,"key":"trackpad:WritersBlock"},{"floor":54,"key":"StuffTheSpire:PointBlank"}],"event_choices":[{"damage_healed":0,"gold_gain":0,"player_choice":"Simplicity","damage_taken":0,"max_hp_gain":0,"max_hp_loss":9,"event_name":"betterThird:BetterWriting","floor":0,"gold_loss":0},{"damage_healed":80,"gold_gain":0,"player_choice":"Upgrade","damage_taken":24,"max_hp_gain":0,"max_hp_loss":80,"event_name":"betterThird:BetterShining","floor":4,"gold_loss":0,"cards_upgraded":[]},{"damage_healed":0,"gold_gain":0,"player_choice":"Follow","damage_taken":0,"max_hp_gain":0,"max_hp_loss":0,"event_name":"Elementarium:BeastsOfTheMenagerie","floor":19,"gold_loss":0},{"damage_healed":0,"gold_gain":0,"player_choice":"Chest","damage_taken":0,"relics_obtained":["Elementarium:GolemsHeart"],"max_hp_gain":0,"max_hp_loss":0,"event_name":"Elementarium:AbandonedFactory","floor":21,"gold_loss":0,"cards_obtained":["Pain"]},{"damage_healed":0,"gold_gain":0,"player_choice":"Open","damage_taken":0,"relics_obtained":["trackpad:BottledShadow"],"max_hp_gain":0,"max_hp_loss":0,"event_name":"Elementarium:TarCoveredCasket","floor":28,"gold_loss":0,"cards_obtained":["Elementarium:StickyTar","Elementarium:StickyTar"]},{"damage_healed":0,"gold_gain":0,"player_choice":"2","damage_taken":0,"max_hp_gain":0,"max_hp_loss":0,"event_name":"betterMatch:BetterMatch","floor":37,"gold_loss":0,"cards_obtained":["betterMatch:CommonCard"]},{"damage_healed":0,"gold_gain":0,"player_choice":"Upgraded","damage_taken":0,"max_hp_gain":0,"max_hp_loss":0,"event_name":"Upgrade Shrine","floor":38,"gold_loss":0,"cards_upgraded":["Flex"]}],"is_beta":false,"boss_relics":[{"not_picked":["Busted Crown","construct:WeddingRing","Astrolabe"]},{"not_picked":["aspiration:FutureDiary","trackpad:StolenKidneys"],"picked":"beaked:SacredNecklace"}],"items_purged_floors":[13,25,53],"is_endless":false,"potions_floor_spawned":[2,7,10,14,16,18,29,30,31,35,39,42,46,47,54],"ascension_level":18}}