{"host":"65a95dzim48ko8ke","time":1614125600,"event":{"mods":["AchievementEnabler","Aspiration","BaseMod","Bestiary","Better Altar","Better Match","Better Note","Better Sensory Stone","Better Skull","Better Third Choice","Block Reminder","Colored Map","Colored Powertips","Conspire","Curses Come First","DeckTracker","Energized Spire","Halation","Highlight Path","Hubris","Jedi Mod","Minty Spire (QoL Compilation)","MostiFishMod","Permanent Neow","Quick Restart","Random Character Button","Rare Cards Sparkle","Relic Sorter","Reliquary","Replay The Spire","RumiaBox-òIïƒ?ìIê_îÈ·¥éq","Spicy Shops","StSLib","TestMod","The Blue Laboratory","The Bug Knight","The IronCluck","Trackpad","Wandering Minibosses","Åy?ï®?îvÅzREMEMod"],"gold_per_floor":[117,135,150,150,150,176,193,226,296,296,313,348,363,394,394,493,493,509,509,520,179,179,204,222,254,254,268,296,296,351,384,384,482,482,499,511,158,171,183,212,212,232,232,267,267,304,304,329,329,329,329,329,9,9,9],"floor_reached":56,"language":"ENG","playtime":5724,"items_purged":["Defend_B","Defend_B","Defend_B"],"score":2354,"play_id":"12a4ee07-9b8e-4497-b797-2fbdfcee97ba","local_time":"20210224091320","is_ascension_mode":true,"campfire_choices":[{"data":"Zap","floor":10.0,"key":"SMITH"},{"data":"Strike_B","floor":15.0,"key":"PURGE"},{"floor":32.0,"key":"DIG"},{"data":"Dualcast","floor":41.0,"key":"SMITH"},{"data":"REME_Shoggoth","floor":45,"key":"SMITH"},{"data":"Auto Shields","floor":47,"key":"SMITH"},{"floor":49,"key":"RECALL"},{"data":"Crystallizer","floor":52,"key":"SMITH"},{"data":"Consume","floor":54,"key":"SMITH"}],"circlet_count":0,"master_deck":["AscendersBane","Zap+1","Dualcast+1","Consume+1","Coolheaded","REME_Shoggoth+1","REME_ForAll+1","Auto Shields+1","jedi:meditation+1","Steam","Core Surge+1","Cold Snap","Steam","jedi:meditation+1","REME_ForAll+1","Rainbow+1","Hyperbeam+1","Gash","Go for the Eyes","Beam Cell+1","FIFO Queue","Gash","Reinforced Body","FIFO Queue","Glacier+1","MostiFishMod:PushDownKick","jedi:meditation+1","Reprogram+1","Capacitor+1","Leap+1","Crystallizer+1","Scrape","Gash","Gash","REME_ForAll+1"],"relics":["Cracked Core","halation:Komachan","DaveBox","testmod-TestBox","REME_ComplimentaryCards","aspiration:Nostalgia","Burning Blood","Golden Egg","Oddly Smooth Stone","testmod-Motorcycle","MagicDraw4","Regal Pillow","reliquary:PrincelyHelmet","Astrolabe","hubris:CrystalStatue","Bloody Idol","halation:AfternoonTea","reliquary:Aerogel","Ccalipers","Replay:Rubber Ducky","testmod-IndustrialRevolution","reliquary:SilkGlove","hubris:TerracottaHorce","REME_PuzzleBoxRelic","Happy Flower","HollowMod:PaleOreRelic","Replay:WaspNest","jedi:laserpointer"],"acts_visited":["Exordium","TheCity","TheBeyond","TheEnding"],"potions_floor_usage":[45,55,55],"damage_taken":[{"damage":1.0,"enemies":"Cultist","floor":1.0,"turns":3.0},{"damage":5.0,"enemies":"Small Slimes","floor":2.0,"turns":3.0},{"damage":5.0,"enemies":"Jaw Worm","floor":3.0,"turns":5.0},{"damage":31.0,"enemies":"Gremlin Nob","floor":6.0,"turns":5.0},{"damage":10.0,"enemies":"Looter","floor":7.0,"turns":6.0},{"damage":22.0,"enemies":"3 Sentries","floor":8.0,"turns":10.0},{"damage":1.0,"enemies":"Exordium Wildlife","floor":11.0,"turns":3.0},{"damage":6.0,"enemies":"Lagavulin","floor":12.0,"turns":5.0},{"damage":0.0,"enemies":"Blue Slaver","floor":13.0,"turns":1.0},{"damage":0.0,"enemies":"3 Sentries","floor":14.0,"turns":7.0},{"damage":0.0,"enemies":"Fading Forest","floor":16.0,"turns":11.0},{"damage":1.0,"enemies":"Shell Parasite","floor":18.0,"turns":4.0},{"damage":4.0,"enemies":"3 Byrds","floor":20.0,"turns":5.0},{"damage":0.0,"enemies":"Slavers","floor":23.0,"turns":2.0},{"damage":0.0,"enemies":"Centurion and Healer","floor":24.0,"turns":1.0},{"damage":0.0,"enemies":"conspire:Head Lice","floor":25.0,"turns":1.0},{"damage":0.0,"enemies":"Chosen and Byrds","floor":27.0,"turns":1.0},{"damage":0.0,"enemies":"Gremlin Leader","floor":28.0,"turns":1.0},{"damage":0.0,"enemies":"REME_1_Revenger","floor":31.0,"turns":1.0},{"damage":0.0,"enemies":"conspire:MysteriousRune","floor":33.0,"turns":1.0},{"damage":0.0,"enemies":"Orb Walker","floor":35.0,"turns":1.0},{"damage":0.0,"enemies":"3 Darklings","floor":36.0,"turns":1.0},{"damage":0.0,"enemies":"Jaw Worm Horde","floor":38.0,"turns":1.0},{"damage":0.0,"enemies":"Transient","floor":39.0,"turns":5.0},{"damage":0.0,"enemies":"Giant Head","floor":40.0,"turns":1.0},{"damage":0,"enemies":"3 Darklings","floor":42,"turns":4},{"damage":0,"enemies":"Nemesis","floor":44,"turns":7},{"damage":0,"enemies":"conspire:MimicChest","floor":46,"turns":4},{"damage":0,"enemies":"HollowMod:StalkingDevout","floor":48,"turns":7},{"damage":0,"enemies":"Replay:Hell Engine","floor":50,"turns":1},{"damage":8,"enemies":"The Heart","floor":55,"turns":6}],"seed_played":"7840905344154911127","potions_obtained":[{"floor":1.0,"key":"blueLaboratory:RelayPotion"},{"floor":6.0,"key":"blueLaboratory:BottleOfRum"},{"floor":7.0,"key":"blueLaboratory:BottleOfVodka"},{"floor":12.0,"key":"Dexterity Potion"},{"floor":20.0,"key":"Swift Potion"},{"floor":31.0,"key":"Swift Potion"},{"floor":36.0,"key":"blueLaboratory:BottleOfRum"},{"floor":39.0,"key":"jedi:mysterypotion"},{"floor":46,"key":"Languid Potion"}],"is_trial":false,"path_per_floor":["M","M","M","?","T","E","M","E","T","R","M","E","M","E","R_BF","B",null,"M","?","M","$","?","E","M","E","T","M","E","?","T","E","R_BF","B",null,"M","M","$","M","M","E","R","M","T","E","R","?","R","E","R","B",null,"R","$","R","B",null],"character_chosen":"DEFECT","items_purchased":["hubris:CrystalStatue","Beam Cell","Capacitor","REME_PuzzleBoxRelic","halation:Komachan","REME_ForAll"],"campfire_rested":0,"item_purchase_floors":[21,21,37,37,53,53],"current_hp_per_floor":[73,74,75,75,75,50,46,30,30,30,35,35,41,47,47,53,70,75,75,75,75,19,46,57,68,68,75,75,75,75,75,75,75,75,75,75,75,75,75,75,75,75,75,75,75,75,75,75,75,75,75,75,75,75,73],"gold":9,"neow_bonus":"NOSTALGIA","is_daily":false,"chose_seed":false,"campfire_upgraded":6,"win_rate":0.0,"timestamp":1614125600,"path_taken":["M","?","M","?","?","E","M","E","T","R","M","E","M","E","R_BF","BOSS","M","?","M","$","?","E","M","E","T","?","E","?","?","E","R_BF","BOSS","M","M","?","M","?","E","R","M","T","E","R","?","R","E","R","BOSS","R","$","R","BOSS"],"items_purchased_type":["Relic","Card","Card","Relic","Relic","Card"],"build_version":"2020-12-22","purchased_purges":3,"victory":true,"max_hp_per_floor":[75,75,75,75,75,75,75,75,75,75,75,75,75,75,75,75,75,75,75,75,75,75,75,75,75,75,75,75,75,75,75,75,75,75,75,75,75,75,75,75,75,75,75,75,75,75,75,75,75,75,75,75,75,75,75],"card_choices":[{"not_picked":["Self Repair","jedi:BurstLightning"],"picked":"Consume","floor":1.0},{"not_picked":["Consume","jedi:BurstFrost"],"picked":"Coolheaded","floor":2.0},{"not_picked":["Coolheaded","Recycle"],"picked":"REME_Shoggoth","floor":3.0},{"not_picked":["BootSequence","MostiFishMod:Impulse"],"picked":"REME_ForAll","floor":6.0},{"not_picked":["jedi:BurstLightning","MostiFishMod:PushDownKick"],"picked":"Auto Shields","floor":7.0},{"not_picked":["Hologram","Coolheaded"],"picked":"jedi:meditation","floor":8.0},{"not_picked":["Cold Snap","Beam Cell"],"picked":"Steam","floor":11.0},{"not_picked":["Steam","jedi:BurstLightning"],"picked":"Core Surge","floor":12.0},{"not_picked":["Compile Driver","Melter"],"picked":"Cold Snap","floor":13.0},{"not_picked":["Cold Snap","Static Discharge"],"picked":"Steam","floor":14.0},{"not_picked":["jedi:bruteforce","MostiFishMod:InterfaceCompatibility"],"picked":"jedi:meditation","floor":16.0},{"not_picked":["jedi:BurstFrost","ReplayTheSpireMod:Repulse"],"picked":"Gash","floor":18.0},{"not_picked":["Barrage+1","Cold Snap"],"picked":"Go for the Eyes","floor":20.0},{"not_picked":["Redo","hubris:DoWhile"],"picked":"FIFO Queue","floor":23.0},{"not_picked":["hubris:Ukulele","Rebound"],"picked":"Gash","floor":24.0},{"not_picked":["ReplayTheSpireMod:Repulse","Reprogram"],"picked":"Reinforced Body","floor":25.0},{"not_picked":["Genetic Algorithm+1","Reinforced Body"],"picked":"FIFO Queue","floor":27.0},{"not_picked":["Steam","jedi:BurstFrost"],"picked":"Glacier+1","floor":28.0},{"not_picked":["Streamline+1","aspiration:Polymerization"],"picked":"MostiFishMod:PushDownKick","floor":31.0},{"not_picked":["Machine Learning","jedi:darknesscall"],"picked":"jedi:meditation","floor":33.0},{"not_picked":["Genetic Algorithm","Turbo","MostiFishMod:PushDownKick"],"picked":"SKIP","floor":35.0},{"not_picked":["ReplayGash","Force Field"],"picked":"Reprogram+1","floor":36.0},{"not_picked":["Hello World","Barrage+1","Ball Lightning"],"picked":"SKIP","floor":38.0},{"not_picked":["Conserve Battery","Chaos"],"picked":"Leap+1","floor":39.0},{"not_picked":["Multi-Cast","jedi:gatheringstorm"],"picked":"Crystallizer","floor":40.0},{"not_picked":["Cold Snap","Go for the Eyes"],"picked":"Scrape","floor":42},{"not_picked":["Capacitor","Electrodynamics"],"picked":"Gash","floor":44},{"not_picked":["Blizzard","Steam"],"picked":"Gash","floor":48}],"player_experience":436596,"relics_obtained":[{"floor":5.0,"key":"Golden Egg"},{"floor":6.0,"key":"Oddly Smooth Stone"},{"floor":8.0,"key":"testmod-Motorcycle"},{"floor":9.0,"key":"MagicDraw4"},{"floor":12.0,"key":"Regal Pillow"},{"floor":14.0,"key":"reliquary:PrincelyHelmet"},{"floor":23.0,"key":"halation:AfternoonTea"},{"floor":25.0,"key":"reliquary:Aerogel"},{"floor":26.0,"key":"Ccalipers"},{"floor":28.0,"key":"Replay:Rubber Ducky"},{"floor":30.0,"key":"testmod-IndustrialRevolution"},{"floor":31.0,"key":"reliquary:SilkGlove"},{"floor":40.0,"key":"Happy Flower"},{"floor":44,"key":"HollowMod:PaleOreRelic"},{"floor":46,"key":"Replay:WaspNest"},{"floor":48,"key":"jedi:laserpointer"}],"event_choices":[{"cards_removed":["Strike_B"],"damage_healed":0.0,"max_hp_gain":0.0,"max_hp_loss":0.0,"gold_gain":0.0,"event_name":"Living Wall","player_choice":"Forget","floor":4.0,"gold_loss":0.0,"damage_taken":0.0},{"damage_healed":0.0,"max_hp_gain":0.0,"max_hp_loss":0.0,"gold_gain":0.0,"event_name":"Ghosts","player_choice":"Ignored","floor":19.0,"gold_loss":0.0,"damage_taken":0.0},{"damage_healed":0.0,"max_hp_gain":75.0,"max_hp_loss":19.0,"gold_gain":0.0,"event_name":"betterAltar:BetterAltar","player_choice":" Idol Potion ","floor":22.0,"potions_obtained":["betterAltar:AltarPotion"],"relics_lost":[],"gold_loss":0.0,"damage_taken":56.0,"relics_obtained":["Bloody Idol"]},{"damage_healed":0.0,"max_hp_gain":0.0,"max_hp_loss":0.0,"gold_gain":0.0,"event_name":"betterThird:BetterWriting","player_choice":"Adaptability","floor":29.0,"gold_loss":0.0,"damage_taken":0.0}],"is_beta":false,"boss_relics":[{"not_picked":["trackpad:StolenKidneys","hubris:HollowSoul"],"picked":"Astrolabe"},{"not_picked":["AddBug","conspire:SlowCooker"],"picked":"hubris:TerracottaHorce"}],"items_purged_floors":[21,21,37],"is_endless":false,"potions_floor_spawned":[1,6,7,12,13,16,18,20,31,33,35,36,39,46],"ascension_level":15}}