{"host":"IMPacifista","time":1614149316,"event":{"mods":["BaseMod","Minty Spire (QoL Compilation)"],"gold_per_floor":[115,133,208,208,173,203,55,75,101,118,118,130,155,168,168,270,270,283,40,54,65,164,164,195,195,218,252,167,167,177,197,197,299,299,317,329,340,340,197,235,254,272,323,332,357,416,444,444,453,453,453],"floor_reached":50,"language":"ENG","playtime":7971,"items_purged":[],"score":890,"play_id":"14feaa23-3ea8-4bf0-9e43-4f6bd1cfacc0","local_time":"20210223224836","is_ascension_mode":true,"campfire_choices":[{"data":"Whirlwind","floor":11,"key":"SMITH"},{"data":"Armaments","floor":15,"key":"SMITH"},{"floor":23,"key":"REST"},{"floor":29,"key":"REST"},{"floor":32,"key":"REST"},{"floor":44,"key":"REST"},{"floor":49,"key":"REST"}],"circlet_count":0,"master_deck":["Strike_R","Strike_R","Strike_R+1","Strike_R","Strike_R","Defend_R","Defend_R","Defend_R","Defend_R","Bash+1","Whirlwind+1","Inflame","Rampage","Cleave","Twin Strike","Armaments+1","Shrug It Off","Reaper","Feed","Sword Boomerang","Disarm+1","Uppercut","Shrug It Off+1","Immolate","Pommel Strike+1","Disarm+1","Inflame","Shrug It Off+1","Sword Boomerang+1","Shockwave+1","Ghostly Armor+1"],"relics":["Burning Blood","Bag of Preparation","Lantern","Akabeko","Art of War","Pantograph","Fusion Hammer","Toxic Egg 2","InkBottle","Blood Vial","Letter Opener","CaptainsWheel","Philosopher\u0027s Stone","PreservedInsect","CeramicFish","Dream Catcher","Bird Faced Urn","Sundial","White Beast Statue"],"acts_visited":["Exordium","TheCity","TheBeyond"],"potions_floor_usage":[16,16,21,27,31,33,47,50,50],"damage_taken":[{"damage":6,"enemies":"Cultist","floor":1,"turns":4},{"damage":0,"enemies":"2 Louse","floor":2,"turns":2},{"damage":16,"enemies":"Gremlin Nob","floor":6,"turns":3},{"damage":0,"enemies":"Jaw Worm","floor":8,"turns":1},{"damage":0,"enemies":"Exordium Wildlife","floor":10,"turns":1},{"damage":0,"enemies":"Large Slime","floor":12,"turns":3},{"damage":20,"enemies":"Lagavulin","floor":13,"turns":5},{"damage":0,"enemies":"3 Louse","floor":14,"turns":1},{"damage":41,"enemies":"Hexaghost","floor":16,"turns":9},{"damage":0,"enemies":"3 Byrds","floor":18,"turns":3},{"damage":12,"enemies":"Chosen","floor":20,"turns":2},{"damage":13,"enemies":"Centurion and Healer","floor":21,"turns":3},{"damage":25,"enemies":"Book of Stabbing","floor":24,"turns":4},{"damage":0,"enemies":"Gremlin Leader","floor":27,"turns":4},{"damage":10,"enemies":"Cultist and Chosen","floor":30,"turns":5},{"damage":1,"enemies":"Chosen and Byrds","floor":31,"turns":3},{"damage":89,"enemies":"Collector","floor":33,"turns":12},{"damage":9,"enemies":"3 Shapes","floor":35,"turns":4},{"damage":10,"enemies":"3 Darklings","floor":36,"turns":3},{"damage":0,"enemies":"Sphere and 2 Shapes","floor":37,"turns":1},{"damage":42,"enemies":"Giant Head","floor":40,"turns":7},{"damage":0,"enemies":"Jaw Worm Horde","floor":41,"turns":1},{"damage":13,"enemies":"4 Shapes","floor":42,"turns":1},{"damage":31,"enemies":"Spire Growth","floor":45,"turns":5},{"damage":5,"enemies":"Mind Bloom Boss Battle","floor":46,"turns":7},{"damage":30,"enemies":"Nemesis","floor":47,"turns":5},{"damage":114,"enemies":"Time Eater","floor":50,"turns":10}],"seed_played":"-4162388247945514264","potions_obtained":[{"floor":6,"key":"HeartOfIron"},{"floor":8,"key":"FearPotion"},{"floor":12,"key":"AttackPotion"},{"floor":16,"key":"BlessingOfTheForge"},{"floor":18,"key":"DistilledChaos"},{"floor":30,"key":"ElixirPotion"},{"floor":31,"key":"Fruit Juice"},{"floor":36,"key":"Energy Potion"},{"floor":40,"key":"ColorlessPotion"},{"floor":42,"key":"LiquidBronze"},{"floor":45,"key":"SteroidPotion"},{"floor":47,"key":"Energy Potion"}],"is_trial":false,"path_per_floor":["M","M","?","?","?","E","$","M","T","M","R","M","E","M","R","B",null,"M","$","M","M","?","R","E","?","T","E","?","R","M","M","R","B",null,"M","M","M","?","$","E","M","M","T","R","M","?","E","T","R","B"],"character_chosen":"IRONCLAD","items_purchased":["Akabeko","Toxic Egg 2","PreservedInsect"],"campfire_rested":5,"item_purchase_floors":[7,19,39],"current_hp_per_floor":[72,78,67,51,71,61,61,67,67,73,73,79,65,71,71,55,74,80,80,77,73,73,86,70,70,70,89,89,89,92,97,97,38,82,96,94,100,100,100,64,72,67,67,97,82,100,76,76,100,0,0],"gold":453,"neow_bonus":"RANDOM_COMMON_RELIC","is_daily":false,"chose_seed":false,"campfire_upgraded":2,"win_rate":0.0,"timestamp":1614149316,"path_taken":["M","M","?","?","?","E","?","?","T","M","R","M","E","M","R","BOSS","M","$","M","M","?","R","E","?","T","E","?","R","M","?","R","BOSS","M","M","M","?","$","E","M","M","T","R","M","?","E","?","R","BOSS"],"items_purchased_type":["Relic","Relic","Relic"],"build_version":"2020-12-18","purchased_purges":0,"victory":false,"max_hp_per_floor":[80,80,80,80,80,80,80,80,80,80,80,80,80,80,80,80,80,80,80,83,86,86,86,89,89,89,89,89,89,92,97,97,97,97,100,100,100,100,100,100,100,100,100,100,100,100,100,100,100,100,100],"card_choices":[{"not_picked":["Wild Strike","Headbutt"],"picked":"Whirlwind","floor":1},{"not_picked":["Havoc","Cleave"],"picked":"Inflame","floor":2},{"not_picked":["Anger","Second Wind"],"picked":"Rampage","floor":6},{"not_picked":["Body Slam","True Grit"],"picked":"Cleave","floor":8},{"not_picked":["Clash","Hemokinesis"],"picked":"Twin Strike","floor":10},{"not_picked":["Sever Soul","Perfected Strike"],"picked":"Armaments","floor":12},{"not_picked":["Searing Blow","Heavy Blade"],"picked":"Shrug It Off","floor":13},{"not_picked":["Intimidate","Clash"],"picked":"Reaper","floor":14},{"not_picked":["Barricade","Juggernaut"],"picked":"Feed","floor":16},{"not_picked":["Headbutt","True Grit","Intimidate"],"picked":"SKIP","floor":18},{"not_picked":["Armaments+1","Intimidate+1"],"picked":"Sword Boomerang","floor":20},{"not_picked":["Havoc+1","Sever Soul","Flex+1"],"picked":"SKIP","floor":21},{"not_picked":["Body Slam","Sword Boomerang+1"],"picked":"Disarm+1","floor":24},{"not_picked":["Hemokinesis","Dark Embrace"],"picked":"Uppercut","floor":27},{"not_picked":["Sever Soul","Cleave"],"picked":"Shrug It Off+1","floor":30},{"not_picked":["Evolve","Rupture+1","Body Slam"],"picked":"SKIP","floor":31},{"not_picked":["Berserk","Barricade"],"picked":"Immolate","floor":33},{"not_picked":["Dual Wield+1","Havoc+1","Feel No Pain+1"],"picked":"SKIP","floor":35},{"not_picked":["Dropkick","Warcry+1"],"picked":"Pommel Strike+1","floor":36},{"not_picked":["Fire Breathing","Sword Boomerang"],"picked":"Disarm+1","floor":37},{"not_picked":["Wild Strike","Thunderclap+1"],"picked":"Inflame","floor":40},{"not_picked":["Iron Wave","Anger+1","Entrench+1"],"picked":"SKIP","floor":41},{"not_picked":["Warcry+1","Bloodletting+1","Pommel Strike+1"],"picked":"SKIP","floor":42},{"not_picked":["Anger","Twin Strike+1"],"picked":"Shrug It Off+1","floor":44},{"not_picked":["Pommel Strike","Power Through+1"],"picked":"Sword Boomerang+1","floor":45},{"not_picked":["Thunderclap","Body Slam"],"picked":"Shockwave+1","floor":46},{"not_picked":["Wild Strike","Burning Pact+1","Armaments+1"],"picked":"SKIP","floor":47},{"not_picked":["Limit Break+1","Pommel Strike+1"],"picked":"Ghostly Armor+1","floor":49}],"player_experience":334906,"relics_obtained":[{"floor":6,"key":"Lantern"},{"floor":9,"key":"Art of War"},{"floor":13,"key":"Pantograph"},{"floor":24,"key":"InkBottle"},{"floor":26,"key":"Blood Vial"},{"floor":27,"key":"Letter Opener"},{"floor":40,"key":"CeramicFish"},{"floor":43,"key":"Dream Catcher"},{"floor":46,"key":"Bird Faced Urn"},{"floor":47,"key":"Sundial"},{"floor":48,"key":"White Beast Statue"}],"event_choices":[{"damage_healed":0,"gold_gain":75,"player_choice":"Gather Gold","damage_taken":11,"max_hp_gain":0,"max_hp_loss":0,"event_name":"World of Goop","floor":3,"gold_loss":0},{"damage_healed":0,"gold_gain":0,"player_choice":"Entered Light","damage_taken":16,"max_hp_gain":0,"max_hp_loss":0,"event_name":"Shining Light","floor":4,"gold_loss":0,"cards_upgraded":["Bash","Strike_R"]},{"damage_healed":20,"gold_gain":0,"player_choice":"Healed","damage_taken":0,"max_hp_gain":0,"max_hp_loss":0,"event_name":"The Cleric","floor":5,"gold_loss":35},{"damage_healed":0,"gold_gain":99,"player_choice":"Stole From Cult","damage_taken":0,"max_hp_gain":0,"max_hp_loss":0,"event_name":"Nest","floor":22,"gold_loss":0},{"damage_healed":0,"gold_gain":0,"player_choice":"Ignored","damage_taken":0,"max_hp_gain":0,"max_hp_loss":0,"event_name":"Beggar","floor":25,"gold_loss":0},{"damage_healed":0,"gold_gain":0,"player_choice":"Obtained Relic","damage_taken":0,"relics_obtained":["CaptainsWheel"],"max_hp_gain":0,"max_hp_loss":0,"event_name":"Addict","floor":28,"gold_loss":85},{"damage_healed":0,"gold_gain":0,"player_choice":"Ignored","damage_taken":0,"max_hp_gain":0,"max_hp_loss":0,"event_name":"Tomb of Lord Red Mask","floor":38,"gold_loss":0},{"damage_healed":0,"gold_gain":0,"player_choice":"Fight","damage_taken":0,"max_hp_gain":0,"max_hp_loss":0,"event_name":"MindBloom","floor":46,"gold_loss":0}],"is_beta":true,"boss_relics":[{"not_picked":["Runic Pyramid","SlaversCollar"],"picked":"Fusion Hammer"},{"not_picked":["Black Star","Pandora\u0027s Box"],"picked":"Philosopher\u0027s Stone"}],"items_purged_floors":[],"is_endless":false,"potions_floor_spawned":[6,8,12,16,18,30,31,36,40,42,45,47],"killed_by":"Time Eater","ascension_level":9}}