{"host":"gaqyve1328ta0etl","time":1614162701,"event":{"mods":["BaseMod","Colored Map","Colored Powertips","Duelist Mod","Googly Eyes","Hero for Fun","Minty Spire (QoL Compilation)","Shop Mod","StSLib","SuperFastMode","The Hierophant","The Runesmith"],"gold_per_floor":[141,180,180,77,77,77,155,155,155,196,196,196,96,165,165,264,264,308,376,421,421,421,421,446,446],"floor_reached":24,"language":"ENG","playtime":931,"items_purged":["theDuelist:GravekeeperCurse","theDuelist:CastleWalls"],"score":392,"play_id":"f7cb60c5-b7cc-4a3f-a446-264bdce516d9","local_time":"20210224023141","is_ascension_mode":true,"campfire_choices":[{"data":"HandOfGreed","floor":6,"key":"SMITH"},{"floor":8,"key":"REST"},{"data":"HandOfGreed","floor":11,"key":"SMITH"},{"data":"theDuelist:DoubleTool","floor":15,"key":"SMITH"},{"floor":23,"key":"REST"}],"circlet_count":0,"master_deck":["AscendersBane","theDuelist:FinalFlame","theDuelist:GiantSoldier","theDuelist:GiantSoldier","theDuelist:ScrapFactory","HandOfGreed+1","theDuelist:AmuletAmbition","theDuelist:PowerKaishin","HandOfGreed+1","theDuelist:DoubleTool+1","theDuelist:FusionFire","theDuelist:InstantFusion","theDuelist:SpiralSpearStrike","theDuelist:WormApocalypse+1","theDuelist:SpiritHarp+1"],"relics":["theDuelist:MillenniumPuzzle","theDuelist:CardPoolRelic","theDuelist:CardPoolBasicRelic","theDuelist:BoosterPackPoolRelic","theDuelist:CardPoolAddRelic","theDuelist:CardPoolMinusRelic","theDuelist:CardPoolSaveRelic","theDuelist:CardPoolOptionsRelic","Bag of Marbles","theDuelist:BoosterPackMonsterEgg","Empty Cage"],"acts_visited":["Exordium","TheCity"],"potions_floor_usage":[7,16,19,22],"damage_taken":[{"damage":0,"enemies":"2 Louse","floor":1,"turns":3},{"damage":0,"enemies":"Small Slimes","floor":2,"turns":3},{"damage":8,"enemies":"3 Sentries","floor":7,"turns":9},{"damage":0,"enemies":"Cultist","floor":10,"turns":5},{"damage":10,"enemies":"Exordium Wildlife","floor":14,"turns":4},{"damage":34,"enemies":"The Guardian","floor":16,"turns":16},{"damage":27,"enemies":"Chosen","floor":18,"turns":6},{"damage":8,"enemies":"3 Byrds","floor":19,"turns":4},{"damage":13,"enemies":"Snecko","floor":20,"turns":5},{"damage":0,"enemies":"3 Cultists","floor":22,"turns":1},{"damage":33,"enemies":"Centurion and Healer","floor":24,"turns":5}],"seed_played":"1696896580636947","potions_obtained":[{"floor":1,"key":"Weak Potion"},{"floor":2,"key":"theDuelist:LavaBottle"},{"floor":18,"key":"theDuelist:FlamingBottle"},{"floor":20,"key":"SmokeBomb"}],"is_trial":false,"path_per_floor":["M","M","?","$","?","R","E","R","T","M","R","?","$","M","R","B",null,"M","M","M","?","M","R","M"],"character_chosen":"THE_DUELIST","items_purchased":["theDuelist:PowerKaishin"],"campfire_rested":2,"item_purchase_floors":[4],"current_hp_per_floor":[45,45,45,45,45,45,37,58,58,58,58,51,51,41,41,7,54,27,19,6,6,6,27,0,0],"gold":446,"neow_bonus":"REMOVE_TWO","is_daily":false,"chose_seed":false,"campfire_upgraded":3,"win_rate":0.0,"timestamp":1614162701,"path_taken":["M","M","?","$","?","R","E","R","T","M","R","?","?","M","R","BOSS","M","M","M","?","M","R","M"],"items_purchased_type":["Card"],"build_version":"2020-12-22","purchased_purges":2,"victory":false,"max_hp_per_floor":[70,70,70,70,70,70,70,70,70,70,70,70,70,70,70,70,70,70,70,70,70,70,70,70,70],"card_choices":[{"not_picked":["Blind","Master of Strategy","Swift Strike"],"picked":"HandOfGreed","floor":1},{"not_picked":["theDuelist:AssaultArmor","theDuelist:InstantFusion","theDuelist:Mathematician","theDuelist:BreakDraw"],"picked":"theDuelist:AmuletAmbition","floor":2},{"not_picked":["PanicButton","Thinking Ahead","Violence"],"picked":"HandOfGreed","floor":7},{"not_picked":["theDuelist:CoreBlaster","theDuelist:Sangan+1","theDuelist:BigFire","theDuelist:AncientGearFist"],"picked":"theDuelist:DoubleTool","floor":10},{"not_picked":["theDuelist:CoreBlaster","theDuelist:WormApocalypse+1","theDuelist:WhiteMagicalHat+1","theDuelist:FairyBox"],"picked":"theDuelist:FusionFire","floor":14},{"not_picked":["theDuelist:SevenCompleted","theDuelist:ForbiddenLance","theDuelist:FeatherShot","theDuelist:Mathematician+1"],"picked":"theDuelist:InstantFusion","floor":16},{"not_picked":["theDuelist:MeteorDestruction","theDuelist:DoubleTool","theDuelist:SparkBlaster","theDuelist:LightningVortex"],"picked":"theDuelist:SpiralSpearStrike","floor":18},{"not_picked":["theDuelist:BigFire","theDuelist:RainbowNeos+1","theDuelist:EgoBoost","theDuelist:Eva+1"],"picked":"theDuelist:WormApocalypse+1","floor":19},{"not_picked":["theDuelist:SangaEarth+1","theDuelist:MythicalBeast+1","theDuelist:FrontierWiseman+1","theDuelist:RainbowNeos+1"],"picked":"theDuelist:SpiritHarp+1","floor":20}],"player_experience":2251836,"relics_obtained":[{"floor":7,"key":"Bag of Marbles"},{"floor":9,"key":"theDuelist:BoosterPackMonsterEgg"}],"event_choices":[{"damage_healed":0,"gold_gain":0,"player_choice":"Worship - 20% roll at +12 Max HP","duelist":true,"damage_taken":0,"max_hp_gain":0,"max_hp_loss":0,"event_name":"Tomb of the Nameless","floor":3,"gold_loss":0},{"damage_healed":0,"gold_gain":0,"player_choice":"Leave","duelist":true,"damage_taken":0,"max_hp_gain":0,"max_hp_loss":0,"event_name":"Relic Duplicator","floor":5,"gold_loss":0},{"cards_removed":["theDuelist:CastleWalls"],"damage_healed":0,"gold_gain":0,"player_choice":"Card Removal","damage_taken":7,"max_hp_gain":0,"max_hp_loss":0,"event_name":"Golden Wing","floor":12,"gold_loss":0},{"damage_healed":0,"gold_gain":0,"player_choice":"Leave","duelist":true,"damage_taken":0,"max_hp_gain":0,"max_hp_loss":0,"event_name":"Millennium Items","floor":21,"gold_loss":0}],"is_beta":false,"boss_relics":[{"not_picked":["Runic Cube","Astrolabe"],"picked":"Empty Cage"}],"items_purged_floors":[4,13],"is_endless":false,"potions_floor_spawned":[1,2,18,20],"killed_by":"Centurion and Healer","ascension_level":20}}