{"host":"4anqaax1ytd3l1k1","time":1614161732,"event":{"mods":["2.2 Compatiblity","AlwaysNeverKeys","BaseMod","BetterRewards","CatGirl Mod","Hermit","HexUI Lib","Minty Spire (QoL Compilation)","StSLib","The Servant 0.9.4","The Vixen"],"gold_per_floor":[117,130,130,90,103,103,103],"floor_reached":6,"language":"ENG","playtime":417,"items_purged":[],"score":36,"play_id":"e3cbfaaa-fbac-462b-896e-a6eb691a969b","local_time":"20210224211532","is_ascension_mode":false,"campfire_choices":[],"circlet_count":0,"master_deck":["hermit:Strike_Hermit","hermit:Strike_Hermit","hermit:Strike_Hermit","hermit:Strike_Hermit","hermit:Defend_Hermit","hermit:Defend_Hermit","hermit:Covet","hermit:Magnum","hermit:Purgatory","hermit:GoldenBullet","hermit:Determination+1","hermit:LowProfile","hermit:Showdown","hermit:SprayPray","hermit:Vantage"],"relics":["hermit:Momento","Membership Card","Mercury Hourglass","Shovel","Ancient Tea Set","Torii"],"acts_visited":["Exordium"],"potions_floor_usage":[],"damage_taken":[{"damage":0,"enemies":"Small Slimes","floor":1,"turns":3},{"damage":7,"enemies":"2 Louse","floor":2,"turns":2},{"damage":1,"enemies":"Jaw Worm","floor":5,"turns":2},{"damage":18,"enemies":"Lagavulin","floor":6,"turns":3}],"seed_played":"-1582295795043233299","potions_obtained":[{"floor":2,"key":"Ancient Potion"},{"floor":5,"key":"GamblersBrew"}],"is_trial":false,"path_per_floor":["M","M","?","?","M","E"],"character_chosen":"HERMIT","items_purchased":["Membership Card","Mercury Hourglass","Frozen Egg 2","hermit:Determination+1","hermit:LowProfile"],"campfire_rested":0,"item_purchase_floors":[0,0,0,0,0],"current_hp_per_floor":[32,25,18,18,17,0,0],"gold":103,"neow_bonus":"","is_daily":false,"chose_seed":false,"campfire_upgraded":0,"win_rate":0.0,"timestamp":1614161732,"path_taken":["M","M","?","?","M","E"],"items_purchased_type":["Relic","Relic","Relic","Card","Card"],"build_version":"2020-12-22","purchased_purges":0,"victory":false,"max_hp_per_floor":[75,75,75,75,75,75,75],"card_choices":[{"not_picked":["hermit:LuckOfTheDraw","hermit:Dive"],"picked":"hermit:Showdown","floor":1},{"not_picked":["hermit:BodyArmor","hermit:NoHoldsBarred"],"picked":"hermit:SprayPray","floor":2},{"not_picked":["hermit:SprayPray","hermit:Manifest"],"picked":"hermit:Vantage","floor":5}],"player_experience":142364,"relics_obtained":[],"event_choices":[{"damage_healed":0,"gold_gain":0,"player_choice":"Success","damage_taken":7,"relics_obtained":["Torii"],"max_hp_gain":0,"max_hp_loss":0,"event_name":"Scrap Ooze","floor":3,"gold_loss":0},{"damage_healed":0,"gold_gain":0,"player_choice":"Left Gold","damage_taken":0,"max_hp_gain":0,"max_hp_loss":0,"event_name":"World of Goop","floor":4,"gold_loss":40}],"is_beta":false,"boss_relics":[],"items_purged_floors":[],"is_endless":false,"potions_floor_spawned":[2,5],"killed_by":"Lagavulin","ascension_level":0}}