{"host":"2d926qfvvz477zl6","time":1614141661,"event":{"mods":["Aspiration","BaseMod","Challenge The Spire","Colorless Booster Pack","Conspire","Defective Defect","Downfall","GifTheSpireLib","Googly Eyes","GungeonMod","Halation","Hermit","Hero for Fun","Hubris","Infinite Spire","Minty Spire (QoL Compilation)","Morshu Shopkeeper","Permanent Neow","Pikachu Mod","Poor People Problems","Quick Restart","Rare Cards Sparkle","Reliquary","Replay The Spire","Shedinja","Shop Mod","Somnambulant","Spicy Shops","StS++","StSLib","Stuff the Spire","Td1madao Mod","The Awakened One except there are too many feathers","The Blue Laboratory","The Bug Knight","The Construct","The Cursed","The Disciple","The Edgeheg","The Forsaken","The Hierophant","The Servant 0.9.4","TheFirefly","Uncapped","Useless Jewels Mod","Wandering Minibosses","Wide Potions","[JumpMod]????","egg","everything is the same but u backflip on backflip","slay the spire mod where everything is the same but ironclad has a cowboy hat","thorton"],"gold_per_floor":[89,89,152,327,345,345,345,374,452,452,75,75,88,163,163,263,263,280,280,280,280],"floor_reached":20,"language":"ENG","playtime":591,"items_purged":[],"score":218,"play_id":"eb0ca19c-abe5-4c35-87b6-20085c64eeb2","local_time":"20210223234101","is_ascension_mode":false,"campfire_choices":[{"data":"theEdgeheg:ChaosControlSkill","floor":6,"key":"SMITH"},{"data":"theEdgeheg:BloodyKatana","floor":6,"key":"SMITH"},{"data":"theEdgeheg:DieDieDie","floor":10,"key":"SMITH"},{"data":"theEdgeheg:BetterDodge","floor":10,"key":"SMITH"},{"data":"theEdgeheg:ArtOfTheBlade","floor":12,"key":"SMITH"},{"data":"theEdgeheg:Disrobe","floor":12,"key":"SMITH"},{"data":"Burn","floor":15,"key":"PURGE"}],"circlet_count":0,"master_deck":["theEdgeheg:StarterShootAttack","theEdgeheg:StarterShootAttack","theEdgeheg:StarterShootAttack","theEdgeheg:StarterShootAttack","theEdgeheg:StarterDodgeSkill","theEdgeheg:StarterDodgeSkill","theEdgeheg:StarterDodgeSkill","theEdgeheg:BloodyKatana+1","theEdgeheg:ChaosControlSkill+1","theEdgeheg:GatherChaos","theEdgeheg:BlackKatana","theEdgeheg:DieDieDie+1","Doubt","theEdgeheg:Disrobe+1","theEdgeheg:BetterDodge+1","theEdgeheg:ArtOfTheBlade+1","theEdgeheg:CSGun","theEdgeheg:Butt+1","theEdgeheg:ChaosWhip","theEdgeheg:BetterDodge","theEdgeheg:BlockingGF","theEdgeheg:TimmyBackflip"],"relics":["theEdgeheg:UltimateLifeformRelic","theEdgeheg:GreenEmeraldRelic","HowToJump","halation:PenCase","StuffTheSpire:EmeraldSignet","Centennial Puzzle","hubris:CrystalStatue","bronze:MakeshiftBattery","DemoMod:GlassGuonStoneRelic","hubris:BottledHeart"],"acts_visited":["Exordium","TheCity"],"potions_floor_usage":[],"damage_taken":[{"damage":0,"enemies":"Jaw Worm","floor":1,"turns":4},{"damage":1,"enemies":"2 Louse","floor":5,"turns":2},{"damage":2,"enemies":"Lagavulin","floor":8,"turns":17},{"damage":1,"enemies":"Small Slimes","floor":13,"turns":3},{"damage":0,"enemies":"Slime Boss","floor":16,"turns":5},{"damage":2,"enemies":"Chosen","floor":18,"turns":2},{"damage":1,"enemies":"Shell Parasite","floor":20,"turns":1}],"seed_played":"-5720922701565117857","potions_obtained":[{"floor":5,"key":"blueLaboratory:NullPotion"},{"floor":8,"key":"Regen Potion"},{"floor":16,"key":"hexamod:SoulburnPotion"}],"is_trial":false,"path_per_floor":["M","?","?","?","M","R","T","E","T","R","$","R","M","?","R","B",null,"M","?","M"],"character_chosen":"THE_DEFAULT","items_purchased":["theEdgeheg:ArtOfTheBlade","theEdgeheg:CSGun","theEdgeheg:Butt+1","theEdgeheg:ChaosWhip"],"campfire_rested":0,"item_purchase_floors":[11,11,11,11],"current_hp_per_floor":[4,2,2,2,2,2,2,5,5,5,5,5,4,4,4,5,5,3,1,0,0],"gold":280,"neow_bonus":"THREE_CARDS","is_daily":false,"chose_seed":false,"campfire_upgraded":6,"win_rate":0.0,"timestamp":1614141661,"path_taken":["M","?","?","?","M","R","?","E","T","R","$","R","?","?","R","BOSS","M","?","M"],"items_purchased_type":["Card","Card","Card","Card"],"build_version":"2020-12-22","purchased_purges":0,"victory":false,"max_hp_per_floor":[5,5,5,5,5,5,5,5,5,5,5,5,5,5,5,5,5,5,1,1,1],"card_choices":[{"not_picked":["theEdgeheg:ChaosWhip","theEdgeheg:ChaosCards"],"picked":"theEdgeheg:BlackKatana","floor":0},{"not_picked":["theEdgeheg:TimmyBackflip","theEdgeheg:PlayRandomCard"],"picked":"theEdgeheg:DieDieDie","floor":1},{"not_picked":["theEdgeheg:ChaosCards","theEdgeheg:Reload"],"picked":"theEdgeheg:Disrobe","floor":5},{"not_picked":["theEdgeheg:Knives","theEdgeheg:BlankCard"],"picked":"theEdgeheg:BetterDodge","floor":8},{"not_picked":["theEdgeheg:PlayRandomCard","theEdgeheg:Heh"],"picked":"theEdgeheg:BetterDodge","floor":13},{"not_picked":["theEdgeheg:ArtOfTheBlade","theEdgeheg:GunFu"],"picked":"theEdgeheg:BlockingGF","floor":16},{"not_picked":["theEdgeheg:Shotgun","theEdgeheg:Grr"],"picked":"theEdgeheg:TimmyBackflip","floor":18}],"player_experience":553653,"relics_obtained":[{"floor":7,"key":"StuffTheSpire:EmeraldSignet"},{"floor":8,"key":"Centennial Puzzle"},{"floor":9,"key":"hubris:CrystalStatue"}],"event_choices":[{"damage_healed":0,"gold_gain":175,"player_choice":"AGREE","damage_taken":0,"max_hp_gain":0,"max_hp_loss":0,"event_name":"Liars Game","floor":4,"gold_loss":0,"cards_obtained":["Doubt"]}],"is_beta":false,"boss_relics":[{"not_picked":["hubris:GrandSneckoEye","conspire:RunicOctahedron"],"picked":"bronze:MakeshiftBattery"}],"items_purged_floors":[],"is_endless":false,"potions_floor_spawned":[5,8,16,18],"killed_by":"Shell Parasite","ascension_level":0}}