{"host":"ELF","time":1614155662,"event":{"mods":["BaseMod","Bestiary","Minty Spire (QoL Compilation)","Relic Stats","Slay the Relics Exporter"],"gold_per_floor":[113,128,53,53,69,69,95,113,113,113,128,139,152,163,163,163,163],"floor_reached":16,"language":"ENG","playtime":1784,"items_purged":[],"score":212,"play_id":"db1f7013-6f31-46ae-8e57-c0d9897b7008","local_time":"20210224023422","is_ascension_mode":true,"campfire_choices":[{"data":"Wraith Form v2","floor":6.0,"key":"SMITH"},{"floor":10,"key":"REST"},{"data":"Sucker Punch","floor":15,"key":"SMITH"}],"circlet_count":0,"master_deck":["AscendersBane","Strike_G","Strike_G","Strike_G","Strike_G","Defend_G","Defend_G","Defend_G","Defend_G","Defend_G","Survivor","Neutralize","Poisoned Stab","Acrobatics","Wraith Form v2+1","Crippling Poison","Bane","Outmaneuver","Sucker Punch+1"],"relics":["Ring of the Snake","Pocketwatch","Bottled Flame","FossilizedHelix"],"acts_visited":["Exordium"],"potions_floor_usage":[11,12,16],"damage_taken":[{"damage":0.0,"enemies":"2 Louse","floor":1.0,"turns":5.0},{"damage":4.0,"enemies":"Jaw Worm","floor":2.0,"turns":5.0},{"damage":0.0,"enemies":"Cultist","floor":5.0,"turns":4.0},{"damage":22.0,"enemies":"Lagavulin","floor":7.0,"turns":7.0},{"damage":2,"enemies":"Exordium Wildlife","floor":8,"turns":4},{"damage":8,"enemies":"Exordium Thugs","floor":11,"turns":6},{"damage":2,"enemies":"Gremlin Gang","floor":12,"turns":3},{"damage":1,"enemies":"Large Slime","floor":13,"turns":8},{"damage":3,"enemies":"Exordium Wildlife","floor":14,"turns":4},{"damage":29,"enemies":"Hexaghost","floor":16,"turns":11}],"seed_played":"1890782101669418358","potions_obtained":[{"floor":4.0,"key":"Fruit Juice"},{"floor":4.0,"key":"AttackPotion"},{"floor":8,"key":"DistilledChaos"},{"floor":11,"key":"Explosive Potion"},{"floor":12,"key":"Dexterity Potion"}],"is_trial":false,"path_per_floor":["M","M","?","?","M","R","E","M","T","R","M","M","M","M","R","B"],"character_chosen":"THE_SILENT","items_purchased":[],"campfire_rested":1,"item_purchase_floors":[],"current_hp_per_floor":[44,40,40,40,40,40,18,16,16,35,27,25,24,21,21,0,0],"gold":163,"neow_bonus":"ONE_RARE_RELIC","is_daily":false,"chose_seed":false,"campfire_upgraded":2,"win_rate":0.0,"timestamp":1614155662,"path_taken":["M","M","?","?","M","R","E","M","T","R","M","?","M","M","R","BOSS"],"items_purchased_type":[],"build_version":"2020-12-18","purchased_purges":0,"victory":false,"max_hp_per_floor":[66,66,66,66,66,66,66,66,66,66,66,66,66,66,66,71,71],"relic_stats":{"counters":[10,57],"obtain_stats":[{"Bottled Flame":7,"FossilizedHelix":9,"Ring of the Snake":0,"Pocketwatch":0},{"Bottled Flame":4,"FossilizedHelix":5,"Ring of the Snake":0,"Pocketwatch":0},{"Bottled Flame":21,"FossilizedHelix":25,"Ring of the Snake":0,"Pocketwatch":0}],"Ring of the Snake":[20],"Pocketwatch":[111]},"card_choices":[{"not_picked":["Dagger Spray","Prepared"],"picked":"Poisoned Stab","floor":1.0},{"not_picked":["Calculated Gamble","PiercingWail"],"picked":"Acrobatics","floor":2.0},{"not_picked":["Escape Plan","Dagger Throw"],"picked":"Wraith Form v2","floor":5.0},{"not_picked":["Flechettes","Accuracy"],"picked":"Crippling Poison","floor":7},{"not_picked":["Quick Slash","All Out Attack"],"picked":"Bane","floor":8},{"not_picked":["Flying Knee","Tactician","Dodge and Roll"],"picked":"SKIP","floor":11},{"not_picked":["Infinite Blades","Bane"],"picked":"Outmaneuver","floor":12},{"not_picked":["Concentrate","Poisoned Stab","Cloak And Dagger"],"picked":"SKIP","floor":13},{"not_picked":["Dagger Throw","Poisoned Stab"],"picked":"Sucker Punch","floor":14}],"player_experience":3541421,"relics_obtained":[{"floor":7,"key":"Bottled Flame"},{"floor":9,"key":"FossilizedHelix"}],"event_choices":[{"cards_removed":["Strike_G"],"damage_healed":0.0,"max_hp_gain":0.0,"max_hp_loss":0.0,"gold_gain":0.0,"event_name":"The Cleric","player_choice":"Card Removal","floor":3.0,"gold_loss":75.0,"damage_taken":0.0},{"damage_healed":0.0,"max_hp_gain":0.0,"max_hp_loss":0.0,"gold_gain":0.0,"event_name":"Lab","player_choice":"Got Potions","floor":4.0,"gold_loss":0.0,"damage_taken":0.0}],"is_beta":true,"boss_relics":[],"items_purged_floors":[],"is_endless":false,"potions_floor_spawned":[5,8,11,12],"killed_by":"Hexaghost","ascension_level":20}}