{"host":"vk2xyavtylxbvrfq","time":1614199300,"event":{"mods":["Bard","BaseMod","Bestiary","Better Altar","Better Match","Better Note","Better Sensory Stone","Better Skull","Better Vampires","Block Reminder","Bossed Relics","Colored Map","Curses Come First","Displayed Cursed Tome","Downfall","Extra Virgin Snecko Oil","Fox Events","Hermit","Ironclad Rager","Marked Mod","Minty Spire (QoL Compilation)","Quick Restart","Rare Cards Sparkle","Relic Sorter","Reliquary","Robot Space Explorer","StSLib","The Hayseed","The Runesmith","Unceasing Turn Reminder"],"gold_per_floor":[119,119,119,119,84,123,123,146,172,195,215,255,255,289,289,413,413,431,431,449,449,474,474,474],"floor_reached":23,"language":"ENG","playtime":666,"items_purged":[],"score":328,"play_id":"4561f549-7549-464e-8785-770c130623c9","local_time":"20210224154140","is_ascension_mode":true,"campfire_choices":[{"data":"hermit:Determination","floor":7,"key":"SMITH"},{"data":"hermit:Dive","floor":13,"key":"SMITH"},{"floor":15,"key":"REST"}],"circlet_count":0,"master_deck":["hermit:Strike_Hermit+1","hermit:Strike_Hermit","hermit:Strike_Hermit","hermit:Defend_Hermit+1","hermit:Defend_Hermit","hermit:Defend_Hermit","hermit:Defend_Hermit","hermit:Snapshot+1","hermit:Covet","hermit:Headshot","Mind Blast+1","Injury","hermit:Determination+1","hermit:Coalescence","hermit:Headshot","hermit:HoleUp","hermit:Dive+1","hermit:Scavenge","hermit:FinalCanter","hermit:HoleUp","hermit:Coalescence+1","hermit:Spite+1"],"relics":["hermit:Momento","NeowsBlessing","Golden Idol","Darkstone Periapt","Whetstone","Unceasing Top","Peace Pipe","reliquary:Ember","Mercury Hourglass"],"acts_visited":["Exordium","TheCity"],"potions_floor_usage":[12],"damage_taken":[{"damage":0,"enemies":"Small Slimes","floor":1,"turns":1},{"damage":0,"enemies":"Gremlin Nob","floor":6,"turns":1},{"damage":0,"enemies":"2 Louse","floor":8,"turns":1},{"damage":1,"enemies":"Cultist","floor":10,"turns":3},{"damage":11,"enemies":"Exordium Thugs","floor":11,"turns":3},{"damage":7,"enemies":"3 Sentries","floor":12,"turns":8},{"damage":26,"enemies":"Lagavulin","floor":14,"turns":6},{"damage":36,"enemies":"Slime Boss","floor":16,"turns":9},{"damage":13,"enemies":"3 Byrds","floor":18,"turns":7},{"damage":27,"enemies":"Chosen","floor":20,"turns":5},{"damage":4,"enemies":"Sentry and Sphere","floor":22,"turns":5},{"damage":15,"enemies":"Book of Stabbing","floor":23,"turns":3}],"seed_played":"-7346832716094980833","potions_obtained":[{"floor":6,"key":"Fire Potion"},{"floor":16,"key":"SpeedPotion"},{"floor":22,"key":"SpeedPotion"}],"is_trial":false,"path_per_floor":["M","?","?","?","?","E","R","M","T","M","M","E","R","E","R","B",null,"M","?","M","T","M","E"],"character_chosen":"HERMIT","items_purchased":[],"campfire_rested":1,"item_purchase_floors":[],"current_hp_per_floor":[68,53,53,53,71,71,71,71,71,70,59,52,52,26,48,12,59,46,46,19,19,15,0,0],"gold":474,"neow_bonus":"THREE_ENEMY_KILL","is_daily":false,"chose_seed":false,"campfire_upgraded":2,"win_rate":0.0,"timestamp":1614199300,"path_taken":["M","?","?","?","?","E","R","M","T","M","M","E","R","E","R","BOSS","M","?","?","?","M","E"],"items_purchased_type":[],"build_version":"2020-12-22","purchased_purges":0,"victory":false,"max_hp_per_floor":[75,75,75,75,75,75,75,75,75,75,75,75,75,75,75,75,75,75,75,75,75,75,75,75],"card_choices":[{"not_picked":["hermit:PistolWhip","hermit:Dive"],"picked":"hermit:Headshot","floor":1},{"not_picked":["Swift Strike","Deep Breath"],"picked":"Mind Blast","floor":3},{"not_picked":["hermit:Showdown","hermit:FinalCanter"],"picked":"hermit:Determination","floor":6},{"not_picked":["hermit:Glare","hermit:LowProfile"],"picked":"hermit:Coalescence","floor":8},{"not_picked":["hermit:Ricochet","hermit:Quickdraw"],"picked":"hermit:Headshot","floor":10},{"not_picked":["hermit:BodyArmor","hermit:Quickdraw"],"picked":"hermit:HoleUp","floor":11},{"not_picked":["hermit:Spite","hermit:GoldenBullet"],"picked":"hermit:Dive","floor":12},{"not_picked":["hermit:TakeAim","hermit:Spite"],"picked":"hermit:Scavenge","floor":14},{"not_picked":["hermit:OverwhelmingPower","hermit:Purgatory"],"picked":"hermit:FinalCanter","floor":16},{"not_picked":["hermit:Malice","hermit:Feint+1"],"picked":"hermit:HoleUp","floor":18},{"not_picked":["hermit:Vantage+1","hermit:TrackingShot"],"picked":"hermit:Coalescence+1","floor":20},{"not_picked":["hermit:Horror","hermit:PistolWhip"],"picked":"hermit:Spite+1","floor":22}],"player_experience":1471630,"relics_obtained":[{"floor":6,"key":"Darkstone Periapt"},{"floor":9,"key":"Whetstone"},{"floor":12,"key":"Unceasing Top"},{"floor":14,"key":"Peace Pipe"},{"floor":21,"key":"Mercury Hourglass"}],"event_choices":[{"damage_healed":0,"gold_gain":0,"player_choice":"Entered Light","damage_taken":15,"max_hp_gain":0,"max_hp_loss":0,"event_name":"Shining Light","floor":2,"gold_loss":0,"cards_upgraded":["hermit:Snapshot","hermit:Defend_Hermit"]},{"damage_healed":0,"gold_gain":1,"player_choice":"1","damage_taken":0,"max_hp_gain":0,"max_hp_loss":0,"event_name":"betterStone:BetterStone","floor":3,"gold_loss":0},{"damage_healed":0,"gold_gain":0,"player_choice":"Take Wound","damage_taken":0,"relics_obtained":["Golden Idol"],"max_hp_gain":0,"max_hp_loss":0,"event_name":"Golden Idol","floor":4,"gold_loss":0,"cards_obtained":["Injury"]},{"damage_healed":18,"gold_gain":0,"player_choice":"Healed","damage_taken":0,"max_hp_gain":0,"max_hp_loss":0,"event_name":"The Cleric","floor":5,"gold_loss":35},{"cards_removed":["hermit:Strike_Hermit"],"damage_healed":0,"gold_gain":0,"player_choice":"Offered Basic","damage_taken":0,"max_hp_gain":0,"max_hp_loss":0,"event_name":"Bonfire Elementals","floor":19,"gold_loss":0}],"is_beta":false,"boss_relics":[{"not_picked":["hermit:ClaspedLocket","reliquary:Craggleroot"],"picked":"reliquary:Ember"}],"items_purged_floors":[],"is_endless":false,"potions_floor_spawned":[6,16,22],"killed_by":"Book of Stabbing","ascension_level":8}}