{"host":"dwyzfvnzfcqffr30","time":1614148871,"event":{"mods":["2.2 Compatiblity","Act Like it!","Aspiration","BaseMod","Beaked The Cultist","Better Altar","Better Match","Better Note","Better Sensory Stone","Better Skull","Better Third Choice","Clockwork Mod","Colored Map","Colored Powertips","Conspire","Downfall","Elementarium","GifTheSpireLib","Halation","Hermit","Hubris","Infinite Spire","Ironclad Rager","Jedi Mod","Menagerie","Mimic Mod","Minty Spire (QoL Compilation)","Permanent Neow","Random Character Button","Relic Filter Mod","Reliquary","Replay The Spire","Shapeshifter Mod","Spicy Shops","Spikes Relics","StSLib","Stuff the Spire","The Construct","The Disciple","The Druid","The Marked","TheFirefly","Trackpad","Wandering Minibosses"],"gold_per_floor":[383,428,408,448,448,502,502,566,566,620,687,562,618,688,688,805,805,875,908,984,984,984,1077,1077,1077,1077],"floor_reached":25,"language":"ENG","playtime":3706,"items_purged":[],"score":587,"play_id":"7b2bc392-c48d-425f-b74e-0d3594af8706","local_time":"20210223224111","is_ascension_mode":true,"campfire_choices":[{"floor":7,"key":"RECALL"},{"floor":15,"key":"REST"},{"floor":24,"key":"REST"}],"circlet_count":0,"master_deck":["AscendersBane","hermit:Gestalt+1","Strike_G+1","Strike_G+1","Strike_G+1","Strike_G+1","Strike_G+1","Defend_G+1","Defend_G+1","Defend_G+1","Defend_G+1","Defend_G+1","Survivor+1","Neutralize+1","MasterReality+1","Apotheosis+1","Blade Dance+1","Accuracy+1","Dagger Spray+1","Adrenaline+1"],"relics":["Ring of the Serpent","Bottled Tornado","hubris:TinFlute","halation:Prosthetics","infinitespire:EvilPickle","conspire:InfiniteJournal","Quantum Egg","Molten Egg 2","Toxic Egg 2","Frozen Egg 2","SacredBark","StuffTheSpire:WitherSkull","Tiny Chest","WingedGreaves","conspire:DeflatedDodgeball","Elementarium:GoldenMirage","trackpad:AncestralArmaments","ReplayTheSpireMod:Ninjato"],"acts_visited":["Menagerie:Menagerie","Elementarium:Elementarium"],"potions_floor_usage":[8,16,16,23],"damage_taken":[{"damage":0,"enemies":"Menagerie:StygianBoar","floor":1,"turns":3},{"damage":0,"enemies":"Menagerie:2_RABBITS","floor":2,"turns":2},{"damage":0,"enemies":"Menagerie:MonstrousExperiment","floor":4,"turns":8},{"damage":3,"enemies":"Menagerie:VoidReaper","floor":6,"turns":5},{"damage":3,"enemies":"Menagerie:MaskedSummoner","floor":8,"turns":6},{"damage":0,"enemies":"Menagerie:BEAST_MAGE_AND_PROWLING_AMALGAM","floor":10,"turns":4},{"damage":0,"enemies":"Menagerie:Hydra","floor":11,"turns":4},{"damage":0,"enemies":"Menagerie:RedMage","floor":13,"turns":2},{"damage":12,"enemies":"Menagerie:MaskedSummoner","floor":14,"turns":3},{"damage":0,"enemies":"Menagerie:AVATARS","floor":16,"turns":6},{"damage":0,"enemies":"Elementarium:VoidCorruption","floor":18,"turns":7},{"damage":2,"enemies":"Elementarium:GOLDEN_STATUES","floor":19,"turns":4},{"damage":6,"enemies":"Elementarium:MUD_AND_TAR_GOLEMS","floor":20,"turns":5},{"damage":10,"enemies":"Elementarium:ElementalPortal","floor":23,"turns":8},{"damage":21,"enemies":"Elementarium:VoidBeast","floor":25,"turns":2}],"seed_played":"2885315260409397758","potions_obtained":[{"floor":1,"key":"champ:CounterPotion"},{"floor":4,"key":"AttackPotion"},{"floor":8,"key":"SpeedPotion"},{"floor":16,"key":"Poison Potion"},{"floor":20,"key":"Weak Potion"}],"is_trial":false,"path_per_floor":["M","M","?","M","?","E","R","E","T","M","E","?","M","E","R","B",null,"M","?","M","T","?","E","R","M"],"character_chosen":"THE_SILENT","items_purchased":[],"campfire_rested":2,"item_purchase_floors":[],"current_hp_per_floor":[31,31,31,31,31,28,28,25,25,25,25,25,25,13,22,22,29,29,27,21,21,21,11,20,0,0],"gold":1077,"neow_bonus":"TWO_FIFTY_GOLD","is_daily":false,"chose_seed":false,"campfire_upgraded":0,"win_rate":0.0,"timestamp":1614148871,"path_taken":["M","M","?","?","?","E","R","E","T","?","E","?","M","E","R","BOSS","M","?","M","?","?","E","R","?"],"items_purchased_type":[],"build_version":"2020-12-22","purchased_purges":0,"victory":false,"max_hp_per_floor":[31,31,31,31,31,31,31,31,31,31,31,31,31,31,31,31,31,31,31,31,31,31,31,31,31,31],"card_choices":[{"not_picked":["Deadly Poison+1","hubris:SlightOfHand+1"],"picked":"Blade Dance+1","floor":1},{"not_picked":["Outmaneuver+1","Dodge and Roll+1","jedi:acidrain+1"],"picked":"SKIP","floor":2},{"not_picked":["StuffTheSpire:BumpUp+1","StuffTheSpire:Python+1"],"picked":"Accuracy+1","floor":4},{"not_picked":["Calculated Gamble+1","Slice+1","Burst+1"],"picked":"SKIP","floor":6},{"not_picked":["StuffTheSpire:Injection+1","Concentrate+1","Backflip+1"],"picked":"SKIP","floor":8},{"not_picked":["Deadly Poison+1","Prepared+1","Sucker Punch+1"],"picked":"SKIP","floor":10},{"not_picked":["Dagger Throw+1","Prepared+1"],"picked":"Dagger Spray+1","floor":11},{"not_picked":["Prepared+1","Blade Dance+1","Pace+1"],"picked":"SKIP","floor":13},{"not_picked":["Backflip+1","Tactician+1","Sucker Punch+1"],"picked":"SKIP","floor":14},{"not_picked":["Unload+1","Glass Knife+1"],"picked":"Adrenaline+1","floor":16},{"not_picked":["Blur+1","hubris:SlightOfHand+1","hubris:Counter+1"],"picked":"SKIP","floor":18},{"not_picked":["Slice+1","Deflect+1","Underhanded Strike+1"],"picked":"SKIP","floor":20},{"not_picked":["Dodge and Roll+1","Atom Bomb+1","Acrobatics+1"],"picked":"SKIP","floor":23}],"player_experience":3532942,"relics_obtained":[{"floor":6,"key":"StuffTheSpire:WitherSkull"},{"floor":8,"key":"Tiny Chest"},{"floor":11,"key":"WingedGreaves"},{"floor":14,"key":"conspire:DeflatedDodgeball"},{"floor":19,"key":"Elementarium:GoldenMirage"},{"floor":21,"key":"trackpad:AncestralArmaments"},{"floor":23,"key":"ReplayTheSpireMod:Ninjato"}],"event_choices":[{"damage_healed":0,"gold_gain":0,"player_choice":"Simplicity","damage_taken":0,"max_hp_gain":0,"max_hp_loss":10,"event_name":"betterThird:BetterWriting","floor":0,"gold_loss":0},{"damage_healed":0,"gold_gain":0,"player_choice":"Potion","damage_taken":0,"relics_obtained":["SneckoOil"],"max_hp_gain":0,"max_hp_loss":0,"event_name":"Menagerie:MagicPeddler","floor":3,"gold_loss":20},{"damage_healed":0,"gold_gain":0,"player_choice":"Ignored","damage_taken":0,"max_hp_gain":0,"max_hp_loss":0,"event_name":"Menagerie:CorruptingLight","floor":5,"gold_loss":0},{"damage_healed":0,"gold_gain":0,"player_choice":"2","damage_taken":0,"max_hp_gain":0,"max_hp_loss":0,"event_name":"betterMatch:BetterMatch","floor":12,"gold_loss":0,"cards_obtained":["betterMatch:UncommonCard"]},{"damage_healed":0,"gold_gain":0,"player_choice":"Fight","damage_taken":0,"max_hp_gain":0,"max_hp_loss":0,"event_name":"Elementarium:GoldenStatues","floor":19,"gold_loss":0},{"cards_removed":["Elementarium:StickyTar"],"damage_healed":0,"gold_gain":0,"player_choice":"Burn","damage_taken":0,"max_hp_gain":0,"max_hp_loss":0,"event_name":"Elementarium:LostScrolls","floor":22,"gold_loss":0}],"is_beta":false,"boss_relics":[{"not_picked":["ChewingGum","jedi:hotpepper"],"picked":"Ring of the Serpent"}],"items_purged_floors":[],"is_endless":false,"potions_floor_spawned":[1,4,8,16,20],"killed_by":"Elementarium:VoidBeast","ascension_level":18}}