{"host":"0fupymmp6wdjyqoi","time":1614164656,"event":{"mods":["BaseMod","Bestiary","Clockwork Mod","Conspire","Downfall","GifTheSpireLib","Hubris","Infinite Spire","Minty Spire (QoL Compilation)","Replay The Spire","StSLib","The Construct","The Senshi"],"gold_per_floor":[113,125,125,125,141,169,169,169,169,169,23,23,33,43,43,43,43],"floor_reached":16,"language":"ENG","playtime":1443,"items_purged":["Strike_R"],"score":105,"play_id":"b875474d-750a-49e9-944c-e1be5309214b","local_time":"20210224120416","is_ascension_mode":true,"campfire_choices":[{"floor":8,"key":"DIG"},{"floor":10,"key":"REST"},{"floor":15,"key":"REST"}],"circlet_count":0,"master_deck":["Strike_R","Strike_R+1","Strike_R+1","Strike_R","Defend_R","Defend_R","Defend_R","Defend_R","Bash","Bloodletting","Iron Wave","Fire Breathing+1","Power Through","Inflame","Iron Wave"],"relics":["Burning Blood","hubris:Teleporter","Shovel","infinitespire:Beetle Shell","conspire:Flyswatter"],"acts_visited":["Exordium"],"potions_floor_usage":[14],"damage_taken":[{"damage":3,"enemies":"2 Louse","floor":1,"turns":4},{"damage":3,"enemies":"Jaw Worm","floor":2,"turns":3},{"damage":5,"enemies":"Cultist","floor":5,"turns":4},{"damage":49,"enemies":"3 Sentries","floor":6,"turns":14},{"damage":1,"enemies":"3 Louse","floor":13,"turns":4},{"damage":32,"enemies":"Exordium Thugs","floor":14,"turns":7},{"damage":53,"enemies":"Hexaghost","floor":16,"turns":11}],"seed_played":"8671178943398607415","potions_obtained":[{"floor":5,"key":"DuplicationPotion"},{"floor":13,"key":"PowerPotion"}],"is_trial":false,"path_per_floor":["M","M","?","?","M","E","?","R","T","R","$","?","M","M","R","B"],"character_chosen":"IRONCLAD","items_purchased":["Power Through"],"campfire_rested":2,"item_purchase_floors":[11],"current_hp_per_floor":[80,80,64,64,65,22,22,22,22,46,46,46,51,25,49,0,0],"gold":43,"neow_bonus":"RANDOM_EVENT","is_daily":false,"chose_seed":false,"campfire_upgraded":0,"win_rate":0.0,"timestamp":1614164656,"path_taken":["M","M","?","?","?","E","?","R","T","R","?","?","?","M","R","BOSS"],"items_purchased_type":["Card"],"build_version":"2020-12-22","purchased_purges":1,"victory":false,"max_hp_per_floor":[80,80,80,80,80,80,80,80,80,80,80,80,80,80,80,80,80],"card_choices":[{"not_picked":["Run Through","Rupture"],"picked":"ReplayTheSpireMod:Strike From Hell","floor":1},{"not_picked":["Pommel Strike","Armaments"],"picked":"Bloodletting","floor":2},{"not_picked":["Headbutt","hubris:StunningStrike"],"picked":"Iron Wave","floor":5},{"not_picked":["Inflame","Replay:Undeath\u0027s Touch"],"picked":"Fire Breathing","floor":6},{"not_picked":["ReplayTheSpireMod:LeadingStrike","Pommel Strike"],"picked":"Inflame","floor":13},{"not_picked":["Cleave","Combust"],"picked":"Iron Wave","floor":14}],"player_experience":96866,"relics_obtained":[{"floor":6,"key":"infinitespire:Beetle Shell"},{"floor":8,"key":"conspire:Flyswatter"}],"event_choices":[{"damage_healed":0,"gold_gain":0,"player_choice":"Box","damage_taken":0,"relics_obtained":["hubris:Teleporter"],"max_hp_gain":0,"max_hp_loss":0,"event_name":"Big Fish","floor":0,"gold_loss":0,"cards_obtained":["Regret"]},{"damage_healed":0,"gold_gain":0,"player_choice":"Entered Light","damage_taken":16,"max_hp_gain":0,"max_hp_loss":0,"event_name":"Shining Light","floor":3,"gold_loss":0,"cards_upgraded":["Strike_R","Strike_R"]},{"cards_removed":["ReplayTheSpireMod:Strike From Hell"],"damage_healed":0,"gold_gain":0,"player_choice":"Gave Card","damage_taken":0,"relics_obtained":["Shovel"],"max_hp_gain":0,"max_hp_loss":0,"event_name":"WeMeetAgain","floor":4,"gold_loss":0},{"cards_removed":["Regret"],"damage_healed":0,"gold_gain":0,"player_choice":"Removed Curses","damage_taken":0,"max_hp_gain":0,"max_hp_loss":0,"event_name":"Fountain of Cleansing","floor":7,"gold_loss":0},{"damage_healed":0,"gold_gain":0,"player_choice":"Upgraded","damage_taken":0,"max_hp_gain":0,"max_hp_loss":0,"event_name":"Upgrade Shrine","floor":12,"gold_loss":0,"cards_upgraded":["Fire Breathing"]}],"is_beta":false,"boss_relics":[],"items_purged_floors":[11],"is_endless":false,"potions_floor_spawned":[5,13],"killed_by":"Hexaghost","ascension_level":1}}