{"host":"kj5ejyofr70ax6r3","time":1614187238,"event":{"mods":["BaseMod","BetterRewards","Colored Map","Downfall","GifTheSpireLib","Minty Spire (QoL Compilation)","Replay The Spire","Shop Mod","StSLib"],"gold_per_floor":[99,118,136,136,136,236,236,236,252,271,291,320,320,29,47,47,47,47],"floor_reached":16,"language":"ENG","playtime":675,"items_purged":["Spreading Infection"],"score":127,"play_id":"018e9b43-70fa-4aa1-9db2-0dff68f6f4f5","local_time":"20210224112038","is_ascension_mode":false,"campfire_choices":[{"floor":1,"key":"DIG"}],"circlet_count":0,"master_deck":["bronze:Strike","bronze:Strike","bronze:Strike","bronze:Strike","bronze:Defend","bronze:Defend","bronze:Defend","bronze:Defend","bronze:Replicate","bronze:FollowUp+1","bronze:Separator","bronze:Deprecate","bronze:BugBarrage","bronze:Turbo","bronze:Iterate","bronze:DelayedSlice","bronze:Repulsor","bronze:Terminator","bronze:Frontload"],"relics":["bronze:BronzeCore","bronze:DecasWashers","Onion Ring","ReplayTheSpireMod:Ring of Exchange","Ring of Fangs","MerchantsRug"],"acts_visited":["Exordium"],"potions_floor_usage":[12],"damage_taken":[{"damage":3,"enemies":"2 Louse","floor":2,"turns":2},{"damage":1,"enemies":"Cultist","floor":3,"turns":4},{"damage":2,"enemies":"Small Slimes","floor":9,"turns":2},{"damage":0,"enemies":"downfall:LooterAlt","floor":10,"turns":3},{"damage":2,"enemies":"3 Louse","floor":11,"turns":3},{"damage":0,"enemies":"Gremlin Nob","floor":12,"turns":1},{"damage":0,"enemies":"downfall:FleeingMerchant","floor":14,"turns":4},{"damage":0,"enemies":"Blue Slaver","floor":15,"turns":1},{"damage":43,"enemies":"DF_ARCHETYPE_STREAMLINE","floor":16,"turns":9}],"seed_played":"-259538629988060286","potions_obtained":[{"floor":2,"key":"Explosive Potion"},{"floor":10,"key":"SkillPotion"},{"floor":15,"key":"EssenceOfSteel"}],"is_trial":false,"path_per_floor":["R_BF","M","M","?","?","?","T","T","M","M","M","E","?","$","M","B"],"character_chosen":"THE_AUTOMATON","items_purchased":["MerchantsRug","bronze:Terminator"],"campfire_rested":0,"item_purchase_floors":[14,14],"current_hp_per_floor":[70,67,66,66,66,66,66,66,64,64,62,62,62,62,62,19,19,19],"gold":47,"neow_bonus":"TRANSFORM_CARD","is_daily":false,"chose_seed":false,"campfire_upgraded":0,"win_rate":0.0,"timestamp":1614187238,"path_taken":["R_BF","M","M","?","?","?","T","?","M","M","?","E","?","$","M","BOSS"],"items_purchased_type":["Relic","Card"],"build_version":"2020-12-22","purchased_purges":1,"victory":false,"max_hp_per_floor":[70,70,70,70,70,70,70,70,70,70,70,70,70,70,70,70,70,70],"card_choices":[{"not_picked":["bronze:WildBeam","bronze:Deprecate"],"picked":"bronze:FollowUp","floor":2},{"not_picked":["bronze:ForceShield","bronze:Deprecate"],"picked":"bronze:Separator","floor":3},{"not_picked":["bronze:WildBeam","bronze:Invalidate"],"picked":"bronze:BugBarrage","floor":9},{"not_picked":["bronze:BuggyMess","bronze:TinkerersToolbox"],"picked":"bronze:Turbo","floor":10},{"not_picked":["bronze:Optimize","bronze:DarkDash"],"picked":"bronze:Iterate","floor":11},{"not_picked":["bronze:ChildClass","bronze:Safeguard"],"picked":"bronze:DelayedSlice","floor":12},{"not_picked":["bronze:Boost","bronze:Fortify"],"picked":"bronze:Repulsor","floor":14},{"not_picked":["bronze:CloningBeam","bronze:Deprecate"],"picked":"bronze:Frontload","floor":15}],"player_experience":218649,"relics_obtained":[{"floor":1,"key":"Pet Ghost"},{"floor":8,"key":"bronze:DecasWashers"},{"floor":12,"key":"Onion Ring"},{"floor":13,"key":"ReplayTheSpireMod:Ring of Exchange"},{"floor":13,"key":"Ring of Fangs"}],"event_choices":[],"is_beta":false,"boss_relics":[],"items_purged_floors":[14],"is_endless":false,"potions_floor_spawned":[2,10,15],"killed_by":"DF_ARCHETYPE_STREAMLINE","ascension_level":0}}