{"host":"5h6e4l6hpn0p5lap","time":1614195228,"event":{"mods":["AchievementEnabler","BaseMod","Better Altar","Better Match","Better Sensory Stone","Better Skull","Better Third Choice","Colored Map","Filter the Spire","Minty Spire (QoL Compilation)","StSLib"],"gold_per_floor":[116,216,234,254,274,274,291,291,291,291,325,343,343,343,343,442,442,452,250,250,261,360,360,371,371,398,398,398,418,418,428,428,428,428],"floor_reached":33,"language":"ENG","playtime":1240,"items_purged":["Grand Finale"],"score":371,"play_id":"44d4fae8-7ee9-4e26-b4e0-4934ae9774ee","local_time":"20210224143348","is_ascension_mode":true,"campfire_choices":[{"data":"Poisoned Stab","floor":6,"key":"SMITH"},{"data":"Bane","floor":8,"key":"SMITH"},{"data":"Quick Slash","floor":10,"key":"SMITH"},{"floor":13,"key":"REST"},{"data":"Sucker Punch","floor":15,"key":"SMITH"},{"floor":23,"key":"REST"},{"floor":28,"key":"REST"},{"floor":32,"key":"REST"}],"circlet_count":0,"master_deck":["AscendersBane","Survivor","Neutralize","Quick Slash+1","Slice","Poisoned Stab+1","Deflect","Bane+1","Sucker Punch+1","Bullet Time","Heel Hook","Blur","Crippling Poison","Footwork","Riddle With Holes","Catalyst","Calculated Gamble","Blade Dance","Accuracy","Blade Dance","Terror","Flying Knee","Wraith Form v2","Accuracy"],"relics":["Ring of the Snake","Tiny Chest","HornCleat","Singing Bowl","Pandora\u0027s Box","InkBottle","Orichalcum","Potion Belt"],"acts_visited":["Exordium","TheCity"],"potions_floor_usage":[11,16,33,33],"damage_taken":[{"damage":0,"enemies":"Jaw Worm","floor":1,"turns":6},{"damage":5,"enemies":"Cultist","floor":3,"turns":4},{"damage":0,"enemies":"2 Louse","floor":4,"turns":4},{"damage":6,"enemies":"Gremlin Gang","floor":5,"turns":5},{"damage":5,"enemies":"Large Slime","floor":7,"turns":5},{"damage":11,"enemies":"Lagavulin","floor":11,"turns":6},{"damage":1,"enemies":"3 Louse","floor":12,"turns":4},{"damage":44,"enemies":"Slime Boss","floor":16,"turns":13},{"damage":9,"enemies":"Shell Parasite","floor":18,"turns":2},{"damage":10,"enemies":"3 Byrds","floor":21,"turns":5},{"damage":25,"enemies":"Snake Plant","floor":24,"turns":5},{"damage":20,"enemies":"Shelled Parasite and Fungi","floor":29,"turns":5},{"damage":25,"enemies":"3 Cultists","floor":31,"turns":6},{"damage":56,"enemies":"Collector","floor":33,"turns":6}],"seed_played":"3661902580406801752","potions_obtained":[{"floor":1,"key":"Block Potion"},{"floor":11,"key":"AttackPotion"},{"floor":16,"key":"Swift Potion"},{"floor":21,"key":"SpeedPotion"},{"floor":31,"key":"BlessingOfTheForge"}],"is_trial":false,"path_per_floor":["M","?","M","M","M","R","M","R","T","R","E","M","R","?","R","B",null,"M","$","T","M","?","R","M","?","T","?","R","M","T","M","R","B"],"character_chosen":"THE_SILENT","items_purchased":["Blade Dance","Accuracy"],"campfire_rested":4,"item_purchase_floors":[19,19],"current_hp_per_floor":[63,63,58,58,52,52,47,47,47,47,36,37,58,58,58,14,58,49,49,49,39,39,60,35,35,35,35,56,38,38,15,37,0,0],"gold":428,"neow_bonus":"RANDOM_COMMON_RELIC","is_daily":false,"chose_seed":false,"campfire_upgraded":4,"win_rate":0.0,"timestamp":1614195228,"path_taken":["M","?","M","?","M","R","M","R","T","R","E","M","R","?","R","BOSS","M","$","?","M","?","R","M","?","T","?","R","M","?","?","R","BOSS"],"items_purchased_type":["Card","Card"],"build_version":"2020-12-22","purchased_purges":1,"victory":false,"max_hp_per_floor":[70,70,70,70,70,70,70,70,70,70,70,72,72,72,72,72,72,72,72,72,72,72,72,72,72,72,72,72,74,74,76,76,76,76],"card_choices":[{"not_picked":["Infinite Blades","Eviscerate"],"picked":"Quick Slash","floor":1},{"not_picked":["Eviscerate","Dodge and Roll"],"picked":"Slice","floor":3},{"not_picked":["Bane","Outmaneuver"],"picked":"Poisoned Stab","floor":4},{"not_picked":["PiercingWail","Poisoned Stab"],"picked":"Deflect","floor":5},{"not_picked":["Burst","Sucker Punch"],"picked":"Bane","floor":7},{"not_picked":["Poisoned Stab","Caltrops"],"picked":"Sucker Punch","floor":11},{"not_picked":["Flying Knee","Acrobatics","Deflect"],"picked":"Singing Bowl","floor":12},{"not_picked":["Storm of Steel","A Thousand Cuts"],"picked":"Bullet Time","floor":16},{"not_picked":["Deflect","Predator+1"],"picked":"Calculated Gamble","floor":18},{"not_picked":["PiercingWail","Dodge and Roll"],"picked":"Blade Dance","floor":21},{"not_picked":["Cloak And Dagger","Dagger Throw+1"],"picked":"Terror","floor":24},{"not_picked":["Quick Slash","Dagger Throw","Slice"],"picked":"Singing Bowl","floor":29},{"not_picked":["Sucker Punch+1","Dash","Setup"],"picked":"Singing Bowl","floor":31}],"player_experience":1171255,"relics_obtained":[{"floor":9,"key":"HornCleat"},{"floor":11,"key":"Singing Bowl"},{"floor":20,"key":"InkBottle"},{"floor":26,"key":"Orichalcum"},{"floor":30,"key":"Potion Belt"}],"event_choices":[{"damage_healed":0,"gold_gain":100,"player_choice":"Pray","damage_taken":0,"max_hp_gain":0,"max_hp_loss":0,"event_name":"Golden Shrine","floor":2,"gold_loss":0},{"cards_removed":["Strike_G"],"damage_healed":0,"gold_gain":0,"player_choice":"Card Removal","damage_taken":0,"max_hp_gain":0,"max_hp_loss":0,"event_name":"Wheel of Change","floor":14,"gold_loss":0},{"damage_healed":0,"gold_gain":99,"player_choice":"Steal","damage_taken":0,"max_hp_gain":0,"max_hp_loss":0,"event_name":"betterThird:BetterNest","floor":22,"gold_loss":0},{"damage_healed":0,"gold_gain":0,"cards_transformed":["Riddle With Holes","Grand Finale"],"player_choice":"Became Test Subject","damage_taken":0,"max_hp_gain":0,"max_hp_loss":0,"event_name":"Drug Dealer","floor":25,"gold_loss":0,"cards_obtained":["Flying Knee","Wraith Form v2"]},{"damage_healed":0,"gold_gain":0,"player_choice":"Copied","damage_taken":0,"max_hp_gain":0,"max_hp_loss":0,"event_name":"Duplicator","floor":27,"gold_loss":0,"cards_obtained":["Accuracy"]}],"is_beta":false,"boss_relics":[{"not_picked":["Cursed Key","Runic Dome"],"picked":"Pandora\u0027s Box"}],"items_purged_floors":[19],"is_endless":false,"potions_floor_spawned":[1,11,16,21,31],"killed_by":"Collector","ascension_level":10}}