{"host":"2d926qfvvz477zl6","time":1614201718,"event":{"mods":["Aspiration","BaseMod","Challenge The Spire","Colorless Booster Pack","Conspire","Defective Defect","Downfall","GifTheSpireLib","Googly Eyes","GungeonMod","Halation","Hermit","Hubris","Infinite Spire","Minty Spire (QoL Compilation)","Morshu Shopkeeper","Permanent Neow","Poor People Problems","Quick Restart","Rare Cards Sparkle","Reliquary","Replay The Spire","Shedinja","Shop Mod","Somnambulant","Spicy Shops","StS++","StSLib","Stuff the Spire","Td1madao Mod","The Awakened One except there are too many feathers","The Blue Laboratory","The Bug Knight","The Construct","The Cursed","The Disciple","The Edgeheg","The Forsaken","The Hierophant","The Servant 0.9.4","TheFirefly","Uncapped","Useless Jewels Mod","Wandering Minibosses","Wide Potions","egg","everything is the same but u backflip on backflip","slay the spire mod where everything is the same but ironclad has a cowboy hat","thorton"],"gold_per_floor":[119,9,28,28,45,45,320,320,320,19,39,59,59,72,72,146,146,162,162,87,87,87,87,87],"floor_reached":23,"language":"ENG","playtime":519,"items_purged":["Regret"],"score":304,"play_id":"c17fcfe4-ee05-4126-b8a4-754f347fdd05","local_time":"20210224162158","is_ascension_mode":true,"campfire_choices":[{"data":"Zap","floor":6,"key":"SMITH"},{"data":"Streamline","floor":8,"key":"SMITH"},{"data":"Coolheaded","floor":13,"key":"SMITH"},{"data":"BasicCrystalCard","floor":15,"key":"SMITH"}],"circlet_count":0,"master_deck":["AscendersBane","Strike_B","Strike_B","Strike_B","Strike_B","Defend_B","Defend_B","Defend_B","Defend_B","Zap+1","Dualcast+1","Streamline+1","Clumsy","Sweeping Beam","Leap","FTL","Ball Lightning","Panic Button","Coolheaded+1","BasicCrystalCard+1","hubris:DoWhile","Compile Driver","CommonCold","StuffTheSpire:Rapture"],"relics":["Cracked Core","Runic Capacitor","aspiration:Lifesprig","StuffTheSpire:CocoNut","thethorton:BottledFunds","ReplayTheSpireMod:Ring of Exchange","Ring of Panic","Nloth\u0027s Gift"],"acts_visited":["Exordium","TheCity"],"potions_floor_usage":[23],"damage_taken":[{"damage":0.0,"enemies":"Cultist","floor":1.0,"turns":1.0},{"damage":0,"enemies":"Jaw Worm","floor":3,"turns":1},{"damage":0,"enemies":"2 Louse","floor":5,"turns":1},{"damage":28,"enemies":"Exordium Thugs","floor":11,"turns":4},{"damage":3,"enemies":"Blue Slaver","floor":12,"turns":2},{"damage":6,"enemies":"2 Fungi Beasts","floor":14,"turns":3},{"damage":12,"enemies":"Hexaghost","floor":16,"turns":7},{"damage":32,"enemies":"3 Byrds","floor":18,"turns":4},{"damage":20,"enemies":"conspire:Head Lice","floor":23,"turns":2}],"seed_played":"6411101248886062938","potions_obtained":[{"floor":3,"key":"SneckoOil"},{"floor":5,"key":"blueLaboratory:RelayPotion"}],"is_trial":false,"path_per_floor":["M","$","M","?","M","R","?","R","T","$","M","M","R","M","R","B",null,"M","?","$","?","?","E"],"character_chosen":"DEFECT","items_purchased":["Runic Capacitor","Sweeping Beam","Ball Lightning","StuffTheSpire:CocoNut"],"campfire_rested":0,"item_purchase_floors":[2,2,10,10],"current_hp_per_floor":[64,64,64,64,64,64,64,64,64,71,43,40,40,34,34,22,64,32,32,32,17,17,0,0],"gold":87,"neow_bonus":"THREE_ENEMY_KILL","is_daily":false,"chose_seed":false,"campfire_upgraded":4,"win_rate":0.0,"timestamp":1614201718,"path_taken":["M","$","?","?","M","R","?","R","T","$","M","?","R","M","R","BOSS","M","?","$","?","?","E"],"items_purchased_type":["Relic","Card","Card","Relic"],"build_version":"2020-12-22","purchased_purges":1,"victory":false,"max_hp_per_floor":[71,71,71,71,71,71,71,71,71,78,78,78,78,78,78,78,78,78,78,78,78,78,78,78],"card_choices":[{"not_picked":["Go for the Eyes","Compile Driver"],"picked":"Streamline","floor":1.0},{"not_picked":["Double Energy","Streamline"],"picked":"Leap","floor":3},{"not_picked":["Compile Driver","Go for the Eyes"],"picked":"FTL","floor":5},{"not_picked":["Steam Power","Turbo"],"picked":"Panic Button","floor":11},{"not_picked":["Lockon","Steam"],"picked":"Coolheaded","floor":12},{"not_picked":["Compile Driver","Reprogram"],"picked":"BasicCrystalCard","floor":14},{"not_picked":["Thunder Strike","StSpp:MemoryLeak"],"picked":"hubris:DoWhile","floor":16},{"not_picked":["ReplaySolidLightProjector","Sweeping Beam+1"],"picked":"Compile Driver","floor":18}],"player_experience":539278,"relics_obtained":[{"floor":9,"key":"aspiration:Lifesprig"},{"floor":19,"key":"ReplayTheSpireMod:Ring of Exchange"},{"floor":19,"key":"Ring of Panic"}],"event_choices":[{"damage_healed":0,"gold_gain":275,"player_choice":"Desecrate","damage_taken":0,"max_hp_gain":0,"max_hp_loss":0,"event_name":"Golden Shrine","floor":7,"gold_loss":0,"cards_obtained":["Regret"]},{"damage_healed":0,"gold_gain":0,"player_choice":"Traded Relic","damage_taken":0,"relics_obtained":["Nloth\u0027s Gift"],"max_hp_gain":0,"max_hp_loss":0,"event_name":"N\u0027loth","floor":22,"relics_lost":["NeowsBlessing"],"gold_loss":0}],"is_beta":false,"boss_relics":[{"not_picked":["hubris:CrackedHourglass","Replay:Bronze Core"],"picked":"thethorton:BottledFunds"}],"items_purged_floors":[20],"is_endless":false,"potions_floor_spawned":[3,5,16,18],"killed_by":"conspire:Head Lice","ascension_level":14}}