{"host":"d52brwsy6af8zvaq","time":1614196130,"event":{"mods":["AchievementEnabler","BaseMod","Bestiary","Highlight Path","Minty Spire (QoL Compilation)","Quick Restart","Relic Stats","ojb\u0027s Better Paths Mod"],"gold_per_floor":[110,32,45,61,73,106,106,106,106,135,2,16,32,46,46,121,121,136,150,150,165,165,165],"floor_reached":22,"language":"ENG","playtime":1173,"items_purged":["Strike_B"],"score":400,"play_id":"a8b4e97d-8fa4-425c-bd58-4456761fc086","local_time":"20210224124850","is_ascension_mode":true,"campfire_choices":[{"floor":8.0,"key":"REST"},{"data":"Static Discharge","floor":15,"key":"SMITH"}],"circlet_count":0,"master_deck":["AscendersBane","Strike_B","Defend_B","Defend_B","Defend_B","Defend_B","Zap","Dualcast","Sweeping Beam","Static Discharge+1","BootSequence","Cold Snap","Leap","Recycle","Tempest","Multi-Cast","Coolheaded","Loop","FTL","Go for the Eyes","Thunder Strike","Turbo","Coolheaded+1"],"relics":["Cracked Core","MealTicket","Meat on the Bone","Bird Faced Urn","Runic Pyramid"],"acts_visited":["Exordium","TheCity"],"potions_floor_usage":[10],"damage_taken":[{"damage":0.0,"enemies":"2 Louse","floor":1.0,"turns":3.0},{"damage":0.0,"enemies":"Cultist","floor":3.0,"turns":3.0},{"damage":7.0,"enemies":"Jaw Worm","floor":4.0,"turns":4.0},{"damage":3.0,"enemies":"3 Louse","floor":5.0,"turns":2.0},{"damage":37.0,"enemies":"Gremlin Nob","floor":6.0,"turns":4.0},{"damage":18,"enemies":"3 Sentries","floor":10,"turns":6},{"damage":0,"enemies":"Blue Slaver","floor":12,"turns":5},{"damage":0,"enemies":"Red Slaver","floor":13,"turns":3},{"damage":17,"enemies":"Lots of Slimes","floor":14,"turns":5},{"damage":24,"enemies":"Hexaghost","floor":16,"turns":9},{"damage":17,"enemies":"Shell Parasite","floor":18,"turns":6},{"damage":14,"enemies":"3 Byrds","floor":19,"turns":3},{"damage":38,"enemies":"3 Cultists","floor":21,"turns":5},{"damage":26,"enemies":"Cultist and Chosen","floor":22,"turns":4}],"seed_played":"-3830403715810203555","potions_obtained":[{"floor":1.0,"key":"SpeedPotion"},{"floor":4.0,"key":"DistilledChaos"},{"floor":6.0,"key":"SneckoOil"},{"floor":13,"key":"Swift Potion"},{"floor":16,"key":"DuplicationPotion"}],"is_trial":false,"path_per_floor":["M","$","M","M","M","E","?","R","T","E","$","M","M","M","R","B",null,"M","M","?","M","M"],"character_chosen":"DEFECT","items_purchased":["Static Discharge","Coolheaded"],"campfire_rested":1,"item_purchase_floors":[2,11],"current_hp_per_floor":[71,71,71,64,61,24,24,47,47,41,56,56,56,41,41,33,67,54,42,42,20,0,0],"gold":165,"neow_bonus":"TEN_PERCENT_HP_BONUS","is_daily":false,"chose_seed":false,"campfire_upgraded":1,"win_rate":0.0,"timestamp":1614196130,"path_taken":["M","$","M","M","M","E","?","R","T","E","$","?","?","M","R","BOSS","M","M","?","M","M"],"items_purchased_type":["Card","Card"],"build_version":"2020-12-22","purchased_purges":1,"victory":false,"max_hp_per_floor":[78,78,78,78,78,78,78,78,78,78,78,78,78,78,78,78,78,78,78,78,78,78,78],"relic_stats":{"counters":[14,62],"Bird Faced Urn":[18],"MealTicket":15,"obtain_stats":[{"Bird Faced Urn":10,"MealTicket":6,"Cracked Core":0,"Meat on the Bone":9,"Runic Pyramid":17},{"Bird Faced Urn":6,"MealTicket":5,"Cracked Core":0,"Meat on the Bone":5,"Runic Pyramid":10},{"Bird Faced Urn":22,"MealTicket":16,"Cracked Core":0,"Meat on the Bone":16,"Runic Pyramid":44}],"Meat on the Bone":36},"card_choices":[{"not_picked":["Chaos","Redo"],"picked":"Sweeping Beam","floor":1.0},{"not_picked":["Recycle","Barrage"],"picked":"BootSequence","floor":3.0},{"not_picked":["Hologram","Go for the Eyes"],"picked":"Cold Snap","floor":4.0},{"not_picked":["Rebound","Tempest"],"picked":"Leap","floor":5.0},{"not_picked":["Aggregate","Leap"],"picked":"Recycle","floor":6.0},{"not_picked":["Cold Snap","Hello World"],"picked":"Multi-Cast","floor":10},{"not_picked":["Barrage","Streamline"],"picked":"Loop","floor":12},{"not_picked":["Go for the Eyes","Conserve Battery"],"picked":"FTL","floor":13},{"not_picked":["Sweeping Beam","Gash"],"picked":"Go for the Eyes","floor":14},{"not_picked":["Meteor Strike","Fission"],"picked":"Thunder Strike","floor":16},{"not_picked":["Rebound","Beam Cell","Go for the Eyes"],"picked":"SKIP","floor":18},{"not_picked":["Cold Snap","Beam Cell"],"picked":"Turbo","floor":19},{"not_picked":["Gash","Barrage"],"picked":"Coolheaded+1","floor":21}],"player_experience":2357295,"relics_obtained":[{"floor":6.0,"key":"MealTicket"},{"floor":9.0,"key":"Meat on the Bone"},{"floor":10,"key":"Bird Faced Urn"}],"event_choices":[{"damage_healed":0.0,"max_hp_gain":0.0,"max_hp_loss":0.0,"gold_gain":0.0,"cards_transformed":["Strike_B"],"event_name":"Transmorgrifier","player_choice":"Transformed","floor":7.0,"gold_loss":0.0,"damage_taken":0.0,"cards_obtained":["Tempest"]},{"cards_removed":["Strike_B"],"damage_healed":0,"gold_gain":0,"player_choice":"Offered Basic","damage_taken":0,"max_hp_gain":0,"max_hp_loss":0,"event_name":"Bonfire Elementals","floor":20,"gold_loss":0}],"is_beta":false,"boss_relics":[{"not_picked":["Tiny House","Coffee Dripper"],"picked":"Runic Pyramid"}],"items_purged_floors":[11],"is_endless":false,"potions_floor_spawned":[1,4,6,13,16,19],"killed_by":"Cultist and Chosen","ascension_level":20}}