{"host":"fuszjwm6fqgjjp4d","time":1614142438,"event":{"mods":["BaseMod","Colored Map","Minty Spire (QoL Compilation)","Permanent Neow","Relic Sorter","Relic Stats","StSLib"],"gold_per_floor":[110,129,141,153,168,168,183,183,183,215,215,276,276,60,60,131,131,146,146,146,146,161,161,20,0,79,79,105,105,115,141,141,141,141],"floor_reached":33,"language":"ENG","playtime":904,"items_purged":[],"score":766,"play_id":"54ac6089-f427-4241-aad6-15d95879192e","local_time":"20210223225358","is_ascension_mode":true,"campfire_choices":[{"data":"LessonLearned","floor":6.0,"key":"SMITH"},{"floor":8.0,"key":"REST"},{"floor":11.0,"key":"REST"},{"floor":15.0,"key":"REST"},{"floor":23,"key":"RECALL"},{"floor":27,"key":"REST"},{"floor":29,"key":"REST"},{"floor":32,"key":"REST"}],"circlet_count":0,"master_deck":["AscendersBane","Strike_P","Strike_P+1","Defend_P+1","Defend_P+1","Defend_P+1","Defend_P","Eruption+1","Vigilance+1","LessonLearned+1","WheelKick+1","Protect+1","ThirdEye","SashWhip+1","WaveOfTheHand","EmptyBody","TalkToTheHand+1","Ragnarok+1","RitualDagger+1","Omniscience+1","TalkToTheHand+1","EmptyFist+1","LessonLearned+1"],"relics":["PureWater","Molten Egg 2","Anchor","Orichalcum","Membership Card","Fusion Hammer","Matryoshka","Art of War","Ornamental Fan","Pear","GoldenEye"],"acts_visited":["Exordium","TheCity"],"potions_floor_usage":[31,31,31,33],"damage_taken":[{"damage":7.0,"enemies":"2 Louse","floor":1.0,"turns":3.0},{"damage":9.0,"enemies":"Small Slimes","floor":2.0,"turns":4.0},{"damage":4.0,"enemies":"Cultist","floor":3.0,"turns":4.0},{"damage":9.0,"enemies":"Looter","floor":4.0,"turns":3.0},{"damage":11.0,"enemies":"Red Slaver","floor":5.0,"turns":7.0},{"damage":11.0,"enemies":"Exordium Thugs","floor":7.0,"turns":5.0},{"damage":15.0,"enemies":"Lagavulin","floor":10.0,"turns":5.0},{"damage":20.0,"enemies":"Lagavulin Event","floor":12.0,"turns":5.0},{"damage":0,"enemies":"Slime Boss","floor":16,"turns":6},{"damage":0,"enemies":"Spheric Guardian","floor":18,"turns":2},{"damage":3,"enemies":"Chosen","floor":22,"turns":4},{"damage":0,"enemies":"Book of Stabbing","floor":28,"turns":6},{"damage":0,"enemies":"Snecko","floor":30,"turns":4},{"damage":0,"enemies":"Slavers","floor":31,"turns":4},{"damage":94,"enemies":"Champ","floor":33,"turns":15}],"seed_played":"5228902175036524782","potions_obtained":[{"floor":3.0,"key":"Energy Potion"},{"floor":4.0,"key":"Explosive Potion"},{"floor":30,"key":"EntropicBrew"},{"floor":31,"key":"Weak Potion"}],"is_trial":false,"path_per_floor":["M","M","M","M","M","R","M","R","T","E","R","?","?","$","R","B",null,"M","?","?","?","M","R","$","?","T","R","E","R","M","E","R","B"],"character_chosen":"WATCHER","items_purchased":["Membership Card","TalkToTheHand+1","Matryoshka"],"campfire_rested":6,"item_purchase_floors":[14,14,24],"current_hp_per_floor":[54,45,41,32,21,21,10,30,30,15,35,15,15,15,35,35,60,60,54,35,35,32,32,32,32,32,53,63,83,83,83,83,0,0],"gold":141,"neow_bonus":"ONE_RANDOM_RARE_CARD","is_daily":false,"chose_seed":false,"campfire_upgraded":1,"win_rate":0.0,"timestamp":1614142438,"path_taken":["M","M","M","M","M","R","M","R","T","E","R","?","?","$","R","BOSS","M","?","?","?","?","R","?","?","T","R","E","R","M","E","R","BOSS"],"items_purchased_type":["Relic","Card","Relic"],"build_version":"2020-12-22","purchased_purges":0,"victory":false,"max_hp_per_floor":[68,68,68,68,68,68,68,68,68,68,68,68,68,68,68,68,68,68,68,73,73,73,73,73,73,73,73,83,83,83,83,83,83,83],"relic_stats":{"counters":[15,77],"Ornamental Fan":[32],"Art of War":[2],"Orichalcum":[12],"GoldenEye":[10],"obtain_stats":[{"Anchor":10,"Matryoshka":24,"Pear":28,"Ornamental Fan":26,"Molten Egg 2":9,"Fusion Hammer":17,"Art of War":26,"Membership Card":14,"PureWater":0,"Orichalcum":12,"GoldenEye":31},{"Anchor":7,"Matryoshka":11,"Pear":12,"Ornamental Fan":11,"Molten Egg 2":6,"Fusion Hammer":9,"Art of War":11,"Membership Card":8,"PureWater":0,"Orichalcum":8,"GoldenEye":14},{"Anchor":31,"Matryoshka":48,"Pear":54,"Ornamental Fan":48,"Molten Egg 2":26,"Fusion Hammer":42,"Art of War":48,"Membership Card":36,"PureWater":0,"Orichalcum":36,"GoldenEye":62}]},"card_choices":[{"not_picked":["SashWhip","Study"],"picked":"WheelKick","floor":1.0},{"not_picked":["Evaluate","WheelKick"],"picked":"Protect","floor":2.0},{"not_picked":["JustLucky","Halt","Protect"],"picked":"SKIP","floor":3.0},{"not_picked":["FlurryOfBlows","SandsOfTime"],"picked":"ThirdEye","floor":4.0},{"not_picked":["ClearTheMind","BowlingBash","BattleHymn"],"picked":"SKIP","floor":5.0},{"not_picked":["Nirvana","Consecrate","Protect"],"picked":"SKIP","floor":7.0},{"not_picked":["Meditate","InnerPeace"],"picked":"SashWhip+1","floor":10.0},{"not_picked":["DevaForm","Prostrate"],"picked":"WaveOfTheHand","floor":12.0},{"not_picked":["Scrawl","SpiritShield"],"picked":"Ragnarok+1","floor":16},{"not_picked":["SignatureMove+1","Crescendo","PathToVictory"],"picked":"SKIP","floor":18},{"not_picked":["Halt","CrushJoints+1","BowlingBash+1"],"picked":"SKIP","floor":22},{"not_picked":["FlyingSleeves+1","WreathOfFlame"],"picked":"TalkToTheHand+1","floor":28},{"not_picked":["Meditate","Fasting2"],"picked":"EmptyFist+1","floor":30},{"not_picked":["ForeignInfluence","LikeWater"],"picked":"LessonLearned+1","floor":31}],"player_experience":1525781,"relics_obtained":[{"floor":9.0,"key":"Molten Egg 2"},{"floor":10.0,"key":"Anchor"},{"floor":12.0,"key":"Orichalcum"},{"floor":26,"key":"Art of War"},{"floor":26,"key":"Ornamental Fan"},{"floor":28,"key":"Pear"},{"floor":31,"key":"GoldenEye"}],"event_choices":[{"damage_healed":0.0,"max_hp_gain":0.0,"max_hp_loss":0.0,"gold_gain":30.0,"event_name":"Dead Adventurer","player_choice":"Searched \u00272\u0027 times","floor":12.0,"gold_loss":0.0,"damage_taken":0.0},{"damage_healed":0.0,"max_hp_gain":0.0,"max_hp_loss":0.0,"gold_gain":0.0,"cards_transformed":["Strike_P"],"event_name":"Transmorgrifier","player_choice":"Transformed","floor":13.0,"gold_loss":0.0,"damage_taken":0.0,"cards_obtained":["EmptyBody"]},{"damage_healed":0,"gold_gain":0,"player_choice":"Joined the Cult","damage_taken":6,"max_hp_gain":0,"max_hp_loss":0,"event_name":"Nest","floor":19,"gold_loss":0,"cards_obtained":["RitualDagger"]},{"damage_healed":0,"gold_gain":0,"player_choice":"Shed Blood","damage_taken":24,"max_hp_gain":5,"max_hp_loss":0,"event_name":"Forgotten Altar","floor":20,"gold_loss":0},{"damage_healed":0,"gold_gain":0,"cards_transformed":["Strike_P"],"player_choice":"Transformed","damage_taken":0,"max_hp_gain":0,"max_hp_loss":0,"event_name":"Transmorgrifier","floor":21,"gold_loss":0,"cards_obtained":["Omniscience"]},{"damage_healed":0,"gold_gain":0,"player_choice":"Paid Fearfully","damage_taken":0,"max_hp_gain":0,"max_hp_loss":0,"event_name":"Masked Bandits","floor":25,"gold_loss":20}],"is_beta":false,"boss_relics":[{"not_picked":["HolyWater","SacredBark"],"picked":"Fusion Hammer"}],"items_purged_floors":[],"is_endless":false,"potions_floor_spawned":[3,4,30,31],"killed_by":"Champ","ascension_level":20}}