{"host":"k2fk6k4lf3fy23m9","time":1614126772,"event":{"mods":["AchievementEnabler","BaseMod","Card Forge","CatGirl Mod","Colored Map","DeckTracker","FoggyMod","Fox Events","Hermit","Minty Spire (QoL Compilation)","READ ME - Snecko Mod","SIMod","Shop Mod","StSLib","Synergy Search","The Servant 0.9.4","The Vixen","TheHero","UnlockEverythingMod","Waifu the Spire"],"gold_per_floor":[110,110,110,120,120,146,160,183,183,201,234,509,509,527,527,527,527],"floor_reached":16,"language":"DEU","playtime":733,"items_purged":[],"score":135,"play_id":"e7fbd4b7-885f-44f6-8eb7-3fc60c0dbc87","local_time":"20210224013252","is_ascension_mode":false,"campfire_choices":[{"floor":13,"key":"REST"},{"floor":15,"key":"RECALL"}],"circlet_count":0,"master_deck":["hermit:Strike_Hermit","hermit:Strike_Hermit","hermit:Strike_Hermit","hermit:Strike_Hermit","hermit:Defend_Hermit","hermit:Defend_Hermit","hermit:Defend_Hermit","hermit:Defend_Hermit","hermit:Snapshot","hermit:Covet","hermit:Manifest","hermit:Desperado","hermit:EyeOfTheStorm","hermit:Cheat","hermit:LuckOfTheDraw","hermit:Combo","Regret","hermit:BigShot"],"relics":["hermit:Momento","Hammer of Thor","Seething Fire","Anvil of the Gods","NeowsBlessing","Pyrelight","Tiny Chest","Regal Pillow","Orichalcum","The Courier","Bag of Preparation"],"acts_visited":["Exordium"],"potions_floor_usage":[16,16],"damage_taken":[{"damage":0,"enemies":"Jaw Worm","floor":1,"turns":1},{"damage":0,"enemies":"Cultist","floor":4,"turns":1},{"damage":0,"enemies":"3 Sentries","floor":6,"turns":2},{"damage":0,"enemies":"Small Slimes","floor":7,"turns":3},{"damage":7,"enemies":"Red Slaver","floor":10,"turns":3},{"damage":35,"enemies":"Lagavulin","floor":11,"turns":8},{"damage":3,"enemies":"Exordium Thugs","floor":14,"turns":5},{"damage":67,"enemies":"Hexaghost","floor":16,"turns":9}],"seed_played":"-6845460600517583079","potions_obtained":[{"floor":1,"key":"AttackPotion"},{"floor":6,"key":"SteroidPotion"},{"floor":7,"key":"Fire Potion"}],"is_trial":false,"path_per_floor":["M","?","T","M","?","E","M","T","T","M","E","?","R","M","R","B"],"character_chosen":"HERMIT","items_purchased":[],"campfire_rested":1,"item_purchase_floors":[],"current_hp_per_floor":[75,75,75,75,75,75,75,75,75,68,33,33,70,67,67,0,0],"gold":527,"neow_bonus":"THREE_ENEMY_KILL","is_daily":false,"chose_seed":false,"campfire_upgraded":0,"win_rate":0.0,"timestamp":1614126772,"path_taken":["M","?","?","?","?","E","?","?","T","?","E","?","R","?","R","BOSS"],"items_purchased_type":[],"build_version":"2020-12-22","purchased_purges":0,"victory":false,"max_hp_per_floor":[75,75,75,75,75,75,75,75,75,75,75,75,75,75,75,75,75],"card_choices":[{"not_picked":["hermit:Grudge","hermit:TakeCover"],"picked":"hermit:Manifest","floor":1},{"not_picked":["hermit:CalledShot","hermit:Glare"],"picked":"hermit:Desperado","floor":4},{"not_picked":["hermit:GoldenBullet","hermit:LuckOfTheDraw"],"picked":"hermit:EyeOfTheStorm","floor":6},{"not_picked":["hermit:CalledShot","hermit:TakeCover"],"picked":"hermit:Cheat","floor":7},{"not_picked":["hermit:Ricochet","hermit:HighCaliber"],"picked":"hermit:LuckOfTheDraw","floor":10},{"not_picked":["hermit:PistolWhip","hermit:Headshot"],"picked":"hermit:Combo","floor":11},{"not_picked":["hermit:Quickdraw","hermit:BodyArmor"],"picked":"hermit:BigShot","floor":14}],"player_experience":222091,"relics_obtained":[{"floor":3,"key":"Tiny Chest"},{"floor":6,"key":"Regal Pillow"},{"floor":8,"key":"Orichalcum"},{"floor":9,"key":"The Courier"},{"floor":11,"key":"Bag of Preparation"}],"event_choices":[{"damage_healed":0,"gold_gain":0,"player_choice":"Ignored","damage_taken":0,"max_hp_gain":0,"max_hp_loss":0,"event_name":"NoteForYourself","floor":5,"gold_loss":0},{"damage_healed":0,"gold_gain":275,"player_choice":"Desecrate","damage_taken":0,"max_hp_gain":0,"max_hp_loss":0,"event_name":"Golden Shrine","floor":12,"gold_loss":0,"cards_obtained":["Regret"]}],"is_beta":false,"boss_relics":[],"items_purged_floors":[],"is_endless":false,"potions_floor_spawned":[1,6,7],"killed_by":"Hexaghost","ascension_level":0}}