{"host":"clf2hd4adhiiw0zf","time":1614138129,"event":{"mods":["AchievementEnabler","BaseMod","Beaked The Cultist","Bestiary","Dark Map","Downfall","Gremlin Mod","Hermit","Jorbs\u0027s Wanderer Trilogy","Marisa????????","Minty Spire (QoL Compilation)","Quick Restart","Replay The Spire","Shop Mod","Spire Arcade","StSLib","The Construct","The Cursed","Wide Potions"],"gold_per_floor":[99,99,199,199,199,199,199,226,251,269,288,304,204,204,215,311,311,311,346,419,214,248,311,311,364,411,449,549,449,449,488,529,663,663,663,711,819,868,900,946,1027,1063,1063,1063,1150,1211,509,409,409,409,427,477,477,540,10,10,30,60],"floor_reached":59,"language":"ENG","playtime":9246,"items_purged":["Hallucinations","Pride","ReplayTheSpireMod:Doomed"],"score":1819,"play_id":"df33896c-631a-4ff1-8a32-1d28e0205f3c","local_time":"20210223204209","is_ascension_mode":true,"campfire_choices":[{"floor":1.0,"key":"RECALL"},{"floor":13.0,"key":"REST"},{"floor":18.0,"key":"DIG"},{"data":"Guardian:ExploitGems","floor":29.0,"key":"SMITH"},{"data":"Guardian:ExploitGems","floor":29.0,"key":"SMITH"},{"data":"Sadistic Nature","floor":48,"key":"SMITH"},{"data":"Guardian:PrismaticBeam","floor":48,"key":"SMITH"},{"floor":56,"key":"REST"}],"circlet_count":0,"master_deck":["Guardian:Strike_Guardian","Guardian:Strike_Guardian","Guardian:Strike_Guardian","Guardian:Strike_Guardian+1","Guardian:Defend_Guardian+1","Guardian:Defend_Guardian+1","Guardian:Defend_Guardian","Guardian:Defend_Guardian+1","Guardian:CurlUp","Guardian:TwinSlam","Guardian:PrismaticBarrier+1","Guardian:ExploitGems+1","Guardian:VentSteam","Guardian:TemporalShield+1","Guardian:ExploitGems+1","Guardian:GemFire+1","Guardian:CrystalBeam","expansioncontent:QuickStudy+1","Guardian:WalkerClaw","Guardian:PrismaticBeam+1","Guardian:Gem_Fragmented","Guardian:BronzeArmor+1","Guardian:StasisEngine","Guardian:Gem_Green","Guardian:Reroute","Guardian:Clone+1","Sadistic Nature+1","downfall:Aged","Parasite","Guardian:PrimingBeam+1","Guardian:BronzeArmor+1","Guardian:PolyBeam+1"],"relics":["Guardian:ModeShifterPlus","downfall:HeartsMalice","ReplayTheSpireMod:Ring of Exchange","Ring of Peace","Guardian:PickAxe","Shuriken","Tiny Chest","Odd Mushroom","downfall:HeartBlessingRed","Guardian:StasisSlotReductionRelic","Replay:Bandana","Toxic Egg 2","Whetstone","construct:RocketBooster","Replay:Arrowhead","downfall:HeartBlessingBlue","hexamod:BolsterEngine","Replay:Mystery Machine","Dream Catcher","Gremlin Horn","Replay:Bottled Steam","champ:DeflectingBracers","downfall:HeartBlessingGreen","Guardian:StasisEgg","Guardian:StasisCodex","ReplayTheSpireMod:CursedCoin","Guardian:GemstoneGun","Replay:Bottled Flurry"],"acts_visited":["Exordium","TheCity","TheBeyond","TheEnding"],"potions_floor_usage":[45,58],"damage_taken":[{"damage":0.0,"enemies":"Small Slimes","floor":4.0,"turns":1.0},{"damage":0.0,"enemies":"Jaw Worm","floor":5.0,"turns":1.0},{"damage":0.0,"enemies":"Jaw Worm","floor":6.0,"turns":1.0},{"damage":20.0,"enemies":"Gremlin Nob","floor":8.0,"turns":8.0},{"damage":22.0,"enemies":"The Mushroom Lair","floor":9.0,"turns":8.0},{"damage":0.0,"enemies":"Cultist","floor":10.0,"turns":5.0},{"damage":5.0,"enemies":"Red Slaver","floor":11.0,"turns":5.0},{"damage":5.0,"enemies":"Gremlin Gang","floor":12.0,"turns":7.0},{"damage":0.0,"enemies":"2 Fungi Beasts","floor":15.0,"turns":3.0},{"damage":2.0,"enemies":"SI_SHIV_ARCHETYPE","floor":16.0,"turns":7.0},{"damage":0.0,"enemies":"Chosen","floor":19.0,"turns":3.0},{"damage":0.0,"enemies":"downfall:FleeingMerchant","floor":21.0,"turns":4.0},{"damage":0.0,"enemies":"Shell Parasite","floor":22.0,"turns":2.0},{"damage":7.0,"enemies":"Gremlin Leader","floor":23.0,"turns":4.0},{"damage":0.0,"enemies":"Book of Stabbing","floor":25.0,"turns":2.0},{"damage":4.0,"enemies":"3 Cultists","floor":26.0,"turns":3.0},{"damage":4.0,"enemies":"Shelled Parasite and Fungi","floor":27.0,"turns":2.0},{"damage":10.0,"enemies":"Slavers","floor":31.0,"turns":4.0},{"damage":0.0,"enemies":"Centurion and Healer","floor":32.0,"turns":2.0},{"damage":15.0,"enemies":"DF_ARCHETYPE_CLAW","floor":33.0,"turns":6.0},{"damage":0.0,"enemies":"3 Darklings","floor":36.0,"turns":2.0},{"damage":12.0,"enemies":"3 Shapes","floor":38.0,"turns":1.0},{"damage":0.0,"enemies":"Spire Growth","floor":39.0,"turns":4.0},{"damage":0,"enemies":"Giant Head","floor":40,"turns":4},{"damage":0,"enemies":"Sphere and 2 Shapes","floor":42,"turns":1},{"damage":0,"enemies":"Reptomancer","floor":45,"turns":3},{"damage":0,"enemies":"3 Darklings","floor":46,"turns":2},{"damage":0,"enemies":"Writhing Mass","floor":51,"turns":4},{"damage":8,"enemies":"WA_ARCHETYPE_DIVINITY","floor":52,"turns":7},{"damage":0,"enemies":"downfall:CharBossMerchant","floor":54,"turns":2},{"damage":10,"enemies":"downfall:NeowBoss","floor":57,"turns":8},{"damage":0,"enemies":"downfall:NeowBossFinal","floor":58,"turns":7}],"seed_played":"-5404749266396814964","potions_obtained":[{"floor":9.0,"key":"Death Potion"},{"floor":16.0,"key":"bronze:BurnAndBuffPotion"},{"floor":19.0,"key":"Slimebound:ThreeZeroPotion"},{"floor":23.0,"key":"champ:CounterPotion"},{"floor":26.0,"key":"CultistPotion"},{"floor":31.0,"key":"Dexterity Potion"},{"floor":38.0,"key":"Ancient Potion"},{"floor":40,"key":"AttackPotion"}],"is_trial":false,"path_per_floor":["R","?","?","M","M","?","T","E","?","M","M","M","R","?","M","B",null,"R","M","T","$","M","E","T","E","M","M","?","R","T","E","M","B",null,"R","M","?","M","M","E","T","M","PTL","PTL","E","M","$","R","$","?","M","B",null,"E","$","R","B","B",null],"character_chosen":"GUARDIAN","items_purchased":["Toxic Egg 2","expansioncontent:QuickStudy+1","champ:DeflectingBracers","Sadistic Nature","FairyPotion","ReplayTheSpireMod:CursedCoin","Guardian:GemstoneGun","Replay:Bottled Flurry"],"campfire_rested":2,"item_purchase_floors":[21,21,47,47,47,55,55,55],"current_hp_per_floor":[72,72,72,72,72,60,60,40,18,18,13,8,32,32,32,30,68,68,68,68,68,68,61,61,61,57,53,53,63,63,53,53,38,77,77,77,55,43,43,53,53,53,53,53,53,53,53,53,53,53,53,45,79,79,79,90,80,80],"gold":60,"neow_bonus":"THREE_ENEMY_KILL","is_daily":false,"chose_seed":false,"campfire_upgraded":4,"win_rate":0.0,"timestamp":1614138129,"path_taken":["R","?","?","M","M","?","T","E","?","M","M","?","R","?","M","BOSS","R","M","?","$","?","E","T","E","M","?","?","R","?","E","M","BOSS","R","M","?","M","M","E","T","M","PTL","PTL","E","M","$","R","$","?","M","BOSS","E","$","R","BOSS","BOSS"],"items_purchased_type":["Relic","Card","Relic","Card","Potion","Relic","Relic","Relic"],"build_version":"2020-12-22","purchased_purges":3,"victory":true,"max_hp_per_floor":[80,80,80,80,80,80,80,80,80,80,80,80,80,80,80,80,80,80,80,80,80,80,80,80,80,80,80,80,90,90,90,90,90,90,90,90,90,90,90,90,90,90,90,90,90,90,90,90,90,90,90,90,90,90,90,90,90,90],"card_choices":[{"not_picked":["Guardian:TemporalStrike","Guardian:Incinerate"],"picked":"Guardian:PrismaticBarrier","floor":4.0},{"not_picked":["Guardian:Gem_Lightblue","Guardian:Clone"],"picked":"Guardian:ExploitGems","floor":5.0},{"not_picked":["Guardian:PrimingBeam","Guardian:DecasProtection"],"picked":"Guardian:Gem_Cyan","floor":8.0},{"not_picked":["Guardian:FuturePlans","Guardian:ShieldSpikes"],"picked":"Guardian:VentSteam","floor":9.0},{"not_picked":["Guardian:PiercingHide","Guardian:Gem_Lightblue"],"picked":"Guardian:Gem_Red","floor":10.0},{"not_picked":["Guardian:Orbwalk","Guardian:GatlingBeam"],"picked":"Guardian:Gem_Blue","floor":11.0},{"not_picked":["Guardian:BronzeOrb","Guardian:Orbwalk"],"picked":"Guardian:TemporalShield","floor":12.0},{"not_picked":["Guardian:TemporalShield","Guardian:Recover"],"picked":"Guardian:Gem_Green","floor":15.0},{"not_picked":["Guardian:CompilePackage","Guardian:HyperBeam_Guardian"],"picked":"Guardian:GemFire","floor":16.0},{"not_picked":["Guardian:VentSteam","Guardian:Harden"],"picked":"Guardian:Gem_Yellow","floor":19.0},{"not_picked":["Guardian:ChargeCore","Guardian:Incinerate+1"],"picked":"Guardian:CrystalBeam","floor":21.0},{"not_picked":["Guardian:RefractedBeam","Guardian:Incinerate+1","Guardian:Orbwalk"],"picked":"SKIP","floor":22.0},{"not_picked":["Guardian:StasisField+1","Guardian:Gem_Lightblue","Guardian:BronzeOrb"],"picked":"SKIP","floor":23.0},{"not_picked":["Guardian:StasisField+1","Guardian:BronzeOrb"],"picked":"Guardian:Gem_Lightblue","floor":23.0},{"not_picked":["Guardian:Gem_Lightblue","Guardian:ChargeCore+1"],"picked":"Guardian:WalkerClaw","floor":25.0},{"not_picked":["Guardian:PrimingBeam","Guardian:ShieldCharger+1"],"picked":"Guardian:PrismaticBeam","floor":26.0},{"not_picked":["Guardian:PrismaticBeam","Guardian:RollAttack"],"picked":"Guardian:Gem_Red","floor":27.0},{"not_picked":["Guardian:Repulse+1","Guardian:Recover+1"],"picked":"Guardian:Gem_Lightblue","floor":31.0},{"not_picked":["Guardian:Gem_Cyan","Guardian:Gem_Lightblue"],"picked":"Guardian:Gem_Fragmented","floor":32.0},{"not_picked":["Guardian:TimeSifter","Guardian:StasisField+1"],"picked":"Guardian:Gem_Orange","floor":33.0},{"not_picked":["Guardian:Gem_Crimson","Guardian:TemporalStrike+1"],"picked":"Guardian:Gem_Fragmented","floor":36.0},{"not_picked":["Guardian:Gem_Yellow","Guardian:EvasiveProtocol"],"picked":"Guardian:BronzeArmor+1","floor":37.0},{"not_picked":["Guardian:RollAttack","Guardian:VentSteam+1"],"picked":"Guardian:StasisEngine","floor":38.0},{"not_picked":["Guardian:WalkerClaw","Guardian:TemporalShield+1"],"picked":"Guardian:Gem_Green","floor":39.0},{"not_picked":["Guardian:Gem_Green","Guardian:TimeBomb+1"],"picked":"Guardian:Reroute","floor":40},{"not_picked":["Guardian:Suspension+1","Guardian:Emergency+1"],"picked":"Guardian:Gem_White","floor":42},{"not_picked":["Guardian:Gem_Green","Guardian:Suspension+1","Guardian:Gem_Blue"],"picked":"SKIP","floor":45},{"not_picked":["Guardian:DecasProtection+1","Guardian:Incinerate+1"],"picked":"Guardian:Clone+1","floor":46},{"not_picked":["Guardian:Repulse+1","Guardian:Gem_Green"],"picked":"Guardian:PrimingBeam+1","floor":51},{"not_picked":["Guardian:Preprogram+1","Guardian:Gem_Lightblue"],"picked":"Guardian:BronzeArmor+1","floor":54},{"not_picked":["Guardian:Suspension+1","Guardian:PiercingHide+1"],"picked":"Guardian:PolyBeam+1","floor":56}],"player_experience":378143,"relics_obtained":[{"floor":2.0,"key":"ReplayTheSpireMod:Ring of Exchange"},{"floor":2.0,"key":"Ring of Peace"},{"floor":7.0,"key":"Shuriken"},{"floor":8.0,"key":"Tiny Chest"},{"floor":9.0,"key":"Odd Mushroom"},{"floor":18.0,"key":"Replay:Bandana"},{"floor":23.0,"key":"Whetstone"},{"floor":24.0,"key":"construct:RocketBooster"},{"floor":25.0,"key":"Replay:Arrowhead"},{"floor":30.0,"key":"hexamod:BolsterEngine"},{"floor":31.0,"key":"Replay:Mystery Machine"},{"floor":40,"key":"Dream Catcher"},{"floor":41,"key":"Gremlin Horn"},{"floor":45,"key":"Replay:Bottled Steam"},{"floor":54,"key":"Guardian:StasisCodex"}],"event_choices":[{"damage_healed":0.0,"max_hp_gain":0.0,"max_hp_loss":0.0,"gold_gain":0.0,"event_name":"Mushrooms","player_choice":"Fought Mushrooms","floor":9.0,"gold_loss":0.0,"damage_taken":0.0}],"is_beta":false,"boss_relics":[{"not_picked":["Honey Jar","ChewingGum"],"picked":"Guardian:StasisSlotReductionRelic"},{"not_picked":["champ:Barbells","construct:WeddingRing"],"picked":"Guardian:ModeShifterPlus"}],"items_purged_floors":[21,47,55],"is_endless":false,"potions_floor_spawned":[6,9,16,19,23,26,31,32,38,40,46,51,54],"ascension_level":6}}