{"host":"nxydmt0dvj4m8em3","time":1614131120,"event":{"mods":["AchievementEnabler","Aspiration","BaseMod","Better Altar","Better Match","Better Note","Better Sensory Stone","Better Skull","Better Third Choice","BetterRewards","Colored Map","Colored Powertips","Downfall","GifTheSpireLib","Googly Eyes","Hermit","Hubris","Infinite Spire","Minty Spire (QoL Compilation)","Permanent Neow","Quick Restart","Rare Cards Sparkle","Relic Stats","Replay The Spire","Shop Mod","Spicy Shops","StSLib","Stuff the Spire","egg","everything is the same but u backflip on backflip","slay the spire mod where everything is the same but ironclad has a cowboy hat"],"gold_per_floor":[116,128,128,148,148,173,173,173,173,173,184,184,198,213,213,344,344,364,364,364,385,59,59,59,59,59,75,75,94,94,94,94,217,217,36,36,36],"floor_reached":36,"language":"ENG","playtime":2962,"items_purged":["StuffTheSpire:CuriosityCurse"],"score":387,"play_id":"6393f2e1-b4e8-42ff-89d6-de6223022871","local_time":"20210223174520","is_ascension_mode":false,"campfire_choices":[{"data":"hubris:ReadiedAction","floor":8.0,"key":"SMITH"},{"floor":15.0,"key":"REST"},{"data":"Replay:Dark Deal","floor":23,"key":"SMITH"},{"data":"Twin Strike","floor":25,"key":"SMITH"},{"floor":28,"key":"REST"}],"circlet_count":0,"master_deck":["Strike_R","Strike_R","Strike_R","Strike_R","Strike_R","Defend_R","Defend_R","Defend_R","Defend_R+1","Bash+1","Seeing Red","Ghostly Armor","Perfected Strike","hubris:ReadiedAction+1","Anger","Twin Strike+1","StuffTheSpire:Incineration","Double Tap","StuffTheSpire:Incineration","Anger+1","Pot Of Greed","Pot Of Greed","ReplayTheSpireMod:IOU","Replay:Dark Deal+1","Pot Of Greed","Twin Strike+1","StuffTheSpire:TitanForm","StuffTheSpire:Resist"],"relics":["Burning Blood","Bag of Marbles","Blood Vial","Meat on the Bone","Golden Idol","Ring of Chaos","Pear","Replay:Wax Seal","Membership Card","Grinning Jar","aspiration:Nostalgia","Ring of the Snake","Nunchaku","ReplayTheSpireMod:Shallot","GremlinMask","StuffTheSpire:HeavyRock","Replay:Blank Codex","hubris:HollowSoul"],"acts_visited":["Exordium","TheCity","TheBeyond"],"potions_floor_usage":[21,21,33,36,36,36],"damage_taken":[{"damage":1.0,"enemies":"Cultist","floor":1.0,"turns":3.0},{"damage":6.0,"enemies":"Jaw Worm","floor":2.0,"turns":3.0},{"damage":0.0,"enemies":"Small Slimes","floor":4.0,"turns":3.0},{"damage":0.0,"enemies":"Gremlin Nob","floor":6.0,"turns":1.0},{"damage":14.0,"enemies":"3 Louse","floor":11.0,"turns":4.0},{"damage":7.0,"enemies":"Gremlin Gang","floor":13.0,"turns":6.0},{"damage":7.0,"enemies":"Blue Slaver","floor":14.0,"turns":3.0},{"damage":34.0,"enemies":"Fading Forest","floor":16.0,"turns":11.0},{"damage":14.0,"enemies":"3 Byrds","floor":18.0,"turns":5.0},{"damage":2,"enemies":"2 Thieves","floor":21,"turns":3},{"damage":27,"enemies":"Snake Plant","floor":27,"turns":5},{"damage":0,"enemies":"Snecko","floor":29,"turns":4},{"damage":125,"enemies":"Automaton","floor":33,"turns":11},{"damage":4,"enemies":"Orb Walker","floor":35,"turns":3},{"damage":33,"enemies":"infinitespire:Three Voidlings","floor":36,"turns":5},{"damage":22,"enemies":"Nightmare_Alpha","floor":36,"turns":1}],"seed_played":"-1431167617042511737","potions_obtained":[{"floor":1.0,"key":"Swift Potion"},{"floor":11.0,"key":"FairyPotion"},{"floor":13.0,"key":"champ:CounterPotion"},{"floor":19.0,"key":"SkillPotion"},{"floor":19.0,"key":"Slimebound:ThreeZeroPotion"},{"floor":19.0,"key":"Explosive Potion"},{"floor":21,"key":"BlessingOfTheForge"},{"floor":29,"key":"sneckomod:MuddlingPotion"},{"floor":33,"key":"hexamod:SoulburnPotion"},{"floor":35,"key":"Regen Potion"}],"is_trial":false,"path_per_floor":["M","M","?","M","?","E","?","R","T","?","M","?","M","M","R","B",null,"M","?","AVR","M","$","R","?","R","T","M","R","M","?","?","R_BF","B",null,"M","?"],"character_chosen":"IRONCLAD","items_purchased":["Replay:Wax Seal","Membership Card","Grinning Jar","aspiration:Nostalgia","Nunchaku","ReplayTheSpireMod:Shallot","Replay:Dark Deal"],"campfire_rested":2,"item_purchase_floors":[22,22,22,22,22,22,22],"current_hp_per_floor":[80,80,80,80,59,65,65,65,65,80,72,52,53,54,78,54,80,72,72,82,88,88,88,88,88,88,69,90,90,90,74,90,20,90,90,0,0],"gold":36,"neow_bonus":"RANDOM_EVENT","is_daily":false,"chose_seed":false,"campfire_upgraded":3,"win_rate":0.0,"timestamp":1614131120,"path_taken":["M","M","?","M","?","E","?","R","T","?","?","?","M","M","R","BOSS","M","?","AVR","M","$","R","?","R","T","M","R","?","?","?","R_BF","BOSS","M","?"],"items_purchased_type":["Relic","Relic","Relic","Relic","Relic","Relic","Card"],"build_version":"2020-12-22","purchased_purges":1,"victory":false,"max_hp_per_floor":[80,80,80,80,80,80,80,80,80,80,80,80,80,80,80,80,80,80,80,90,90,90,90,90,90,90,90,90,90,90,90,90,90,90,90,90,90],"relic_stats":{"Blood Vial":12,"Nunchaku":[9],"counters":[16,78],"Golden Idol":101,"obtain_stats":[{"Pear":20,"Golden Idol":12,"aspiration:Nostalgia":22,"GremlinMask":24,"Ring of Chaos":17,"hubris:HollowSoul":34,"Burning Blood":0,"Blood Vial":6,"Nunchaku":22,"ReplayTheSpireMod:Shallot":22,"StuffTheSpire:HeavyRock":26,"Bag of Marbles":3,"Membership Card":22,"Replay:Wax Seal":22,"Grinning Jar":22,"Replay:Blank Codex":31,"Meat on the Bone":9,"Ring of the Snake":22},{"Pear":9,"Golden Idol":5,"aspiration:Nostalgia":10,"GremlinMask":10,"Ring of Chaos":8,"hubris:HollowSoul":13,"Burning Blood":0,"Blood Vial":4,"Nunchaku":10,"ReplayTheSpireMod:Shallot":10,"StuffTheSpire:HeavyRock":10,"Bag of Marbles":2,"Membership Card":10,"Replay:Wax Seal":10,"Grinning Jar":10,"Replay:Blank Codex":12,"Meat on the Bone":4,"Ring of the Snake":10},{"Pear":39,"Golden Idol":14,"aspiration:Nostalgia":42,"GremlinMask":42,"Ring of Chaos":34,"hubris:HollowSoul":62,"Burning Blood":0,"Blood Vial":10,"Nunchaku":42,"ReplayTheSpireMod:Shallot":42,"StuffTheSpire:HeavyRock":42,"Bag of Marbles":6,"Membership Card":42,"Replay:Wax Seal":42,"Grinning Jar":42,"Replay:Blank Codex":51,"Meat on the Bone":10,"Ring of the Snake":42}],"Burning Blood":71,"Meat on the Bone":12,"Ring of the Snake":[14]},"card_choices":[{"not_picked":["StuffTheSpire:Slingshot","Clash"],"picked":"Seeing Red","floor":1.0},{"not_picked":["Thunderclap","Second Wind"],"picked":"Ghostly Armor","floor":2.0},{"not_picked":["Dropkick","Thunderclap"],"picked":"Perfected Strike","floor":4.0},{"not_picked":["infinitespire:NeuralNetwork","ReplayTheSpireMod:Echoes of Time"],"picked":"infinitespire:SealOfDarkness+","floor":5.0},{"not_picked":["ReplayReversal","Sword Boomerang"],"picked":"hubris:ReadiedAction","floor":6.0},{"not_picked":["ReplayTheSpireMod:Strike From Hell","Warcry"],"picked":"Anger","floor":11.0},{"not_picked":["Reckless Charge","Uppercut"],"picked":"Twin Strike","floor":13.0},{"not_picked":["Dark Embrace","Anger"],"picked":"StuffTheSpire:Incineration","floor":14.0},{"not_picked":["Exhume","Offering"],"picked":"Double Tap","floor":16.0},{"not_picked":["Seeing Red","Headbutt"],"picked":"StuffTheSpire:Incineration","floor":18.0},{"not_picked":["Sword Boomerang+1","hubris:ReadiedAction+1"],"picked":"Anger","floor":21},{"not_picked":["ReplayTheSpireMod:Muscle Training","Ghostly Armor"],"picked":"Twin Strike+1","floor":27},{"not_picked":["Armaments","Clothesline","Iron Wave"],"picked":"SKIP","floor":29},{"not_picked":["Fiend Fire","Offering"],"picked":"StuffTheSpire:TitanForm","floor":33},{"not_picked":["Replay:Undeath\u0027s Touch","StuffTheSpire:RockThrow"],"picked":"StuffTheSpire:Resist","floor":35}],"player_experience":135821,"relics_obtained":[{"floor":6.0,"key":"Blood Vial"},{"floor":9.0,"key":"Meat on the Bone"},{"floor":26,"key":"StuffTheSpire:HeavyRock"},{"floor":31,"key":"Replay:Blank Codex"}],"event_choices":[{"damage_healed":0.0,"max_hp_gain":0.0,"max_hp_loss":0.0,"gold_gain":0.0,"event_name":"Living Wall","player_choice":"Grow","floor":0.0,"gold_loss":0.0,"damage_taken":0.0,"cards_upgraded":["Bash"]},{"damage_healed":15.0,"max_hp_gain":0.0,"max_hp_loss":0.0,"gold_gain":0.0,"event_name":"Wheel of Change","player_choice":"Full Heal","floor":10.0,"gold_loss":0.0,"damage_taken":0.0},{"damage_healed":0.0,"max_hp_gain":0.0,"max_hp_loss":0.0,"gold_gain":0.0,"event_name":"Golden Idol","player_choice":"Take Damage","floor":12.0,"gold_loss":0.0,"damage_taken":20.0,"relics_obtained":["Golden Idol"]},{"damage_healed":0.0,"max_hp_gain":0.0,"max_hp_loss":0.0,"gold_gain":0.0,"event_name":"Lab","player_choice":"Got Potions","floor":19.0,"gold_loss":0.0,"damage_taken":0.0},{"damage_healed":0,"gold_gain":0,"player_choice":"Trade","damage_taken":0,"relics_obtained":["GremlinMask"],"max_hp_gain":0,"max_hp_loss":0,"event_name":"FaceTrader","floor":24,"gold_loss":0},{"cards_removed":["Anger"],"damage_healed":0,"gold_gain":0,"player_choice":"Give","damage_taken":0,"max_hp_gain":0,"max_hp_loss":0,"event_name":"betterNote:BetterNote","floor":30,"gold_loss":0,"cards_obtained":["Strike_R"]},{"damage_healed":0,"gold_gain":0,"player_choice":"Obtained Book","damage_taken":16,"max_hp_gain":0,"max_hp_loss":0,"event_name":"Cursed Tome","floor":31,"gold_loss":0}],"is_beta":false,"boss_relics":[{"not_picked":["StuffTheSpire:Kangaroo","bronze:MakeshiftBattery"],"picked":"Ring of Chaos"},{"not_picked":["hubris:BlackHole","Snecko Eye"],"picked":"hubris:HollowSoul"}],"items_purged_floors":[20],"is_endless":false,"potions_floor_spawned":[1,11,13,21,29,33,35],"killed_by":"Nightmare_Alpha","ascension_level":0}}