{"host":"l4lyu1jo6nvtq6u8","time":1614134904,"event":{"mods":["Act Like it!","Aspiration","BaseMod","Better Sensory Stone","Better Third Choice","CapriCore","Conspire","Curses Come First","Energized Spire","FetchMod","Gensokyo","Halation","Hubris","Infinite Spire","Jedi Mod","Marisa????????","Minty Spire (QoL Compilation)","Pale of the Ancients","Poor People Problems","Quick Restart","Random Character Button","RatMod","Relic Sorter","Replay The Spire","StSLib","The Immortal","slay the spire mod where everything is the same but ironclad has a cowboy hat"],"gold_per_floor":[114,129,141,141,17,43,43,43,43,90,90,90,110,128,128,230,230,274,274,274,274,309,309,327,327,48,48,75,75,101,101,200,200,217,233,233,233,251,251,105,105,105,105,105,22,53,53,53,53,69,80,212,291,291,291,291,291,291,291,291,291],"floor_reached":60,"language":"ENG","playtime":1737,"items_purged":["Sickly","MokouMod:Strike","MokouMod:Strike","MokouMod:Strike"],"score":951,"play_id":"42edda00-fde7-4641-945f-66d8da4490a4","local_time":"20210223204824","is_ascension_mode":false,"campfire_choices":[{"data":"MokouMod:TemporalFireSeal","floor":8.0,"key":"SMITH"},{"data":"MokouMod:SpontaneousHumanCombustion","floor":12.0,"key":"SMITH"},{"data":"MokouMod:FujiyamaVolcano","floor":15.0,"key":"SMITH"},{"data":"MokouMod:RadiantBlade","floor":24.0,"key":"SMITH"},{"data":"hubris:EnhanceAbility","floor":28.0,"key":"SMITH"},{"data":"MokouMod:InfernalWave","floor":30.0,"key":"SMITH"},{"data":"MokouMod:Firecracker","floor":32.0,"key":"SMITH"},{"floor":40.0,"key":"RECALL"},{"data":"MokouMod:Ember","floor":42.0,"key":"SMITH"},{"data":"Pot Of Greed","floor":44.0,"key":"SMITH"},{"data":"Panacea","floor":49.0,"key":"SMITH"},{"data":"Pot Of Greed","floor":55.0,"key":"SMITH"},{"data":"MokouMod:HeatSpark","floor":57,"key":"SMITH"}],"circlet_count":0,"master_deck":["MokouMod:Strike","MokouMod:Strike","MokouMod:Defend","MokouMod:Defend","MokouMod:Defend","MokouMod:Defend","MokouMod:HeatSpark+1","MokouMod:Ember+1","MokouMod:InfernalWave+1","MokouMod:TemporalFireSeal+1","MokouMod:Firecracker+1","MokouMod:SpontaneousHumanCombustion+1","MokouMod:FujiyamaVolcano+1","MokouMod:RadiantBlade+1","MokouMod:FujiyamaVolcano+1","MokouMod:Firecracker+1","MokouMod:IllusoryBattlefield+1","Pot Of Greed+1","Pot Of Greed+1","Panacea+1"],"relics":["MokouMod:PhoenixFeather","hubris:Icosahedron","ReplayTheSpireMod:Ring of Challenge","aspiration:Nostalgia","Ring of the Snake","Ring of Panic","Pear","Gensokyo:PortableGap","InkBottle","Omamori","Gensokyo:NagashiBinaDoll","Replay:Bronze Core","hubris:Backtick","Chemical X","hubris:Towel","conspire:BottledYoYo","infinitespire:BottledMercury","Bag of Marbles","Juzu Bracelet","energizedSpire:DeadBattery","halation:PinkSoulGem","halation:Jellyphish","Grinning Jar","Vajra","Mercury Hourglass","paleoftheancients:Timepiece","paleoftheancients:KeyRelic","CultistMask","paleoftheancients:SoulOfTheCollector","Lantern","Bottled Lightning","hubris:SlimyHat"],"acts_visited":["Gensokyo:Gensokyo","Gensokyo:Gensokyoer","Gensokyo:Gensokyoest","paleoftheancients:PaleOfTheAncients"],"potions_floor_usage":[56,56,60,60],"damage_taken":[{"damage":0.0,"enemies":"Gensokyo:3_Fairies","floor":1.0,"turns":4.0},{"damage":0.0,"enemies":"Gensokyo:Python","floor":2.0,"turns":2.0},{"damage":3.0,"enemies":"Gensokyo:2_Kodama","floor":3.0,"turns":4.0},{"damage":41.0,"enemies":"Gensokyo:Aya","floor":6.0,"turns":9.0},{"damage":12.0,"enemies":"Gensokyo:CorruptedTreant","floor":13.0,"turns":3.0},{"damage":0.0,"enemies":"Gensokyo:2_Rabbits","floor":14.0,"turns":2.0},{"damage":12.0,"enemies":"Gensokyo:Reimu","floor":16.0,"turns":7.0},{"damage":60.0,"enemies":"Gensokyo:3_Dogs","floor":18.0,"turns":7.0},{"damage":17.0,"enemies":"Gensokyo:Reisen","floor":23.0,"turns":3.0},{"damage":0.0,"enemies":"Gensokyo:Chomper","floor":25.0,"turns":2.0},{"damage":1.0,"enemies":"Gensokyo:Koishi","floor":31.0,"turns":3.0},{"damage":12.0,"enemies":"Gensokyo:Kaguya","floor":33.0,"turns":4.0},{"damage":0.0,"enemies":"Gensokyo:3_Boulders","floor":35.0,"turns":1.0},{"damage":0.0,"enemies":"Gensokyo:3_Bats","floor":36.0,"turns":1.0},{"damage":16.0,"enemies":"Gensokyo:Sharpion","floor":39.0,"turns":3.0},{"damage":0.0,"enemies":"Gensokyo:Doremy","floor":47.0,"turns":3.0},{"damage":21.0,"enemies":"Gensokyo:Scarlet_Devils","floor":50.0,"turns":5.0},{"damage":0.0,"enemies":"Gensokyo:Scarlet_Devils","floor":51.0,"turns":5.0},{"damage":7.0,"enemies":"Gensokyo:Scarlet_Devils","floor":52.0,"turns":3.0},{"damage":0.0,"enemies":"conspire:MimicChest","floor":53.0,"turns":1.0},{"damage":8152004,"enemies":"conspire:MimicChest","floor":56,"turns":3},{"damage":159,"enemies":"paleoftheancients:N","floor":60,"turns":4}],"seed_played":"-8543435494123774101","potions_obtained":[{"floor":3.0,"key":"LifebloodPotion"},{"floor":13.0,"key":"Strength Potion"},{"floor":18.0,"key":"DistilledChaos"},{"floor":25.0,"key":"AttackPotion"},{"floor":36.0,"key":"Swift Potion"},{"floor":39.0,"key":"Fire Potion"},{"floor":51.0,"key":"GamblersBrew"}],"is_trial":false,"path_per_floor":["M","M","M","?","$","E","?","R","T","T","?","R","M","M","R","B",null,"M","AVR","?","?","E","R","M","T","$","R","T","R","E","R","B",null,"M","M","?","?","M","R","COS","R","T","R","?","$","E","AVR","R","B","M","M","?","T","R","M","R","T","?","B"],"character_chosen":"MKU","items_purchased":["MokouMod:Firecracker","hubris:EnhanceAbility","Panacea"],"campfire_rested":0,"item_purchase_floors":[5,27,46],"current_hp_per_floor":[75,75,72,72,72,41,41,41,41,41,41,41,29,29,29,17,71,11,11,11,18,1,1,1,1,1,1,1,1,17,17,5,68,68,68,65,65,49,49,49,49,49,49,55,55,55,55,55,56,56,53,56,56,56,56,56,56,56,0,0,0],"gold":291,"neow_bonus":"NOSTALGIA","is_daily":false,"chose_seed":false,"campfire_upgraded":12,"win_rate":0.0,"timestamp":1614134904,"path_taken":["M","M","?","?","?","E","?","R","T","?","?","R","M","?","R","BOSS","M","AVR","?","?","E","R","?","T","?","R","?","R","E","R","BOSS","M","M","?","?","M","R","COS","R","T","R","?","?","E","AVR","R","BOSS","M","M","?","T","R","M","R","T","?","BOSS"],"items_purchased_type":["Card","Card","Card"],"build_version":"2020-12-22","purchased_purges":4,"victory":false,"max_hp_per_floor":[75,75,75,75,75,85,74,74,74,71,71,71,71,71,71,71,71,68,68,68,68,68,68,68,68,68,68,68,68,68,68,68,68,68,68,65,65,65,62,62,62,62,59,59,56,56,56,56,56,56,56,56,56,56,56,56,56,56,56,56,56],"card_choices":[{"not_picked":["MokouMod:FusionFlare","MokouMod:Trailblazer"],"picked":"MokouMod:Ember","floor":1.0},{"not_picked":["MokouMod:RetainTemperature","MokouMod:Firecracker"],"picked":"MokouMod:InfernalWave","floor":2.0},{"not_picked":["MokouMod:Firecracker","MokouMod:FlickeringFlame"],"picked":"MokouMod:TemporalFireSeal","floor":3.0},{"not_picked":["MokouMod:FlamingFireTalons","MokouMod:ScorchingColumn"],"picked":"MokouMod:SpontaneousHumanCombustion","floor":6.0},{"not_picked":["MokouMod:RoaringFlare","MokouMod:TemporalFireSeal"],"picked":"MokouMod:FujiyamaVolcano","floor":13.0},{"not_picked":["MokouMod:Scorch","MokouMod:RoaringFlare","MokouMod:TemporalFireSeal"],"picked":"SKIP","floor":14.0},{"not_picked":["MokouMod:ProfanedFlare","MokouMod:PhoenixForm"],"picked":"MokouMod:RadiantBlade","floor":16.0},{"not_picked":["MokouMod:InfernalWave","MokouMod:Overheat","MokouMod:FusionFlare"],"picked":"SKIP","floor":18.0},{"not_picked":["MokouMod:EternalBurstReactor+1","MokouMod:ResoluteFlare+1","MokouMod:Afterburner"],"picked":"SKIP","floor":23.0},{"not_picked":["MokouMod:Ember","MokouMod:RisingSunBarrier+1"],"picked":"MokouMod:FujiyamaVolcano+1","floor":25.0},{"not_picked":["MokouMod:Firecracker+1","MokouMod:FujiyamaVolcano","MokouMod:IgnitionBarrier"],"picked":"SKIP","floor":31.0},{"not_picked":["MokouMod:FujiyamaVolcano","MokouMod:IgnitionBarrier"],"picked":"MokouMod:Firecracker+1","floor":31.0},{"not_picked":["MokouMod:PhoenixFeathers+1","MokouMod:FusionFlare"],"picked":"MokouMod:IllusoryBattlefield+1","floor":35.0},{"not_picked":["MokouMod:HeatFactory","MokouMod:Afterburner","MokouMod:ScorchingColumn+1"],"picked":"SKIP","floor":36.0},{"not_picked":["MokouMod:HeatCyclone+1","MokouMod:Wildfire+1","MokouMod:ResonanceReactor+1"],"picked":"SKIP","floor":39.0},{"not_picked":["MokouMod:InfernalWave","MokouMod:ResonanceReactor+1","MokouMod:ScorchedEarth+1"],"picked":"SKIP","floor":47.0},{"not_picked":["MokouMod:Overheat","MokouMod:InfernalWave+1","MokouMod:ThermalPressure"],"picked":"SKIP","floor":51.0},{"not_picked":["MokouMod:ResonanceReactor","MokouMod:Singe+1","MokouMod:FlickeringFlame"],"picked":"SKIP","floor":52.0}],"player_experience":508946,"relics_obtained":[{"floor":4.0,"key":"ReplayTheSpireMod:Ring of Challenge"},{"floor":4.0,"key":"Ring of Panic"},{"floor":6.0,"key":"Pear"},{"floor":9.0,"key":"InkBottle"},{"floor":10.0,"key":"Omamori"},{"floor":23.0,"key":"conspire:BottledYoYo"},{"floor":26.0,"key":"infinitespire:BottledMercury"},{"floor":29.0,"key":"Bag of Marbles"},{"floor":31.0,"key":"Juzu Bracelet"},{"floor":43.0,"key":"Grinning Jar"},{"floor":47.0,"key":"Vajra"},{"floor":52.0,"key":"paleoftheancients:SoulOfTheCollector"},{"floor":53.0,"key":"Lantern"},{"floor":58,"key":"Bottled Lightning"}],"event_choices":[],"is_beta":false,"boss_relics":[{"not_picked":["energizedSpire:StickyHand","hubris:CrackedHourglass"],"picked":"Replay:Bronze Core"},{"not_picked":["jedi:hotpepper","aspiration:FutureDiary"],"picked":"energizedSpire:DeadBattery"}],"items_purged_floors":[5,20,27,48],"is_endless":false,"potions_floor_spawned":[3,13,18,25,31,36,39,51],"killed_by":"paleoftheancients:N","ascension_level":0}}