{"host":"wbn3xdfsa5pc2kse","time":1614162163,"event":{"mods":["AchievementEnabler","BaseMod","Bestiary","Colored Map","Colored Powertips","Curses Come First","Highlight Path","Minty Spire (QoL Compilation)","Permanent Neow","Rare Cards Sparkle","Relic Stats","StSLib"],"gold_per_floor":[116,133,133,152,77,77,105,105,105,135,135,162,175,188,188,262,262,281,295,307,321,321,353,34,34,58,93,93,131,158,196,196,300,300,346,80,121,164,164,191,191,248,271,271,2,82,101,174,174,174,174,174,174,19,49,49],"floor_reached":57,"language":"ZHT","playtime":3013,"items_purged":["Strike_P","Regret"],"score":2988,"play_id":"68fd0ec0-536c-4e4e-9cf2-5fc375db080e","local_time":"20210224182243","is_ascension_mode":true,"campfire_choices":[{"data":"Tantrum","floor":6.0,"key":"SMITH"},{"data":"TalkToTheHand","floor":8.0,"key":"SMITH"},{"data":"Wallop","floor":11.0,"key":"SMITH"},{"data":"Meditate","floor":15.0,"key":"SMITH"},{"data":"TalkToTheHand","floor":25.0,"key":"SMITH"},{"data":"Wish","floor":32.0,"key":"SMITH"},{"data":"Omniscience","floor":44.0,"key":"SMITH"},{"floor":49.0,"key":"RECALL"},{"data":"MentalFortress","floor":53.0,"key":"SMITH"}],"circlet_count":0,"master_deck":["AscendersBane","Strike_P","Strike_P","Defend_P","Defend_P","Defend_P","Defend_P","Eruption+1","Vigilance","CrushJoints","BowlingBash","Tantrum+1","TalkToTheHand+1","Wallop+1","Meditate+1","Halt","FlurryOfBlows","Scrawl","CutThroughFate+1","Protect","Wish+1","TalkToTheHand+1","Writhe","EmptyBody+1","Adaptation","TalkToTheHand+1","FearNoEvil","Omniscience+1","Evaluate+1","FlurryOfBlows","ThirdEye+1","Decay","TalkToTheHand+1","MentalFortress+1","EmptyMind","Adaptation","Omniscience"],"relics":["PureWater","Shuriken","Letter Opener","Matryoshka","Pantograph","Coffee Dripper","Akabeko","Bird Faced Urn","Potion Belt","Anchor","Bag of Preparation","Mango","Ornamental Fan","Cursed Key","Yang","Meat on the Bone","Sundial","Regal Pillow","Pen Nib"],"acts_visited":["TheEnding"],"potions_floor_usage":[55,55,55,56],"damage_taken":[{"damage":0.0,"enemies":"2 Louse","floor":1.0,"turns":3.0},{"damage":13.0,"enemies":"Small Slimes","floor":2.0,"turns":4.0},{"damage":7.0,"enemies":"Jaw Worm","floor":4.0,"turns":2.0},{"damage":6.0,"enemies":"Gremlin Nob","floor":7.0,"turns":3.0},{"damage":0.0,"enemies":"3 Sentries","floor":10.0,"turns":3.0},{"damage":0.0,"enemies":"Gremlin Nob","floor":12.0,"turns":3.0},{"damage":4.0,"enemies":"2 Fungi Beasts","floor":13.0,"turns":3.0},{"damage":0.0,"enemies":"Lots of Slimes","floor":14.0,"turns":2.0},{"damage":23.0,"enemies":"Hexaghost","floor":16.0,"turns":11.0},{"damage":0.0,"enemies":"Chosen","floor":18.0,"turns":3.0},{"damage":0.0,"enemies":"3 Byrds","floor":19.0,"turns":3.0},{"damage":0.0,"enemies":"Snake Plant","floor":20.0,"turns":3.0},{"damage":5.0,"enemies":"Cultist and Chosen","floor":21.0,"turns":4.0},{"damage":24.0,"enemies":"Book of Stabbing","floor":23.0,"turns":5.0},{"damage":29.0,"enemies":"Gremlin Leader","floor":27.0,"turns":5.0},{"damage":0.0,"enemies":"Centurion and Healer","floor":29.0,"turns":5.0},{"damage":0.0,"enemies":"Slavers","floor":30.0,"turns":3.0},{"damage":0.0,"enemies":"Snake Plant","floor":31.0,"turns":4.0},{"damage":11.0,"enemies":"Champ","floor":33.0,"turns":9.0},{"damage":0.0,"enemies":"3 Shapes","floor":35.0,"turns":5.0},{"damage":0.0,"enemies":"Orb Walker","floor":37.0,"turns":3.0},{"damage":1.0,"enemies":"Transient","floor":38.0,"turns":6.0},{"damage":0.0,"enemies":"Reptomancer","floor":40.0,"turns":4.0},{"damage":32.0,"enemies":"Nemesis","floor":42.0,"turns":11.0},{"damage":32.0,"enemies":"Spire Growth","floor":46.0,"turns":5.0},{"damage":0.0,"enemies":"Sphere and 2 Shapes","floor":47.0,"turns":3.0},{"damage":0.0,"enemies":"Writhing Mass","floor":48.0,"turns":6.0},{"damage":18.0,"enemies":"Awakened One","floor":50.0,"turns":10.0},{"damage":20.0,"enemies":"Donu and Deca","floor":51.0,"turns":11.0},{"damage":75,"enemies":"Shield and Spear","floor":55,"turns":7},{"damage":10,"enemies":"The Heart","floor":56,"turns":8}],"seed_played":"-4768379607280292804","potions_obtained":[{"floor":7.0,"key":"LiquidMemories"},{"floor":12.0,"key":"PowerPotion"},{"floor":20.0,"key":"SkillPotion"},{"floor":23.0,"key":"FairyPotion"},{"floor":29.0,"key":"Weak Potion"},{"floor":31.0,"key":"Swift Potion"},{"floor":33.0,"key":"FairyPotion"},{"floor":37.0,"key":"EssenceOfSteel"},{"floor":46.0,"key":"SteroidPotion"},{"floor":47.0,"key":"Swift Potion"},{"floor":55,"key":"FearPotion"}],"is_trial":false,"path_per_floor":["M","M","?","M","?","R","E","R","T","E","R","E","M","M","R","B",null,"M","M","M","M","?","E","$","R","T","E","?","M","E","M","R","B",null,"M","$","M","M","?","E","?","E","T","R","$","M","M","M","R","B","B",null,"R","$","E","B",null],"character_chosen":"WATCHER","items_purchased":["Adaptation","Potion Belt","Yang","MentalFortress","DuplicationPotion","Adaptation","Dexterity Potion","ColorlessPotion"],"campfire_rested":0,"item_purchase_floors":[24,24,36,45,45,54,54,54],"current_hp_per_floor":[61,48,48,41,41,41,35,35,35,35,35,35,31,31,31,33,59,59,59,59,54,54,30,30,30,30,15,15,17,19,21,21,37,71,73,73,75,76,76,78,78,46,46,46,46,28,42,46,46,57,60,74,74,74,15,48],"gold":49,"neow_bonus":"UPGRADE_CARD","is_daily":false,"chose_seed":false,"campfire_upgraded":8,"win_rate":0.0,"timestamp":1614162163,"path_taken":["M","M","?","M","?","R","E","R","T","E","R","E","M","M","R","BOSS","M","M","M","M","?","E","$","R","T","E","?","M","E","M","R","BOSS","M","$","?","M","?","E","?","E","T","R","$","M","?","M","R","BOSS","BOSS","R","$","E","BOSS"],"items_purchased_type":["Card","Relic","Relic","Card","Potion","Card","Potion","Potion"],"build_version":"2020-12-22","purchased_purges":2,"victory":true,"max_hp_per_floor":[68,68,68,68,68,68,68,68,68,68,68,68,68,68,68,68,68,68,68,68,68,68,68,68,68,68,82,82,82,82,82,82,82,82,82,82,82,82,78,78,78,78,78,78,78,78,78,78,78,78,78,78,78,78,78,78],"relic_stats":{"Regal Pillow":0,"counters":[4,36],"Yang":[139],"Pen Nib":[3],"Bag of Preparation":[8],"Letter Opener":[100],"Cursed Key":0,"Shuriken":[35],"Ornamental Fan":[140],"Sundial":[4],"Pantograph":71,"Bird Faced Urn":[16],"obtain_stats":[{"Potion Belt":0,"Regal Pillow":0,"Mango":0,"Yang":0,"Pen Nib":55,"Bag of Preparation":0,"Letter Opener":0,"Cursed Key":0,"Akabeko":0,"Anchor":0,"Matryoshka":0,"Shuriken":0,"Ornamental Fan":0,"Sundial":0,"Pantograph":0,"Bird Faced Urn":0,"Coffee Dripper":0,"PureWater":0,"Meat on the Bone":0},{"Potion Belt":0,"Regal Pillow":0,"Mango":0,"Yang":0,"Pen Nib":3,"Bag of Preparation":0,"Letter Opener":0,"Cursed Key":0,"Akabeko":0,"Anchor":0,"Matryoshka":0,"Shuriken":0,"Ornamental Fan":0,"Sundial":0,"Pantograph":0,"Bird Faced Urn":0,"Coffee Dripper":0,"PureWater":0,"Meat on the Bone":0},{"Potion Belt":0,"Regal Pillow":0,"Mango":0,"Yang":0,"Pen Nib":28,"Bag of Preparation":0,"Letter Opener":0,"Cursed Key":0,"Akabeko":0,"Anchor":0,"Matryoshka":0,"Shuriken":0,"Ornamental Fan":0,"Sundial":0,"Pantograph":0,"Bird Faced Urn":0,"Coffee Dripper":0,"PureWater":0,"Meat on the Bone":0}],"Meat on the Bone":24},"card_choices":[{"not_picked":["Protect","ClearTheMind"],"picked":"CrushJoints","floor":1.0},{"not_picked":["Evaluate","ClearTheMind"],"picked":"BowlingBash","floor":2.0},{"not_picked":["CutThroughFate","EmptyBody"],"picked":"Tantrum","floor":4.0},{"not_picked":["Meditate","EmptyBody"],"picked":"TalkToTheHand","floor":7.0},{"not_picked":["Conclude","DevaForm"],"picked":"Wallop","floor":10.0},{"not_picked":["DeceiveReality","InnerPeace"],"picked":"Meditate","floor":12.0},{"not_picked":["ReachHeaven","Evaluate"],"picked":"Halt","floor":13.0},{"not_picked":["EmptyBody","FlyingSleeves"],"picked":"FlurryOfBlows","floor":14.0},{"not_picked":["SpiritShield","Judgement"],"picked":"Scrawl","floor":16.0},{"not_picked":["EmptyBody","MentalFortress"],"picked":"CutThroughFate+1","floor":18.0},{"not_picked":["BowlingBash","Consecrate"],"picked":"Protect","floor":19.0},{"not_picked":["ThirdEye","EmptyBody"],"picked":"Wish","floor":20.0},{"not_picked":["Nirvana","CutThroughFate"],"picked":"TalkToTheHand","floor":21.0},{"not_picked":["SandsOfTime+1","PathToVictory"],"picked":"EmptyBody+1","floor":23.0},{"not_picked":["ClearTheMind","Meditate","ForeignInfluence"],"picked":"SKIP","floor":27.0},{"not_picked":["Evaluate","Fasting2"],"picked":"FearNoEvil","floor":29.0},{"not_picked":["Consecrate","Prostrate","Weave"],"picked":"SKIP","floor":30.0},{"not_picked":["EmptyFist","Crescendo","Evaluate"],"picked":"SKIP","floor":31.0},{"not_picked":["MasterReality","DeusExMachina"],"picked":"Omniscience","floor":33.0},{"not_picked":["SashWhip","EmptyFist+1","Evaluate"],"picked":"SKIP","floor":35.0},{"not_picked":["Meditate+1","LikeWater"],"picked":"Evaluate+1","floor":37.0},{"not_picked":["Crescendo","Worship"],"picked":"FlurryOfBlows","floor":38.0},{"not_picked":["FlyingSleeves+1","EmptyMind"],"picked":"ThirdEye+1","floor":40.0},{"not_picked":["EmptyFist","Weave"],"picked":"TalkToTheHand+1","floor":42.0},{"not_picked":["ConjureBlade","SashWhip","Halt"],"picked":"SKIP","floor":46.0},{"not_picked":["FlurryOfBlows","Halt"],"picked":"EmptyMind","floor":47.0},{"not_picked":["EmptyBody","Consecrate","Worship"],"picked":"SKIP","floor":48.0},{"not_picked":["FollowUp","CrushJoints+1"],"picked":"Omniscience","floor":55}],"player_experience":864722,"relics_obtained":[{"floor":7.0,"key":"Shuriken"},{"floor":9.0,"key":"Letter Opener"},{"floor":10.0,"key":"Matryoshka"},{"floor":12.0,"key":"Pantograph"},{"floor":23.0,"key":"Bird Faced Urn"},{"floor":26.0,"key":"Anchor"},{"floor":26.0,"key":"Bag of Preparation"},{"floor":27.0,"key":"Mango"},{"floor":30.0,"key":"Ornamental Fan"},{"floor":40.0,"key":"Meat on the Bone"},{"floor":42.0,"key":"Sundial"},{"floor":43.0,"key":"Regal Pillow"},{"floor":55,"key":"Pen Nib"}],"event_choices":[{"damage_healed":0.0,"max_hp_gain":0.0,"max_hp_loss":0.0,"gold_gain":0.0,"event_name":"Liars Game","player_choice":"Ignored","floor":3.0,"gold_loss":0.0,"damage_taken":0.0},{"cards_removed":["Strike_P"],"damage_healed":0.0,"max_hp_gain":0.0,"max_hp_loss":0.0,"gold_gain":0.0,"event_name":"The Cleric","player_choice":"Card Removal","floor":5.0,"gold_loss":75.0,"damage_taken":0.0},{"damage_healed":0.0,"max_hp_gain":0.0,"max_hp_loss":0.0,"gold_gain":0.0,"event_name":"The Mausoleum","player_choice":"Opened","floor":22.0,"gold_loss":0.0,"damage_taken":0.0,"relics_obtained":["Akabeko"],"cards_obtained":["Writhe"]},{"damage_healed":0.0,"max_hp_gain":0.0,"max_hp_loss":0.0,"gold_gain":0.0,"event_name":"Duplicator","player_choice":"Copied","floor":28.0,"gold_loss":0.0,"damage_taken":0.0,"cards_obtained":["TalkToTheHand"]},{"damage_healed":0.0,"max_hp_gain":0.0,"max_hp_loss":4.0,"gold_gain":0.0,"event_name":"Winding Halls","player_choice":"Max HP","floor":39.0,"gold_loss":0.0,"damage_taken":0.0},{"damage_healed":0.0,"max_hp_gain":0.0,"max_hp_loss":0.0,"gold_gain":0.0,"event_name":"Wheel of Change","player_choice":"Cursed","floor":41.0,"gold_loss":0.0,"damage_taken":0.0,"cards_obtained":["Decay"]}],"is_beta":false,"boss_relics":[{"not_picked":["Velvet Choker","Black Star"],"picked":"Coffee Dripper"},{"not_picked":["Tiny House","Snecko Eye"],"picked":"Cursed Key"}],"items_purged_floors":[24,45],"is_endless":false,"potions_floor_spawned":[7,12,20,23,29,31,33,37,46,47,55],"ascension_level":20}}