{"host":"to2s10i0cynxbiqz","time":1614146835,"event":{"mods":["BaseMod","Colored Powertips","Highlight Path","Minty Spire (QoL Compilation)","Quick Restart","StSLib","slay the spire mod where everything is the same but ironclad has a cowboy hat"],"gold_per_floor":[111,36,211,226,226,253,266,266,266,286,299,333,352,372,372,468,468,480,480,579,579,579],"floor_reached":21,"language":"ZHS","playtime":892,"items_purged":["Strike_R"],"score":292,"play_id":"516f1e16-407d-4945-95b5-d4af05732856","local_time":"20210224140715","is_ascension_mode":true,"campfire_choices":[{"data":"True Grit","floor":8.0,"key":"SMITH"},{"data":"Infernal Blade","floor":15.0,"key":"SMITH"}],"circlet_count":0,"master_deck":["Strike_R","Strike_R","Strike_R","Strike_R","Defend_R","Defend_R","Defend_R","Defend_R","Bash","Doubt","True Grit+1","Searing Blow","Spot Weakness","True Grit","Infernal Blade+1","Warcry","Reaper","Shrug It Off"],"relics":["Burning Blood","NeowsBlessing","Sundial","Dead Branch","Matryoshka","Shuriken","SacredBark"],"acts_visited":["Exordium","TheCity"],"potions_floor_usage":[18],"damage_taken":[{"damage":0.0,"enemies":"Cultist","floor":1.0,"turns":1.0},{"damage":0.0,"enemies":"Jaw Worm","floor":4.0,"turns":1.0},{"damage":0.0,"enemies":"3 Sentries","floor":6.0,"turns":2.0},{"damage":5.0,"enemies":"Small Slimes","floor":7.0,"turns":3.0},{"damage":7.0,"enemies":"2 Fungi Beasts","floor":10.0,"turns":5.0},{"damage":21.0,"enemies":"Exordium Thugs","floor":11.0,"turns":5.0},{"damage":31.0,"enemies":"Gremlin Nob","floor":12.0,"turns":5.0},{"damage":3.0,"enemies":"Large Slime","floor":13.0,"turns":8.0},{"damage":3.0,"enemies":"3 Louse","floor":14.0,"turns":5.0},{"damage":27.0,"enemies":"Hexaghost","floor":16.0,"turns":7.0},{"damage":25,"enemies":"Shell Parasite","floor":18,"turns":6},{"damage":47,"enemies":"3 Byrds","floor":21,"turns":5}],"seed_played":"5551057008420656954","potions_obtained":[{"floor":4.0,"key":"Strength Potion"},{"floor":10.0,"key":"Energy Potion"},{"floor":12.0,"key":"DuplicationPotion"},{"floor":13.0,"key":"ElixirPotion"},{"floor":16.0,"key":"DuplicationPotion"},{"floor":18,"key":"Ancient Potion"}],"is_trial":false,"path_per_floor":["M","$","?","M","T","E","M","R","T","M","M","E","M","M","R","B",null,"M","?","?","M"],"character_chosen":"IRONCLAD","items_purchased":[],"campfire_rested":0,"item_purchase_floors":[],"current_hp_per_floor":[78,78,78,80,80,80,80,80,80,79,64,39,42,45,45,24,66,47,32,32,1,1],"gold":579,"neow_bonus":"THREE_ENEMY_KILL","is_daily":false,"chose_seed":false,"campfire_upgraded":2,"win_rate":0.0,"timestamp":1614146835,"path_taken":["M","$","?","M","?","E","M","R","T","?","M","E","M","M","R","BOSS","M","?","?","M"],"items_purchased_type":[],"build_version":"2020-12-22","purchased_purges":1,"victory":false,"max_hp_per_floor":[80,80,80,80,80,80,80,80,80,80,80,80,80,80,80,80,80,80,85,85,85,85],"card_choices":[{"not_picked":["Havoc","Perfected Strike","Headbutt"],"picked":"SKIP","floor":1.0},{"not_picked":["Heavy Blade","Pommel Strike"],"picked":"True Grit","floor":4.0},{"not_picked":["Reckless Charge","Clothesline"],"picked":"Searing Blow","floor":6.0},{"not_picked":["Dual Wield","Inflame","Combust"],"picked":"SKIP","floor":7.0},{"not_picked":["Headbutt","Body Slam"],"picked":"Spot Weakness","floor":10.0},{"not_picked":["Immolate","Ghostly Armor"],"picked":"True Grit","floor":11.0},{"not_picked":["Dark Embrace","Twin Strike","Perfected Strike"],"picked":"SKIP","floor":12.0},{"not_picked":["Wild Strike","Disarm"],"picked":"Infernal Blade","floor":13.0},{"not_picked":["Iron Wave","Flex"],"picked":"Warcry","floor":14.0},{"not_picked":["Exhume","Brutality"],"picked":"Reaper","floor":16.0},{"not_picked":["Heavy Blade","Anger"],"picked":"Shrug It Off","floor":18}],"player_experience":198830,"relics_obtained":[{"floor":5.0,"key":"Sundial"},{"floor":6.0,"key":"Dead Branch"},{"floor":9.0,"key":"Matryoshka"},{"floor":12.0,"key":"Shuriken"}],"event_choices":[{"damage_healed":0.0,"max_hp_gain":0.0,"max_hp_loss":0.0,"gold_gain":175.0,"event_name":"Liars Game","player_choice":"AGREE","floor":3.0,"gold_loss":0.0,"damage_taken":0.0,"cards_obtained":["Doubt"]},{"damage_healed":0,"gold_gain":0,"player_choice":"Shed Blood","damage_taken":20,"max_hp_gain":5,"max_hp_loss":0,"event_name":"Forgotten Altar","floor":19,"gold_loss":0},{"damage_healed":0,"gold_gain":99,"player_choice":"Stole From Cult","damage_taken":0,"max_hp_gain":0,"max_hp_loss":0,"event_name":"Nest","floor":20,"gold_loss":0}],"is_beta":false,"boss_relics":[{"not_picked":["Mark of Pain","Runic Cube"],"picked":"SacredBark"}],"items_purged_floors":[2],"is_endless":false,"potions_floor_spawned":[4,10,12,13,16,18],"killed_by":"3 Byrds","ascension_level":7}}