{"host":"9c9syrivwe4sfpe0","time":1614134344,"event":{"mods":["AchievementEnabler","BaseMod","Colored Powertips","DeckTracker","GifTheSpireLib","Highlight Path","Minty Spire (QoL Compilation)","Quick Restart","Random Character Button","StSLib","SuperFastMode"],"gold_per_floor":[109,119,294,294,259,284,284,317,344,344,356,356,356],"floor_reached":12,"language":"ENG","playtime":332,"items_purged":[],"score":112,"play_id":"48856eb1-c433-4ab3-adae-d653e6772de9","local_time":"20210224133904","is_ascension_mode":true,"campfire_choices":[{"floor":7,"key":"REST"},{"floor":10,"key":"REST"}],"circlet_count":0,"master_deck":["Strike_P","Strike_P","Strike_P","Strike_P","Defend_P","Defend_P","Defend_P","Defend_P","Eruption","Vigilance","MasterReality","Pray","Prostrate","Pray","WaveOfTheHand","EmptyFist"],"relics":["PureWater","Regal Pillow","Happy Flower","Bronze Scales"],"acts_visited":["Exordium"],"potions_floor_usage":[2,6],"damage_taken":[{"damage":1,"enemies":"Small Slimes","floor":1,"turns":3},{"damage":12,"enemies":"Jaw Worm","floor":2,"turns":3},{"damage":49,"enemies":"3 Sentries","floor":6,"turns":7},{"damage":26,"enemies":"Lagavulin","floor":8,"turns":5},{"damage":15,"enemies":"2 Louse","floor":11,"turns":3},{"damage":85,"enemies":"Gremlin Nob","floor":12,"turns":4}],"seed_played":"5222598399370788233","potions_obtained":[{"floor":1,"key":"Regen Potion"},{"floor":2,"key":"BlessingOfTheForge"}],"is_trial":false,"path_per_floor":["M","M","?","?","?","E","R","E","T","R","M","E"],"character_chosen":"WATCHER","items_purchased":[],"campfire_rested":2,"item_purchase_floors":[],"current_hp_per_floor":[64,61,61,54,72,23,59,33,33,69,54,0,0],"gold":356,"neow_bonus":"ONE_RANDOM_RARE_CARD","is_daily":false,"chose_seed":false,"campfire_upgraded":0,"win_rate":0.0,"timestamp":1614134344,"path_taken":["M","M","?","?","?","E","R","E","T","R","M","E"],"items_purchased_type":[],"build_version":"2020-12-22","purchased_purges":0,"victory":false,"max_hp_per_floor":[72,72,72,72,72,72,72,72,72,72,72,72,72],"card_choices":[{"not_picked":["MentalFortress","CrushJoints"],"picked":"Pray","floor":1},{"not_picked":["PathToVictory","CrushJoints"],"picked":"Prostrate","floor":2},{"not_picked":["Prostrate","Crescendo"],"picked":"Pray","floor":6},{"not_picked":["Wireheading","Vengeance"],"picked":"WaveOfTheHand","floor":8},{"not_picked":["Meditate","Prostrate"],"picked":"EmptyFist","floor":11}],"player_experience":854521,"relics_obtained":[{"floor":6,"key":"Regal Pillow"},{"floor":8,"key":"Happy Flower"},{"floor":9,"key":"Bronze Scales"}],"event_choices":[{"damage_healed":0,"gold_gain":175,"player_choice":"AGREE","damage_taken":0,"max_hp_gain":0,"max_hp_loss":0,"event_name":"Liars Game","floor":3,"gold_loss":0,"cards_obtained":["Doubt"]},{"cards_removed":["Doubt"],"damage_healed":0,"gold_gain":0,"player_choice":"Card Removal","damage_taken":7,"max_hp_gain":0,"max_hp_loss":0,"event_name":"Golden Wing","floor":4,"gold_loss":0},{"damage_healed":18,"gold_gain":0,"player_choice":"Healed","damage_taken":0,"max_hp_gain":0,"max_hp_loss":0,"event_name":"The Cleric","floor":5,"gold_loss":35}],"is_beta":false,"boss_relics":[],"items_purged_floors":[],"is_endless":false,"potions_floor_spawned":[1,2],"killed_by":"Gremlin Nob","ascension_level":6}}