{"host":"i1peby39mt3us2ef","time":1614130693,"event":{"mods":["BaseMod","Better Altar","Better Match","Better Note","Better Sensory Stone","Better Skull","Downfall","Minty Spire (QoL Compilation)","Reliquary","Replay The Spire","StSLib"],"gold_per_floor":[360,360,380,397,165,165,165,200,200,200,212,232,232,16,16,113,113,133,133,153,153,153],"floor_reached":21,"language":"ENG","playtime":1996,"items_purged":["downfall:Bewildered","Strike_R"],"score":179,"play_id":"c6994ca5-d1df-4aa5-9136-9deb76adc5a7","local_time":"20210223183813","is_ascension_mode":false,"campfire_choices":[{"floor":6.0,"key":"RECALL"},{"floor":10.0,"key":"REST"},{"floor":13.0,"key":"REST"},{"data":"Inflame","floor":15.0,"key":"SMITH"}],"circlet_count":0,"master_deck":["Strike_R","Strike_R","Strike_R","Strike_R","Strike_R","Defend_R","Defend_R+1","Defend_R","Defend_R","Bash","sneckomod:Unknown","Strike_G+1","Twin Strike","Run Through","ReplayTheSpireMod:LeadingStrike","Inflame+1","Anger","Heavy Blade","Thunderclap","Shrug It Off+1","Metallicize","Intimidate+1","Armaments+1"],"relics":["Burning Blood","ReplayTheSpireMod:CursedCoin","reliquary:TridentHead","Simple Rune","Onion Ring","Replay:Drink Me"],"acts_visited":["Exordium","TheCity"],"potions_floor_usage":[],"damage_taken":[{"damage":0.0,"enemies":"Small Slimes","floor":1.0,"turns":5.0},{"damage":4.0,"enemies":"Cultist","floor":3.0,"turns":4.0},{"damage":8.0,"enemies":"Jaw Worm","floor":4.0,"turns":3.0},{"damage":55.0,"enemies":"Lagavulin","floor":8.0,"turns":6.0},{"damage":3.0,"enemies":"Red Slaver","floor":11.0,"turns":4.0},{"damage":13.0,"enemies":"Lots of Slimes","floor":12.0,"turns":3.0},{"damage":46,"enemies":"Hexaghost","floor":16,"turns":10},{"damage":35,"enemies":"Shell Parasite","floor":18,"turns":7},{"damage":19,"enemies":"3 Byrds","floor":20,"turns":5},{"damage":23,"enemies":"Cultist and Chosen","floor":21,"turns":5}],"seed_played":"-4259683897407168090","potions_obtained":[{"floor":1.0,"key":"SmokeBomb"},{"floor":4.0,"key":"Swift Potion"},{"floor":11.0,"key":"SpeedPotion"},{"floor":16,"key":"BlessingOfTheForge"}],"is_trial":false,"path_per_floor":["M","?","M","M","$","R","T","E","T","R","M","M","R","$","R","B",null,"M","?","M","M"],"character_chosen":"IRONCLAD","items_purchased":["ReplayTheSpireMod:CursedCoin","Inflame","Anger","ReplayUltimateDefense","Shrug It Off+1","Metallicize"],"campfire_rested":2,"item_purchase_floors":[5,5,5,5,14,14],"current_hp_per_floor":[80,80,80,78,78,78,78,29,29,53,56,49,73,73,73,33,60,31,31,18,0,0],"gold":153,"neow_bonus":"TWO_FIFTY_GOLD","is_daily":false,"chose_seed":false,"campfire_upgraded":1,"win_rate":0.0,"timestamp":1614130693,"path_taken":["M","?","?","M","$","R","?","E","T","R","M","M","R","?","R","BOSS","M","?","M","?"],"items_purchased_type":["Relic","Card","Card","Card","Card","Card"],"build_version":"2020-12-22","purchased_purges":2,"victory":false,"max_hp_per_floor":[80,80,80,80,80,80,80,80,80,80,80,80,80,80,80,80,60,60,60,60,60,60],"card_choices":[{"not_picked":["Clash","Massacre"],"picked":"Twin Strike","floor":1.0},{"not_picked":["Body Slam","Clash"],"picked":"Run Through","floor":3.0},{"not_picked":["Warcry","Fire Breathing"],"picked":"ReplayTheSpireMod:LeadingStrike","floor":4.0},{"not_picked":["Headbutt","Brutality"],"picked":"Heavy Blade","floor":8.0},{"not_picked":["Body Slam","Shockwave"],"picked":"Thunderclap","floor":11.0},{"not_picked":["Burning Pact","Fire Breathing"],"picked":"Whirlwind","floor":12.0},{"not_picked":["Brutality","Hemogenesis"],"picked":"Eclipse","floor":16},{"not_picked":["Feel No Pain","Blood for Blood"],"picked":"Intimidate+1","floor":18},{"not_picked":["Headbutt","Run Through"],"picked":"Armaments+1","floor":20}],"player_experience":84560,"relics_obtained":[{"floor":7.0,"key":"reliquary:TridentHead"},{"floor":8.0,"key":"Simple Rune"},{"floor":9.0,"key":"Onion Ring"}],"event_choices":[{"cards_removed":["Strike_G"],"damage_healed":0.0,"max_hp_gain":0.0,"max_hp_loss":0.0,"gold_gain":0.0,"event_name":"betterNote:BetterNote","player_choice":"Take \u0026 Give","floor":2.0,"gold_loss":0.0,"damage_taken":0.0,"cards_obtained":["Strike_R"]},{"damage_healed":0,"gold_gain":0,"player_choice":"Got Potions","damage_taken":0,"max_hp_gain":0,"max_hp_loss":0,"event_name":"Lab","floor":19,"gold_loss":0}],"is_beta":false,"boss_relics":[{"not_picked":["Painkiller Herb","Runic Dome"],"picked":"Replay:Drink Me"}],"items_purged_floors":[5,14],"is_endless":false,"potions_floor_spawned":[1,4,11,16],"killed_by":"Cultist and Chosen","ascension_level":0}}