{"host":"jfbo3eu2ui08ej1u","time":1614156416,"event":{"mods":["2.2 Compatiblity","AchievementEnabler","Act Like it!","Aspiration","BaseMod","Better Altar","Better Match","Better Note","Better Sensory Stone","Better Skull","Better Third Choice","Block Reminder","Colored Map","Colored Powertips","Conspire","DeckTracker","Displayed Cursed Tome","Energized Spire","Fox Events","GifTheSpireLib","Hermit","Hubris","Infinite Spire","Marked Mod","Minty Spire (QoL Compilation)","Monster B Gone","Pale of the Ancients","Poor People Problems","Quick Restart","Relic Filter","Reliquary","Reorder Act Four","Replay The Spire","Shop Mod","Spicy Shops","Spire Arcade","StSLib","Stuff the Spire","The Blue Laboratory","The Disciple","The Forsaken","The Hierophant","The Marked","Uncapped","Unceasing Turn Reminder","Wandering Minibosses"],"gold_per_floor":[118,135,135,135,4,4,21,46,70,70,81,116,116,133,133,204,204,221,157,157,12,12,12,47,47,47,72,88,88,99,132,132,207,207,225,16,29,41,41,41,60,94,94,122,197,197,197,222,222,249,249,328,328,328],"floor_reached":53,"language":"ENG","playtime":2894,"items_purged":["Strike_G+1"],"score":1643,"play_id":"f6863903-6234-4b50-8010-bbb10e2b0637","local_time":"20210224034656","is_ascension_mode":true,"campfire_choices":[{"floor":6.0,"key":"REST"},{"data":"infinitespire:SevenWalls","floor":10.0,"key":"SMITH"},{"data":"Well Laid Plans","floor":13.0,"key":"SMITH"},{"data":"StuffTheSpire:Shiver","floor":15.0,"key":"SMITH"},{"data":"Accuracy","floor":23.0,"key":"SMITH"},{"floor":29.0,"key":"REST"},{"data":"Phantasmal Killer","floor":32.0,"key":"SMITH"},{"floor":43.0,"key":"REST"},{"floor":46,"key":"REST"},{"data":"ReplayTheSpireMod:Brewmster","floor":47,"key":"SMITH"},{"data":"StuffTheSpire:Fury","floor":51,"key":"SMITH"}],"circlet_count":0,"master_deck":["AscendersBane","Strike_G+1","Strike_G+1","Strike_G+1","Strike_G+1","Defend_G+1","Defend_G+1","Defend_G+1","Defend_G+1","Defend_G+1","Survivor","Neutralize","Acrobatics","Quick Slash","infinitespire:SevenWalls+1","StuffTheSpire:Injection","Backflip+1","Dagger Throw","Backstab","StuffTheSpire:Shiver+1","Well Laid Plans+1","Leg Sweep","Venomology","hubris:SlightOfHand+1","ReplayTheSpireMod:Speed Training","Underhanded Strike+1","Accuracy+1","Blade Dance","Blade Dance","ReplayTheSpireMod:Brewmster+1","ReplayTheSpireMod:Private Reserves","Phantasmal Killer+1","Fluid Movement","Cloak And Dagger","ReplayTheSpireMod:Scrap Shanks+1","Hidden Blade","Blade Dance+1","PiercingWail","StuffTheSpire:Fury+1","ReplayTheSpireMod:Scrap Shanks","Bullet Time"],"relics":["Ring of the Snake","Blue Doll","Strawberry","Blood Vial","Akabeko","WingedGreaves","HoveringKite","hubris:DeckOfHolding","ReplayTheSpireMod:ShopPack","Replay:Bottled Steam","Peace Pipe","ReplayTheSpireMod:Lightbulb","Replay:WaspNest","hubris:ScarierMask","hubris:EmptyBottle","Vajra","StuffTheSpire:Nightcore","infinitespire:CheckeredPen","Torii","reliquary:SharkskinSheath"],"acts_visited":["Exordium","TheCity","TheBeyond"],"potions_floor_usage":[44,44,44,44,44,44,50,50,50,50,50,50,50,50,52,52,52,52,52,52,52,52,52,52,53,53,53,53],"damage_taken":[{"damage":3.0,"enemies":"Small Slimes","floor":1.0,"turns":4.0},{"damage":13.0,"enemies":"Jaw Worm","floor":2.0,"turns":9.0},{"damage":0.0,"enemies":"2 Louse","floor":7.0,"turns":2.0},{"damage":8.0,"enemies":"Gremlin Nob","floor":8.0,"turns":3.0},{"damage":4.0,"enemies":"Exordium Thugs","floor":11.0,"turns":3.0},{"damage":0.0,"enemies":"Replay:BlueRogue","floor":12.0,"turns":7.0},{"damage":0.0,"enemies":"3 Louse","floor":14.0,"turns":2.0},{"damage":13.0,"enemies":"Hexaghost","floor":16.0,"turns":10.0},{"damage":0.0,"enemies":"Chosen","floor":18.0,"turns":5.0},{"damage":41.0,"enemies":"Gremlin Leader","floor":24.0,"turns":8.0},{"damage":13.0,"enemies":"conspire:Head Lice","floor":27.0,"turns":14.0},{"damage":0.0,"enemies":"3 Byrds","floor":28.0,"turns":4.0},{"damage":0.0,"enemies":"3 Cultists","floor":30.0,"turns":4.0},{"damage":8.0,"enemies":"Nightmare","floor":31.0,"turns":10.0},{"damage":27.0,"enemies":"conspire:MysteriousRune","floor":33.0,"turns":9.0},{"damage":0.0,"enemies":"Orb Walker","floor":35.0,"turns":3.0},{"damage":0.0,"enemies":"3 Darklings","floor":37.0,"turns":4.0},{"damage":20.0,"enemies":"Writhing Mass","floor":38.0,"turns":8.0},{"damage":3.0,"enemies":"Sphere and 2 Shapes","floor":41.0,"turns":4.0},{"damage":37.0,"enemies":"Giant Head","floor":42.0,"turns":9.0},{"damage":12,"enemies":"Nemesis","floor":44,"turns":3},{"damage":24,"enemies":"Mind Bloom Boss Battle","floor":48,"turns":5},{"damage":34,"enemies":"Nightmare","floor":50,"turns":9},{"damage":58,"enemies":"hubris:GrandSnecko","floor":52,"turns":10},{"damage":19,"enemies":"infinitespire:MassOfShapes","floor":53,"turns":1}],"seed_played":"-7914944806626127407","potions_obtained":[{"floor":1.0,"key":"blueLaboratory:SuffocatingSmog"},{"floor":2.0,"key":"Block Potion"},{"floor":7.0,"key":"blueLaboratory:EnvenomedCoating"},{"floor":8.0,"key":"blueLaboratory:PolymorphPotion"},{"floor":24.0,"key":"Dexterity Potion"},{"floor":28.0,"key":"blueLaboratory:RememoryPotion"},{"floor":35.0,"key":"blueLaboratory:BlinkPotion"},{"floor":42.0,"key":"Adrenaline Potion"},{"floor":52,"key":"Elixir"}],"is_trial":false,"path_per_floor":["M","M","?","?","$","R","M","E","T","R","M","E","R","M","R","B",null,"M","$","?","$","?","R","E","AVR","T","E","M","R","M","NM","R","B",null,"M","$","M","M","PTL","PTL","M","E","R","E","T","R","R","?","?","NM","R","B","B"],"character_chosen":"THE_SILENT","items_purchased":["StuffTheSpire:Injection","Backflip+1","Strawberry","ReplayTheSpireMod:Speed Training","Underhanded Strike+1","Accuracy","Blade Dance","ReplayTheSpireMod:Scrap Shanks+1","hubris:EmptyBottle"],"campfire_rested":4,"item_purchase_floors":[5,5,5,19,19,21,21,36,36],"current_hp_per_floor":[62,49,31,13,20,43,43,35,35,35,33,35,35,37,37,26,66,68,68,68,68,68,68,29,29,29,18,20,43,45,39,39,14,63,67,67,69,51,51,51,54,19,44,34,34,59,59,37,70,63,63,7,0,0],"gold":328,"neow_bonus":"TEN_PERCENT_HP_BONUS","is_daily":false,"chose_seed":false,"campfire_upgraded":7,"win_rate":0.0,"timestamp":1614156416,"path_taken":["M","M","?","?","$","R","M","E","T","R","M","E","R","M","R","BOSS","M","$","?","?","?","R","E","AVR","T","E","M","R","M","NM","R","BOSS","M","$","M","M","PTL","PTL","M","E","R","E","T","R","R","?","?","NM","R","BOSS","BOSS"],"items_purchased_type":["Card","Card","Relic","Card","Card","Card","Card","Card","Relic"],"build_version":"2020-12-22","purchased_purges":1,"victory":false,"max_hp_per_floor":[72,72,72,72,79,79,79,79,79,79,79,79,79,79,79,79,79,79,79,79,79,79,79,79,79,79,79,79,79,79,79,79,79,79,81,81,81,81,81,81,85,85,85,85,85,85,85,85,70,70,70,70,70,70],"card_choices":[{"not_picked":["Deflect","Dodge and Roll"],"picked":"Acrobatics","floor":1.0},{"not_picked":["ReplayTheSpireMod:Tripwire","StuffTheSpire:ReptileScales"],"picked":"Quick Slash","floor":2.0},{"not_picked":["hubris:InfiniteBlow","ReplayTheSpireMod:??????????????????????"],"picked":"infinitespire:SevenWalls","floor":3.0},{"not_picked":["Calculated Gamble","Dash"],"picked":"Dagger Throw","floor":7.0},{"not_picked":["Dagger Spray","Outmaneuver"],"picked":"Backstab","floor":8.0},{"not_picked":["Flying Knee","Slice"],"picked":"StuffTheSpire:Shiver","floor":11.0},{"not_picked":["Prepared","StuffTheSpire:Repulse"],"picked":"Well Laid Plans","floor":12.0},{"not_picked":["Prepared","Flying Knee"],"picked":"Leg Sweep","floor":14.0},{"not_picked":["StuffTheSpire:FinalStruggle","infinitespire:Neurotoxin"],"picked":"Venomology","floor":16.0},{"not_picked":["Replay:Poison Smokescreen","StuffTheSpire:BrimstoneBlast"],"picked":"hubris:SlightOfHand+1","floor":18.0},{"not_picked":["Outmaneuver+1","Quick Slash+1","Slice"],"picked":"SKIP","floor":24.0},{"not_picked":["Mayhem","Transmutation"],"picked":"ReplayTheSpireMod:Brewmster","floor":25.0},{"not_picked":["ReplayUltimateDefense","Jack Of All Trades"],"picked":"ReplayTheSpireMod:Private Reserves","floor":25.0},{"not_picked":["Tools of the Trade","Dagger Spray"],"picked":"Phantasmal Killer","floor":27.0},{"not_picked":["Outmaneuver","Prepared"],"picked":"Fluid Movement","floor":28.0},{"not_picked":["Poisoned Stab","Bane","hubris:Counter"],"picked":"SKIP","floor":30.0},{"not_picked":["StuffTheSpire:BumpUp","Sucker Punch"],"picked":"Cloak And Dagger","floor":31.0},{"not_picked":["Prepared","StuffTheSpire:Fury","Sucker Punch"],"picked":"SKIP","floor":35.0},{"not_picked":["Well Laid Plans","Expertise","StuffTheSpire:BumpUp"],"picked":"SKIP","floor":37.0},{"not_picked":["Well Laid Plans","Expertise","StuffTheSpire:BumpUp"],"picked":"SKIP","floor":37.0},{"not_picked":["Catalyst+1","Bane","Flying Knee"],"picked":"SKIP","floor":38.0},{"not_picked":["Sneak Up","Catalyst"],"picked":"Hidden Blade","floor":41.0},{"not_picked":["Deflect","Endless Agony"],"picked":"Blade Dance+1","floor":42.0},{"not_picked":["Endless Agony","StuffTheSpire:BrimstoneBlast+1"],"picked":"PiercingWail","floor":44},{"not_picked":["hubris:Counter","ReplayTheSpireMod:Necrosis"],"picked":"StuffTheSpire:Fury","floor":48},{"not_picked":["StuffTheSpire:Injection+1","Dodge and Roll"],"picked":"ReplayTheSpireMod:Scrap Shanks","floor":50},{"not_picked":["Replay:Bag of Tricks","ReplayTheSpireMod:From All Sides"],"picked":"Bullet Time","floor":52}],"player_experience":1370426,"relics_obtained":[{"floor":8.0,"key":"Blood Vial"},{"floor":9.0,"key":"Akabeko"},{"floor":12.0,"key":"WingedGreaves"},{"floor":24.0,"key":"reliquary:FerryPass"},{"floor":26.0,"key":"Replay:Bottled Steam"},{"floor":27.0,"key":"Peace Pipe"},{"floor":27.0,"key":"ReplayTheSpireMod:Lightbulb"},{"floor":31.0,"key":"Replay:WaspNest"},{"floor":42.0,"key":"Vajra"},{"floor":44,"key":"StuffTheSpire:Nightcore"},{"floor":45,"key":"infinitespire:CheckeredPen"},{"floor":48,"key":"Torii"},{"floor":50,"key":"reliquary:SharkskinSheath"}],"event_choices":[{"damage_healed":0.0,"max_hp_gain":0.0,"max_hp_loss":0.0,"gold_gain":1.0,"event_name":"betterThird:BetterScrap","player_choice":"Relic ","floor":4.0,"gold_loss":0.0,"damage_taken":18.0,"cards_obtained":["MasterReality"]},{"damage_healed":0.0,"max_hp_gain":0.0,"max_hp_loss":0.0,"gold_gain":0.0,"event_name":"WeMeetAgain","player_choice":"Gave Potion","floor":20.0,"gold_loss":0.0,"damage_taken":0.0,"relics_obtained":["hubris:DeckOfHolding"]},{"damage_healed":0.0,"max_hp_gain":0.0,"max_hp_loss":10.0,"gold_gain":0.0,"event_name":"betterThird:BetterWriting","player_choice":"Simplicity","floor":22.0,"gold_loss":0.0,"damage_taken":0.0},{"damage_healed":0,"gold_gain":0,"player_choice":"Fight","damage_taken":0,"max_hp_gain":0,"max_hp_loss":0,"event_name":"MindBloom","floor":48,"gold_loss":0},{"damage_healed":70,"gold_gain":0,"player_choice":"Heal","damage_taken":0,"max_hp_gain":0,"max_hp_loss":15,"event_name":"The Moai Head","floor":49,"gold_loss":0}],"is_beta":false,"boss_relics":[{"not_picked":["Snecko Scales","hubris:VirtuousBlindfold"],"picked":"HoveringKite"},{"not_picked":["conspire:SeveredTorchhead","Velvet Choker"],"picked":"hubris:ScarierMask"}],"items_purged_floors":[25],"is_endless":true,"potions_floor_spawned":[1,2,7,8,18,24,28,31,33,35,37,42,52],"killed_by":"infinitespire:MassOfShapes","ascension_level":20}}