{"host":"dhv3u8yhd2rnugsp","time":1614146741,"event":{"mods":["100% Spire Juice","BaseMod","Block Reminder","Colored Map","Googly Eyes","Highlight Path","Minty Spire (QoL Compilation)","Permanent Neow","Quick Restart","Random Character Button","StSLib"],"gold_per_floor":[117,133,149,149,167,167,9,37,64,64,99,99,124,144,144,219,219,232,36,49,49,49,49,63,94,94,107,107,141,141,158,158,235,235,255,255,266,62,115,142,142,173,173,200,200,217,229,133,133,133,133],"floor_reached":50,"language":"ENG","playtime":2528,"items_purged":["Strike_G"],"score":1226,"play_id":"d44ab2c1-d265-48d9-abd7-d101b9eaadae","local_time":"20210224000541","is_ascension_mode":true,"campfire_choices":[{"data":"Choke","floor":6,"key":"SMITH"},{"data":"Neutralize","floor":10,"key":"SMITH"},{"data":"All Out Attack","floor":12,"key":"SMITH"},{"data":"Bouncing Flask","floor":15,"key":"SMITH"},{"data":"Apotheosis","floor":23,"key":"SMITH"},{"floor":30,"key":"REST"},{"data":"Noxious Fumes","floor":32,"key":"SMITH"},{"floor":45,"key":"RECALL"},{"floor":49,"key":"REST"}],"circlet_count":0,"master_deck":["AscendersBane","Strike_G","Strike_G","Strike_G","Strike_G","Defend_G","Defend_G","Defend_G","Defend_G","Defend_G","Survivor","Neutralize+1","Infinite Blades","Endless Agony","Choke+1","Prepared","All Out Attack+1","Backstab","Poisoned Stab","Bouncing Flask+1","Wraith Form v2","Noxious Fumes+1","Apotheosis+1","Blur+1","Slice","Prepared","PiercingWail","Adrenaline","Catalyst","PiercingWail+1","Acrobatics","Infinite Blades","Terror"],"relics":["Ring of the Snake","Tough Bandages","PreservedInsect","Strawberry","Toy Ornithopter","Gambling Chip","WristBlade","Lantern","Mercury Hourglass","Ancient Tea Set","Busted Crown","Incense Burner","Smiling Mask","Bag of Marbles","Potion Belt","Omamori"],"acts_visited":["Exordium","TheCity","TheBeyond"],"potions_floor_usage":[3,8,8,16,18,25,29,33,33,39,42,50,50,50],"damage_taken":[{"damage":1,"enemies":"2 Louse","floor":1,"turns":5},{"damage":2,"enemies":"Cultist","floor":2,"turns":5},{"damage":0,"enemies":"Jaw Worm","floor":3,"turns":5},{"damage":4,"enemies":"2 Fungi Beasts","floor":5,"turns":3},{"damage":6,"enemies":"Lagavulin","floor":8,"turns":7},{"damage":15,"enemies":"3 Sentries","floor":11,"turns":7},{"damage":15,"enemies":"Lagavulin","floor":13,"turns":5},{"damage":0,"enemies":"Blue Slaver","floor":14,"turns":1},{"damage":12,"enemies":"Slime Boss","floor":16,"turns":5},{"damage":13,"enemies":"3 Byrds","floor":18,"turns":4},{"damage":1,"enemies":"Chosen","floor":20,"turns":4},{"damage":0,"enemies":"Centurion and Healer","floor":24,"turns":6},{"damage":16,"enemies":"Gremlin Leader","floor":25,"turns":7},{"damage":0,"enemies":"Snake Plant","floor":27,"turns":2},{"damage":10,"enemies":"Book of Stabbing","floor":29,"turns":4},{"damage":0,"enemies":"Snecko","floor":31,"turns":3},{"damage":32,"enemies":"Collector","floor":33,"turns":8},{"damage":3,"enemies":"3 Darklings","floor":35,"turns":4},{"damage":1,"enemies":"3 Shapes","floor":37,"turns":5},{"damage":3,"enemies":"2 Orb Walkers","floor":39,"turns":4},{"damage":18,"enemies":"Nemesis","floor":40,"turns":5},{"damage":0,"enemies":"Giant Head","floor":42,"turns":5},{"damage":18,"enemies":"Reptomancer","floor":44,"turns":5},{"damage":0,"enemies":"Sphere and 2 Shapes","floor":46,"turns":4},{"damage":0,"enemies":"Writhing Mass","floor":47,"turns":5},{"damage":86,"enemies":"Time Eater","floor":50,"turns":9}],"seed_played":"-3690058951383676903","potions_obtained":[{"floor":1,"key":"GamblersBrew"},{"floor":2,"key":"Block Potion"},{"floor":3,"key":"SpeedPotion"},{"floor":13,"key":"LiquidMemories"},{"floor":16,"key":"SkillPotion"},{"floor":24,"key":"Weak Potion"},{"floor":27,"key":"Regen Potion"},{"floor":29,"key":"Weak Potion"},{"floor":31,"key":"Block Potion"},{"floor":33,"key":"SkillPotion"},{"floor":35,"key":"Energy Potion"},{"floor":40,"key":"Strength Potion"},{"floor":42,"key":"SteroidPotion"},{"floor":47,"key":"PowerPotion"}],"is_trial":false,"path_per_floor":["M","M","M","?","M","R","$","E","T","R","E","R","E","M","R","B",null,"M","$","M","?","$","R","M","E","T","M","?","E","R","M","R","B",null,"M","?","M","$","?","E","?","E","T","E","R","M","M","?","R","B"],"character_chosen":"THE_SILENT","items_purchased":["All Out Attack","Apotheosis","Acrobatics","Infinite Blades","Terror"],"campfire_rested":2,"item_purchase_floors":[7,19,38,38,38],"current_hp_per_floor":[58,56,56,61,57,57,57,51,58,58,43,43,28,28,28,21,59,51,51,50,44,44,44,44,33,33,33,13,20,43,43,43,21,63,60,60,59,59,61,43,43,48,48,30,30,30,30,30,51,0,0],"gold":133,"neow_bonus":"ONE_RARE_RELIC","is_daily":false,"chose_seed":false,"campfire_upgraded":6,"win_rate":0.0,"timestamp":1614146741,"path_taken":["M","M","M","?","M","R","$","E","T","R","E","R","E","M","R","BOSS","M","$","M","?","?","R","M","E","T","M","?","E","R","M","R","BOSS","M","?","M","$","?","E","?","E","T","E","R","M","M","?","R","BOSS"],"items_purchased_type":["Card","Card","Card","Card","Card"],"build_version":"2020-12-22","purchased_purges":1,"victory":false,"max_hp_per_floor":[60,60,60,65,65,65,65,65,72,72,72,72,72,72,72,72,72,72,72,72,72,72,72,72,72,72,72,77,77,77,77,77,77,77,77,73,73,73,73,73,73,73,73,73,73,73,73,73,73,73,73],"card_choices":[{"not_picked":["Eviscerate","Deflect"],"picked":"Infinite Blades","floor":1},{"not_picked":["Footwork","Dash"],"picked":"Endless Agony","floor":2},{"not_picked":["Expertise","Tactician"],"picked":"Choke","floor":3},{"not_picked":["Flying Knee","Flechettes"],"picked":"Prepared","floor":5},{"not_picked":["Sucker Punch","Bane","Dodge and Roll"],"picked":"SKIP","floor":8},{"not_picked":["Dagger Spray","Quick Slash"],"picked":"Backstab","floor":11},{"not_picked":["Night Terror","Outmaneuver"],"picked":"Poisoned Stab","floor":13},{"not_picked":["Blur","Bane"],"picked":"Bouncing Flask","floor":14},{"not_picked":["Night Terror","Storm of Steel"],"picked":"Wraith Form v2","floor":16},{"not_picked":["Finisher","Underhanded Strike"],"picked":"Noxious Fumes","floor":18},{"not_picked":["Outmaneuver+1","Flying Knee","Dodge and Roll"],"picked":"SKIP","floor":20},{"not_picked":["Quick Slash","Deadly Poison"],"picked":"Blur+1","floor":24},{"not_picked":["Blur","Dodge and Roll","Predator"],"picked":"SKIP","floor":25},{"not_picked":["Deflect","Reflex"],"picked":"Slice","floor":27},{"not_picked":["Deadly Poison","Sucker Punch"],"picked":"Prepared","floor":29},{"not_picked":["Deadly Poison","Poisoned Stab"],"picked":"PiercingWail","floor":31},{"not_picked":["Unload","Malaise"],"picked":"Adrenaline","floor":33},{"not_picked":[],"picked":"Catalyst","floor":35},{"not_picked":[],"picked":"PiercingWail+1","floor":37},{"not_picked":[],"picked":"PiercingWail","floor":40},{"not_picked":["Predator"],"picked":"SKIP","floor":42},{"not_picked":["Quick Slash+1"],"picked":"SKIP","floor":44},{"not_picked":["Dagger Spray"],"picked":"SKIP","floor":46},{"not_picked":["Dagger Throw"],"picked":"SKIP","floor":47}],"player_experience":1685937,"relics_obtained":[{"floor":8,"key":"PreservedInsect"},{"floor":9,"key":"Strawberry"},{"floor":11,"key":"Toy Ornithopter"},{"floor":13,"key":"Gambling Chip"},{"floor":25,"key":"Lantern"},{"floor":26,"key":"Mercury Hourglass"},{"floor":29,"key":"Ancient Tea Set"},{"floor":39,"key":"Incense Burner"},{"floor":40,"key":"Smiling Mask"},{"floor":42,"key":"Bag of Marbles"},{"floor":44,"key":"Potion Belt"}],"event_choices":[{"damage_healed":0,"gold_gain":0,"player_choice":"Donut","damage_taken":0,"max_hp_gain":5,"max_hp_loss":0,"event_name":"Big Fish","floor":4,"gold_loss":0},{"damage_healed":0,"gold_gain":0,"player_choice":"","damage_taken":6,"max_hp_gain":0,"max_hp_loss":0,"event_name":"Knowing Skull","floor":21,"potions_obtained":[],"gold_loss":0,"cards_obtained":[]},{"damage_healed":0,"gold_gain":0,"player_choice":"Shed Blood","damage_taken":25,"max_hp_gain":5,"max_hp_loss":0,"event_name":"Forgotten Altar","floor":28,"gold_loss":0},{"damage_healed":0,"gold_gain":0,"player_choice":"Max HP","damage_taken":0,"max_hp_gain":0,"max_hp_loss":4,"event_name":"Winding Halls","floor":36,"gold_loss":0},{"damage_healed":0,"gold_gain":0,"player_choice":"Fight","damage_taken":0,"max_hp_gain":0,"max_hp_loss":0,"event_name":"Mysterious Sphere","floor":39,"gold_loss":0},{"cards_removed":["PiercingWail"],"damage_healed":0,"gold_gain":0,"player_choice":"Removed Skill","damage_taken":0,"max_hp_gain":0,"max_hp_loss":0,"event_name":"Falling","floor":41,"gold_loss":0},{"damage_healed":0,"gold_gain":0,"player_choice":"Paid Gold","damage_taken":0,"relics_obtained":["Omamori"],"max_hp_gain":0,"max_hp_loss":0,"event_name":"WeMeetAgain","floor":48,"gold_loss":96}],"is_beta":false,"boss_relics":[{"not_picked":["Pandora\u0027s Box","Coffee Dripper"],"picked":"WristBlade"},{"not_picked":["Sozu","Runic Dome"],"picked":"Busted Crown"}],"items_purged_floors":[7],"is_endless":false,"potions_floor_spawned":[1,2,3,13,16,24,27,29,31,33,35,40,42,47],"killed_by":"Time Eater","ascension_level":20}}