{"host":"j0lq4v91luowxwha","time":1614181596,"event":{"mods":["BaseMod","Colored Powertips","Downfall","Hermit","Minty Spire (QoL Compilation)","Quick Restart","Replay The Spire","StSLib","SuperFastMode","The Cursed"],"gold_per_floor":[99,99,99,99,99,99,99,294,294,127,127,143,163,48,64,168,168,168,180,194,211,211,71,71,71,81,81,91,111,111,124,141,236,236,236,251,251,264,0,50,350,350,369,369,388,398,398,424,437,437,437,437],"floor_reached":50,"language":"ENG","playtime":1700,"items_purged":["bronze:Strike","bronze:Strike","bronze:Strike","Sickly"],"score":459,"play_id":"b463a835-634e-4e8b-bbbf-68856b0f57db","local_time":"20210224104636","is_ascension_mode":false,"campfire_choices":[{"data":"bronze:Replicate","floor":1,"key":"SMITH"},{"data":"bronze:Goto","floor":9,"key":"SMITH"},{"data":"bronze:ClassDefault","floor":11,"key":"SMITH"},{"data":"bronze:Repair","floor":18,"key":"SMITH"},{"data":"bronze:ThunderWave","floor":27,"key":"SMITH"},{"data":"bronze:DelayedSlice","floor":30,"key":"SMITH"},{"data":"bronze:ChosenStrike","floor":35,"key":"SMITH"},{"data":"bronze:Assembly","floor":42,"key":"SMITH"},{"data":"bronze:Mutator","floor":44,"key":"SMITH"}],"circlet_count":0,"master_deck":["bronze:Strike","bronze:Defend","bronze:Defend","bronze:Replicate+1","bronze:Goto+1","bronze:ChosenStrike+1","bronze:Repair+1","bronze:DelayedSlice+1","bronze:ClassDefault+1","bronze:ThunderWave+1","bronze:Mutator+1","bronze:Boost+1","bronze:Assembly+1","bronze:Repulsor+1","bronze:Branch+1","bronze:BuggyMess+1"],"relics":["bronze:BronzeCore","downfall:HeartsMalice","Replay:Wax Seal","Painkiller Herb","Thread and Needle","ReplayTheSpireMod:Ring of Collecting","Lee\u0027s Waffle","Lantern","Ice Cream","Old Coin","Oddly Smooth Stone"],"acts_visited":["Exordium","TheCity","TheBeyond"],"potions_floor_usage":[33,49],"damage_taken":[{"damage":0,"enemies":"Cultist","floor":2,"turns":1},{"damage":0,"enemies":"2 Louse","floor":3,"turns":1},{"damage":0,"enemies":"Small Slimes","floor":6,"turns":1},{"damage":1,"enemies":"downfall:FleeingMerchant","floor":10,"turns":4},{"damage":4,"enemies":"Blue Slaver","floor":12,"turns":3},{"damage":10,"enemies":"Exordium Thugs","floor":13,"turns":3},{"damage":11,"enemies":"downfall:FleeingMerchant","floor":14,"turns":4},{"damage":15,"enemies":"Lots of Slimes","floor":15,"turns":5},{"damage":68,"enemies":"IC_STATUS_ARCHETYPE","floor":16,"turns":12},{"damage":22,"enemies":"downfall:LooterAlt2","floor":19,"turns":3},{"damage":1,"enemies":"Spheric Guardian","floor":20,"turns":3},{"damage":24,"enemies":"Snake Plant","floor":21,"turns":3},{"damage":7,"enemies":"downfall:FleeingMerchant","floor":23,"turns":4},{"damage":10,"enemies":"Snecko","floor":26,"turns":4},{"damage":11,"enemies":"3 Cultists","floor":28,"turns":5},{"damage":3,"enemies":"Chosen and Byrds","floor":29,"turns":5},{"damage":33,"enemies":"Snake Plant","floor":31,"turns":4},{"damage":0,"enemies":"Snecko","floor":32,"turns":3},{"damage":32,"enemies":"SI_MIRROR_ARCHETYPE","floor":33,"turns":6},{"damage":10,"enemies":"3 Shapes","floor":36,"turns":5},{"damage":35,"enemies":"3 Darklings","floor":38,"turns":3},{"damage":0,"enemies":"downfall:FleeingMerchant","floor":39,"turns":1},{"damage":2,"enemies":"downfall:FleeingMerchant","floor":40,"turns":5},{"damage":10,"enemies":"Jaw Worm Horde","floor":43,"turns":2},{"damage":29,"enemies":"Maw","floor":45,"turns":8},{"damage":20,"enemies":"Spire Growth","floor":46,"turns":4},{"damage":1,"enemies":"Transient","floor":49,"turns":5},{"damage":57,"enemies":"DF_ARCHETYPE_ORBS","floor":50,"turns":9}],"seed_played":"-8505089836363177682","potions_obtained":[{"floor":13,"key":"Explosive Potion"},{"floor":15,"key":"Explosive Potion"},{"floor":16,"key":"bronze:FreeFunctionsPotion"},{"floor":28,"key":"ColorlessPotion"},{"floor":36,"key":"bronze:BurnAndBuffPotion"},{"floor":49,"key":"Languid Potion"}],"is_trial":false,"path_per_floor":["R","M","M","?","?","M","T","?","R","$","R","M","M","$","M","B",null,"T","?","?","?","?","T","T","?","?","T","?","?","T","?","?","B",null,"T","?","?","?","T","?","T","T","?","T","?","?","?","T","?","B"],"character_chosen":"THE_AUTOMATON","items_purchased":["bronze:ClassDefault","Lee\u0027s Waffle","bronze:Assembly","Lantern"],"campfire_rested":0,"item_purchase_floors":[10,39,39,39],"current_hp_per_floor":[70,70,70,70,70,70,70,70,70,69,69,70,67,63,55,8,70,70,48,57,43,66,63,63,63,60,60,59,66,66,37,47,25,70,70,60,60,35,77,75,75,75,75,75,48,38,38,38,47,0,0,0],"gold":437,"neow_bonus":"THREE_ENEMY_KILL","is_daily":false,"chose_seed":false,"campfire_upgraded":9,"win_rate":0.0,"timestamp":1614181596,"path_taken":["R","M","M","?","?","M","T","?","R","$","R","M","?","?","M","BOSS","T","?","?","?","?","T","T","?","?","T","?","?","T","?","?","BOSS","T","?","?","?","T","?","T","T","?","T","?","?","?","?","?","BOSS"],"items_purchased_type":["Card","Relic","Card","Relic"],"build_version":"2020-12-22","purchased_purges":4,"victory":false,"max_hp_per_floor":[70,70,70,70,70,70,70,70,70,70,70,70,70,70,70,70,70,70,70,70,70,70,70,70,70,70,70,70,70,70,70,70,70,70,70,70,70,70,77,77,77,77,77,77,77,77,77,77,77,77,77,77],"card_choices":[{"not_picked":["bronze:Branch","bronze:BitShift"],"picked":"bronze:ChosenStrike","floor":2},{"not_picked":["bronze:DelayedGuard","bronze:WildBeam"],"picked":"bronze:Repair","floor":3},{"not_picked":["bronze:FineTuning","bronze:Branch","bronze:Flail"],"picked":"SKIP","floor":6},{"not_picked":["bronze:GetLatest","bronze:BugBarrage"],"picked":"bronze:DelayedSlice","floor":8},{"not_picked":["bronze:OilSpill","bronze:AlphaBuild","bronze:NullPointer"],"picked":"SKIP","floor":10},{"not_picked":["bronze:Overheat","bronze:BuggyMess","bronze:Separator"],"picked":"SKIP","floor":12},{"not_picked":["bronze:CleanCode","bronze:Constructor","bronze:Frontload"],"picked":"SKIP","floor":13},{"not_picked":["bronze:ClassDefault","bronze:Fortify","bronze:Repulsor"],"picked":"SKIP","floor":14},{"not_picked":["bronze:WildBeam","bronze:Branch","bronze:FollowUp"],"picked":"SKIP","floor":15},{"not_picked":["bronze:BurnOut","bronze:HyperBeam"],"picked":"bronze:ThunderWave","floor":16},{"not_picked":["bronze:Separator","bronze:Iterate","bronze:DelayedSlice"],"picked":"SKIP","floor":19},{"not_picked":["bronze:BugBarrage","bronze:Allocate+1","bronze:Separator"],"picked":"SKIP","floor":20},{"not_picked":["bronze:Shell","bronze:DelayedSlice","bronze:Overload"],"picked":"SKIP","floor":21},{"not_picked":["bronze:ForceShield","bronze:Separator+1","bronze:Branch"],"picked":"SKIP","floor":23},{"not_picked":["bronze:Iterate","bronze:ForLoop+1","bronze:Branch"],"picked":"SKIP","floor":26},{"not_picked":["bronze:Invalidate+1","bronze:BurnOut","bronze:BuggyMess"],"picked":"SKIP","floor":28},{"not_picked":["bronze:Philosophize+1","bronze:Separator","bronze:ChildClass"],"picked":"SKIP","floor":29},{"not_picked":["bronze:Safeguard","bronze:NullPointer","bronze:Constructor"],"picked":"SKIP","floor":31},{"not_picked":["bronze:WhirlingStrike","bronze:Philosophize+1","bronze:Turbo"],"picked":"SKIP","floor":32},{"not_picked":["bronze:Verify","bronze:AlphaBuild"],"picked":"bronze:Mutator","floor":33},{"not_picked":["bronze:OilSpill","bronze:Return+1","bronze:Iterate+1"],"picked":"SKIP","floor":36},{"not_picked":["bronze:Return","bronze:Overload","bronze:Invalidate+1"],"picked":"SKIP","floor":38},{"not_picked":["bronze:MaxOutput","bronze:Iterate+1"],"picked":"bronze:Boost+1","floor":39},{"not_picked":["bronze:Frontload+1","bronze:GetLatest"],"picked":"bronze:Repulsor+1","floor":43},{"not_picked":["bronze:BugBarrage","bronze:Philosophize"],"picked":"bronze:Branch+1","floor":45},{"not_picked":["bronze:BitShift","bronze:WildBeam"],"picked":"bronze:BuggyMess+1","floor":46},{"not_picked":["bronze:WildBeam","bronze:BuggyMess+1","bronze:Frontload+1"],"picked":"SKIP","floor":49}],"player_experience":256968,"relics_obtained":[{"floor":7,"key":"Replay:Wax Seal"},{"floor":24,"key":"Thread and Needle"},{"floor":25,"key":"ReplayTheSpireMod:Ring of Collecting"},{"floor":40,"key":"Ice Cream"},{"floor":41,"key":"Old Coin"},{"floor":48,"key":"Oddly Smooth Stone"}],"event_choices":[{"damage_healed":23,"gold_gain":0,"player_choice":"Heal","damage_taken":0,"max_hp_gain":0,"max_hp_loss":0,"event_name":"The Library","floor":22,"gold_loss":0},{"cards_removed":["bronze:Defend"],"damage_healed":0,"gold_gain":0,"player_choice":"Removed Skill","damage_taken":0,"max_hp_gain":0,"max_hp_loss":0,"event_name":"Falling","floor":47,"gold_loss":0}],"is_beta":false,"boss_relics":[{"not_picked":["ReplayTheSpireMod:DimensionalGlitch","SacredBark"],"picked":"Painkiller Herb"},{"not_picked":["Pandora\u0027s Box","bronze:MakeshiftBattery","Coffee Dripper"]}],"items_purged_floors":[10,14,23,39],"is_endless":false,"potions_floor_spawned":[13,15,16,28,29,31,32,36,40,43,46,49],"killed_by":"DF_ARCHETYPE_ORBS","ascension_level":0}}