{"host":"ormi09wwzv7sq47a","time":1614133540,"event":{"mods":["2.2 Compatiblity","AchievementEnabler","Act Like it!","BaseMod","Bestiary","Better Altar","Better Note","Better Sensory Stone","Better Silent Start","Better Skull","Better Third Choice","Better Vampires","BetterRewards","Block Reminder","Card Forge","Colored Map","Colored Powertips","Curses Come First","Downfall","Highlight Path","Minty Spire (QoL Compilation)","Permanent Neow","Quick Restart","Rare Cards Sparkle","Relic Stats","Shop Mod","StSLib","The Jungle"],"gold_per_floor":[54,54,54,91,166,166,291,291,291,305,8,8,49,88,88,188,188,205,205,205,249,276,276,311,67,92,126,141,167,167,181,181,310,310,348,383,383,398,448,448,473,473,497,517,529,554,554,573,573,573,573,573,1,35,35],"floor_reached":56,"language":"ENG","playtime":3611,"items_purged":["champ:Execute","champ:Strike","champ:Strike","champ:Strike","champ:Defend","champ:Defend"],"score":2320,"play_id":"56af5134-0c22-4213-aaa1-c77354c9c2d9","local_time":"20210223232540","is_ascension_mode":true,"campfire_choices":[{"floor":6,"key":"REST"},{"data":"champ:Taunt","floor":8,"key":"SMITH"},{"data":"champ:Parry","floor":12,"key":"SMITH"},{"data":"champ:DefensiveStyle","floor":15,"key":"SMITH"},{"data":"champ:ShieldWall","floor":23,"key":"SMITH"},{"data":"1","floor":30,"key":"LIFT"},{"data":"2","floor":32,"key":"LIFT"},{"data":"3","floor":40,"key":"LIFT"},{"floor":42,"key":"RECALL"},{"data":"champ:Circumvent","floor":49,"key":"SMITH"},{"data":"champ:IgnorePain","floor":52,"key":"SMITH"}],"circlet_count":0,"master_deck":["AscendersBane","champ:Defend+1","champ:Taunt+1","HandOfGreed+1","Bandage Up","champ:Duel+1","champ:Parry+1","champ:SkillfulDodge+1","champ:Circumvent+1","champ:ShieldSigil+1","champ:TornadoPunch+1","champ:CalledShot+1","Guardian:BodySlam+1","champ:Duel+1","champ:BringItOn+1","champ:FlashCut","champ:SetATrap","champ:DefensiveStyle+1","champ:FlashCut","champ:IgnorePain+1","champ:CalledShot+1","champ:BringItOn+1","champ:ShieldWall+1","champ:FocusedDefense+1","champ:IronFortress","champ:SwordSigil+1","champ:EnchantCrown","CurseOfTheBell","champ:DefensiveStyle+1","champ:IronFortress+1","champ:StanceDance+1","champ:Circumvent+1","champ:Parry+1","champ:HoldFirm"],"relics":["champ:ChampionCrown","Hammer of Thor","Seething Fire","Anvil of the Gods","Membership Card","Torii","Ancient Tea Set","champ:DeflectingBracers","Prayer Wheel","Centennial Puzzle","Guardian:GemstoneGun","Medical Kit","CloakClasp","bronze:DecasWashers","Akabeko","Anchor","champ:Barbells","Philosopher\u0027s Stone","PreservedInsect","Whetstone","White Beast Statue","Boot","Pen Nib","Girya","Calling Bell","champ:FightingForDummies","Ornamental Fan","Unceasing Top","champ:SignatureFinisher","champ:GladiatorsBookOfMartialProwess","Dream Catcher","Bronze Scales","Nunchaku","Calipers","Shuriken","Toolbox","Mummified Hand"],"acts_visited":["Exordium","Exordium","TheBeyond","TheEnding"],"potions_floor_usage":[4,7,24,31,31,33,38,38,41,45,46,46,50,50,55,55],"damage_taken":[{"damage":0,"enemies":"2 Louse","floor":1,"turns":6},{"damage":0,"enemies":"Small Slimes","floor":4,"turns":2},{"damage":16,"enemies":"Small Slimes","floor":7,"turns":9},{"damage":0,"enemies":"Cultist","floor":10,"turns":3},{"damage":0,"enemies":"Blue Slaver","floor":13,"turns":3},{"damage":0,"enemies":"3 Louse","floor":14,"turns":2},{"damage":0,"enemies":"The Guardian","floor":16,"turns":5},{"damage":0,"enemies":"Shell Parasite","floor":18,"turns":2},{"damage":0,"enemies":"theJungle:5_Spyders","floor":21,"turns":7},{"damage":16,"enemies":"theJungle:2_Phrogs","floor":24,"turns":3},{"damage":8,"enemies":"theJungle:Cassacara","floor":27,"turns":3},{"damage":0,"enemies":"theJungle:JungleHuntersEncounter","floor":28,"turns":4},{"damage":0,"enemies":"theJungle:MamaSnecko","floor":29,"turns":3},{"damage":1,"enemies":"theJungle:Snecko_Cultist_And_Trap","floor":31,"turns":3},{"damage":28,"enemies":"theJungle:TotemBoss","floor":33,"turns":8},{"damage":0,"enemies":"Orb Walker","floor":35,"turns":2},{"damage":0,"enemies":"3 Shapes","floor":36,"turns":5},{"damage":1,"enemies":"Transient","floor":38,"turns":5},{"damage":0,"enemies":"Mind Bloom Boss Battle","floor":39,"turns":5},{"damage":11,"enemies":"Giant Head","floor":41,"turns":5},{"damage":0,"enemies":"Maw","floor":44,"turns":4},{"damage":11,"enemies":"Jaw Worm Horde","floor":45,"turns":4},{"damage":0,"enemies":"Reptomancer","floor":46,"turns":5},{"damage":6,"enemies":"Spire Growth","floor":48,"turns":4},{"damage":1,"enemies":"Time Eater","floor":50,"turns":5},{"damage":0,"enemies":"Shield and Spear","floor":54,"turns":3},{"damage":2,"enemies":"The Heart","floor":55,"turns":8}],"seed_played":"580124026785089381","potions_obtained":[{"floor":1,"key":"Weak Potion"},{"floor":10,"key":"Slimebound:ThreeZeroPotion"},{"floor":18,"key":"GamblersBrew"},{"floor":27,"key":"Explosive Potion"},{"floor":28,"key":"champ:OpenerPotion"},{"floor":29,"key":"FearPotion"},{"floor":31,"key":"ColorlessPotion"},{"floor":33,"key":"Fire Potion"},{"floor":35,"key":"Weak Potion"},{"floor":36,"key":"Regen Potion"},{"floor":38,"key":"champ:TechniquePotion"},{"floor":39,"key":"Guardian:BlockOnCardUsePotion"},{"floor":41,"key":"AttackPotion"},{"floor":45,"key":"bronze:BurnAndBuffPotion"},{"floor":46,"key":"hexamod:SoulburnPotion"},{"floor":48,"key":"SkillPotion"},{"floor":54,"key":"Weak Potion"}],"is_trial":false,"path_per_floor":["M","?","?","M","?","R","?","R","T","M","$","R","M","M","R","B",null,"M","?","?","M","T","R","E","$","T","E","M","E","R","M","R","B",null,"M","M","T","M","?","R","E","R","T","M","M","E","?","M","R","B",null,"R","$","E","B",null],"character_chosen":"THE_CHAMP","items_purchased":["Membership Card","Torii","Ancient Tea Set","HandOfGreed","Bandage Up","champ:Duel","champ:Parry","champ:SkillfulDodge","champ:Circumvent","champ:ShieldSigil","Centennial Puzzle","Medical Kit","champ:TornadoPunch","AttackPotion","Akabeko","Anchor","champ:Barbells","White Beast Statue","champ:IronFortress","Calipers","champ:HoldFirm","Shuriken","Toolbox","champ:OpenerPotion"],"campfire_rested":1,"item_purchase_floors":[0,0,0,0,0,0,0,0,0,0,0,0,0,0,11,11,11,25,25,53,53,53,53,53],"current_hp_per_floor":[31,31,31,31,20,47,35,35,35,39,39,39,43,47,47,51,80,84,74,74,78,78,78,66,66,66,62,62,66,66,69,69,45,79,83,83,83,86,90,90,79,79,79,83,76,90,90,88,88,87,89,89,89,90,88],"gold":35,"neow_bonus":"","is_daily":false,"chose_seed":false,"campfire_upgraded":6,"win_rate":0.0,"timestamp":1614133540,"path_taken":["M","?","?","?","?","R","?","R","T","M","$","R","M","M","R","BOSS","M","?","?","?","?","R","E","$","T","E","M","E","R","M","R","BOSS","M","M","?","M","?","R","E","R","T","M","?","E","?","?","R","BOSS","R","$","E","BOSS"],"items_purchased_type":["Relic","Relic","Relic","Card","Card","Card","Card","Card","Card","Card","Relic","Relic","Card","Potion","Relic","Relic","Relic","Relic","Card","Relic","Card","Relic","Relic","Potion"],"build_version":"2020-12-22","purchased_purges":6,"victory":true,"max_hp_per_floor":[90,90,90,90,90,90,90,90,90,90,90,90,90,90,90,90,90,90,90,90,90,90,90,90,90,90,90,90,90,90,90,90,90,90,90,90,90,90,90,90,90,90,90,90,90,90,90,90,90,90,90,90,90,90,90],"relic_stats":{"Torii":44,"counters":[166,738],"PreservedInsect":421,"Pen Nib":[9],"CloakClasp":[226],"Whetstone":["champ:TornadoPunch","champ:Duel"],"Medical Kit":[14],"Boot":[19],"Centennial Puzzle":[33],"Dream Catcher":0,"Nunchaku":[2],"Ornamental Fan":[52],"Shuriken":[2],"Mummified Hand":[6],"Bronze Scales":[195],"Prayer Wheel":15,"obtain_stats":[{"Calipers":53,"Gremlin Horn":7,"CeramicFish":31,"Hammer of Thor":0,"Whetstone":9,"Ginger":9,"Boot":9,"Sozu":34,"Blood Vial":39,"Centennial Puzzle":20,"downfall:BrokenWingStatue":3,"DollysMirror":20,"Sundial":3,"champ:DefensiveTrainingManual":53,"Prayer Wheel":0,"Philosopher\u0027s Stone":17,"Kunai":26,"Toxic Egg 2":11,"champ:FightingForDummies":34,"champ:Barbells":11,"Girya":29,"Happy Flower":7,"Blue Candle":27,"Astrolabe":17,"Velvet Choker":17,"Oddly Smooth Stone":21,"Eternal Feather":2,"Pen Nib":27,"Letter Opener":34,"War Paint":54,"Akabeko":0,"champ:PowerArmor":17,"SlaversCollar":34,"Anvil of the Gods":0,"Shuriken":26,"Bronze Scales":37,"MutagenicStrength":19,"Slimebound:PreparedRelic":29,"champ:SignatureFinisher":37,"StrikeDummy":0,"Unceasing Top":34,"Meat on the Bone":30,"Pocketwatch":11,"Lantern":2,"Singing Bowl":13,"Torii":43,"Enchiridion":21,"champ:ChampionCrown":0,"Mango":0,"expansioncontent:StudyCardRelic":17,"Bag of Preparation":0,"CloakClasp":7,"Smiling Mask":7,"Ancient Tea Set":0,"Dream Catcher":27,"Nunchaku":46,"Matryoshka":7,"Mummified Hand":54,"Pantograph":6,"Toolbox":53,"Tiny Chest":9,"champ:BerserkersGuideToSlaughter":53,"InkBottle":9,"Golden Idol":4,"Guardian:GemstoneGun":0,"bronze:DecasWashers":9,"hexamod:Sixitude":34,"PreservedInsect":26,"champ:DeflectingBracers":0,"The Courier":7,"champ:ChampionCrownUpgraded":17,"Omamori":34,"Seething Fire":0,"Orichalcum":9,"MawBank":6,"Medical Kit":0,"White Beast Statue":43,"bronze:BronzeIdol":47,"champ:GladiatorsBookOfMartialProwess":39,"Peace Pipe":0,"Calling Bell":34,"CaptainsWheel":29,"Anchor":26,"Ornamental Fan":45,"champ:LiftRelic":14,"Art of War":54,"Coffee Dripper":34,"Membership Card":0,"hexamod:BolsterEngine":37,"TungstenRod":29,"Toy Ornithopter":48},{"Calipers":164,"Gremlin Horn":41,"CeramicFish":97,"Hammer of Thor":0,"Whetstone":3,"Ginger":33,"Boot":11,"Sozu":23,"Blood Vial":55,"Centennial Puzzle":17,"downfall:BrokenWingStatue":0,"DollysMirror":17,"Sundial":85,"champ:DefensiveTrainingManual":108,"Prayer Wheel":139,"Philosopher\u0027s Stone":146,"Kunai":19,"Toxic Egg 2":117,"champ:FightingForDummies":154,"champ:Barbells":143,"Girya":152,"Happy Flower":87,"Blue Candle":75,"Astrolabe":91,"Velvet Choker":16,"Oddly Smooth Stone":123,"Eternal Feather":62,"Pen Nib":150,"Letter Opener":78,"War Paint":138,"Akabeko":84,"champ:PowerArmor":45,"SlaversCollar":52,"Anvil of the Gods":0,"Shuriken":49,"Bronze Scales":24,"MutagenicStrength":92,"Slimebound:PreparedRelic":127,"champ:SignatureFinisher":156,"StrikeDummy":110,"Unceasing Top":154,"Meat on the Bone":21,"Pocketwatch":27,"Lantern":31,"Singing Bowl":5,"Torii":134,"Enchiridion":92,"champ:ChampionCrown":0,"Mango":110,"expansioncontent:StudyCardRelic":68,"Bag of Preparation":110,"CloakClasp":142,"Smiling Mask":2,"Ancient Tea Set":139,"Dream Catcher":20,"Nunchaku":162,"Matryoshka":11,"Mummified Hand":165,"Pantograph":2,"Toolbox":164,"Tiny Chest":11,"champ:BerserkersGuideToSlaughter":108,"InkBottle":26,"Golden Idol":32,"Guardian:GemstoneGun":84,"bronze:DecasWashers":142,"hexamod:Sixitude":78,"PreservedInsect":19,"champ:DeflectingBracers":61,"The Courier":64,"champ:ChampionCrownUpgraded":120,"Omamori":78,"Seething Fire":0,"Orichalcum":42,"MawBank":33,"Medical Kit":139,"White Beast Statue":103,"bronze:BronzeIdol":135,"champ:GladiatorsBookOfMartialProwess":158,"Peace Pipe":25,"Calling Bell":78,"CaptainsWheel":75,"Anchor":94,"Ornamental Fan":135,"champ:LiftRelic":5,"Art of War":109,"Coffee Dripper":129,"Membership Card":139,"hexamod:BolsterEngine":79,"TungstenRod":50,"Toy Ornithopter":83},{"Calipers":727,"Gremlin Horn":190,"CeramicFish":440,"Hammer of Thor":0,"Whetstone":12,"Ginger":158,"Boot":44,"Sozu":109,"Blood Vial":254,"Centennial Puzzle":75,"downfall:BrokenWingStatue":0,"DollysMirror":75,"Sundial":402,"champ:DefensiveTrainingManual":494,"Prayer Wheel":620,"Philosopher\u0027s Stone":650,"Kunai":83,"Toxic Egg 2":530,"champ:FightingForDummies":683,"champ:Barbells":640,"Girya":672,"Happy Flower":409,"Blue Candle":353,"Astrolabe":423,"Velvet Choker":70,"Oddly Smooth Stone":554,"Eternal Feather":298,"Pen Nib":665,"Letter Opener":369,"War Paint":610,"Akabeko":401,"champ:PowerArmor":209,"SlaversCollar":240,"Anvil of the Gods":0,"Shuriken":224,"Bronze Scales":113,"MutagenicStrength":428,"Slimebound:PreparedRelic":572,"champ:SignatureFinisher":690,"StrikeDummy":507,"Unceasing Top":683,"Meat on the Bone":91,"Pocketwatch":129,"Lantern":147,"Singing Bowl":19,"Torii":597,"Enchiridion":428,"champ:ChampionCrown":0,"Mango":507,"expansioncontent:StudyCardRelic":327,"Bag of Preparation":507,"CloakClasp":637,"Smiling Mask":8,"Ancient Tea Set":620,"Dream Catcher":87,"Nunchaku":718,"Matryoshka":44,"Mummified Hand":730,"Pantograph":8,"Toolbox":727,"Tiny Chest":44,"champ:BerserkersGuideToSlaughter":494,"InkBottle":121,"Golden Idol":150,"Guardian:GemstoneGun":401,"bronze:DecasWashers":637,"hexamod:Sixitude":369,"PreservedInsect":83,"champ:DeflectingBracers":295,"The Courier":308,"champ:ChampionCrownUpgraded":543,"Omamori":369,"Seething Fire":0,"Orichalcum":193,"MawBank":158,"Medical Kit":620,"White Beast Statue":469,"bronze:BronzeIdol":600,"champ:GladiatorsBookOfMartialProwess":700,"Peace Pipe":118,"Calling Bell":369,"CaptainsWheel":353,"Anchor":434,"Ornamental Fan":600,"champ:LiftRelic":19,"Art of War":498,"Coffee Dripper":580,"Membership Card":620,"hexamod:BolsterEngine":371,"TungstenRod":228,"Toy Ornithopter":390}],"Unceasing Top":[12]},"card_choices":[{"not_picked":["champ:Duel","champ:Endure"],"picked":"champ:CalledShot","floor":1},{"not_picked":["champ:TornadoPunch","champ:EnGarde","champ:Parry"],"picked":"SKIP","floor":1},{"not_picked":["champ:ShieldSigil","champ:PerfectedStrike"],"picked":"champ:Duel","floor":4},{"not_picked":["champ:Endure","champ:FaceSlap"],"picked":"champ:BringItOn","floor":4},{"not_picked":["champ:TornadoPunch","champ:ViciousMockery"],"picked":"champ:FlashCut","floor":7},{"not_picked":["champ:Haymaker","champ:BerserkerStyle","champ:Shatter"],"picked":"SKIP","floor":10},{"not_picked":["champ:TornadoPunch","champ:SkillfulDodge","champ:Backstep"],"picked":"SKIP","floor":10},{"not_picked":["champ:Encircle","champ:Parry"],"picked":"champ:SetATrap","floor":13},{"not_picked":["champ:MurderStrike","champ:PerfectedStrike"],"picked":"champ:DefensiveStyle","floor":13},{"not_picked":["champ:RisingSlash","champ:IronFortress"],"picked":"champ:FlashCut","floor":14},{"not_picked":["champ:ShieldSigil","champ:BerserkersShout","champ:DefensiveShout"],"picked":"SKIP","floor":14},{"not_picked":["champ:DancingMaster","champ:MurderStrike"],"picked":"champ:IgnorePain","floor":16},{"not_picked":["champ:CrookedStrike","champ:PreciseThrust"],"picked":"champ:CalledShot+1","floor":18},{"not_picked":["champ:DeathBlow","champ:CrookedStrike+1"],"picked":"champ:BringItOn+1","floor":18},{"not_picked":["champ:ShieldSlam","champ:EnGarde"],"picked":"champ:ShieldWall","floor":21},{"not_picked":["champ:Backstep","champ:CalledShot+1","champ:PerfectedStrike"],"picked":"SKIP","floor":21},{"not_picked":["champ:ShieldSigil","champ:BerserkersShout"],"picked":"champ:FocusedDefense+1","floor":24},{"not_picked":["champ:IgnorePain","champ:AdrenalArmor"],"picked":"champ:SwordSigil","floor":27},{"not_picked":["champ:Encircle","champ:Shatter","champ:Duel"],"picked":"SKIP","floor":28},{"not_picked":["champ:BerserkersShout","champ:Encircle+1","champ:Backstep+1"],"picked":"SKIP","floor":28},{"not_picked":["champ:SkillfulDodge","champ:PerfectedStrike","champ:FancyFootwork"],"picked":"SKIP","floor":29},{"not_picked":["champ:EnGarde","champ:FlashCut","champ:SwordSigil"],"picked":"SKIP","floor":31},{"not_picked":["champ:ShieldWall","champ:BerserkersShout","champ:ShieldSigil"],"picked":"SKIP","floor":31},{"not_picked":["champ:DancingMaster","champ:MurderStrike"],"picked":"champ:EnchantCrown","floor":33},{"not_picked":["champ:AdrenalArmor+1","champ:BerserkersShout","champ:SkillfulDodge"],"picked":"SKIP","floor":35},{"not_picked":["champ:RisingSlash+1","champ:RapidStrikes","champ:BerserkerStyle"],"picked":"SKIP","floor":35},{"not_picked":["champ:FalseCounter","champ:FlashCut"],"picked":"champ:DefensiveStyle+1","floor":36},{"not_picked":["champ:FlashCut","champ:BringItOn"],"picked":"champ:IronFortress+1","floor":36},{"not_picked":["champ:PerfectedStrike+1","champ:BladeFlurry","champ:RecklessLeap+1"],"picked":"SKIP","floor":38},{"not_picked":["champ:EnGarde","champ:Backstep","champ:SteelEdge"],"picked":"SKIP","floor":38},{"not_picked":["champ:FanOfKnives+1","champ:BringItOn"],"picked":"champ:StanceDance+1","floor":41},{"not_picked":["champ:PreciseThrust+1","champ:SwordSigil+1"],"picked":"champ:Circumvent+1","floor":44},{"not_picked":["champ:AdrenalArmor","champ:HeavySlash","champ:PerfectedStrike"],"picked":"SKIP","floor":44},{"not_picked":["champ:CalledShot+1","champ:FalseCounter"],"picked":"champ:Parry+1","floor":45},{"not_picked":["champ:EnragedBash+1","champ:Backstep+1","champ:SetATrap"],"picked":"SKIP","floor":45},{"not_picked":["champ:AdrenalArmor+1","champ:Shatter","champ:TornadoPunch"],"picked":"SKIP","floor":46},{"not_picked":["champ:DeathBlow+1","champ:PerfectedStrike","champ:BerserkersShout"],"picked":"SKIP","floor":48},{"not_picked":["champ:Shatter","champ:Circumvent","champ:FanOfKnives+1"],"picked":"SKIP","floor":48},{"not_picked":["champ:AdrenalArmor+1","champ:DeathBlow","champ:FanOfKnives"],"picked":"SKIP","floor":54}],"player_experience":1153559,"relics_obtained":[{"floor":7,"key":"CloakClasp"},{"floor":9,"key":"bronze:DecasWashers"},{"floor":24,"key":"Whetstone"},{"floor":26,"key":"Boot"},{"floor":27,"key":"Pen Nib"},{"floor":29,"key":"Girya"},{"floor":34,"key":"champ:FightingForDummies"},{"floor":34,"key":"Ornamental Fan"},{"floor":34,"key":"Unceasing Top"},{"floor":37,"key":"champ:SignatureFinisher"},{"floor":39,"key":"champ:GladiatorsBookOfMartialProwess"},{"floor":41,"key":"Dream Catcher"},{"floor":43,"key":"Bronze Scales"},{"floor":46,"key":"Nunchaku"},{"floor":54,"key":"Mummified Hand"}],"event_choices":[{"damage_healed":0,"gold_gain":1,"player_choice":"4","damage_taken":0,"max_hp_gain":0,"max_hp_loss":0,"event_name":"betterStone:BetterStone","floor":2,"gold_loss":0,"cards_obtained":["Guardian:BodySlam"]},{"damage_healed":0,"gold_gain":0,"player_choice":"Upgraded","damage_taken":0,"max_hp_gain":0,"max_hp_loss":0,"event_name":"Upgrade Shrine","floor":3,"gold_loss":0,"cards_upgraded":["HandOfGreed"]},{"damage_healed":0,"gold_gain":75,"player_choice":"Gold","damage_taken":11,"max_hp_gain":0,"max_hp_loss":0,"event_name":"betterThird:BetterGoop","floor":5,"gold_loss":0},{"damage_healed":0,"gold_gain":0,"player_choice":"Gave Potion","damage_taken":0,"relics_obtained":["PreservedInsect"],"max_hp_gain":0,"max_hp_loss":0,"event_name":"WeMeetAgain","floor":20,"gold_loss":0},{"damage_healed":0,"gold_gain":0,"player_choice":"Fight","damage_taken":0,"max_hp_gain":0,"max_hp_loss":0,"event_name":"MindBloom","floor":39,"gold_loss":0},{"cards_removed":["champ:Defend"],"damage_healed":0,"gold_gain":0,"player_choice":"Purged","damage_taken":0,"max_hp_gain":0,"max_hp_loss":0,"event_name":"Purifier","floor":47,"gold_loss":0}],"is_beta":false,"boss_relics":[{"not_picked":["Cursed Key","Snecko Eye"],"picked":"Philosopher\u0027s Stone"},{"not_picked":["Velvet Choker","Tiny House"],"picked":"Calling Bell"}],"items_purged_floors":[0,0,0,11,25,53],"is_endless":false,"potions_floor_spawned":[1,10,18,27,28,29,31,33,35,36,38,39,41,44,45,46,48,54],"ascension_level":10}}