{"host":"7fyy23rucerupe6i","time":1614146184,"event":{"mods":["AchievementEnabler","Act Like it!","Aspiration","BaseMod","Better Note","BetterRewards","Colored Map","Colored Powertips","Conspire","Curses Come First","Custom Start","Downfall","Googly Eyes","Marisa£®ÏF”Í°°ƒß¿Ì…≥£©","Minty Spire (QoL Compilation)","Quick Restart","Relic Stats","Shop Mod","ShortenTheSpire","Spicy Shops","StSLib","SuperFastMode","The Blackbeard","The Construct","The Cursed","The Senshi","The Servant 0.9.4"],"gold_per_floor":[110,110,110,129,149,149,149],"floor_reached":6,"language":"ZHS","playtime":226,"items_purged":["Strike_MRS","Defend_MRS","Defend_MRS"],"score":58,"play_id":"52f622ad-5979-49f1-9b96-813ea0999681","local_time":"20210224135624","is_ascension_mode":true,"campfire_choices":[],"circlet_count":0,"master_deck":["AscendersBane","Strike_MRS","Strike_MRS","Defend_MRS","Defend_MRS","MasterSpark","UpSweep","BlazeAway","PowerUp","BlazeAway","6A"],"relics":["MiniHakkero","Membership Card","aspiration:BabyByrd"],"acts_visited":["Exordium"],"potions_floor_usage":[],"damage_taken":[{"damage":0,"enemies":"Small Slimes","floor":1,"turns":2},{"damage":7,"enemies":"Jaw Worm","floor":4,"turns":2},{"damage":0,"enemies":"Cultist","floor":5,"turns":2},{"damage":25,"enemies":"3 Sentries","floor":6,"turns":4}],"seed_played":"7766028175724836059","potions_obtained":[],"is_trial":false,"path_per_floor":["M","?","?","M","M","E"],"character_chosen":"MARISA","items_purchased":["Membership Card","BlazeAway","PowerUp","BlazeAway"],"campfire_rested":0,"item_purchase_floors":[0,0,0,0],"current_hp_per_floor":[33,33,33,26,26,1,1],"gold":149,"neow_bonus":"","is_daily":false,"chose_seed":false,"campfire_upgraded":0,"win_rate":0.0,"timestamp":1614146184,"path_taken":["M","?","?","M","M","E"],"items_purchased_type":["Relic","Card","Card","Card"],"build_version":"2020-12-22","purchased_purges":3,"victory":false,"max_hp_per_floor":[75,75,75,75,75,75,75],"relic_stats":{"counters":[8,18],"obtain_stats":[{"aspiration:BabyByrd":2,"PreservedInsect":0,"Omamori":0,"MiniHakkero":0,"Membership Card":0,"Frozen Egg 2":0,"White Beast Statue":0},{"aspiration:BabyByrd":5,"PreservedInsect":1,"Omamori":1,"MiniHakkero":0,"Membership Card":4,"Frozen Egg 2":1,"White Beast Statue":1},{"aspiration:BabyByrd":10,"PreservedInsect":1,"Omamori":1,"MiniHakkero":0,"Membership Card":8,"Frozen Egg 2":1,"White Beast Statue":1}]},"card_choices":[{"not_picked":["LuminesStrike","OrrerysSun","PowerUp"],"picked":"SKIP","floor":1},{"not_picked":["WitchLeyline","DC","StarlightTyphoon"],"picked":"SKIP","floor":4},{"not_picked":["ChargingUp","SuperPerseids"],"picked":"6A","floor":5}],"player_experience":607214,"relics_obtained":[],"event_choices":[{"cards_removed":["Strike_MRS"],"damage_healed":0,"gold_gain":0,"player_choice":"Card Removal","damage_taken":0,"max_hp_gain":0,"max_hp_loss":0,"event_name":"Wheel of Change","floor":3,"gold_loss":0}],"is_beta":false,"boss_relics":[],"items_purged_floors":[0,0,0],"is_endless":false,"potions_floor_spawned":[],"killed_by":"3 Sentries","ascension_level":12}}