{"host":"cvgfrai8nrtinf2y","time":1614173700,"event":{"mods":["A Magickal Journey","Act Like it!","BaseMod","Better Third Choice","Challenge The Spire","Colored Map","Gensokyo","Googly Eyes","Hermit","Highlight Path","Hubris","Infinite Spire","Minty Spire (QoL Compilation)","Rare Cards Sparkle","Relic Sorter","Remilia??????","Spicy Shops","StSLib","The Disciple","The Hierophant","The Necromancer","The Runesmith"],"gold_per_floor":[112,124,124,134,59,59,59,78,78,78,89,89,106,131,131,229,229,246,246,246,161,161,161,178,194,194,222,241,241,241,273,273,373,373,390,401,401,401,415,415,427,38,84,84,84,103,3,14,14,14,14,14,14,46,46],"floor_reached":56,"language":"ENG","playtime":1847,"items_purged":["Normality","Strike_G"],"score":1471,"play_id":"cc98edb3-ad9d-45f4-956d-1d8a8ef2bc3d","local_time":"20210224143500","is_ascension_mode":true,"campfire_choices":[{"data":"Dagger Spray","floor":7.0,"key":"SMITH"},{"data":"Backflip","floor":10.0,"key":"SMITH"},{"data":"Infinite Blades","floor":12.0,"key":"SMITH"},{"data":"Footwork","floor":15.0,"key":"SMITH"},{"data":"infinitespire:Collect","floor":23.0,"key":"SMITH"},{"data":"Pride","floor":30.0,"key":"PURGE"},{"data":"Adrenaline","floor":32.0,"key":"SMITH"},{"data":"A Thousand Cuts","floor":40.0,"key":"SMITH"},{"data":"Slice","floor":44.0,"key":"SMITH"},{"floor":49,"key":"RECALL"},{"data":"Blade Dance","floor":52,"key":"SMITH"}],"circlet_count":0,"master_deck":["Panache+1","Strike_G","Strike_G","Strike_G","Defend_G","Defend_G","Defend_G","Defend_G","Defend_G","Survivor","Neutralize+1","Dagger Spray+1","Escape Plan","Slice","Backflip+1","Infinite Blades+1","Footwork+1","Adrenaline+1","infinitespire:Collect+1","Cloak And Dagger+1","A Thousand Cuts+1","CurseOfTheBell","Slice+1","Cloak And Dagger+1","infinitespire:Starlight","Blade Dance+1"],"relics":["Ring of the Serpent","hubris:Icosahedron","infinitespire:Golems Mask","Peace Pipe","Bottled Lightning","Dead Branch","hubris:TerracottaHorce","Nunchaku","Akabeko","Vajra","GreatHeart","Torii","Calling Bell","Orichalcum","Blue Candle","Incense Burner","Juzu Bracelet","Lee\u0027s Waffle","Lantern","Bag of Preparation","Blood Vial"],"acts_visited":["Exordium","TheCity","TheBeyond","TheEnding"],"potions_floor_usage":[54,55,55],"damage_taken":[{"damage":3.0,"enemies":"Small Slimes","floor":1.0,"turns":4.0},{"damage":1.0,"enemies":"Cultist","floor":2.0,"turns":4.0},{"damage":14.0,"enemies":"Jaw Worm","floor":4.0,"turns":4.0},{"damage":8.0,"enemies":"Gremlin Gang","floor":8.0,"turns":2.0},{"damage":0.0,"enemies":"2 Fungi Beasts","floor":11.0,"turns":3.0},{"damage":0.0,"enemies":"Large Slime","floor":13.0,"turns":4.0},{"damage":14.0,"enemies":"Gremlin Nob","floor":14.0,"turns":4.0},{"damage":4.0,"enemies":"Hexaghost","floor":16.0,"turns":9.0},{"damage":0.0,"enemies":"Spheric Guardian","floor":18.0,"turns":3.0},{"damage":6.0,"enemies":"2 Thieves","floor":24.0,"turns":3.0},{"damage":0.0,"enemies":"3 Cultists","floor":25.0,"turns":3.0},{"damage":0.0,"enemies":"Gremlin Leader","floor":27.0,"turns":4.0},{"damage":4.0,"enemies":"Shelled Parasite and Fungi","floor":28.0,"turns":2.0},{"damage":0.0,"enemies":"Book of Stabbing","floor":31.0,"turns":4.0},{"damage":1.0,"enemies":"Collector","floor":33.0,"turns":5.0},{"damage":8.0,"enemies":"Orb Walker","floor":35.0,"turns":2.0},{"damage":22.0,"enemies":"3 Shapes","floor":36.0,"turns":3.0},{"damage":0.0,"enemies":"Spire Growth","floor":39.0,"turns":3.0},{"damage":4.0,"enemies":"Transient","floor":41.0,"turns":5.0},{"damage":0.0,"enemies":"4 Shapes","floor":46.0,"turns":2.0},{"damage":12.0,"enemies":"Jaw Worm Horde","floor":48.0,"turns":2.0},{"damage":15,"enemies":"Donu and Deca","floor":50,"turns":7},{"damage":27,"enemies":"Shield and Spear","floor":54,"turns":3},{"damage":38,"enemies":"The Heart","floor":55,"turns":8}],"seed_played":"1345065733089705999","potions_obtained":[{"floor":1.0,"key":"SkillPotion"},{"floor":11.0,"key":"Fire Potion"},{"floor":13.0,"key":"Strength Potion"},{"floor":14.0,"key":"ColorlessPotion"},{"floor":16.0,"key":"Swift Potion"},{"floor":25.0,"key":"CunningPotion"},{"floor":46.0,"key":"infinitespire:BlackPotion"}],"is_trial":false,"path_per_floor":["M","M","?","M","$","?","R","M","T","R","M","R","M","E","R","B",null,"M","?","AVR","?","?","R","M","M","T","E","M","?","R","E","R","B",null,"M","M","?","?","M","R","M","$","T","R","?","M","$","M","R","B",null,"R","$","E","B",null],"character_chosen":"THE_SILENT","items_purchased":["Juzu Bracelet","Lee\u0027s Waffle","Lantern"],"campfire_rested":0,"item_purchase_floors":[42,42,42],"current_hp_per_floor":[67,66,66,52,52,52,52,44,44,44,44,44,44,30,30,26,70,70,70,70,70,70,70,64,64,64,64,60,60,60,60,60,59,67,59,37,37,37,37,37,33,77,77,77,59,74,74,62,62,57,72,72,72,45,19],"gold":46,"neow_bonus":"ONE_RARE_RELIC","is_daily":false,"chose_seed":false,"campfire_upgraded":9,"win_rate":0.0,"timestamp":1614173700,"path_taken":["M","M","?","M","?","?","R","M","T","R","M","R","?","E","R","BOSS","M","?","AVR","?","?","R","M","M","T","E","M","?","R","E","R","BOSS","M","M","?","?","M","R","M","$","T","R","?","M","$","M","R","BOSS","R","$","E","BOSS"],"items_purchased_type":["Relic","Relic","Relic"],"build_version":"2020-12-22","purchased_purges":2,"victory":true,"max_hp_per_floor":[70,70,70,70,70,70,70,70,70,70,70,70,70,70,70,70,70,70,70,70,70,70,70,70,70,70,70,70,70,70,70,70,70,70,70,70,70,70,70,70,70,77,77,77,77,77,77,77,77,77,77,77,77,77,77],"card_choices":[{"not_picked":["Calculated Gamble","Outmaneuver"],"picked":"Dagger Spray","floor":1.0},{"not_picked":["Poisoned Stab","Expertise"],"picked":"Escape Plan","floor":2.0},{"not_picked":["Prepared","hubris:TrickCloak"],"picked":"Slice","floor":4.0},{"not_picked":["Prepared","Caltrops"],"picked":"Backflip","floor":8.0},{"not_picked":["Predator","Riddle With Holes"],"picked":"Infinite Blades","floor":11.0},{"not_picked":["Poisoned Stab","Choke","Sucker Punch"],"picked":"SKIP","floor":13.0},{"not_picked":["Well Laid Plans","Die Die Die"],"picked":"Footwork","floor":14.0},{"not_picked":["Bullet Time","A Thousand Cuts"],"picked":"Adrenaline","floor":16.0},{"not_picked":["Poisoned Stab","Eviscerate","Deadly Poison"],"picked":"SKIP","floor":18.0},{"not_picked":["Backflip","Deadly Poison"],"picked":"Cloak And Dagger+1","floor":24.0},{"not_picked":["Poisoned Stab+1","Bane+1","Riddle With Holes"],"picked":"SKIP","floor":25.0},{"not_picked":["Setup","Flying Knee","Calculated Gamble"],"picked":"SKIP","floor":27.0},{"not_picked":["Outmaneuver","Dagger Throw","Deflect"],"picked":"SKIP","floor":28.0},{"not_picked":["Tactician+1","Endless Agony","Escape Plan"],"picked":"SKIP","floor":31.0},{"not_picked":["Phantasmal Killer","Unload"],"picked":"A Thousand Cuts","floor":33.0},{"not_picked":["Outmaneuver","Sucker Punch+1","Quick Slash+1"],"picked":"SKIP","floor":35.0},{"not_picked":["Dagger Throw+1","Calculated Gamble+1","Catalyst+1"],"picked":"SKIP","floor":36.0},{"not_picked":["Choke","Flying Knee"],"picked":"Slice","floor":39.0},{"not_picked":["Concentrate","Sucker Punch"],"picked":"Cloak And Dagger+1","floor":41.0},{"not_picked":["infinitespire:Menacing","infinitespire:Oblivion"],"picked":"infinitespire:Starlight","floor":45.0},{"not_picked":["Poisoned Stab","Dagger Throw+1","Outmaneuver+1"],"picked":"SKIP","floor":46.0},{"not_picked":["Bane","Dodge and Roll+1"],"picked":"Blade Dance","floor":48.0},{"not_picked":["Phantasmal Killer","Expertise+1","hubris:SlightOfHand+1"],"picked":"SKIP","floor":54}],"player_experience":1271375,"relics_obtained":[{"floor":14.0,"key":"Bottled Lightning"},{"floor":26.0,"key":"Akabeko"},{"floor":27.0,"key":"Vajra"},{"floor":31.0,"key":"Torii"},{"floor":34.0,"key":"Orichalcum"},{"floor":34.0,"key":"Blue Candle"},{"floor":34.0,"key":"Incense Burner"},{"floor":43.0,"key":"Bag of Preparation"},{"floor":54,"key":"Blood Vial"}],"event_choices":[{"damage_healed":0.0,"max_hp_gain":0.0,"max_hp_loss":0.0,"gold_gain":0.0,"event_name":"WeMeetAgain","player_choice":"Gave Potion","floor":3.0,"gold_loss":0.0,"damage_taken":0.0,"relics_obtained":["Peace Pipe"]},{"damage_healed":0.0,"max_hp_gain":0.0,"max_hp_loss":0.0,"gold_gain":0.0,"event_name":"Upgrade Shrine","player_choice":"Upgraded","floor":6.0,"gold_loss":0.0,"damage_taken":0.0,"cards_upgraded":["Neutralize"]},{"damage_healed":0.0,"max_hp_gain":0.0,"max_hp_loss":0.0,"gold_gain":0.0,"event_name":"The Mausoleum","player_choice":"Opened","floor":19.0,"gold_loss":0.0,"damage_taken":0.0,"relics_obtained":["Dead Branch"]},{"damage_healed":0.0,"max_hp_gain":0.0,"max_hp_loss":0.0,"gold_gain":0.0,"event_name":"Addict","player_choice":"Obtained Relic","floor":21.0,"gold_loss":85.0,"damage_taken":0.0,"relics_obtained":["Nunchaku"]},{"cards_removed":["Strike_G"],"damage_healed":0.0,"max_hp_gain":0.0,"max_hp_loss":0.0,"gold_gain":0.0,"event_name":"Purifier","player_choice":"Purged","floor":38.0,"gold_loss":0.0,"damage_taken":0.0}],"is_beta":false,"boss_relics":[{"not_picked":["Cursed Key","Runic Dome"],"picked":"Ring of the Serpent"},{"not_picked":["Tiny House","Velvet Choker"],"picked":"Calling Bell"}],"items_purged_floors":[5,47],"is_endless":false,"potions_floor_spawned":[1,11,13,14,16,25,33,35,39,46],"ascension_level":5}}