{"host":"ovivighfa421z0zp","time":1614153135,"event":{"mods":["BaseMod","Colored Map","DeckTracker","Keyboard Shortcuts","Minty Spire (QoL Compilation)","Permanent Neow","Quick Restart","Replay The Spire","StSLib","SuperFastMode","The Cursed"],"gold_per_floor":[12,24,24,35,49,77,152,152,230,259,279,279,6,67,67,138,238,253,267,23,203,203,203],"floor_reached":22,"language":"KOR","playtime":815,"items_purged":[],"score":388,"play_id":"a67c3452-5810-456e-912b-41026b934eeb","local_time":"20210224165215","is_ascension_mode":true,"campfire_choices":[{"floor":8,"key":"REST"},{"floor":12,"key":"REST"},{"data":"Corruption","floor":15,"key":"SMITH"}],"circlet_count":0,"master_deck":["AscendersBane","Strike_R","Strike_R","Strike_R","Strike_R","Defend_R","Defend_R","Bash","Sword Boomerang","Armaments","ReplayTheSpireMod:Muscle Training","ReplayTheSpireMod:Strike From Hell","Whirlwind","Corruption+1","Battle Trance","Shrug It Off","Perfected Strike","Combust","ReplayTheSpireMod:Stacked","Barricade","Entrench+1","Hemokinesis","Perfected Strike"],"relics":["Burning Blood","TungstenRod","StrikeDummy","Dream Catcher","Sling","Replay:Mystery Machine","Replay:Wanted Poster","DollysMirror"],"acts_visited":["Exordium","TheCity"],"potions_floor_usage":[6,16,22],"damage_taken":[{"damage":7,"enemies":"Jaw Worm","floor":1,"turns":3},{"damage":2,"enemies":"2 Louse","floor":2,"turns":3},{"damage":2,"enemies":"Cultist","floor":4,"turns":4},{"damage":20,"enemies":"Exordium Wildlife","floor":5,"turns":6},{"damage":24,"enemies":"Lagavulin","floor":6,"turns":6},{"damage":7,"enemies":"Gremlin Nob","floor":10,"turns":3},{"damage":21,"enemies":"3 Louse","floor":11,"turns":3},{"damage":11,"enemies":"3 Sentries","floor":14,"turns":6},{"damage":21,"enemies":"Slime Boss","floor":16,"turns":7},{"damage":18,"enemies":"Chosen","floor":18,"turns":5},{"damage":7,"enemies":"Spheric Guardian","floor":19,"turns":4},{"damage":43,"enemies":"Cultist and Chosen","floor":22,"turns":7}],"seed_played":"8767315555636249057","potions_obtained":[{"floor":1,"key":"Fire Potion"},{"floor":4,"key":"Dexterity Potion"},{"floor":5,"key":"Swift Potion"},{"floor":10,"key":"PowerPotion"}],"is_trial":false,"path_per_floor":["M","M","?","M","M","E","?","R","T","E","M","R","$","?","R","B",null,"M","M","$","?","M"],"character_chosen":"IRONCLAD","items_purchased":["Perfected Strike","Combust","Sling","Hemokinesis","DollysMirror"],"campfire_rested":2,"item_purchase_floors":[13,13,13,20,20],"current_hp_per_floor":[67,71,71,75,61,43,33,55,55,54,39,61,61,56,56,41,67,55,54,54,38,0,0],"gold":203,"neow_bonus":"REMOVE_TWO","is_daily":false,"chose_seed":false,"campfire_upgraded":1,"win_rate":0.0,"timestamp":1614153135,"path_taken":["M","M","?","M","M","E","?","R","T","E","M","R","$","?","R","BOSS","M","M","$","?","M"],"items_purchased_type":["Card","Card","Relic","Card","Relic"],"build_version":"2020-12-22","purchased_purges":0,"victory":false,"max_hp_per_floor":[75,75,75,75,75,75,75,75,75,75,75,75,75,75,75,75,75,75,75,75,75,75,75],"card_choices":[{"not_picked":["Abandon","Pommel Strike"],"picked":"Sword Boomerang","floor":1},{"not_picked":["Clothesline","Flex"],"picked":"Armaments","floor":2},{"not_picked":["Armaments","Cleave"],"picked":"ReplayTheSpireMod:Muscle Training","floor":4},{"not_picked":["Run Through","Replay:Undeath\u0027s Touch"],"picked":"ReplayTheSpireMod:Strike From Hell","floor":5},{"not_picked":["Disarm","Wild Strike"],"picked":"Whirlwind","floor":6},{"not_picked":["True Grit","Perfected Strike"],"picked":"Corruption","floor":10},{"not_picked":["Thunderclap","Run Through"],"picked":"Battle Trance","floor":11},{"not_picked":["Perfected Strike","Clothesline"],"picked":"Shrug It Off","floor":12},{"not_picked":["Heavy Blade","Brutality"],"picked":"ReplayTheSpireMod:Stacked","floor":14},{"not_picked":["Juggernaut","Impervious"],"picked":"Barricade","floor":16},{"not_picked":["Warcry","Abandon","Replay:Undeath\u0027s Touch"],"picked":"SKIP","floor":18},{"not_picked":["ReplayTheSpireMod:Strike From Hell","Massacre+1"],"picked":"Entrench+1","floor":19}],"player_experience":817839,"relics_obtained":[{"floor":6,"key":"TungstenRod"},{"floor":9,"key":"StrikeDummy"},{"floor":10,"key":"Dream Catcher"},{"floor":14,"key":"Replay:Mystery Machine"}],"event_choices":[{"damage_healed":0,"gold_gain":75,"player_choice":"Gather Gold","damage_taken":11,"max_hp_gain":0,"max_hp_loss":0,"event_name":"World of Goop","floor":7,"gold_loss":0},{"damage_healed":0,"gold_gain":0,"player_choice":"Searched \u00272\u0027 times","damage_taken":0,"max_hp_gain":0,"max_hp_loss":0,"event_name":"Dead Adventurer","floor":14,"gold_loss":0},{"damage_healed":0,"gold_gain":180,"player_choice":"GOLD GOLD ","damage_taken":19,"max_hp_gain":0,"max_hp_loss":0,"event_name":"Knowing Skull","floor":21,"potions_obtained":[],"gold_loss":0,"cards_obtained":[]}],"is_beta":false,"boss_relics":[{"not_picked":["SacredBark","Ring of Chaos"],"picked":"Replay:Wanted Poster"}],"items_purged_floors":[],"is_endless":false,"potions_floor_spawned":[1,4,5,10],"killed_by":"Cultist and Chosen","ascension_level":20}}