{"host":"dhv3u8yhd2rnugsp","time":1614208517,"event":{"mods":["100% Spire Juice","BaseMod","Block Reminder","Colored Map","Googly Eyes","Highlight Path","Minty Spire (QoL Compilation)","Permanent Neow","Quick Restart","Random Character Button","StSLib"],"gold_per_floor":[33,67,105,125,125,125,187,187,187,187,247,76,108,108,108,186,186,225,264,189,28,28,28,28],"floor_reached":23,"language":"ENG","playtime":1004,"items_purged":[],"score":382,"play_id":"15e8040e-0ee0-45d9-8110-7740bbdb24b4","local_time":"20210224171517","is_ascension_mode":true,"campfire_choices":[{"data":"HandOfGreed","floor":6,"key":"SMITH"},{"data":"Leg Sweep","floor":8,"key":"SMITH"},{"data":"Deadly Poison","floor":10,"key":"SMITH"},{"floor":15,"key":"REST"}],"circlet_count":0,"master_deck":["AscendersBane","Strike_G","Strike_G","Strike_G","Strike_G","Strike_G+1","Defend_G+1","Defend_G","Defend_G","Defend_G","Defend_G","Survivor","Neutralize","HandOfGreed+1","Deadly Poison+1","Leg Sweep+1","Blade Dance","Crippling Poison","PiercingWail","Dagger Spray","Endless Agony","Poisoned Stab","Deflect","Unload","Footwork"],"relics":["Ring of the Snake","StrikeDummy","Orrery","Boot","WarpedTongs","Fusion Hammer","Anchor"],"acts_visited":["Exordium","TheCity"],"potions_floor_usage":[7,11,23],"damage_taken":[{"damage":0,"enemies":"Jaw Worm","floor":1,"turns":3},{"damage":13,"enemies":"Small Slimes","floor":2,"turns":5},{"damage":1,"enemies":"Cultist","floor":3,"turns":4},{"damage":3,"enemies":"Looter","floor":4,"turns":4},{"damage":1,"enemies":"2 Fungi Beasts","floor":7,"turns":5},{"damage":8,"enemies":"Exordium Thugs","floor":11,"turns":5},{"damage":11,"enemies":"Gremlin Nob","floor":13,"turns":4},{"damage":10,"enemies":"The Guardian","floor":16,"turns":12},{"damage":20,"enemies":"Shell Parasite","floor":18,"turns":4},{"damage":21,"enemies":"2 Thieves","floor":19,"turns":4},{"damage":11,"enemies":"Book of Stabbing","floor":23,"turns":4}],"seed_played":"-2873590653600263215","potions_obtained":[{"floor":1,"key":"LiquidBronze"},{"floor":3,"key":"SneckoOil"},{"floor":4,"key":"Strength Potion"},{"floor":13,"key":"Weak Potion"}],"is_trial":false,"path_per_floor":["M","M","M","M","?","R","M","R","T","R","M","$","E","?","R","B",null,"M","M","?","$","?","E"],"character_chosen":"THE_SILENT","items_purchased":["Orrery","Anchor"],"campfire_rested":1,"item_purchase_floors":[12,21],"current_hp_per_floor":[59,46,45,42,22,22,21,21,21,21,13,13,2,2,21,11,52,32,11,11,11,11,0,0],"gold":28,"neow_bonus":"RANDOM_COLORLESS_2","is_daily":false,"chose_seed":false,"campfire_upgraded":3,"win_rate":0.0,"timestamp":1614208517,"path_taken":["M","M","M","M","?","R","M","R","T","R","M","$","E","?","R","BOSS","M","M","?","$","?","E"],"items_purchased_type":["Relic","Relic"],"build_version":"2020-12-22","purchased_purges":0,"victory":false,"max_hp_per_floor":[66,66,66,66,66,66,66,66,66,66,66,66,66,66,66,66,66,66,66,66,66,66,66,66],"card_choices":[{"not_picked":["Transmutation","Metamorphosis"],"picked":"HandOfGreed","floor":0},{"not_picked":["Quick Slash","Terror"],"picked":"Deadly Poison","floor":1},{"not_picked":["Eviscerate","Sucker Punch","Expertise"],"picked":"SKIP","floor":2},{"not_picked":["Eviscerate","Terror"],"picked":"Leg Sweep","floor":3},{"not_picked":["Leg Sweep","Underhanded Strike"],"picked":"Blade Dance","floor":4},{"not_picked":["Finisher","Riddle With Holes","Eviscerate"],"picked":"SKIP","floor":7},{"not_picked":["Bane","Dagger Spray"],"picked":"Crippling Poison","floor":11},{"not_picked":["Prepared","Reflex"],"picked":"PiercingWail","floor":12},{"not_picked":["Dagger Throw","Outmaneuver"],"picked":"Dagger Spray","floor":12},{"not_picked":["Bane","Cloak And Dagger"],"picked":"Endless Agony","floor":12},{"not_picked":["Endless Agony","Finisher"],"picked":"Poisoned Stab","floor":12},{"not_picked":["Slice","Envenom"],"picked":"Deflect","floor":12},{"not_picked":["Predator","Heel Hook","Poisoned Stab"],"picked":"SKIP","floor":13},{"not_picked":["Grand Finale","Storm of Steel"],"picked":"Unload","floor":16},{"not_picked":["Slice","Deadly Poison","Flying Knee+1"],"picked":"SKIP","floor":18},{"not_picked":["Blade Dance","Backstab"],"picked":"Footwork","floor":19}],"player_experience":1688465,"relics_obtained":[{"floor":9,"key":"StrikeDummy"},{"floor":13,"key":"Boot"}],"event_choices":[{"damage_healed":0,"gold_gain":0,"player_choice":"Entered Light","damage_taken":20,"max_hp_gain":0,"max_hp_loss":0,"event_name":"Shining Light","floor":5,"gold_loss":0,"cards_upgraded":["Defend_G","Strike_G"]},{"damage_healed":0,"gold_gain":0,"player_choice":"Rummage","damage_taken":0,"relics_obtained":["WarpedTongs"],"max_hp_gain":0,"max_hp_loss":0,"event_name":"Accursed Blacksmith","floor":14,"gold_loss":0,"cards_obtained":["Pain"]},{"cards_removed":["Pain"],"damage_healed":0,"gold_gain":0,"player_choice":"Gave Gold","damage_taken":0,"max_hp_gain":0,"max_hp_loss":0,"event_name":"Beggar","floor":20,"gold_loss":75}],"is_beta":false,"boss_relics":[{"not_picked":["Tiny House","Philosopher\u0027s Stone"],"picked":"Fusion Hammer"}],"items_purged_floors":[],"is_endless":false,"potions_floor_spawned":[1,3,4,13],"killed_by":"Book of Stabbing","ascension_level":20}}