{"host":"btkbr53c3gip0r7d","time":1614142754,"event":{"mods":["BaseMod","Better Altar","Better Match","Better Note","Better Sensory Stone","Better Skull","Better Third Choice","Colored Map","Curses Come First","Downfall","Minty Spire (QoL Compilation)","StSLib","The Cursed","The Marked"],"gold_per_floor":[99,109,127,127,140,140,140,157,176,210,17,43,43,59,70,166,166,66,77,277,377,377,59,59,259,276,286,311,328,328,358,376,479,479,479,495,169,219,265,165,190,202,202,219,252,252,252,252],"floor_reached":46,"language":"ENG","playtime":13172,"items_purged":["champ:Strike"],"score":550,"play_id":"cf147d11-f200-4ad2-860f-8be3fa5b9837","local_time":"20210223215914","is_ascension_mode":false,"campfire_choices":[{"data":"champ:FaceSlap","floor":1,"key":"SMITH"},{"data":"champ:CheapShot","floor":13,"key":"SMITH"},{"data":"champ:GladiatorForm","floor":18,"key":"SMITH"},{"data":"champ:CalledShot","floor":25,"key":"SMITH"},{"floor":35,"key":"RECALL"},{"data":"champ:UltimateStance","floor":40,"key":"SMITH"},{"data":"expansioncontent:DashGenerateEvil","floor":43,"key":"SMITH"}],"circlet_count":0,"master_deck":["champ:Defend","champ:Execute","champ:Taunt","champ:FaceSlap+1","champ:EnGarde","champ:RisingSlash","champ:CalledShot+1","champ:DancingMaster","champ:PreciseThrust","champ:Endure","champ:CrookedStrike","champ:FancyFootwork","champ:FanOfKnives","champ:CheapShot+1","champ:ArenaPreparation","champ:Duel","champ:GladiatorForm+1","champ:Encircle","champ:FocusedBerserking+1","champ:FocusedBerserking","champ:FaceSlap","champ:CalledShot","champ:Lariat+1","champ:CrookedStrike+1","champ:UltimateStance+1","champ:DeathBlow+1","champ:SteelEdge+1","champ:BladeFlurry+1","expansioncontent:DashGenerateEvil+1","champ:CrookedStrike","champ:Backstep+1"],"relics":["champ:ChampionCrown","Anchor","Pantograph","Sling","Tiny Chest","Runic Pyramid","downfall:HeartBlessingGreen","downfall:GremlinWheel","Bottled Flame","PreservedInsect","Medical Kit","Bag of Marbles","MealTicket","Strawberry","Astrolabe","HandDrill","Art of War","Du-Vu Doll","Peace Pipe","downfall:HeartBlessingRed","Juzu Bracelet","StrikeDummy"],"acts_visited":["Exordium","TheCity","TheBeyond"],"potions_floor_usage":[10,11,12,12,27,28,28,32,37,39,46],"damage_taken":[{"damage":0,"enemies":"2 Louse","floor":2,"turns":3},{"damage":25,"enemies":"Cultist","floor":3,"turns":2},{"damage":5,"enemies":"Jaw Worm","floor":5,"turns":2},{"damage":11,"enemies":"Blue Slaver","floor":8,"turns":2},{"damage":10,"enemies":"downfall:LooterAlt","floor":9,"turns":3},{"damage":33,"enemies":"Lagavulin","floor":10,"turns":5},{"damage":25,"enemies":"downfall:FleeingMerchant","floor":11,"turns":4},{"damage":9,"enemies":"3 Sentries","floor":12,"turns":5},{"damage":24,"enemies":"Exordium Thugs","floor":14,"turns":4},{"damage":21,"enemies":"Exordium Wildlife","floor":15,"turns":4},{"damage":49,"enemies":"SI_SHIV_ARCHETYPE","floor":16,"turns":6},{"damage":31,"enemies":"Spheric Guardian","floor":19,"turns":4},{"damage":15,"enemies":"Spheric Guardian","floor":21,"turns":3},{"damage":51,"enemies":"downfall:FleeingMerchant","floor":23,"turns":5},{"damage":23,"enemies":"Shell Parasite","floor":26,"turns":4},{"damage":45,"enemies":"Cultist and Chosen","floor":27,"turns":5},{"damage":30,"enemies":"Gremlin Leader","floor":28,"turns":4},{"damage":22,"enemies":"Centurion and Healer","floor":29,"turns":5},{"damage":34,"enemies":"Book of Stabbing","floor":31,"turns":4},{"damage":46,"enemies":"3 Cultists","floor":32,"turns":5},{"damage":110,"enemies":"WA_ARCHETYPE_CALM","floor":33,"turns":8},{"damage":50,"enemies":"3 Darklings","floor":36,"turns":3},{"damage":20,"enemies":"downfall:FleeingMerchant","floor":37,"turns":3},{"damage":35,"enemies":"downfall:FleeingMerchant","floor":38,"turns":5},{"damage":56,"enemies":"2 Orb Walkers","floor":39,"turns":5},{"damage":20,"enemies":"Orb Walker","floor":42,"turns":2},{"damage":55,"enemies":"Maw","floor":44,"turns":5},{"damage":12,"enemies":"Nemesis","floor":45,"turns":4}],"seed_played":"-5032287467909405838","potions_obtained":[{"floor":5,"key":"champ:OpenerPotion"},{"floor":6,"key":"EntropicBrew"},{"floor":6,"key":"Fire Potion"},{"floor":6,"key":"BlessingOfTheForge"},{"floor":10,"key":"hexamod:SoulburnPotion"},{"floor":15,"key":"Weak Potion"},{"floor":28,"key":"Explosive Potion"},{"floor":29,"key":"LiquidMemories"},{"floor":31,"key":"hexamod:SoulburnPotion"},{"floor":32,"key":"SmokeBomb"},{"floor":33,"key":"LiquidMemories"},{"floor":39,"key":"Guardian:BlockOnCardUsePotion"},{"floor":44,"key":"SpeedPotion"}],"is_trial":false,"path_per_floor":["R","M","M","?","M","?","T","M","M","E","$","E","R","M","M","B",null,"R","M","?","?","T","$","T","R","M","M","E","M","?","E","M","B",null,"R","M","$","?","?","R","T","M","R","M","E","M"],"character_chosen":"THE_CHAMP","items_purchased":["Sling","champ:FanOfKnives","PreservedInsect","Medical Kit","HandDrill","expansioncontent:DashGenerateEvil","Fruit Juice","Art of War"],"campfire_rested":0,"item_purchase_floors":[11,11,23,23,37,37,37,37],"current_hp_per_floor":[81,81,81,81,81,81,81,80,80,77,72,68,68,64,63,62,81,81,80,80,80,80,74,74,74,71,66,66,64,64,67,66,73,88,88,88,93,93,77,77,77,77,77,72,60,0,0,0],"gold":252,"neow_bonus":"TRANSFORM_TWO_CARDS","is_daily":false,"chose_seed":false,"campfire_upgraded":6,"win_rate":0.0,"timestamp":1614142754,"path_taken":["R","M","M","?","?","?","T","M","?","E","?","E","R","M","M","BOSS","R","?","?","?","?","$","T","R","M","M","E","M","?","E","M","BOSS","R","M","$","?","?","R","T","M","R","M","E","M"],"items_purchased_type":["Relic","Card","Relic","Relic","Relic","Card","Potion","Relic"],"build_version":"2020-12-22","purchased_purges":1,"victory":false,"max_hp_per_floor":[81,81,81,81,81,81,81,81,81,81,81,81,81,81,81,81,81,81,81,81,81,81,81,81,81,81,81,81,81,81,88,88,88,88,88,88,93,93,93,93,93,93,93,93,93,93,93,93],"card_choices":[{"not_picked":["champ:FanOfKnives","champ:AdrenalArmor"],"picked":"champ:RisingSlash","floor":2},{"not_picked":["champ:EnGarde","champ:ShieldWall"],"picked":"champ:CalledShot","floor":3},{"not_picked":["champ:SkillfulDodge","champ:FalseCounter"],"picked":"champ:DancingMaster","floor":5},{"not_picked":["champ:EnGarde","champ:CrookedStrike"],"picked":"champ:PreciseThrust","floor":8},{"not_picked":["champ:EnGarde","champ:Shatter"],"picked":"champ:Endure","floor":9},{"not_picked":["champ:ShieldWall","champ:TornadoPunch"],"picked":"champ:CrookedStrike","floor":10},{"not_picked":["champ:TornadoPunch","champ:BerserkersShout"],"picked":"champ:FancyFootwork","floor":11},{"not_picked":["champ:Haymaker","champ:DefensiveShout"],"picked":"champ:CheapShot","floor":12},{"not_picked":["champ:BerserkersShout","champ:RisingSlash"],"picked":"champ:ArenaPreparation","floor":14},{"not_picked":["champ:PreciseThrust","champ:Lariat"],"picked":"champ:Duel","floor":15},{"not_picked":["champ:HoldFirm","champ:DancingMaster"],"picked":"champ:GladiatorForm","floor":16},{"not_picked":["champ:DefensiveShout+1","champ:FancyFootwork"],"picked":"champ:Encircle","floor":19},{"not_picked":["champ:PerfectedStrike","champ:BladeFlurry","champ:EnGarde+1"],"picked":"SKIP","floor":23},{"not_picked":["champ:ArenaPreparation+1","champ:Parry"],"picked":"champ:FocusedBerserking+1","floor":26},{"not_picked":["champ:TornadoPunch","champ:SkillfulDodge"],"picked":"champ:FocusedBerserking","floor":27},{"not_picked":["champ:CrownThrow+1","champ:GutPunch"],"picked":"champ:FaceSlap","floor":28},{"not_picked":["champ:CrookedStrike","champ:PreciseThrust"],"picked":"champ:CalledShot","floor":29},{"not_picked":["champ:BladeFlurry+1","champ:SkillfulDodge"],"picked":"champ:Lariat+1","floor":31},{"not_picked":["champ:BringItOn+1","champ:CrownThrow"],"picked":"champ:CrookedStrike+1","floor":32},{"not_picked":["champ:GladiatorForm","champ:Devastate"],"picked":"champ:UltimateStance","floor":33},{"not_picked":["champ:EnGarde","champ:Haymaker","champ:Endure"],"picked":"SKIP","floor":36},{"not_picked":["champ:TornadoPunch","champ:PerfectedStrike+1","champ:Shatter"],"picked":"SKIP","floor":37},{"not_picked":["champ:ArenaPreparation","champ:Circumvent+1","champ:DefensiveShout"],"picked":"SKIP","floor":42},{"not_picked":["champ:Parry+1","champ:CrownThrow+1"],"picked":"champ:CrookedStrike","floor":44},{"not_picked":["champ:FocusedDefense+1","champ:DancingMaster"],"picked":"champ:Backstep+1","floor":45}],"player_experience":1531128,"relics_obtained":[{"floor":7,"key":"Anchor"},{"floor":10,"key":"Pantograph"},{"floor":12,"key":"Tiny Chest"},{"floor":21,"key":"downfall:GremlinWheel"},{"floor":22,"key":"Bottled Flame"},{"floor":24,"key":"Bag of Marbles"},{"floor":28,"key":"MealTicket"},{"floor":31,"key":"Strawberry"},{"floor":38,"key":"Du-Vu Doll"},{"floor":39,"key":"Peace Pipe"},{"floor":41,"key":"Juzu Bracelet"},{"floor":45,"key":"StrikeDummy"}],"event_choices":[{"cards_removed":["champ:Strike"],"damage_healed":0,"gold_gain":0,"player_choice":"Offered Basic","damage_taken":0,"max_hp_gain":0,"max_hp_loss":0,"event_name":"Bonfire Elementals","floor":4,"gold_loss":0},{"damage_healed":0,"gold_gain":0,"player_choice":"Got Potions","damage_taken":0,"max_hp_gain":0,"max_hp_loss":0,"event_name":"Lab","floor":6,"gold_loss":0},{"damage_healed":0,"gold_gain":200,"player_choice":"Gold","damage_taken":0,"max_hp_gain":0,"max_hp_loss":0,"event_name":"Wheel of Change","floor":25,"gold_loss":0},{"damage_healed":0,"gold_gain":0,"player_choice":"Fight","damage_taken":0,"max_hp_gain":0,"max_hp_loss":0,"event_name":"Mysterious Sphere","floor":39,"gold_loss":0}],"is_beta":false,"boss_relics":[{"not_picked":["sneckomod:SneckoTalon","Calling Bell"],"picked":"Runic Pyramid"},{"not_picked":["SlaversCollar","Pandora\u0027s Box"],"picked":"Astrolabe"}],"items_purged_floors":[37],"is_endless":false,"potions_floor_spawned":[5,9,10,15,16,28,29,31,32,33,39,44,45],"killed_by":"4 Shapes","ascension_level":0}}