{"host":"cfluht5kr2kfk9p9","time":1614155319,"event":{"mods":["ATMod(°¢èªMod)","BaseMod","Highlight Path","Minty Spire (QoL Compilation)","Quick Restart","Rare Cards Sparkle","Relic Stats","Spicy Shops","StSLib","Youmu£¨»êÆÇÑýÃÎ£©"],"gold_per_floor":[113,113,113,38,38,77,77,110,183,227,248,266,289,289,289,413,413,426,451,44,143,143,176,176,240,267,291,327,351,390,440,440,551,551,563,613,680,119,111,151,151,178,178,197,232,68,136,155,155,155,155,155,51,93,93],"floor_reached":56,"language":"ZHS","playtime":2188,"items_purged":["Defend_YM","Strike_YM","Strike_YM","Strike_YM","Defend_YM"],"score":1583,"play_id":"2450e6e6-5263-4957-a2b5-6f7f4e80f27e","local_time":"20210224162839","is_ascension_mode":false,"campfire_choices":[{"data":"AT_Desolate","floor":7,"key":"SMITH"},{"data":"TwoHundredYojanaInOneSlash","floor":15,"key":"SMITH"},{"data":"BizarrenessOfSixRealms","floor":32,"key":"SMITH"},{"floor":41,"key":"DIG"},{"floor":49,"key":"RECALL"},{"floor":52,"key":"DIG"}],"circlet_count":0,"master_deck":["Defend_YM+1","Defend_YM+1","SlashOfPresentWorld","WheelOfPainOfLivingAndDead","AT_Desolate+1","FlashingScatteredFlowers","SwordExtraction+1","SpiderLilyBurial","TwoHundredYojanaInOneSlash+1","SpiritCuttingSword","SlashClearingTheSixSenses","HeavenGodSword","SanzenSekai+1","SwordExtraction+1","HumanGodSword","SwordExtraction","BizarrenessOfSixRealms+1","FourBirthsSword+1","ObsessionSword+1","SlashOfTheEternalFuture","Panache","PreachingAvici","HeavenlyHaloSlash+1","HellGodSword+1","BloodOfAsura+1","ConstancyOfTheConventionalTruth","AsuraSword","HellFireSword","CherryBlossomFlashing"],"relics":["HalfPhantom","AT_ATBox","NeowsBlessing","Bloody Idol","AT_Kusabimaru","AT_BellowingDragoncrestRing","Mercury Hourglass","Runic Pyramid","MutagenicStrength","AT_ImmortalShieldbow","SsserpentHead","AT_RedTearstoneRing","Bird Faced Urn","CeramicFish","Coffee Dripper","AT_SilvercatRing","AT_ChloranthyRing","TheAbacus","Shovel","War Paint","Bottled Tornado","AT_Manta","Membership Card","Ornamental Fan","AT_GuinsooRageblade"],"acts_visited":["Exordium","TheCity","TheBeyond","TheEnding"],"potions_floor_usage":[55,55],"damage_taken":[{"damage":0,"enemies":"2 Louse","floor":1,"turns":1},{"damage":0,"enemies":"Lagavulin","floor":6,"turns":1},{"damage":0,"enemies":"Gremlin Nob","floor":8,"turns":1},{"damage":0,"enemies":"Lagavulin","floor":10,"turns":4},{"damage":0,"enemies":"Jaw Worm","floor":11,"turns":2},{"damage":0,"enemies":"Small Slimes","floor":12,"turns":1},{"damage":2,"enemies":"Gremlin Gang","floor":13,"turns":3},{"damage":11,"enemies":"Hexaghost","floor":16,"turns":3},{"damage":22,"enemies":"2 Thieves","floor":18,"turns":3},{"damage":12,"enemies":"Shell Parasite","floor":19,"turns":2},{"damage":12,"enemies":"Gremlin Leader","floor":23,"turns":2},{"damage":0,"enemies":"Snecko","floor":25,"turns":2},{"damage":0,"enemies":"Centurion and Healer","floor":27,"turns":3},{"damage":4,"enemies":"Book of Stabbing","floor":28,"turns":2},{"damage":0,"enemies":"Snake Plant","floor":29,"turns":3},{"damage":0,"enemies":"Gremlin Leader","floor":30,"turns":5},{"damage":15,"enemies":"Automaton","floor":33,"turns":6},{"damage":2,"enemies":"3 Shapes","floor":35,"turns":2},{"damage":8,"enemies":"3 Darklings","floor":37,"turns":4},{"damage":0,"enemies":"Giant Head","floor":40,"turns":2},{"damage":0,"enemies":"Maw","floor":42,"turns":1},{"damage":0,"enemies":"Sphere and 2 Shapes","floor":44,"turns":1},{"damage":0,"enemies":"Reptomancer","floor":45,"turns":1},{"damage":5,"enemies":"Transient","floor":48,"turns":4},{"damage":5,"enemies":"Time Eater","floor":50,"turns":4},{"damage":4,"enemies":"Shield and Spear","floor":54,"turns":2},{"damage":11,"enemies":"The Heart","floor":55,"turns":3}],"seed_played":"4701725417307809453","potions_obtained":[{"floor":1,"key":"LiquidMemories"},{"floor":6,"key":"GamblersBrew"},{"floor":11,"key":"AttackPotion"},{"floor":16,"key":"Swift Potion"},{"floor":18,"key":"DuplicationPotion"},{"floor":45,"key":"SwordSoul"}],"is_trial":false,"path_per_floor":["M","?","?","$","?","E","R","E","T","E","M","M","M","T","R","B",null,"M","M","$","?","?","E","?","M","T","M","E","M","E","?","R","B",null,"M","?","M","$","$","E","R","M","T","M","E","$","?","M","R","B",null,"R","$","E","B",null],"character_chosen":"YOUMU","items_purchased":["SwordExtraction","HumanGodSword","AT_SilvercatRing","AT_ChloranthyRing","TheAbacus","Panache","Membership Card","HellFireSword"],"campfire_rested":0,"item_purchase_floors":[20,20,38,38,38,39,46,53],"current_hp_per_floor":[75,60,53,53,53,53,53,53,53,53,53,53,51,51,51,40,69,47,35,35,35,35,23,23,23,23,23,69,69,69,69,69,64,69,69,69,68,69,69,69,69,69,69,69,69,69,69,69,69,64,69,69,69,69,64],"gold":93,"neow_bonus":"THREE_ENEMY_KILL","is_daily":false,"chose_seed":false,"campfire_upgraded":3,"win_rate":0.0,"timestamp":1614155319,"path_taken":["M","?","?","$","?","E","R","E","T","E","M","?","M","?","R","BOSS","M","M","$","?","?","E","?","?","T","M","E","M","E","?","R","BOSS","M","?","?","?","$","E","R","M","T","M","E","$","?","M","R","BOSS","R","$","E","BOSS"],"items_purchased_type":["Card","Card","Relic","Relic","Relic","Card","Relic","Card"],"build_version":"2020-12-22","purchased_purges":5,"victory":true,"max_hp_per_floor":[75,75,75,75,69,69,69,69,69,69,69,69,69,69,69,69,69,69,69,69,69,69,69,69,69,69,69,69,69,69,69,69,69,69,69,69,69,69,69,69,69,69,69,69,69,69,69,69,69,69,69,69,69,69,69],"relic_stats":{"SsserpentHead":300,"TheAbacus":[12],"Shovel":2,"counters":[27,68],"Ornamental Fan":[24],"Bloody Idol":25,"Bird Faced Urn":[10],"CeramicFish":90,"War Paint":["SwordExtraction","SwordExtraction"],"obtain_stats":[{"AT_ATBox":0,"CeramicFish":30,"HalfPhantom":0,"Bottled Tornado":43,"SsserpentHead":24,"AT_Kusabimaru":6,"TheAbacus":38,"Shovel":40,"AT_GuinsooRageblade":54,"Runic Pyramid":17,"AT_ChloranthyRing":38,"AT_RedTearstoneRing":26,"NeowsBlessing":0,"AT_Manta":45,"Golden Idol":5,"AT_SilvercatRing":38,"War Paint":41,"Mercury Hourglass":14,"AT_ImmortalShieldbow":23,"AT_BellowingDragoncrestRing":8,"Ornamental Fan":52,"MutagenicStrength":22,"Bird Faced Urn":28,"Bloody Idol":31,"Coffee Dripper":34,"Membership Card":46},{"AT_ATBox":0,"CeramicFish":16,"HalfPhantom":0,"Bottled Tornado":21,"SsserpentHead":11,"AT_Kusabimaru":2,"TheAbacus":19,"Shovel":20,"AT_GuinsooRageblade":26,"Runic Pyramid":8,"AT_ChloranthyRing":19,"AT_RedTearstoneRing":12,"NeowsBlessing":0,"AT_Manta":23,"Golden Idol":1,"AT_SilvercatRing":19,"War Paint":20,"Mercury Hourglass":7,"AT_ImmortalShieldbow":11,"AT_BellowingDragoncrestRing":3,"Ornamental Fan":25,"MutagenicStrength":10,"Bird Faced Urn":14,"Bloody Idol":16,"Coffee Dripper":17,"Membership Card":23},{"AT_ATBox":0,"CeramicFish":38,"HalfPhantom":0,"Bottled Tornado":53,"SsserpentHead":23,"AT_Kusabimaru":2,"TheAbacus":50,"Shovel":52,"AT_GuinsooRageblade":65,"Runic Pyramid":16,"AT_ChloranthyRing":50,"AT_RedTearstoneRing":25,"NeowsBlessing":0,"AT_Manta":55,"Golden Idol":1,"AT_SilvercatRing":50,"War Paint":52,"Mercury Hourglass":13,"AT_ImmortalShieldbow":23,"AT_BellowingDragoncrestRing":3,"Ornamental Fan":63,"MutagenicStrength":21,"Bird Faced Urn":30,"Bloody Idol":38,"Coffee Dripper":44,"Membership Card":55}],"Mercury Hourglass":[231]},"card_choices":[{"not_picked":["LotusPostureSlash","PreachingAvici"],"picked":"FlashingScatteredFlowers","floor":1},{"not_picked":["SpiderLilyBurial","SlashOfMeditation"],"picked":"SwordExtraction","floor":6},{"not_picked":["EchoesOfTheInclemencyOfAllBeings","ConstancyOfTheConventionalTruth"],"picked":"SpiderLilyBurial","floor":8},{"not_picked":["SuddenPhantomFormationSlashOfKarmicWind","KarmicPunishmentOfTheIdleAndUnfocused","HumanKnowledgeSword"],"picked":"SKIP","floor":10},{"not_picked":["SpiritMediumsBind","SwordExtraction"],"picked":"TwoHundredYojanaInOneSlash","floor":11},{"not_picked":["HumanKnowledgeSword","SwordOfBindingDesires"],"picked":"SpiritCuttingSword","floor":12},{"not_picked":["ObsessionWithThePresentWorld","BizarrenessOfSixRealms"],"picked":"SlashClearingTheSixSenses","floor":13},{"not_picked":["ReincarnationSword","SlashOfSaigyouSpringWind"],"picked":"HeavenGodSword","floor":16},{"not_picked":["SpiderLilyBurial","ThreeKonsSevenHakus","AsTheSilentNirvana"],"picked":"SKIP","floor":18},{"not_picked":["CrescentMoonSlash","TurningAngelCut"],"picked":"SanzenSekai+1","floor":19},{"not_picked":["LowerRealmReflectionSlash","IrresoluteSoul"],"picked":"SwordExtraction","floor":23},{"not_picked":["SlashOfMeditation+1","LowerRealmReflectionSlash"],"picked":"BizarrenessOfSixRealms","floor":25},{"not_picked":["SpiritMediumsBind","DispleasureOfTheSevenHakus"],"picked":"FourBirthsSword","floor":27},{"not_picked":["LowerRealmReflectionSlash","FiveSignsOfTheDyingDeva","KarmicPunishmentOfTheIdleAndUnfocused"],"picked":"SKIP","floor":28},{"not_picked":["SlashClearingTheSixSenses","TwoHundredYojanaInOneSlash+1"],"picked":"ObsessionSword+1","floor":29},{"not_picked":["BizarrenessOfSixRealms","FantasyOfEnteringEnlightenment","ThreeKonsSevenHakus"],"picked":"SKIP","floor":30},{"not_picked":["HellRealmSword","SuddenDivineSeveringOfKarmicWind"],"picked":"SlashOfTheEternalFuture","floor":33},{"not_picked":["LifeCuttingSword+1","SpiritCuttingSword+1","RapidSlash"],"picked":"SKIP","floor":35},{"not_picked":["HumanKnowledgeSword","SwordOfBindingDesires","RapidSlash"],"picked":"SKIP","floor":37},{"not_picked":["SwordOfBindingDesires","TenKingsRetributionOnThePreta+1"],"picked":"PreachingAvici","floor":40},{"not_picked":["BizarrenessOfSixRealms","TwoHundredYojanaInOneSlash"],"picked":"HeavenlyHaloSlash+1","floor":42},{"not_picked":["ObsessionWithThePresentWorld","SlashOfAscensionToBuddhahood"],"picked":"HellGodSword+1","floor":44},{"not_picked":["TurningAngelCut+1","ConstancyOfTheConventionalTruth+1"],"picked":"BloodOfAsura","floor":45},{"not_picked":["PhosphoricSlash","FantasyOfEnteringEnlightenment+1","SwordOfBindingDesires+1"],"picked":"SKIP","floor":48},{"not_picked":["FantasyOfEnteringEnlightenment+1","SlashClearingTheSixSenses"],"picked":"CherryBlossomFlashing","floor":54}],"player_experience":51934,"relics_obtained":[{"floor":6,"key":"AT_Kusabimaru"},{"floor":8,"key":"AT_BellowingDragoncrestRing"},{"floor":14,"key":"Mercury Hourglass"},{"floor":23,"key":"AT_ImmortalShieldbow"},{"floor":26,"key":"AT_RedTearstoneRing"},{"floor":28,"key":"Bird Faced Urn"},{"floor":30,"key":"CeramicFish"},{"floor":40,"key":"Shovel"},{"floor":41,"key":"War Paint"},{"floor":43,"key":"Bottled Tornado"},{"floor":45,"key":"AT_Manta"},{"floor":52,"key":"Ornamental Fan"},{"floor":54,"key":"AT_GuinsooRageblade"}],"event_choices":[{"damage_healed":0,"gold_gain":0,"player_choice":"Entered Light","damage_taken":15,"max_hp_gain":0,"max_hp_loss":0,"event_name":"Shining Light","floor":2,"gold_loss":0,"cards_upgraded":["Defend_YM","Defend_YM"]},{"cards_removed":["Strike_YM"],"damage_healed":0,"gold_gain":0,"player_choice":"Card Removal","damage_taken":7,"max_hp_gain":0,"max_hp_loss":0,"event_name":"Golden Wing","floor":3,"gold_loss":0},{"damage_healed":0,"gold_gain":0,"player_choice":"Lose Max HP","damage_taken":0,"relics_obtained":["Golden Idol"],"max_hp_gain":0,"max_hp_loss":6,"event_name":"Golden Idol","floor":5,"gold_loss":0},{"damage_healed":0,"gold_gain":99,"player_choice":"Stole From Cult","damage_taken":0,"max_hp_gain":0,"max_hp_loss":0,"event_name":"Nest","floor":21,"gold_loss":0},{"damage_healed":0,"gold_gain":0,"player_choice":"Inject Mutagens","damage_taken":0,"relics_obtained":["MutagenicStrength"],"max_hp_gain":0,"max_hp_loss":0,"event_name":"Drug Dealer","floor":22,"gold_loss":0},{"damage_healed":0,"gold_gain":0,"player_choice":"Trade","damage_taken":0,"relics_obtained":["SsserpentHead"],"max_hp_gain":0,"max_hp_loss":0,"event_name":"FaceTrader","floor":24,"gold_loss":0},{"damage_healed":0,"gold_gain":0,"player_choice":"Gave Idol","damage_taken":0,"relics_obtained":["Bloody Idol"],"max_hp_gain":0,"max_hp_loss":0,"event_name":"Forgotten Altar","floor":31,"relics_lost":["Golden Idol"],"gold_loss":0},{"damage_healed":0,"gold_gain":0,"player_choice":"Got Potions","damage_taken":0,"max_hp_gain":0,"max_hp_loss":0,"event_name":"Lab","floor":36,"gold_loss":0},{"damage_healed":0,"gold_gain":0,"player_choice":"2 cards matched","damage_taken":0,"max_hp_gain":0,"max_hp_loss":0,"event_name":"Match and Keep!","floor":47,"gold_loss":0,"cards_obtained":["ConstancyOfTheConventionalTruth","AsuraSword"]}],"is_beta":false,"boss_relics":[{"not_picked":["Busted Crown","Sozu"],"picked":"Runic Pyramid"},{"not_picked":["Calling Bell","Snecko Eye"],"picked":"Coffee Dripper"}],"items_purged_floors":[4,20,20,38,46],"is_endless":false,"potions_floor_spawned":[1,6,11,16,18,19,23,30,40,44,45,54],"ascension_level":0}}