{"host":"vk2xyavtylxbvrfq","time":1614140205,"event":{"mods":["Bard","BaseMod","Bestiary","Better Altar","Better Match","Better Note","Better Sensory Stone","Better Skull","Better Vampires","Block Reminder","Bossed Relics","Colored Map","Curses Come First","Displayed Cursed Tome","Downfall","Extra Virgin Snecko Oil","Fox Events","Hermit","Ironclad Rager","Marked Mod","Minty Spire (QoL Compilation)","Quick Restart","Rare Cards Sparkle","Relic Sorter","Reliquary","Robot Space Explorer","StSLib","The Hayseed","The Runesmith","Unceasing Turn Reminder"],"gold_per_floor":[109,180,180,180,195,195,226,226,226,261,280,293,327,7,7,111,188,201,201,219,219,287,287,352,352,429,479,61,71,101,126,126,126,126],"floor_reached":33,"language":"ENG","playtime":1100,"items_purged":["downfall:Icky"],"score":417,"play_id":"e3bd728c-6828-429b-b2ce-a8aeb855c643","local_time":"20210223231645","is_ascension_mode":true,"campfire_choices":[{"data":"hermit:Showdown","floor":6.0,"key":"SMITH"},{"data":"hermit:Quickdraw","floor":8.0,"key":"SMITH"},{"floor":15.0,"key":"REST"},{"floor":23.0,"key":"REST"},{"floor":25.0,"key":"REST"},{"floor":32.0,"key":"REST"}],"circlet_count":0,"master_deck":["hermit:Strike_Hermit","hermit:Strike_Hermit","hermit:Strike_Hermit","hermit:Strike_Hermit","hermit:Defend_Hermit","hermit:Defend_Hermit","hermit:Defend_Hermit","hermit:Defend_Hermit","hermit:Snapshot","hermit:Covet","hermit:Quickdraw+1","hermit:Showdown+1","hermit:GhostlyPresence","hermit:CursedWeapon","hermit:Maintenance","hermit:Snipe","hermit:Glare","hermit:HighNoon","hermit:Quickdraw+1","Slimebound:CheckThePlaybook","hermit:PistolWhip+1","hermit:Coalescence","hermit:Horror","hermit:FlashPowder","Trip","hermit:PistolWhip+1","hermit:Brawl"],"relics":["hermit:Momento","NeowsBlessing","hermit:RyeStalk","Mummified Hand","WingedGreaves","Letter Opener","Membership Card","PreservedInsect","reliquary:WeakTea","reliquary:ThirdArm","SsserpentHead","Mummified Hand","Lee\u0027s Waffle","Runesmith:Locket","reliquary:Boomerang","reliquary:ExpiredCoupon"],"acts_visited":["Exordium","TheCity"],"potions_floor_usage":[33,33,33],"damage_taken":[{"damage":0.0,"enemies":"Small Slimes","floor":1.0,"turns":1.0},{"damage":0.0,"enemies":"2 Louse","floor":5.0,"turns":1.0},{"damage":0.0,"enemies":"Lagavulin","floor":7.0,"turns":1.0},{"damage":16.0,"enemies":"Colosseum Slavers","floor":10.0,"turns":4.0},{"damage":4.0,"enemies":"Cultist","floor":11.0,"turns":3.0},{"damage":7.0,"enemies":"2 Fungi Beasts","floor":12.0,"turns":3.0},{"damage":38.0,"enemies":"Gremlin Nob","floor":13.0,"turns":5.0},{"damage":2.0,"enemies":"The Guardian","floor":16.0,"turns":14.0},{"damage":16.0,"enemies":"3 Byrds","floor":18.0,"turns":6.0},{"damage":12.0,"enemies":"2 Thieves","floor":20.0,"turns":4.0},{"damage":11.0,"enemies":"Shelled Parasite and Fungi","floor":22.0,"turns":6.0},{"damage":9.0,"enemies":"Snecko","floor":24.0,"turns":4.0},{"damage":13.0,"enemies":"Centurion and Healer","floor":29.0,"turns":3.0},{"damage":34.0,"enemies":"Slavers","floor":31.0,"turns":5.0},{"damage":71,"enemies":"Champ","floor":33,"turns":7}],"seed_played":"2960142020975817393","potions_obtained":[{"floor":12.0,"key":"Dexterity Potion"},{"floor":13.0,"key":"Swift Potion"},{"floor":22.0,"key":"Strength Potion"},{"floor":27.0,"key":"foxEvents:VialedCaress"},{"floor":30.0,"key":"hermit:Eclipse"}],"is_trial":false,"path_per_floor":["M","?","?","?","M","R","E","R","T","?","M","M","E","$","R","B",null,"M","?","M","?","M","R","M","R","T","?","$","M","?","E","R","B"],"character_chosen":"HERMIT","items_purchased":["Membership Card","PreservedInsect","reliquary:WeakTea","hermit:Glare","hermit:FlashPowder","Lee\u0027s Waffle","Runesmith:Locket","reliquary:Boomerang","LiquidBronze","Explosive Potion","Trip"],"campfire_rested":4,"item_purchase_floors":[14,14,14,14,28,28,28,28,28,28,28],"current_hp_per_floor":[68,68,68,68,68,68,68,68,68,52,48,41,3,3,25,23,62,46,46,34,34,23,45,36,58,58,58,82,69,69,35,59,0,0],"gold":126,"neow_bonus":"THREE_ENEMY_KILL","is_daily":false,"chose_seed":false,"campfire_upgraded":2,"win_rate":0.0,"timestamp":1614140205,"path_taken":["M","?","?","?","?","R","E","R","T","?","M","M","E","?","R","BOSS","M","?","M","?","?","R","?","R","T","?","?","M","?","E","R","BOSS"],"items_purchased_type":["Relic","Relic","Relic","Card","Card","Relic","Relic","Relic","Potion","Potion","Card"],"build_version":"2020-12-22","purchased_purges":1,"victory":false,"max_hp_per_floor":[75,75,75,75,75,75,75,75,75,75,75,75,75,75,75,75,75,75,75,75,75,75,75,75,75,75,75,82,82,82,82,82,82,82],"card_choices":[{"not_picked":["hermit:Roulette","hermit:CalledShot"],"picked":"hermit:Quickdraw","floor":1.0},{"not_picked":["hermit:BigShot","hermit:FlashPowder"],"picked":"hermit:Showdown","floor":5.0},{"not_picked":["hermit:TrackingShot","hermit:LowProfile"],"picked":"hermit:GhostlyPresence","floor":7.0},{"not_picked":["hermit:Desperado","hermit:Ricochet"],"picked":"hermit:CursedWeapon","floor":11.0},{"not_picked":["hermit:Virtue","hermit:Snipe"],"picked":"hermit:Maintenance","floor":12.0},{"not_picked":["hermit:Misfire","hermit:TrackingShot"],"picked":"hermit:Snipe","floor":13.0},{"not_picked":["hermit:Gambit","hermit:FatalDesire"],"picked":"hermit:HighNoon","floor":16.0},{"not_picked":["hermit:Dive+1","hermit:Snipe"],"picked":"hermit:Quickdraw+1","floor":18.0},{"not_picked":["hermit:TrackingShot","hermit:Feint+1"],"picked":"hermit:PistolWhip+1","floor":20.0},{"not_picked":["hermit:Snipe","hermit:Roulette"],"picked":"hermit:Coalescence","floor":22.0},{"not_picked":["hermit:Roulette","hermit:HoleUp+1"],"picked":"hermit:Horror","floor":24.0},{"not_picked":["hermit:ItchyTrigger","hermit:EternalForm"],"picked":"hermit:PistolWhip+1","floor":29.0},{"not_picked":["hermit:Misfire","hermit:ItchyTrigger+1"],"picked":"hermit:Brawl","floor":31.0}],"player_experience":1467153,"relics_obtained":[{"floor":7.0,"key":"Mummified Hand"},{"floor":9.0,"key":"WingedGreaves"},{"floor":10.0,"key":"foxEvents:LuckyCharm"},{"floor":13.0,"key":"Letter Opener"},{"floor":26.0,"key":"reliquary:SculptingSteel"},{"floor":31.0,"key":"reliquary:ExpiredCoupon"}],"event_choices":[{"damage_healed":0.0,"max_hp_gain":0.0,"max_hp_loss":0.0,"gold_gain":71.0,"event_name":"Golden Wing","player_choice":"Gained Gold","floor":2.0,"gold_loss":0.0,"damage_taken":0.0},{"damage_healed":0.0,"max_hp_gain":0.0,"max_hp_loss":0.0,"gold_gain":0.0,"event_name":"Big Fish","player_choice":"Box","floor":3.0,"gold_loss":0.0,"damage_taken":0.0,"relics_obtained":["hermit:RyeStalk"],"cards_obtained":["Regret"]},{"cards_removed":["Regret"],"damage_healed":0.0,"max_hp_gain":0.0,"max_hp_loss":0.0,"gold_gain":0.0,"event_name":"Purifier","player_choice":"Purged","floor":4.0,"gold_loss":0.0,"damage_taken":0.0},{"damage_healed":0.0,"max_hp_gain":0.0,"max_hp_loss":0.0,"gold_gain":0.0,"event_name":"FaceTrader","player_choice":"Trade","floor":21.0,"gold_loss":0.0,"damage_taken":0.0,"relics_obtained":["SsserpentHead"]},{"damage_healed":0.0,"max_hp_gain":0.0,"max_hp_loss":0.0,"gold_gain":0.0,"event_name":"The Woman in Blue","player_choice":"Bought 1 Potion","floor":30.0,"gold_loss":0.0,"damage_taken":0.0}],"is_beta":false,"boss_relics":[{"not_picked":["Pandora\u0027s Box","Fusion Hammer"],"picked":"reliquary:ThirdArm"}],"items_purged_floors":[28],"is_endless":false,"potions_floor_spawned":[12,13,22,31],"killed_by":"Champ","ascension_level":8}}