{"host":"insagfzijja1377g","time":1614128931,"event":{"mods":["BaseMod","Bestiary","Highlight Path","Minty Spire (QoL Compilation)","Relic Stats","Slay the Relics Exporter"],"gold_per_floor":[18,18,18,18,18,18,56,75,143,174,174,193,193,207,207,332,332,353,353,130,130,130,130,170,95,95,24,58,79,79,110,110,234,234,258,258,53,68,87,122,185,185,185,225,240,580,802,822,822,822,822,822,100,139,139],"floor_reached":56,"language":"ENG","playtime":3149,"items_purged":["Strike_P","Strike_P","Strike_P"],"score":2038,"play_id":"d49122ec-f1ee-4a8b-b333-15d49a06227c","local_time":"20210223190851","is_ascension_mode":true,"campfire_choices":[{"data":"FlurryOfBlows","floor":6,"key":"SMITH"},{"data":"Wallop","floor":15,"key":"SMITH"},{"data":"RitualDagger","floor":23,"key":"SMITH"},{"floor":30,"key":"REST"},{"data":"LikeWater","floor":32,"key":"SMITH"},{"data":"TalkToTheHand","floor":42,"key":"SMITH"},{"floor":49,"key":"RECALL"},{"data":"Tantrum","floor":52,"key":"SMITH"}],"circlet_count":0,"master_deck":["Strike_P","Defend_P+1","Eruption+1","Vigilance+1","FlurryOfBlows+1","Wallop+1","Adaptation","Indignation","Prostrate","Brilliance","InnerPeace","Vault+1","WheelKick","FlurryOfBlows","LikeWater+1","ClearTheMind","RitualDagger+1","Tantrum+1","DeceiveReality+1","FearNoEvil","Worship+1","Collect+1","ForeignInfluence+1","Meditate+1","TalkToTheHand+1","LikeWater","EmptyBody+1","Meditate+1","Evaluate+1","BowlingBash+1","Wallop+1","CutThroughFate+1","Nirvana","CutThroughFate","ThirdEye+1","MentalFortress+1"],"relics":["PureWater","Golden Idol","Pear","InkBottle","Dead Branch","Kunai","Philosopher\u0027s Stone","Enchiridion","Toxic Egg 2","CloakClasp","Letter Opener","Red Mask","Black Star","Lantern","Blue Candle","TungstenRod","Yang","Blood Vial","HornCleat","Old Coin","Vajra","Bag of Marbles","Frozen Eye","Sundial","War Paint"],"acts_visited":["Exordium","TheCity","TheBeyond","TheEnding"],"potions_floor_usage":[16,28,55,55,55,55,55],"damage_taken":[{"damage":0,"enemies":"Cultist","floor":1,"turns":2},{"damage":12,"enemies":"3 Sentries","floor":7,"turns":6},{"damage":0,"enemies":"Jaw Worm","floor":8,"turns":1},{"damage":6,"enemies":"Gremlin Nob","floor":10,"turns":4},{"damage":0,"enemies":"2 Louse","floor":12,"turns":2},{"damage":1,"enemies":"Blue Slaver","floor":14,"turns":2},{"damage":2,"enemies":"Hexaghost","floor":16,"turns":6},{"damage":5,"enemies":"Chosen","floor":18,"turns":4},{"damage":19,"enemies":"Gremlin Leader","floor":24,"turns":5},{"damage":11,"enemies":"Slavers","floor":28,"turns":3},{"damage":0,"enemies":"Shell Parasite","floor":29,"turns":2},{"damage":0,"enemies":"Masked Bandits","floor":31,"turns":2},{"damage":0,"enemies":"Automaton","floor":33,"turns":7},{"damage":14,"enemies":"3 Shapes","floor":35,"turns":3},{"damage":0,"enemies":"3 Darklings","floor":38,"turns":8},{"damage":0,"enemies":"Sphere and 2 Shapes","floor":39,"turns":1},{"damage":13,"enemies":"Nemesis","floor":40,"turns":3},{"damage":0,"enemies":"Mind Bloom Boss Battle","floor":41,"turns":5},{"damage":0,"enemies":"Reptomancer","floor":44,"turns":5},{"damage":0,"enemies":"Writhing Mass","floor":45,"turns":5},{"damage":0,"enemies":"Giant Head","floor":46,"turns":6},{"damage":0,"enemies":"3 Darklings","floor":48,"turns":4},{"damage":0,"enemies":"Time Eater","floor":50,"turns":8},{"damage":0,"enemies":"Shield and Spear","floor":54,"turns":4},{"damage":39,"enemies":"The Heart","floor":55,"turns":9}],"seed_played":"-2783525858614287387","potions_obtained":[{"floor":8,"key":"PowerPotion"},{"floor":12,"key":"Fire Potion"},{"floor":24,"key":"Weak Potion"},{"floor":29,"key":"Ancient Potion"},{"floor":36,"key":"EntropicBrew"},{"floor":36,"key":"Block Potion"},{"floor":36,"key":"Energy Potion"}],"is_trial":false,"path_per_floor":["M","?","?","?","$","R","E","M","T","E","T","M","?","M","R","B",null,"M","?","$","?","?","R","E","?","T","$","E","M","R","?","R","B",null,"M","?","$","M","M","E","?","R","T","E","M","E","?","M","R","B",null,"R","$","E","B",null],"character_chosen":"WATCHER","items_purchased":["FlurryOfBlows","LikeWater","ClearTheMind","FearNoEvil","TalkToTheHand","LikeWater","Vajra","Bag of Marbles","Frozen Eye","Nirvana","CutThroughFate","ThirdEye+1"],"campfire_rested":1,"item_purchase_floors":[20,20,20,27,37,37,53,53,53,53,53,53],"current_hp_per_floor":[65,47,33,38,38,38,36,36,36,30,30,30,30,29,29,27,72,67,51,51,45,45,45,26,26,26,26,15,15,41,41,41,41,76,62,62,62,62,62,49,49,49,49,49,51,53,53,55,55,57,80,80,80,82,45],"gold":139,"neow_bonus":"REMOVE_TWO","is_daily":false,"chose_seed":false,"campfire_upgraded":6,"win_rate":0.0,"timestamp":1614128931,"path_taken":["M","?","?","?","?","R","E","M","T","E","?","?","?","?","R","BOSS","M","?","$","?","?","R","E","?","T","?","E","M","R","?","R","BOSS","M","?","?","?","M","E","?","R","T","E","M","E","?","M","R","BOSS","R","$","E","BOSS"],"items_purchased_type":["Card","Card","Card","Card","Card","Card","Relic","Relic","Relic","Card","Card","Card"],"build_version":"2020-12-22","purchased_purges":3,"victory":true,"max_hp_per_floor":[72,72,72,77,77,77,87,87,87,87,87,87,87,87,87,87,87,87,87,87,87,87,87,87,87,87,87,87,87,87,87,87,87,87,87,87,87,87,87,87,87,87,87,87,87,87,87,87,87,87,87,87,87,87,87],"relic_stats":{"counters":[25,107],"Golden Idol":218,"Dead Branch":[118],"Blue Candle":[0],"Yang":[100],"CloakClasp":[320],"Letter Opener":[263],"War Paint":["Vault","Vigilance"],"Blood Vial":12,"Sundial":[0],"Black Star":4,"Kunai":[64],"obtain_stats":[{"Lantern":40,"Enchiridion":19,"Vajra":53,"Yang":44,"CloakClasp":26,"Old Coin":46,"Blood Vial":44,"Frozen Eye":53,"HornCleat":46,"Sundial":54,"Philosopher\u0027s Stone":17,"Red Mask":31,"Kunai":11,"Toxic Egg 2":24,"InkBottle":9,"Pear":7,"Golden Idol":2,"Dead Branch":10,"Blue Candle":40,"Letter Opener":28,"War Paint":54,"Black Star":34,"Bag of Marbles":53,"PureWater":0,"TungstenRod":41},{"Lantern":17,"Enchiridion":8,"Vajra":23,"Yang":19,"CloakClasp":9,"Old Coin":21,"Blood Vial":19,"Frozen Eye":23,"HornCleat":21,"Sundial":24,"Philosopher\u0027s Stone":7,"Red Mask":12,"Kunai":4,"Toxic Egg 2":9,"InkBottle":3,"Pear":2,"Golden Idol":1,"Dead Branch":4,"Blue Candle":17,"Letter Opener":10,"War Paint":24,"Black Star":13,"Bag of Marbles":23,"PureWater":0,"TungstenRod":18},{"Lantern":61,"Enchiridion":27,"Vajra":94,"Yang":71,"CloakClasp":32,"Old Coin":82,"Blood Vial":71,"Frozen Eye":94,"HornCleat":82,"Sundial":98,"Philosopher\u0027s Stone":23,"Red Mask":39,"Kunai":13,"Toxic Egg 2":32,"InkBottle":9,"Pear":8,"Golden Idol":2,"Dead Branch":13,"Blue Candle":61,"Letter Opener":35,"War Paint":98,"Black Star":46,"Bag of Marbles":94,"PureWater":0,"TungstenRod":66}],"InkBottle":[50],"TungstenRod":10},"card_choices":[{"not_picked":["EmptyFist","Collect"],"picked":"FlurryOfBlows","floor":1},{"not_picked":["Scrawl","Halt"],"picked":"Wallop","floor":7},{"not_picked":["ForeignInfluence","FlyingSleeves"],"picked":"Adaptation","floor":8},{"not_picked":["FearNoEvil","Weave"],"picked":"Indignation","floor":10},{"not_picked":["Sanctity","SashWhip"],"picked":"Prostrate","floor":12},{"not_picked":["FollowUp","BattleHymn"],"picked":"InnerPeace","floor":14},{"not_picked":["Brilliance","Scrawl"],"picked":"Vault","floor":16},{"not_picked":["Collect","PathToVictory+1"],"picked":"WheelKick","floor":18},{"not_picked":["EmptyBody+1","WheelKick"],"picked":"DeceiveReality+1","floor":24},{"not_picked":["FollowUp","SandsOfTime"],"picked":"Worship+1","floor":28},{"not_picked":["FlyingSleeves","CarveReality"],"picked":"Collect+1","floor":29},{"not_picked":["ClearTheMind+1","PathToVictory+1"],"picked":"ForeignInfluence+1","floor":31},{"not_picked":["EmptyFist","DeceiveReality+1"],"picked":"Meditate+1","floor":35},{"not_picked":["WreathOfFlame+1","LikeWater"],"picked":"EmptyBody+1","floor":38},{"not_picked":["Crescendo+1","EmptyFist","WindmillStrike+1"],"picked":"SKIP","floor":39},{"not_picked":["JustLucky+1","Blasphemy+1"],"picked":"Meditate+1","floor":40},{"not_picked":["EmptyBody+1","Perseverance+1"],"picked":"Evaluate+1","floor":41},{"not_picked":["FlurryOfBlows","FlyingSleeves"],"picked":"BowlingBash+1","floor":44},{"not_picked":["SashWhip","CrushJoints","EmptyBody+1"],"picked":"SKIP","floor":45},{"not_picked":["SashWhip","CrushJoints","EmptyBody+1"],"picked":"SKIP","floor":45},{"not_picked":["CutThroughFate+1","PathToVictory+1"],"picked":"Wallop+1","floor":46},{"not_picked":["Worship+1","Consecrate"],"picked":"CutThroughFate+1","floor":48},{"not_picked":["Sanctity+1","FearNoEvil+1"],"picked":"MentalFortress+1","floor":54}],"player_experience":2217663,"relics_obtained":[{"floor":7,"key":"Pear"},{"floor":9,"key":"InkBottle"},{"floor":10,"key":"Dead Branch"},{"floor":11,"key":"Kunai"},{"floor":19,"key":"Enchiridion"},{"floor":24,"key":"Toxic Egg 2"},{"floor":26,"key":"CloakClasp"},{"floor":28,"key":"Letter Opener"},{"floor":31,"key":"Red Mask"},{"floor":40,"key":"Lantern"},{"floor":40,"key":"Blue Candle"},{"floor":41,"key":"TungstenRod"},{"floor":44,"key":"Yang"},{"floor":44,"key":"Blood Vial"},{"floor":46,"key":"HornCleat"},{"floor":46,"key":"Old Coin"},{"floor":54,"key":"Sundial"},{"floor":54,"key":"War Paint"}],"event_choices":[{"damage_healed":0,"gold_gain":0,"player_choice":"Take Damage","damage_taken":18,"relics_obtained":["Golden Idol"],"max_hp_gain":0,"max_hp_loss":0,"event_name":"Golden Idol","floor":2,"gold_loss":0},{"damage_healed":0,"gold_gain":0,"player_choice":"Entered Light","damage_taken":14,"max_hp_gain":0,"max_hp_loss":0,"event_name":"Shining Light","floor":3,"gold_loss":0,"cards_upgraded":["Eruption","Defend_P"]},{"damage_healed":0,"gold_gain":0,"player_choice":"Donut","damage_taken":0,"max_hp_gain":5,"max_hp_loss":0,"event_name":"Big Fish","floor":4,"gold_loss":0},{"damage_healed":0,"gold_gain":0,"player_choice":"1 cards matched","damage_taken":0,"max_hp_gain":0,"max_hp_loss":0,"event_name":"Match and Keep!","floor":13,"gold_loss":0,"cards_obtained":["Brilliance"]},{"damage_healed":0,"gold_gain":0,"player_choice":"Obtained Book","damage_taken":16,"max_hp_gain":0,"max_hp_loss":0,"event_name":"Cursed Tome","floor":19,"gold_loss":0},{"damage_healed":0,"gold_gain":0,"player_choice":"Joined the Cult","damage_taken":6,"max_hp_gain":0,"max_hp_loss":0,"event_name":"Nest","floor":21,"gold_loss":0,"cards_obtained":["RitualDagger"]},{"damage_healed":0,"gold_gain":0,"player_choice":"Read","damage_taken":0,"max_hp_gain":0,"max_hp_loss":0,"event_name":"The Library","floor":22,"gold_loss":0,"cards_obtained":["Tantrum"]},{"cards_removed":["Defend_P"],"damage_healed":0,"gold_gain":0,"player_choice":"Gave Gold","damage_taken":0,"max_hp_gain":0,"max_hp_loss":0,"event_name":"Beggar","floor":25,"gold_loss":75},{"damage_healed":0,"gold_gain":0,"player_choice":"Fought Bandits","damage_taken":0,"max_hp_gain":0,"max_hp_loss":0,"event_name":"Masked Bandits","floor":31,"gold_loss":0},{"damage_healed":0,"gold_gain":0,"player_choice":"Got Potions","damage_taken":0,"max_hp_gain":0,"max_hp_loss":0,"event_name":"Lab","floor":36,"gold_loss":0},{"damage_healed":0,"gold_gain":0,"player_choice":"Fight","damage_taken":0,"max_hp_gain":0,"max_hp_loss":0,"event_name":"MindBloom","floor":41,"gold_loss":0},{"damage_healed":0,"gold_gain":222,"player_choice":"Wore Mask","damage_taken":0,"max_hp_gain":0,"max_hp_loss":0,"event_name":"Tomb of Lord Red Mask","floor":47,"gold_loss":0}],"is_beta":false,"boss_relics":[{"not_picked":["Fusion Hammer","Tiny House"],"picked":"Philosopher\u0027s Stone"},{"not_picked":["SlaversCollar","Empty Cage"],"picked":"Black Star"}],"items_purged_floors":[20,37,53],"is_endless":false,"potions_floor_spawned":[8,12,24,29,39,40,46,54],"ascension_level":8}}