{"host":"wbn3xdfsa5pc2kse","time":1614184732,"event":{"mods":["AchievementEnabler","BaseMod","Bestiary","Colored Map","Colored Powertips","Curses Come First","Highlight Path","Minty Spire (QoL Compilation)","Permanent Neow","Rare Cards Sparkle","Relic Stats","StSLib"],"gold_per_floor":[116,116,136,136,161,161,196,196,196,196,231,258,270,316,328,433,445,451,101,301,301,315,315,350,350,401,432,432,468,468,468,468,557,557,582,605,605,671,130,171,171,189,214,227,227,227,270,283,283,283,283,283,9,53,53,53],"floor_reached":55,"language":"ZHT","playtime":1857,"items_purged":["Strike_R","Strike_R+1","Strike_R+1"],"score":1465,"play_id":"c84fce6a-161a-4329-9556-8e45648b60cc","local_time":"20210225003852","is_ascension_mode":true,"campfire_choices":[{"floor":6.0,"key":"RECALL"},{"floor":8.0,"key":"REST"},{"floor":13.0,"key":"REST"},{"floor":15.0,"key":"REST"},{"floor":23.0,"key":"REST"},{"floor":25.0,"key":"REST"},{"floor":32,"key":"REST"},{"floor":41,"key":"REST"},{"floor":45,"key":"REST"},{"floor":49,"key":"REST"},{"floor":52,"key":"REST"}],"circlet_count":0,"master_deck":["AscendersBane","Defend_R+1","Defend_R+1","Defend_R+1","Defend_R+1","Bash","Rampage","Disarm","Inflame","Warcry","Rage","Double Tap+1","Limit Break+1","Shrug It Off+1","J.A.X.+1","Feed","Entrench+1","Flame Barrier+1","Shockwave+1","Burning Pact+1","Spot Weakness+1","Burning Pact+1","Shrug It Off+1","True Grit+1","Intimidate+1"],"relics":["Fusion Hammer","Golden Idol","Mummified Hand","Juzu Bracelet","Mercury Hourglass","FaceOfCleric","MawBank","Vajra","SacredBark","Bronze Scales","Toxic Egg 2","Oddly Smooth Stone","Centennial Puzzle","Bag of Preparation","Question Card","Empty Cage","TungstenRod","PreservedInsect","Gremlin Horn","Pen Nib","The Courier","Toy Ornithopter"],"acts_visited":["Exordium","TheCity","TheBeyond","TheEnding"],"potions_floor_usage":[29,33,38,38,38,44,48,50,50,54,55],"damage_taken":[{"damage":7.0,"enemies":"Small Slimes","floor":1.0,"turns":4.0},{"damage":1.0,"enemies":"2 Louse","floor":3.0,"turns":3.0},{"damage":4.0,"enemies":"Cultist","floor":5.0,"turns":4.0},{"damage":13.0,"enemies":"3 Sentries","floor":7.0,"turns":8.0},{"damage":21.0,"enemies":"Gremlin Nob","floor":11.0,"turns":4.0},{"damage":10.0,"enemies":"Gremlin Gang","floor":12.0,"turns":4.0},{"damage":49.0,"enemies":"Lagavulin","floor":14.0,"turns":6.0},{"damage":23.0,"enemies":"Hexaghost","floor":16.0,"turns":10.0},{"damage":23.0,"enemies":"2 Thieves","floor":18.0,"turns":4.0},{"damage":10.0,"enemies":"Shell Parasite","floor":22.0,"turns":5.0},{"damage":45.0,"enemies":"Slavers","floor":24.0,"turns":5.0},{"damage":16.0,"enemies":"Book of Stabbing","floor":27.0,"turns":5.0},{"damage":39,"enemies":"Gremlin Leader","floor":29,"turns":6},{"damage":34,"enemies":"Collector","floor":33,"turns":6},{"damage":6,"enemies":"3 Shapes","floor":35,"turns":6},{"damage":11,"enemies":"3 Darklings","floor":36,"turns":3},{"damage":33,"enemies":"2 Orb Walkers","floor":38,"turns":6},{"damage":16,"enemies":"Nemesis","floor":40,"turns":5},{"damage":2,"enemies":"Maw","floor":42,"turns":7},{"damage":14,"enemies":"Jaw Worm Horde","floor":44,"turns":4},{"damage":23,"enemies":"Giant Head","floor":47,"turns":7},{"damage":16,"enemies":"Spire Growth","floor":48,"turns":5},{"damage":52,"enemies":"Donu and Deca","floor":50,"turns":9},{"damage":105,"enemies":"Shield and Spear","floor":54,"turns":7},{"damage":65,"enemies":"The Heart","floor":55,"turns":3}],"seed_played":"-6161010404046948299","potions_obtained":[{"floor":1.0,"key":"Block Potion"},{"floor":7.0,"key":"SkillPotion"},{"floor":12.0,"key":"BloodPotion"},{"floor":14.0,"key":"LiquidBronze"},{"floor":22.0,"key":"Fruit Juice"},{"floor":29,"key":"Ancient Potion"},{"floor":37,"key":"Weak Potion"},{"floor":37,"key":"EntropicBrew"},{"floor":38,"key":"SkillPotion"},{"floor":47,"key":"Swift Potion"},{"floor":48,"key":"GamblersBrew"}],"is_trial":false,"path_per_floor":["M","?","M","?","M","R","E","R","T","?","E","M","R","E","R","B",null,"M","$","?","?","M","R","E","R","T","E","?","E","?","?","R","B",null,"M","M","?","?","$","E","R","M","T","M","R","?","E","M","R","B",null,"R","$","E","B"],"character_chosen":"IRONCLAD","items_purchased":["Bronze Scales","BloodPotion","PowerPotion","PreservedInsect","Gremlin Horn","Shrug It Off+1","DistilledChaos","Swift Potion","True Grit+1"],"campfire_rested":10,"item_purchase_floors":[19,19,19,39,39,53,53,53,53],"current_hp_per_floor":[61,61,60,49,45,45,32,52,52,52,32,23,44,10,31,9,56,34,63,63,63,64,84,40,65,65,50,50,12,12,12,38,5,67,65,58,58,29,29,14,44,46,46,36,68,68,46,31,64,13,87,112,112,11,0,0],"gold":53,"neow_bonus":"BOSS_RELIC","is_daily":false,"chose_seed":false,"campfire_upgraded":0,"win_rate":0.0,"timestamp":1614184732,"path_taken":["M","?","M","?","M","R","E","R","T","?","E","M","R","E","R","BOSS","M","$","?","?","M","R","E","R","T","E","?","E","?","?","R","BOSS","M","M","?","?","$","E","R","M","T","M","R","?","E","M","R","BOSS","R","$","E","BOSS"],"items_purchased_type":["Relic","Potion","Potion","Relic","Relic","Card","Potion","Potion","Card"],"build_version":"2020-12-22","purchased_purges":3,"victory":false,"max_hp_per_floor":[75,68,68,68,68,68,68,68,68,68,69,70,70,71,71,72,72,73,73,73,73,84,84,85,85,85,86,86,87,87,87,87,88,88,92,96,96,100,100,101,101,105,105,109,109,109,110,111,111,112,112,112,112,116,116,116],"relic_stats":{"Gremlin Horn":[4,4],"counters":[25,136],"Golden Idol":176,"PreservedInsect":257,"Pen Nib":[4],"Juzu Bracelet":3,"Bag of Preparation":[24],"MawBank":96,"Question Card":10,"Mercury Hourglass":[437],"Centennial Puzzle":[39],"FaceOfCleric":20,"Mummified Hand":[24],"Bronze Scales":[302],"obtain_stats":[{"Gremlin Horn":39,"Golden Idol":2,"SacredBark":17,"Vajra":14,"Oddly Smooth Stone":26,"PreservedInsect":39,"Pen Nib":40,"The Courier":47,"Juzu Bracelet":7,"Bag of Preparation":29,"MawBank":11,"Question Card":31,"Empty Cage":34,"Burning Blood":0,"Mercury Hourglass":9,"Centennial Puzzle":27,"FaceOfCleric":10,"Mummified Hand":4,"Bronze Scales":19,"Fusion Hammer":0,"Toxic Egg 2":24,"TungstenRod":38,"Toy Ornithopter":54},{"Gremlin Horn":17,"Golden Idol":1,"SacredBark":8,"Vajra":7,"Oddly Smooth Stone":11,"PreservedInsect":17,"Pen Nib":18,"The Courier":21,"Juzu Bracelet":4,"Bag of Preparation":13,"MawBank":5,"Question Card":13,"Empty Cage":14,"Burning Blood":0,"Mercury Hourglass":4,"Centennial Puzzle":12,"FaceOfCleric":4,"Mummified Hand":2,"Bronze Scales":9,"Fusion Hammer":0,"Toxic Egg 2":11,"TungstenRod":17,"Toy Ornithopter":24},{"Gremlin Horn":89,"Golden Idol":4,"SacredBark":43,"Vajra":33,"Oddly Smooth Stone":57,"PreservedInsect":89,"Pen Nib":94,"The Courier":112,"Juzu Bracelet":19,"Bag of Preparation":68,"MawBank":23,"Question Card":68,"Empty Cage":74,"Burning Blood":0,"Mercury Hourglass":19,"Centennial Puzzle":62,"FaceOfCleric":19,"Mummified Hand":7,"Bronze Scales":47,"Fusion Hammer":0,"Toxic Egg 2":57,"TungstenRod":89,"Toy Ornithopter":133}],"TungstenRod":43,"Toy Ornithopter":5},"card_choices":[{"not_picked":["Pommel Strike","Thunderclap"],"picked":"Rampage","floor":1.0},{"not_picked":["Warcry","Hemokinesis"],"picked":"Disarm","floor":3.0},{"not_picked":["Wild Strike","Sentinel","Rampage"],"picked":"SKIP","floor":5.0},{"not_picked":["Dark Embrace","Armaments"],"picked":"Inflame","floor":7.0},{"not_picked":["Cleave","Reckless Charge"],"picked":"Warcry","floor":11.0},{"not_picked":["Thunderclap","Body Slam"],"picked":"Rage","floor":12.0},{"not_picked":["Hemokinesis","Rage","Cleave"],"picked":"SKIP","floor":14.0},{"not_picked":["Feed","Juggernaut"],"picked":"Double Tap","floor":16.0},{"not_picked":["Perfected Strike","Bloodletting","Armaments"],"picked":"SKIP","floor":18.0},{"not_picked":["Warcry","Sword Boomerang","Clash"],"picked":"SKIP","floor":22.0},{"not_picked":["Uppercut","Reckless Charge"],"picked":"Limit Break+1","floor":24.0},{"not_picked":["Flex+1","Dropkick"],"picked":"Shrug It Off+1","floor":27.0},{"not_picked":["Iron Wave","Feel No Pain","Rampage"],"picked":"SKIP","floor":29},{"not_picked":["Demon Form","Barricade","Offering+1"],"picked":"Feed","floor":33},{"not_picked":["Heavy Blade","Sword Boomerang","Infernal Blade+1"],"picked":"Entrench+1","floor":35},{"not_picked":["Shrug It Off+1","Cleave+1","Pummel"],"picked":"Flame Barrier+1","floor":36},{"not_picked":["Fire Breathing","Anger","Pommel Strike"],"picked":"Shockwave+1","floor":40},{"not_picked":["Rupture","Sword Boomerang","Headbutt"],"picked":"Burning Pact+1","floor":42},{"not_picked":["Anger+1","Twin Strike","Sword Boomerang","Searing Blow"],"picked":"SKIP","floor":44},{"not_picked":["Berserk","Heavy Blade","Flex+1"],"picked":"Spot Weakness+1","floor":47},{"not_picked":["Blood for Blood","Thunderclap","Twin Strike+1"],"picked":"Burning Pact+1","floor":48},{"not_picked":["Pommel Strike","Blood for Blood","Armaments+1"],"picked":"Intimidate+1","floor":54}],"player_experience":875521,"relics_obtained":[{"floor":7.0,"key":"Juzu Bracelet"},{"floor":9.0,"key":"Mercury Hourglass"},{"floor":11.0,"key":"MawBank"},{"floor":14.0,"key":"Vajra"},{"floor":24.0,"key":"Toxic Egg 2"},{"floor":26.0,"key":"Oddly Smooth Stone"},{"floor":27.0,"key":"Centennial Puzzle"},{"floor":29,"key":"Bag of Preparation"},{"floor":38,"key":"TungstenRod"},{"floor":40,"key":"Pen Nib"},{"floor":47,"key":"The Courier"},{"floor":54,"key":"Toy Ornithopter"}],"event_choices":[{"damage_healed":0.0,"max_hp_gain":0.0,"max_hp_loss":7.0,"gold_gain":0.0,"event_name":"Golden Idol","player_choice":"Lose Max HP","floor":2.0,"gold_loss":0.0,"damage_taken":0.0,"relics_obtained":["Golden Idol"]},{"damage_healed":0.0,"max_hp_gain":0.0,"max_hp_loss":0.0,"gold_gain":0.0,"event_name":"Scrap Ooze","player_choice":"Success","floor":4.0,"gold_loss":0.0,"damage_taken":11.0,"relics_obtained":["Mummified Hand"]},{"damage_healed":0.0,"max_hp_gain":0.0,"max_hp_loss":0.0,"gold_gain":0.0,"event_name":"FaceTrader","player_choice":"Trade","floor":10.0,"gold_loss":0.0,"damage_taken":0.0,"relics_obtained":["FaceOfCleric"]},{"damage_healed":0.0,"max_hp_gain":0.0,"max_hp_loss":0.0,"gold_gain":250.0,"event_name":"The Joust","player_choice":"Bet on Owner","floor":20.0,"gold_loss":50.0,"damage_taken":0.0},{"damage_healed":0.0,"max_hp_gain":0.0,"max_hp_loss":0.0,"gold_gain":0.0,"event_name":"Back to Basics","player_choice":"Simplicity","floor":21.0,"gold_loss":0.0,"damage_taken":0.0,"cards_upgraded":["Strike_R","Strike_R","Strike_R","Strike_R","Defend_R","Defend_R","Defend_R","Defend_R"]},{"damage_healed":0,"gold_gain":0,"player_choice":"Obtain J.A.X.","damage_taken":0,"max_hp_gain":0,"max_hp_loss":0,"event_name":"Drug Dealer","floor":28,"gold_loss":0,"cards_obtained":["J.A.X."]},{"damage_healed":0,"gold_gain":0,"player_choice":"Upgraded","damage_taken":0,"max_hp_gain":0,"max_hp_loss":0,"event_name":"Upgrade Shrine","floor":30,"gold_loss":0,"cards_upgraded":["Double Tap"]},{"damage_healed":0,"gold_gain":0,"player_choice":"Opened","damage_taken":0,"relics_obtained":["Question Card"],"max_hp_gain":0,"max_hp_loss":0,"event_name":"The Mausoleum","floor":31,"gold_loss":0,"cards_obtained":["Writhe"]},{"damage_healed":0,"gold_gain":0,"player_choice":"Got Potions","damage_taken":0,"max_hp_gain":0,"max_hp_loss":0,"event_name":"Lab","floor":37,"gold_loss":0},{"damage_healed":0,"gold_gain":0,"player_choice":"Fight","damage_taken":0,"max_hp_gain":0,"max_hp_loss":0,"event_name":"Mysterious Sphere","floor":38,"gold_loss":0},{"cards_removed":["Strike_R"],"damage_healed":0,"gold_gain":0,"player_choice":"Removed Attack","damage_taken":0,"max_hp_gain":0,"max_hp_loss":0,"event_name":"Falling","floor":46,"gold_loss":0}],"is_beta":false,"boss_relics":[{"not_picked":["Ectoplasm","Busted Crown"],"picked":"SacredBark"},{"not_picked":["Pandora\u0027s Box","Sozu"],"picked":"Empty Cage"}],"items_purged_floors":[19,39,53],"is_endless":false,"potions_floor_spawned":[1,7,12,14,22,29,38,40,47,48],"killed_by":"The Heart","ascension_level":16}}