{"host":"v98566chcnixoavo","time":1614167144,"event":{"mods":["100% Spire Juice","Act Like it!","Arknights","BaseMod","Decade(王小明)","FGO Abigail","Friendly Minions","Kiyohime（清姬）","Library of Ruina","Library of Ruina Extra","Luminous","Marisa（F雨　魔理沙）","Minty Spire (QoL Compilation)","Prisma Mod","Reimu（博丽灵梦）","StSLib","The Alterego","WarShipGirlsR/战舰少女R mod","Youmu（魂魄妖梦）","【功能Mod】Neow奖励","【功能Mod】聪明的最终Boss"],"gold_per_floor":[111,126,116,135,35,35,61,61,87,120,20,20,31,31,31,131,131,146,71,86,40,57,85,85,98,121,147,147,157,256,272,272,370,370,384,259,310,68,84,84,101,101,101,116,129,140,140,190,190,190],"floor_reached":51,"language":"ZHS","playtime":3729,"items_purged":["LightAttack","LightDefense","LightAttack","LightDefense"],"score":772,"play_id":"01d29c6f-4ea4-4f86-8d88-5353258332aa","local_time":"20210224194544","is_ascension_mode":false,"campfire_choices":[{"data":"Faith","floor":6.0,"key":"SMITH"},{"data":"Quickness","floor":8.0,"key":"SMITH"},{"data":"Rampage_lor","floor":12.0,"key":"SMITH"},{"data":"Dodge","floor":15.0,"key":"SMITH"},{"data":"SnakesPrey","floor":24.0,"key":"SMITH"},{"data":"CleanUp","floor":28.0,"key":"SMITH"},{"data":"Parry2","floor":32.0,"key":"SMITH"},{"data":"Thinking Ahead","floor":40.0,"key":"SMITH"},{"data":"BindingChains","floor":47,"key":"SMITH"},{"floor":49,"key":"RECALL"}],"circlet_count":0,"master_deck":["Dodge+1","LightAttack","LightDefense","ChargeAndCover","Faith+1","SnakesPrey+1","HighKick","Quickness+1","BindingChains+1","Rampage_lor+1","QuickAttack","TrashDisposal","CleanUp+1","FrontalAssault+1","ClassAndRespect","BackstreetsDash+1","QuickSuppression+1","Parry2+1","SavageMode","LoosenUp+1","SomberProcuration","GoinFirst","SerpentSwordTechnique+1","Thinking Ahead+1","YoureTooSlow","Pound+1","DimensionalRift+1","WillOfThePrescript"],"relics":["PageOfLibrarian","NeowsBlessing","Akabeko","Tiny Chest","PageOfPorccubus","Black Star","RuthlessExorcism:ReiMu","Centennial Puzzle","Oddly Smooth Stone","Girya","Matryoshka","PageOfBlackSwan","Smiling Mask","PageOfSnowWhitesApple","Bag of Preparation","TungstenRod"],"acts_visited":["Exordium","TheCity","TheBeyond"],"potions_floor_usage":[50,50],"damage_taken":[{"damage":0.0,"enemies":"ats:Genji","floor":1.0,"turns":1.0},{"damage":0.0,"enemies":"Small Slimes","floor":2.0,"turns":1.0},{"damage":0.0,"enemies":"Cultist","floor":4.0,"turns":1.0},{"damage":33.0,"enemies":"Lagavulin","floor":7.0,"turns":9.0},{"damage":5.0,"enemies":"3 Sentries","floor":10.0,"turns":8.0},{"damage":0.0,"enemies":"3 Louse","floor":13.0,"turns":2.0},{"damage":21.0,"enemies":"Hexaghost","floor":16.0,"turns":6.0},{"damage":0.0,"enemies":"Chosen","floor":18.0,"turns":3.0},{"damage":28.0,"enemies":"Spheric Guardian","floor":20.0,"turns":4.0},{"damage":19.0,"enemies":"Cultist and Chosen","floor":22.0,"turns":4.0},{"damage":24.0,"enemies":"Slavers","floor":23.0,"turns":4.0},{"damage":9.0,"enemies":"3 Cultists","floor":25.0,"turns":4.0},{"damage":33.0,"enemies":"Gremlin Leader","floor":27.0,"turns":4.0},{"damage":12.0,"enemies":"Snecko","floor":29.0,"turns":3.0},{"damage":0.0,"enemies":"Centurion and Healer","floor":31.0,"turns":4.0},{"damage":19.0,"enemies":"Collector","floor":33.0,"turns":6.0},{"damage":7.0,"enemies":"3 Shapes","floor":35.0,"turns":2.0},{"damage":14.0,"enemies":"Orb Walker","floor":39.0,"turns":2.0},{"damage":24.0,"enemies":"4 Shapes","floor":41.0,"turns":4.0},{"damage":0,"enemies":"Maw","floor":44,"turns":3},{"damage":16,"enemies":"Jaw Worm Horde","floor":45,"turns":2},{"damage":0,"enemies":"Transient","floor":46,"turns":5},{"damage":13,"enemies":"Mind Bloom Boss Battle","floor":48,"turns":3},{"damage":27,"enemies":"Time Eater","floor":50,"turns":4}],"seed_played":"-292089879044557056","potions_obtained":[{"floor":2.0,"key":"EntropicBrew"},{"floor":4.0,"key":"SpeedPotion"},{"floor":10.0,"key":"EntropicBrew"},{"floor":23.0,"key":"FairyPotion"},{"floor":29.0,"key":"MagicPotion:ReiMu"},{"floor":33.0,"key":"DuplicationPotion"},{"floor":35.0,"key":"LiquidMemories"},{"floor":39.0,"key":"SpeedPotion"},{"floor":48,"key":"Energy Potion"}],"is_trial":false,"path_per_floor":["M","M","?","M","$","R","E","R","T","E","$","R","M","?","R","B",null,"M","?","M","$","M","E","R","M","T","E","R","M","?","M","R","B",null,"M","$","T","$","M","R","M","?","T","M","M","M","R","?","R","B",null],"character_chosen":"Librarian","items_purchased":["Quickness","ClassAndRespect","Thinking Ahead"],"campfire_rested":0,"item_purchase_floors":[5,21,38],"current_hp_per_floor":[60,60,60,60,60,60,27,27,27,22,22,22,22,27,27,6,94,81,81,62,62,63,54,54,45,45,12,12,20,20,20,20,5,89,86,86,86,86,72,72,52,52,52,56,44,54,54,45,45,22],"gold":190,"neow_bonus":"THREE_ENEMY_KILL","is_daily":false,"chose_seed":false,"campfire_upgraded":9,"win_rate":0.0,"timestamp":1614167144,"path_taken":["M","M","?","M","$","R","E","R","T","E","$","R","M","?","R","BOSS","M","?","M","$","M","E","R","M","T","E","R","M","?","M","R","BOSS","M","$","?","$","M","R","M","?","T","M","M","?","R","?","R","BOSS"],"items_purchased_type":["Card","Card","Card"],"build_version":"2020-12-22","purchased_purges":4,"victory":true,"max_hp_per_floor":[62,62,62,65,65,62,89,89,89,89,89,89,89,94,94,94,94,81,81,81,81,81,81,67,67,67,67,67,67,67,67,89,89,89,89,89,89,89,89,89,89,89,89,89,89,75,75,75,75,75],"card_choices":[{"not_picked":["RapidGashes","BackAttack","GutHarvesting","Thrust","Laceration","FeatherShield","AutonomousRush","ShockRound"],"picked":"Faith","floor":1.0},{"not_picked":["MultiHit","SerpentSwordTechnique","ClassAndRespect","HandleRequest","Diversion","FocusFire","BizarreAttack","Quickness"],"picked":"SnakesPrey","floor":2.0},{"not_picked":["RapidGashes","BackAttack","Gigigig","FierceCharge","Mutilate","GuardingStance","SharpSwipe","TheRedNotes"],"picked":"HighKick","floor":4.0},{"not_picked":["NonstopAssault","MultiHit","DestructiveImpact","AsThePrescriptOrders","Rewind","RipSpace","ChiWen","HiddenBlade"],"picked":"BindingChains","floor":7.0},{"not_picked":["IllEndYou","Track","ChargeUp","Thrust","CoordinatedAssault","TheRedNotes","ToOvercomeCrisis","Parry2"],"picked":"Rampage_lor","floor":10.0},{"not_picked":["SerpentSwordTechnique","StructuralAnalysis","EnergyBeam","Pound","PreemptiveStrike","AlloutWar","Eject","FlyingSword"],"picked":"QuickAttack","floor":13.0},{"not_picked":["BlazingStrike","Tttonst"],"picked":"TrashDisposal","floor":16.0},{"not_picked":["Leap_lor","GrazeTheGrass+1","Laceration","MindPrepared","Bvapour","TendonChords+1","DriedUp","SpearedSweep"],"picked":"CleanUp","floor":18.0},{"not_picked":["FeelinGood+1","Leap_lor+1","Fence","DefenseOrder","ShrineToMusic","IngredientHunt","StructuralAnalysis","AlloutWar"],"picked":"FrontalAssault+1","floor":20.0},{"not_picked":["TrimTheIngredients+1","FlashOfSunup","Eliminate","HeavyPeaks","EnergyBeam","Endure+1","HiddenBlade+1","AbsorbImpact"],"picked":"BackstreetsDash+1","floor":22.0},{"not_picked":["FeatherShield+1","Leap_lor","ToWhereThePrescriptPoints+1","ClassAndRespect","Faith+1","HandlingWork","Punishment","BiAn"],"picked":"QuickSuppression+1","floor":23.0},{"not_picked":["FaintMemories","RagingStormLove","SunsetBlade","Parry","EndlessBattle","BiAn","HandleRequest","QuickAttack"],"picked":"Parry2","floor":25.0},{"not_picked":["CoordinatedAssault","Diversion","BindingArms+1","WillOfThePrescript","CrackOfDawn","MindPrepared+1","SturdyDefense","ForcefulGesture"],"picked":"SavageMode","floor":27.0},{"not_picked":["ToWhereThePrescriptPoints+1","EndlessBattle","RepressedFlesh","DesperateStruggle","Pound","SerpentSwordTechnique","QuickSuppression","BiteOff"],"picked":"LoosenUp+1","floor":29.0},{"not_picked":["Duel_lor","StrongStrike","LoosenUp","GuidanceOfTheGears","Leap_lor+1","Execute_lor","Standoff","Pound"],"picked":"SomberProcuration","floor":31.0},{"not_picked":["ScratchThat","ChargeUp"],"picked":"GoinFirst","floor":33.0},{"not_picked":["Riposte+1","EnergyStrike","UpbeatPerformance","FeelinGood+1","ShockingBlow","EnergyShield","PreemptiveStrike","GreatSerpentsImpact+1"],"picked":"SerpentSwordTechnique+1","floor":35.0},{"not_picked":["ShockingBlow","RushDown","Feast+1","MindPrepared","FrontalAssault+1","Standoff","NightInTheBackstreets+1","FeatherShield+1"],"picked":"YoureTooSlow","floor":39.0},{"not_picked":["OpportunitySpotted","InhaleSmoke","FrontalAssault+1","EnergyCycle","ViolentFlame+1","Eject","HighKick+1","BlowItUp","MultiHit+1"],"picked":"SKIP","floor":41.0},{"not_picked":["UpbeatPerformance+1","Wallop_lor+1","AsThePrescriptOrders","Transpierce","HiddenBlade+1","Leap_lor+1","DeepDrag","Quickness","DriedUp"],"picked":"SKIP","floor":44},{"not_picked":["TieShanKao","AssaultOrder+1","DeepDrag+1","Standoff","BladeWhirl","Reload+1","BackstreetsDash","AsThePrescriptOrders"],"picked":"Pound+1","floor":45},{"not_picked":["EndlessBattle","Wallop_lor+1","Punishment","Outburst+1","ViolentFlame","Creak","Standoff+1","Struggle+1"],"picked":"DimensionalRift+1","floor":46},{"not_picked":["Quickness","StructuralAnalysis","SpearedSweep+1","HandleRequest+1","DeepDrag+1","Endure+1","PreemptiveStrike","FlyingSword"],"picked":"WillOfThePrescript","floor":48}],"player_experience":217374,"relics_obtained":[{"floor":7.0,"key":"Akabeko"},{"floor":9.0,"key":"Tiny Chest"},{"floor":10.0,"key":"PageOfPorccubus"},{"floor":23.0,"key":"RuthlessExorcism:ReiMu"},{"floor":23.0,"key":"Centennial Puzzle"},{"floor":26.0,"key":"Oddly Smooth Stone"},{"floor":27.0,"key":"Girya"},{"floor":27.0,"key":"Matryoshka"},{"floor":37.0,"key":"Smiling Mask"},{"floor":37.0,"key":"PageOfSnowWhitesApple"},{"floor":43,"key":"Bag of Preparation"},{"floor":48,"key":"TungstenRod"}],"event_choices":[{"damage_healed":0.0,"max_hp_gain":5.0,"max_hp_loss":0.0,"gold_gain":0.0,"event_name":"Big Fish","player_choice":"Donut","floor":14.0,"gold_loss":0.0,"damage_taken":0.0},{"cards_removed":["LightDefense"],"damage_healed":0.0,"max_hp_gain":0.0,"max_hp_loss":0.0,"gold_gain":0.0,"event_name":"Beggar","player_choice":"Gave Gold","floor":19.0,"gold_loss":75.0,"damage_taken":0.0},{"damage_healed":0.0,"max_hp_gain":0.0,"max_hp_loss":0.0,"gold_gain":99.0,"event_name":"Nest","player_choice":"Stole From Cult","floor":30.0,"gold_loss":0.0,"damage_taken":0.0},{"cards_removed":["FocusedStrikes"],"damage_healed":0.0,"max_hp_gain":0.0,"max_hp_loss":0.0,"gold_gain":0.0,"event_name":"Purifier","player_choice":"Purged","floor":42.0,"gold_loss":0.0,"damage_taken":0.0},{"damage_healed":0,"gold_gain":0,"player_choice":"Fight","damage_taken":0,"max_hp_gain":0,"max_hp_loss":0,"event_name":"MindBloom","floor":48,"gold_loss":0}],"is_beta":false,"boss_relics":[{"not_picked":["SacredBark","Philosopher\u0027s Stone"],"picked":"Black Star"},{"not_picked":["SlaversCollar","Sozu"],"picked":"PageOfBlackSwan"}],"items_purged_floors":[5,11,36,38],"is_endless":false,"potions_floor_spawned":[2,4,10,13,18,23,25,29,31,33,35,39,48],"ascension_level":0}}