{"host":"vxgtqwpb0ulpisda","time":1614210652,"event":{"mods":["BaseMod","Bestiary","Minty Spire (QoL Compilation)","Relic Stats","ojb\u0027s Info Mod"],"gold_per_floor":[116,131,142,34,34,62,62,80,107,107,127,141,161,161,161,264,264,279,290,53,67,67,97,115,115,192,210,221,54,83,83,83],"floor_reached":31,"language":"ENG","playtime":1844,"items_purged":["Strike_P"],"score":326,"play_id":"a54ccf0b-1f49-4516-97b7-f0b0eed29aad","local_time":"20210224185052","is_ascension_mode":true,"campfire_choices":[{"floor":7,"key":"REST"},{"floor":10,"key":"REST"},{"floor":15,"key":"REST"},{"floor":25,"key":"REST"}],"circlet_count":0,"master_deck":["Strike_P","Strike_P","Strike_P","Defend_P","Defend_P+1","Defend_P","Defend_P","Eruption","Vigilance","Evaluate","EmptyFist","Adaptation+1","SandsOfTime","Ragnarok","Adaptation","BattleHymn","DeceiveReality","CutThroughFate","FearNoEvil","Vault","SpiritShield+1","EmptyFist","FlurryOfBlows","Meditate","ClearTheMind","EmptyBody+1","LessonLearned+1","Vengeance","ThirdEye","Wish","Deep Breath","JustLucky+1"],"relics":["HolyWater","Damaru","Dream Catcher","Vajra","Pen Nib","TeardropLocket","Molten Egg 2","Red Mask"],"acts_visited":["Exordium","TheCity"],"potions_floor_usage":[13,21,24,27,28,30,31],"damage_taken":[{"damage":4,"enemies":"Jaw Worm","floor":1,"turns":3},{"damage":4,"enemies":"Cultist","floor":2,"turns":4},{"damage":0,"enemies":"2 Louse","floor":3,"turns":2},{"damage":27,"enemies":"Gremlin Nob","floor":6,"turns":4},{"damage":5,"enemies":"Looter","floor":8,"turns":4},{"damage":25,"enemies":"2 Fungi Beasts","floor":11,"turns":3},{"damage":15,"enemies":"3 Louse","floor":12,"turns":3},{"damage":15,"enemies":"Exordium Thugs","floor":13,"turns":3},{"damage":23,"enemies":"The Guardian","floor":16,"turns":10},{"damage":0,"enemies":"Spheric Guardian","floor":18,"turns":3},{"damage":0,"enemies":"3 Byrds","floor":19,"turns":6},{"damage":19,"enemies":"3 Cultists","floor":21,"turns":7},{"damage":23,"enemies":"Slavers","floor":23,"turns":4},{"damage":3,"enemies":"Cultist and Chosen","floor":24,"turns":6},{"damage":22,"enemies":"Snake Plant","floor":27,"turns":4},{"damage":0,"enemies":"Snecko","floor":28,"turns":4},{"damage":17,"enemies":"Masked Bandits","floor":30,"turns":5},{"damage":6,"enemies":"Book of Stabbing","floor":31,"turns":5}],"seed_played":"-6318368542362900858","potions_obtained":[{"floor":11,"key":"DistilledChaos"},{"floor":12,"key":"LiquidBronze"},{"floor":13,"key":"AttackPotion"},{"floor":16,"key":"Weak Potion"},{"floor":18,"key":"Fire Potion"},{"floor":21,"key":"BottledMiracle"},{"floor":27,"key":"DistilledChaos"},{"floor":28,"key":"Strength Potion"}],"is_trial":false,"path_per_floor":["M","M","M","$","?","E","R","M","T","R","M","M","M","?","R","B",null,"M","M","$","M","T","E","M","R","T","M","M","$","?","E"],"character_chosen":"WATCHER","items_purchased":["Adaptation","SandsOfTime","Pen Nib","Meditate","ClearTheMind","Deep Breath"],"campfire_rested":4,"item_purchase_floors":[4,4,20,20,20,29],"current_hp_per_floor":[75,71,71,71,55,28,51,46,46,69,44,29,14,14,37,14,63,63,63,63,44,44,21,18,41,41,19,19,19,2,0,0],"gold":83,"neow_bonus":"TEN_PERCENT_HP_BONUS","is_daily":false,"chose_seed":false,"campfire_upgraded":0,"win_rate":0.0,"timestamp":1614210652,"path_taken":["M","M","M","$","?","E","R","M","T","R","M","M","M","?","R","BOSS","M","M","$","M","?","E","M","R","T","M","?","$","?","E"],"items_purchased_type":["Card","Card","Relic","Card","Card","Card"],"build_version":"2020-12-22","purchased_purges":1,"victory":false,"max_hp_per_floor":[79,79,79,79,79,79,79,79,79,79,79,79,79,79,79,79,79,79,79,79,79,79,79,79,79,79,79,79,79,79,79,79],"relic_stats":{"Dream Catcher":3,"counters":[18,80],"Pen Nib":[6],"obtain_stats":[{"Dream Catcher":9,"Damaru":6,"Vajra":14,"HolyWater":17,"Molten Egg 2":23,"Pen Nib":20,"Red Mask":30,"TeardropLocket":22,"PureWater":0},{"Dream Catcher":5,"Damaru":4,"Vajra":8,"HolyWater":9,"Molten Egg 2":13,"Pen Nib":11,"Red Mask":17,"TeardropLocket":12,"PureWater":0},{"Dream Catcher":17,"Damaru":13,"Vajra":26,"HolyWater":36,"Molten Egg 2":56,"Pen Nib":45,"Red Mask":75,"TeardropLocket":52,"PureWater":0}]},"card_choices":[{"not_picked":["Prostrate","WreathOfFlame"],"picked":"Evaluate","floor":1},{"not_picked":["Meditate","CrushJoints"],"picked":"EmptyFist","floor":2},{"not_picked":["Consecrate","SashWhip","FollowUp"],"picked":"SKIP","floor":3},{"not_picked":["WheelKick","EmptyBody"],"picked":"Ragnarok","floor":6},{"not_picked":["Meditate","FearNoEvil"],"picked":"Adaptation","floor":8},{"not_picked":["EmptyFist","ClearTheMind"],"picked":"BattleHymn","floor":10},{"not_picked":["SignatureMove","Perseverance"],"picked":"DeceiveReality","floor":11},{"not_picked":["FlyingSleeves","FlurryOfBlows"],"picked":"CutThroughFate","floor":12},{"not_picked":["Crescendo","Nirvana"],"picked":"FearNoEvil","floor":13},{"not_picked":["CrushJoints","Indignation"],"picked":"Vault","floor":15},{"not_picked":["Alpha","Scrawl"],"picked":"SpiritShield","floor":16},{"not_picked":["Evaluate","SignatureMove"],"picked":"EmptyFist","floor":18},{"not_picked":["JustLucky","Weave"],"picked":"FlurryOfBlows","floor":19},{"not_picked":["Evaluate","ConjureBlade"],"picked":"EmptyBody+1","floor":21},{"not_picked":["PathToVictory","CarveReality+1"],"picked":"LessonLearned+1","floor":23},{"not_picked":["CutThroughFate+1","Protect"],"picked":"Vengeance","floor":24},{"not_picked":["BowlingBash+1","ClearTheMind"],"picked":"ThirdEye","floor":25},{"not_picked":["Wallop+1","SignatureMove+1"],"picked":"Wish","floor":27},{"not_picked":["BowlingBash+1","Conclude+1","CutThroughFate+1"],"picked":"SKIP","floor":28},{"not_picked":["PathToVictory","Evaluate"],"picked":"JustLucky+1","floor":30}],"player_experience":441597,"relics_obtained":[{"floor":6,"key":"Damaru"},{"floor":9,"key":"Dream Catcher"},{"floor":22,"key":"TeardropLocket"},{"floor":23,"key":"Molten Egg 2"},{"floor":30,"key":"Red Mask"}],"event_choices":[{"damage_healed":0,"gold_gain":0,"player_choice":"Entered Light","damage_taken":16,"max_hp_gain":0,"max_hp_loss":0,"event_name":"Shining Light","floor":5,"gold_loss":0,"cards_upgraded":["Defend_P","Adaptation"]},{"damage_healed":0,"gold_gain":0,"player_choice":"Gave Potion","damage_taken":0,"relics_obtained":["Vajra"],"max_hp_gain":0,"max_hp_loss":0,"event_name":"WeMeetAgain","floor":14,"gold_loss":0},{"damage_healed":0,"gold_gain":0,"player_choice":"Fought Bandits","damage_taken":0,"max_hp_gain":0,"max_hp_loss":0,"event_name":"Masked Bandits","floor":30,"gold_loss":0}],"is_beta":false,"boss_relics":[{"not_picked":["Empty Cage","Philosopher\u0027s Stone"],"picked":"HolyWater"}],"items_purged_floors":[29],"is_endless":false,"potions_floor_spawned":[11,12,13,16,18,21,27,28],"killed_by":"Book of Stabbing","ascension_level":5}}