{"host":"y4fuci1jk2rsxnep","time":1614162860,"event":{"mods":["AchievementEnabler","BaseMod","Colored Powertips","Custom Start","Defuse TimeMaze Blight","Dio Mod","Downfall","Hermit","Hero for Fun","Hubris","Hunter ??","Infinite Spire","Minty Spire (QoL Compilation)","Quick Restart","Reliquary","Remove Card Discount Mod","Replay The Spire","StSLib","The Blackbeard","The Bug Knight","The Mystic","The Runesmith"],"gold_per_floor":[359,378,180,236,307,321,335,335,361,361,361,361,142,176,176,274,274,294,294,305,305,321,321,321],"floor_reached":23,"language":"ENG","playtime":2274,"items_purged":["Slimebound:Strike_Slimebound","hermit:Strike_Hermit"],"score":227,"play_id":"0101cf5d-dba6-4bab-a4df-fb25274cc344","local_time":"20210224113420","is_ascension_mode":true,"campfire_choices":[{"data":"hermit:WideOpen","floor":8,"key":"SMITH"},{"data":"hermit:ShadowCloak","floor":10,"key":"SMITH"},{"data":"hermit:CursedWeapon","floor":12,"key":"SMITH"},{"floor":15,"key":"REST"}],"circlet_count":0,"master_deck":["hermit:Strike_Hermit","hermit:Strike_Hermit","hermit:Strike_Hermit","hermit:Defend_Hermit","hermit:Defend_Hermit","hermit:Defend_Hermit","hermit:Defend_Hermit","hermit:Snapshot","hermit:Covet","Guardian:TwinSlam","hermit:CursedWeapon+1","hermit:WideOpen+1","hermit:ShadowCloak+1","ReplayTheSpireMod:Splinters","hermit:BodyArmor+1","hermit:Quickdraw+1","hermit:Malice","hermit:Adapt","Parasite","Apotheosis","hermit:Misfire","hermit:WideOpen","Hallucinations","hermit:Glare+1","hermit:HeroicBravado"],"relics":["hermit:Momento","Membership Card","reliquary:Buckler","Question Card","reliquary:SharkskinSheath","Runic Pyramid","Ring of Fury","hubris:ScarierMask"],"acts_visited":["Exordium","TheCity"],"potions_floor_usage":[],"damage_taken":[{"damage":6,"enemies":"Cultist","floor":1,"turns":3},{"damage":9,"enemies":"Jaw Worm","floor":2,"turns":3},{"damage":14,"enemies":"Small Slimes","floor":6,"turns":4},{"damage":8,"enemies":"Looter","floor":7,"turns":2},{"damage":37,"enemies":"Lagavulin","floor":14,"turns":5},{"damage":59,"enemies":"Slime Boss","floor":16,"turns":12},{"damage":38,"enemies":"2 Thieves","floor":18,"turns":3},{"damage":6,"enemies":"Chosen","floor":20,"turns":4},{"damage":16,"enemies":"Snake Plant","floor":22,"turns":2},{"damage":17,"enemies":"Gremlin Leader","floor":23,"turns":2}],"seed_played":"8765601584996972111","potions_obtained":[{"floor":1,"key":"Weak Potion"},{"floor":2,"key":"SteroidPotion"},{"floor":4,"key":"sneckomod:MuddlingPotion"},{"floor":6,"key":"FairyPotion"},{"floor":16,"key":"EssenceOfSteel"}],"is_trial":false,"path_per_floor":["M","M","$","?","?","M","M","R","T","R","?","R","$","E","R","B",null,"M","?","M","AVR","M","E"],"character_chosen":"HERMIT","items_purchased":["Membership Card","hermit:ShadowCloak","Apotheosis","Question Card"],"campfire_rested":1,"item_purchase_floors":[3,3,13,13],"current_hp_per_floor":[69,60,60,60,60,46,38,38,38,38,56,56,56,19,41,17,75,37,37,31,31,15,0,0],"gold":321,"neow_bonus":"TWO_FIFTY_GOLD","is_daily":false,"chose_seed":false,"campfire_upgraded":3,"win_rate":0.0,"timestamp":1614162860,"path_taken":["M","?","$","?","?","M","M","R","T","R","?","R","$","E","R","BOSS","M","?","M","AVR","M","E"],"items_purchased_type":["Relic","Card","Card","Relic"],"build_version":"2020-12-22","purchased_purges":2,"victory":false,"max_hp_per_floor":[75,75,75,75,75,75,75,75,75,75,75,75,75,75,75,75,75,75,75,75,75,75,75,75],"card_choices":[{"not_picked":["hermit:GoldenBullet","hermit:Coalescence"],"picked":"hermit:CursedWeapon","floor":1},{"not_picked":["hermit:LowProfile","hermit:Scavenge"],"picked":"hermit:WideOpen","floor":2},{"not_picked":["hermit:TakeCover","hermit:LowProfile"],"picked":"hermit:BodyArmor","floor":4},{"not_picked":["hermit:LowProfile","hermit:ItchyTrigger"],"picked":"hermit:Quickdraw","floor":4},{"not_picked":["hermit:TakeAim","hermit:Enervate"],"picked":"hermit:Malice","floor":6},{"not_picked":["hermit:HighCaliber","hermit:LowProfile"],"picked":"hermit:Adapt","floor":7},{"not_picked":["hermit:CalledShot","hermit:Deadeye","hermit:TakeCover"],"picked":"hermit:Misfire","floor":14},{"not_picked":["hermit:Grudge","hermit:BigShot","hermit:ItchyTrigger"],"picked":"hermit:WideOpen","floor":18},{"not_picked":["hermit:TakeAim","hermit:Coalescence+1","hermit:Manifest"],"picked":"hermit:Glare+1","floor":20},{"not_picked":["hermit:Roulette","hermit:Desperado+1","hermit:BigShot+1"],"picked":"hermit:HeroicBravado","floor":22}],"player_experience":704041,"relics_obtained":[{"floor":9,"key":"reliquary:Buckler"},{"floor":14,"key":"reliquary:SharkskinSheath"},{"floor":19,"key":"Ring of Fury"}],"event_choices":[{"damage_healed":0,"gold_gain":71,"player_choice":"Gained Gold","damage_taken":0,"max_hp_gain":0,"max_hp_loss":0,"event_name":"Golden Wing","floor":5,"gold_loss":0},{"damage_healed":18,"gold_gain":0,"player_choice":"Healed and dodged fight","damage_taken":0,"max_hp_gain":0,"max_hp_loss":0,"event_name":"Mushrooms","floor":11,"gold_loss":0,"cards_obtained":["Parasite"]}],"is_beta":false,"boss_relics":[{"not_picked":["hermit:DentedPlate","Astrolabe"],"picked":"Runic Pyramid"}],"items_purged_floors":[3,3],"is_endless":false,"potions_floor_spawned":[1,2,6,16,18,20],"killed_by":"Gremlin Leader","ascension_level":4}}