{"host":"fybjbjipkr3lrybm","time":1614198396,"event":{"mods":["BaseMod","Colored Map","Colored Powertips","DeckTracker","Downfall","GungeonMod","Hermit","Hero for Fun","Highlight Path","Minty Spire (QoL Compilation)","Quick Restart","Relic Stats","StSLib","The Bladedancer","The Bug Knight","The Cursed","The Druid","The Forsaken","The Gatherer","The Hierophant","The Judge","The Necromancer","The Runesmith","The Servant 0.9.4"],"gold_per_floor":[116,116,134,134,148,179,179,211,234,261,281,298,311,265,265,360,360,378,397,496,515,528,528,330,364,364,382,282,282,282,81,81,185,185,201,216,235,235,247,247,282,299,354,354,374,374,374],"floor_reached":46,"language":"ENG","playtime":3708,"items_purged":["Runesmith:Defend_RS","Runesmith:Defend_RS","Runesmith:Defend_RS"],"score":494,"play_id":"e2908d32-26ab-4991-bc0b-550f7064a709","local_time":"20210224122636","is_ascension_mode":false,"campfire_choices":[{"floor":7.0,"key":"REST"},{"data":"Runesmith:CraftFirestone","floor":15.0,"key":"SMITH"},{"data":"Runesmith:Duplicate","floor":23,"key":"SMITH"},{"data":"Runesmith:HeatedChisel","floor":30,"key":"SMITH"},{"data":"Runesmith:CraftMagma","floor":32,"key":"SMITH"},{"floor":40,"key":"REST"},{"floor":44,"key":"REST"}],"circlet_count":0,"master_deck":["Runesmith:Strike_RS","Runesmith:Strike_RS","Runesmith:Strike_RS","Runesmith:Strike_RS","Runesmith:Defend_RS","Runesmith:CraftFirestone+1","Runesmith:Fortify","Runesmith:ChiselStab","Runesmith:HammerThrow+1","Runesmith:EarthShield","Runesmith:CraftVitae","Runesmith:HeatedChisel+1","Runesmith:ArcReactor","Runesmith:Reinforce","Runesmith:EarthShield","Runesmith:CraftProtectio","Runesmith:ArcReactor","Runesmith:EarthShield+1","Runesmith:Duplicate+1","Runesmith:ChiselStab","Runesmith:PoweredAnvil","Runesmith:CraftMagma+1","Runesmith:Repurpose+1","Runesmith:PoweredAnvil+1","Runesmith:FissionHammer","Runesmith:Refine+1","Runesmith:HeatExchange+1"],"relics":["Runesmith:BrokenRuby","theForsaken:Gavel","DemoMod:PinkGuonStone","Lantern","Bag of Preparation","MealTicket","PreservedInsect","Runesmith:UraniumAnvil","HollowMod:StagPassRelic","Bag of Marbles","Black Star","Boot","Runesmith:EmergencyProvisions","Blood Vial"],"acts_visited":["Exordium","TheCity","TheBeyond"],"potions_floor_usage":[],"damage_taken":[{"damage":10.0,"enemies":"Jaw Worm","floor":1.0,"turns":6.0},{"damage":0.0,"enemies":"Cultist","floor":3.0,"turns":4.0},{"damage":6.0,"enemies":"2 Louse","floor":5.0,"turns":3.0},{"damage":21.0,"enemies":"Lagavulin","floor":6.0,"turns":7.0},{"damage":3.0,"enemies":"Gremlin Nob","floor":8.0,"turns":4.0},{"damage":5.0,"enemies":"3 Sentries","floor":10.0,"turns":8.0},{"damage":12.0,"enemies":"Lots of Slimes","floor":11.0,"turns":5.0},{"damage":7.0,"enemies":"Exordium Thugs","floor":12.0,"turns":5.0},{"damage":0.0,"enemies":"Exordium Wildlife","floor":13.0,"turns":5.0},{"damage":9.0,"enemies":"The Guardian","floor":16.0,"turns":8.0},{"damage":0,"enemies":"3 Byrds","floor":18,"turns":6},{"damage":0,"enemies":"Spheric Guardian","floor":19,"turns":4},{"damage":6,"enemies":"Shelled Parasite and Fungi","floor":21,"turns":7},{"damage":0,"enemies":"Snecko","floor":22,"turns":6},{"damage":5,"enemies":"Book of Stabbing","floor":25,"turns":4},{"damage":0,"enemies":"Centurion and Healer","floor":27,"turns":10},{"damage":8,"enemies":"Automaton","floor":33,"turns":11},{"damage":23,"enemies":"3 Darklings","floor":35,"turns":7},{"damage":15,"enemies":"Orb Walker","floor":36,"turns":4},{"damage":19,"enemies":"3 Darklings","floor":37,"turns":5},{"damage":12,"enemies":"Transient","floor":39,"turns":5},{"damage":4,"enemies":"HollowMod:StalkingDevout","floor":41,"turns":6},{"damage":22,"enemies":"Writhing Mass","floor":42,"turns":5},{"damage":24,"enemies":"Sphere and 2 Shapes","floor":45,"turns":7},{"damage":18,"enemies":"Jaw Worm Horde","floor":46,"turns":2}],"seed_played":"-5950644203720324091","potions_obtained":[{"floor":3.0,"key":"LiquidMemories"},{"floor":6.0,"key":"Dexterity Potion"},{"floor":8.0,"key":"AttackPotion"}],"is_trial":false,"path_per_floor":["M","?","M","?","M","E","R","E","T","E","M","M","M","$","R","B",null,"M","M","?","M","M","R","$","E","T","M","$","?","R","$","R","B",null,"M","M","M","?","M","R","E","M","T","R","M","M"],"character_chosen":"RUNESMITH_CLASS","items_purchased":["Runesmith:CraftProtectio","Runesmith:PoweredAnvil","Runesmith:CraftMagma","Runesmith:PoweredAnvil"],"campfire_rested":3,"item_purchase_floors":[14,24,24,31],"current_hp_per_floor":[60,67,67,67,61,40,63,60,60,55,43,36,36,51,51,42,77,77,77,77,71,71,71,77,72,72,72,77,63,63,78,78,70,82,59,44,25,25,13,37,33,11,11,35,13,0,0],"gold":374,"neow_bonus":"RANDOM_COMMON_RELIC","is_daily":false,"chose_seed":false,"campfire_upgraded":4,"win_rate":0.0,"timestamp":1614198396,"path_taken":["M","?","?","?","M","E","R","E","T","E","M","?","M","$","R","BOSS","M","M","?","M","M","R","?","E","T","M","?","?","R","$","R","BOSS","M","M","M","?","?","R","E","M","T","R","M","M"],"items_purchased_type":["Card","Card","Card","Card"],"build_version":"2020-12-22","purchased_purges":3,"victory":false,"max_hp_per_floor":[70,77,77,77,77,77,77,77,77,77,77,77,77,77,77,77,77,77,77,77,77,77,77,77,77,77,77,77,82,82,82,82,82,82,82,82,82,82,82,82,82,82,82,82,82,82,82],"relic_stats":{"Blood Vial":4,"counters":[25,144],"MealTicket":41,"PreservedInsect":97,"Bag of Preparation":[40],"Black Star":1,"Boot":[9],"obtain_stats":[{"Runesmith:BrokenRuby":0,"Lantern":6,"DemoMod:PinkGuonStone":2,"DemoMod:GlassGuonStoneRelic":5,"PreservedInsect":10,"Bag of Preparation":8,"Runesmith:EmergencyProvisions":41,"theForsaken:Gavel":0,"HollowMod:StagPassRelic":25,"Boot":41,"Blood Vial":43,"Runesmith:UraniumAnvil":17,"MealTicket":9,"Bag of Marbles":26,"Black Star":34},{"Runesmith:BrokenRuby":0,"Lantern":4,"DemoMod:PinkGuonStone":1,"DemoMod:GlassGuonStoneRelic":3,"PreservedInsect":6,"Bag of Preparation":5,"Runesmith:EmergencyProvisions":22,"theForsaken:Gavel":0,"HollowMod:StagPassRelic":15,"Boot":22,"Blood Vial":23,"Runesmith:UraniumAnvil":10,"MealTicket":5,"Bag of Marbles":15,"Black Star":17},{"Runesmith:BrokenRuby":0,"Lantern":20,"DemoMod:PinkGuonStone":6,"DemoMod:GlassGuonStoneRelic":13,"PreservedInsect":32,"Bag of Preparation":24,"Runesmith:EmergencyProvisions":130,"theForsaken:Gavel":0,"HollowMod:StagPassRelic":82,"Boot":130,"Blood Vial":135,"Runesmith:UraniumAnvil":55,"MealTicket":24,"Bag of Marbles":82,"Black Star":103}]},"card_choices":[{"not_picked":["Runesmith:StaticCage","Runesmith:BackupBattery"],"picked":"Runesmith:ChiselStab","floor":1.0},{"not_picked":["Runesmith:Supernova","Runesmith:Overpower"],"picked":"Runesmith:HammerThrow","floor":3.0},{"not_picked":["Runesmith:Refine","Runesmith:ChiselStab"],"picked":"Runesmith:EarthShield","floor":5.0},{"not_picked":["Runesmith:HammerThrow","Runesmith:UnstableHammer"],"picked":"Runesmith:CraftVitae","floor":6.0},{"not_picked":["Runesmith:Repurpose","Runesmith:HammerTime"],"picked":"Runesmith:HeatedChisel","floor":8.0},{"not_picked":["Runesmith:CraftReservo","Runesmith:HeatedChisel"],"picked":"Runesmith:ArcReactor","floor":10.0},{"not_picked":["Runesmith:BackupBattery","Runesmith:RuneHurl"],"picked":"Runesmith:Reinforce","floor":11.0},{"not_picked":["Runesmith:StaticCage","Runesmith:GrandSlam"],"picked":"Runesmith:EarthShield","floor":12.0},{"not_picked":["Runesmith:BackupBattery","Runesmith:UnstableHammer","Runesmith:CraftReservo"],"picked":"SKIP","floor":13.0},{"not_picked":["Runesmith:Duplicate","Runesmith:CraftPrismatica"],"picked":"Runesmith:ArcReactor","floor":16.0},{"not_picked":["Runesmith:BackupBattery+1","Runesmith:Discharge+1"],"picked":"Runesmith:EarthShield+1","floor":18},{"not_picked":["Runesmith:NanitesCloud+1","Runesmith:BackupBattery+1","Runesmith:CraftSpiculum"],"picked":"SKIP","floor":19},{"not_picked":["Runesmith:Superposition","Runesmith:FrozenChisel+1"],"picked":"Runesmith:Duplicate","floor":21},{"not_picked":["Runesmith:EarthShield","Runesmith:BackupBattery"],"picked":"Runesmith:ChiselStab","floor":22},{"not_picked":["Runesmith:CraftSpiculum","Runesmith:Retool+1"],"picked":"Runesmith:Repurpose+1","floor":25},{"not_picked":["Runesmith:HeatedChisel","Runesmith:ElementalConversion","Runesmith:EarthShield"],"picked":"SKIP","floor":27},{"not_picked":["Runesmith:LightningRod","Runesmith:Supernova"],"picked":"Runesmith:FissionHammer","floor":33},{"not_picked":["Runesmith:ElementalConversion+1","Runesmith:CraftVitae+1","Runesmith:NegativeSpace"],"picked":"SKIP","floor":35},{"not_picked":["Runesmith:HammerAndChisel","Runesmith:Malloc","Runesmith:FrozenChisel"],"picked":"SKIP","floor":36},{"not_picked":["Runesmith:ChiselStab","Runesmith:Prism"],"picked":"Runesmith:Refine+1","floor":37},{"not_picked":["Runesmith:ShiftingStrike+1","Runesmith:HammerThrow+1","Runesmith:Augment+1"],"picked":"SKIP","floor":39},{"not_picked":["Runesmith:CraftMedicinae","Runesmith:HammerThrow+1"],"picked":"Runesmith:HeatExchange+1","floor":41},{"not_picked":["Runesmith:CraftVitae+1","Runesmith:HeatExchange","Runesmith:Firewall+1"],"picked":"SKIP","floor":42},{"not_picked":["Runesmith:EnergizedChisel+1","Runesmith:EarthShield+1","Runesmith:CraftProtectio+1"],"picked":"SKIP","floor":45}],"player_experience":34760,"relics_obtained":[{"floor":2.0,"key":"DemoMod:PinkGuonStone"},{"floor":6.0,"key":"Lantern"},{"floor":8.0,"key":"Bag of Preparation"},{"floor":9.0,"key":"MealTicket"},{"floor":10.0,"key":"PreservedInsect"},{"floor":25,"key":"HollowMod:StagPassRelic"},{"floor":26,"key":"Bag of Marbles"},{"floor":41,"key":"Boot"},{"floor":41,"key":"Runesmith:EmergencyProvisions"},{"floor":43,"key":"Blood Vial"}],"event_choices":[{"damage_healed":0.0,"max_hp_gain":0.0,"max_hp_loss":0.0,"gold_gain":0.0,"event_name":"Wheel of Change","player_choice":"Relic","floor":2.0,"gold_loss":0.0,"damage_taken":0.0},{"damage_healed":0.0,"max_hp_gain":0.0,"max_hp_loss":0.0,"gold_gain":0.0,"event_name":"Accursed Blacksmith","player_choice":"Forge","floor":4.0,"gold_loss":0.0,"damage_taken":0.0,"cards_upgraded":["Runesmith:HammerThrow"]},{"damage_healed":0,"gold_gain":99,"player_choice":"Stole From Cult","damage_taken":0,"max_hp_gain":0,"max_hp_loss":0,"event_name":"Nest","floor":20,"gold_loss":0},{"damage_healed":0,"gold_gain":0,"player_choice":"Shed Blood","damage_taken":19,"max_hp_gain":5,"max_hp_loss":0,"event_name":"Forgotten Altar","floor":29,"gold_loss":0},{"damage_healed":0,"gold_gain":0,"player_choice":"Bought 0 Potions","damage_taken":0,"max_hp_gain":0,"max_hp_loss":0,"event_name":"The Woman in Blue","floor":38,"gold_loss":0}],"is_beta":false,"boss_relics":[{"not_picked":["Busted Crown","Fusion Hammer"],"picked":"Runesmith:UraniumAnvil"},{"not_picked":["Tiny House","Astrolabe"],"picked":"Black Star"}],"items_purged_floors":[24,28,31],"is_endless":false,"potions_floor_spawned":[3,6,8,12,13,19,22,25,37],"killed_by":"Jaw Worm Horde","ascension_level":0}}