{"host":"6h5hvjqjki11ieai","time":1614140872,"event":{"mods":["BaseMod","Bestiary","Minty Spire (QoL Compilation)","Relic Stats","Slay the Relics Exporter"],"gold_per_floor":[368,384,42,56,74,74,74,107,132,144,171,171,202,212,212,283,283,301,318,337,337,350,350,384,384,384],"floor_reached":25,"language":"ENG","playtime":1557,"items_purged":["Doubt"],"score":485,"play_id":"535a547f-a2f2-4575-bba7-263e06d62e33","local_time":"20210223232752","is_ascension_mode":true,"campfire_choices":[{"floor":6.0,"key":"REST"},{"data":"Eruption","floor":12.0,"key":"SMITH"},{"data":"Masterful Stab","floor":15.0,"key":"SMITH"},{"floor":23.0,"key":"REST"}],"circlet_count":0,"master_deck":["AscendersBane","Strike_P","Strike_P","Defend_P","Defend_P","Defend_P","Defend_P","Eruption+1","Vigilance","CutThroughFate","CrushJoints","Adaptation","Anger","Cleave","Dodge and Roll","Masterful Stab+1","EmptyBody","Twin Strike","Impatience","A Thousand Cuts","JustLucky","PiercingWail+1","Headbutt","Pain","Vengeance+1","Conserve Battery"],"relics":["PureWater","PrismaticShard","Bronze Scales","PreservedInsect","Odd Mushroom","Potion Belt","Empty Cage","WarpedTongs","Art of War"],"acts_visited":["Exordium","TheCity"],"potions_floor_usage":[25],"damage_taken":[{"damage":2.0,"enemies":"Cultist","floor":1.0,"turns":4.0},{"damage":5.0,"enemies":"Jaw Worm","floor":2.0,"turns":5.0},{"damage":9.0,"enemies":"2 Louse","floor":4.0,"turns":3.0},{"damage":10.0,"enemies":"Red Slaver","floor":5.0,"turns":3.0},{"damage":0.0,"enemies":"Gremlin Nob","floor":8.0,"turns":2.0},{"damage":0.0,"enemies":"Lots of Slimes","floor":10.0,"turns":1.0},{"damage":11.0,"enemies":"The Mushroom Lair","floor":11.0,"turns":4.0},{"damage":0.0,"enemies":"Lagavulin","floor":13.0,"turns":3.0},{"damage":0.0,"enemies":"2 Fungi Beasts","floor":14.0,"turns":3.0},{"damage":4.0,"enemies":"Hexaghost","floor":16.0,"turns":8.0},{"damage":28.0,"enemies":"Chosen","floor":18.0,"turns":5.0},{"damage":6.0,"enemies":"3 Byrds","floor":19.0,"turns":3.0},{"damage":15.0,"enemies":"Snake Plant","floor":20.0,"turns":4.0},{"damage":6.0,"enemies":"Snecko","floor":22.0,"turns":5.0},{"damage":22.0,"enemies":"Book of Stabbing","floor":24.0,"turns":4.0},{"damage":4,"enemies":"Shelled Parasite and Fungi","floor":25,"turns":1}],"seed_played":"-7675032811233862238","potions_obtained":[{"floor":5.0,"key":"Ancient Potion"},{"floor":10.0,"key":"Swift Potion"},{"floor":11.0,"key":"PowerPotion"},{"floor":13.0,"key":"Swift Potion"},{"floor":16.0,"key":"EntropicBrew"},{"floor":18.0,"key":"PowerPotion"},{"floor":24.0,"key":"EssenceOfSteel"}],"is_trial":false,"path_per_floor":["M","M","$","M","M","R","$","E","T","M","?","R","E","M","R","B",null,"M","M","M","?","M","R","E","M"],"character_chosen":"WATCHER","items_purchased":["PrismaticShard","SkillPotion","Adaptation"],"campfire_rested":2,"item_purchase_floors":[3,3,3],"current_hp_per_floor":[59,54,54,45,35,55,55,55,55,55,44,44,44,44,44,40,61,33,27,12,12,6,26,4,0,0],"gold":384,"neow_bonus":"TWO_FIFTY_GOLD","is_daily":false,"chose_seed":false,"campfire_upgraded":2,"win_rate":0.0,"timestamp":1614140872,"path_taken":["M","M","$","?","M","R","$","E","T","M","?","R","E","M","R","BOSS","M","M","M","?","M","R","E","?"],"items_purchased_type":["Relic","Potion","Card"],"build_version":"2020-12-22","purchased_purges":1,"victory":false,"max_hp_per_floor":[68,68,68,68,68,68,68,68,68,68,68,68,68,68,68,68,68,68,68,68,68,68,68,68,68,68],"relic_stats":{"counters":[16,58],"Bronze Scales":[171],"PreservedInsect":71,"Art of War":[0],"obtain_stats":[{"Potion Belt":13,"Bronze Scales":8,"PreservedInsect":9,"Art of War":24,"PureWater":0,"Odd Mushroom":11,"PrismaticShard":3,"Empty Cage":17,"WarpedTongs":21},{"Potion Belt":8,"Bronze Scales":5,"PreservedInsect":5,"Art of War":15,"PureWater":0,"Odd Mushroom":7,"PrismaticShard":2,"Empty Cage":10,"WarpedTongs":13},{"Potion Belt":25,"Bronze Scales":17,"PreservedInsect":17,"Art of War":57,"PureWater":0,"Odd Mushroom":22,"PrismaticShard":9,"Empty Cage":36,"WarpedTongs":48}],"WarpedTongs":[10]},"card_choices":[{"not_picked":["WreathOfFlame","Nirvana"],"picked":"CutThroughFate","floor":1.0},{"not_picked":["Protect","Prostrate"],"picked":"CrushJoints","floor":2.0},{"not_picked":["Compile Driver","Prostrate"],"picked":"Anger","floor":4.0},{"not_picked":["Protect","Reflex"],"picked":"Cleave","floor":5.0},{"not_picked":["Halt","Protect"],"picked":"Dodge and Roll","floor":8.0},{"not_picked":["Finesse","Iron Wave"],"picked":"Masterful Stab","floor":10.0},{"not_picked":["Bane","Clothesline"],"picked":"EmptyBody","floor":11.0},{"not_picked":["Underhanded Strike","Sweeping Beam"],"picked":"Twin Strike","floor":13.0},{"not_picked":["Combust","Dodge and Roll"],"picked":"Impatience","floor":14.0},{"not_picked":["Ragnarok","Mayhem"],"picked":"A Thousand Cuts","floor":16.0},{"not_picked":["Stack","Redo"],"picked":"JustLucky","floor":18.0},{"not_picked":["Collect","Wild Strike"],"picked":"PiercingWail+1","floor":19.0},{"not_picked":["All Out Attack","Defragment"],"picked":"Headbutt","floor":20.0},{"not_picked":["Redo","Carnage"],"picked":"Vengeance+1","floor":22.0},{"not_picked":["Inflame","Flying Knee"],"picked":"Conserve Battery","floor":24.0}],"player_experience":232923,"relics_obtained":[{"floor":8.0,"key":"Bronze Scales"},{"floor":9.0,"key":"PreservedInsect"},{"floor":11.0,"key":"Odd Mushroom"},{"floor":13.0,"key":"Potion Belt"},{"floor":24.0,"key":"Art of War"}],"event_choices":[{"damage_healed":0.0,"max_hp_gain":0.0,"max_hp_loss":0.0,"gold_gain":0.0,"event_name":"Mushrooms","player_choice":"Fought Mushrooms","floor":11.0,"gold_loss":0.0,"damage_taken":0.0},{"damage_healed":0.0,"max_hp_gain":0.0,"max_hp_loss":0.0,"gold_gain":0.0,"event_name":"Accursed Blacksmith","player_choice":"Rummage","floor":21.0,"gold_loss":0.0,"damage_taken":0.0,"relics_obtained":["WarpedTongs"],"cards_obtained":["Pain"]}],"is_beta":false,"boss_relics":[{"not_picked":["Runic Dome","Snecko Eye"],"picked":"Empty Cage"}],"items_purged_floors":[3],"is_endless":false,"potions_floor_spawned":[5,10,11,13,16,18,24],"killed_by":"Shelled Parasite and Fungi","ascension_level":14}}