{"host":"clf2hd4adhiiw0zf","time":1614125966,"event":{"mods":["AchievementEnabler","BaseMod","Beaked The Cultist","Bestiary","Dark Map","Downfall","Gremlin Mod","Hermit","Jorbs\u0027s Wanderer Trilogy","Marisa????????","Minty Spire (QoL Compilation)","Quick Restart","Replay The Spire","Shop Mod","Spire Arcade","StSLib","The Construct","The Cursed","Wide Potions"],"gold_per_floor":[99,109,129,191,207,207,230,260,270,270,270,280,17,36,53,53,53,53],"floor_reached":16,"language":"ENG","playtime":614,"items_purged":["Spreading Infection"],"score":138,"play_id":"793921b4-e71f-43ae-82f9-0d22a750f6dc","local_time":"20210223171926","is_ascension_mode":true,"campfire_choices":[{"floor":1.0,"key":"RECALL"}],"circlet_count":0,"master_deck":["Guardian:Strike_Guardian","Guardian:Strike_Guardian","Guardian:Strike_Guardian","Guardian:Strike_Guardian","Guardian:Defend_Guardian","Guardian:Defend_Guardian","Guardian:Defend_Guardian","Guardian:Defend_Guardian","Guardian:CurlUp","Guardian:TwinSlam","Guardian:CrystalBeam","Guardian:Gem_Green","ReplayTheSpireMod:Splinters","Guardian:FloatingOrbs","Guardian:PrismaticBeam","Guardian:Gem_Orange","Guardian:Gem_Blue","Parasite","Guardian:CrystalBeam","Guardian:Gem_Red","Delirium","Guardian:ExploitGems","expansioncontent:QuickStudy","Guardian:Gem_Red","Guardian:PolyBeam"],"relics":["Snecko Eye","Replay:Rubber Ducky","Boot","Happy Flower","Ring of Searing","ReplayTheSpireMod:Ring of Collecting","ReplayTheSpireMod:CursedCoin"],"acts_visited":["Exordium"],"potions_floor_usage":[],"damage_taken":[{"damage":18.0,"enemies":"Jaw Worm","floor":2.0,"turns":4.0},{"damage":20.0,"enemies":"Small Slimes","floor":3.0,"turns":5.0},{"damage":1.0,"enemies":"Cultist","floor":5.0,"turns":4.0},{"damage":0.0,"enemies":"2 Fungi Beasts","floor":6.0,"turns":1.0},{"damage":19.0,"enemies":"3 Sentries","floor":8.0,"turns":6.0},{"damage":5.0,"enemies":"Blue Slaver","floor":9.0,"turns":3.0},{"damage":13.0,"enemies":"Red Slaver","floor":12.0,"turns":4.0},{"damage":0.0,"enemies":"downfall:FleeingMerchant","floor":13.0,"turns":4.0},{"damage":12.0,"enemies":"downfall:LooterAlt","floor":14.0,"turns":3.0},{"damage":0.0,"enemies":"Blue Slaver","floor":15.0,"turns":1.0},{"damage":0,"enemies":"WA_ARCHETYPE_RETAIN","floor":16,"turns":1}],"seed_played":"-7623358950215457676","potions_obtained":[{"floor":3.0,"key":"Strength Potion"},{"floor":4.0,"key":"SmokeBomb"},{"floor":4.0,"key":"Elixir"},{"floor":9.0,"key":"FearPotion"},{"floor":12.0,"key":"Guardian:DefensiveModePotion"}],"is_trial":false,"path_per_floor":["R","M","M","?","M","M","T","E","M","?","?","M","$","M","M","B"],"character_chosen":"GUARDIAN","items_purchased":["ReplayTheSpireMod:CursedCoin","Guardian:ExploitGems","expansioncontent:QuickStudy"],"campfire_rested":0,"item_purchase_floors":[13,13,13],"current_hp_per_floor":[72,54,34,34,33,33,33,14,9,29,29,16,16,4,4,4,4,4],"gold":53,"neow_bonus":"BOSS_RELIC","is_daily":false,"chose_seed":false,"campfire_upgraded":0,"win_rate":0.0,"timestamp":1614125966,"path_taken":["R","M","M","?","M","M","T","E","?","?","?","M","$","M","M","BOSS"],"items_purchased_type":["Relic","Card","Card"],"build_version":"2020-12-22","purchased_purges":1,"victory":false,"max_hp_per_floor":[80,80,80,80,80,80,80,80,80,80,80,80,80,80,80,80,80,80],"card_choices":[{"not_picked":["Guardian:Gem_Lightblue","Guardian:Recover"],"picked":"Guardian:CrystalBeam","floor":2.0},{"not_picked":["Guardian:Planning","Guardian:Repulse"],"picked":"Guardian:Gem_Green","floor":3.0},{"not_picked":["Guardian:ShieldCharger","Guardian:WalkerClaw"],"picked":"Guardian:FloatingOrbs","floor":4.0},{"not_picked":["Guardian:Gem_Blue","Guardian:FloatingOrbs"],"picked":"Guardian:PrismaticBeam","floor":5.0},{"not_picked":["Guardian:TimeCapacitor","Guardian:Gem_Blue"],"picked":"Guardian:Gem_Orange","floor":8.0},{"not_picked":["Guardian:EvasiveProtocol","Guardian:CrystalBeam"],"picked":"Guardian:Gem_Blue","floor":9.0},{"not_picked":["Guardian:ArmoredProtocol","Guardian:Gem_Green"],"picked":"Guardian:CrystalBeam","floor":12.0},{"not_picked":["Guardian:Reroute","Guardian:Gem_Green"],"picked":"Guardian:Gem_Red","floor":13.0},{"not_picked":["Guardian:RevengeProtocol","Guardian:ChargeCore"],"picked":"Guardian:Gem_Red","floor":14.0},{"not_picked":["Guardian:Recover","Guardian:Reroute"],"picked":"Guardian:PolyBeam","floor":15.0}],"player_experience":375077,"relics_obtained":[{"floor":4.0,"key":"Replay:Rubber Ducky"},{"floor":7.0,"key":"Boot"},{"floor":8.0,"key":"Happy Flower"},{"floor":11.0,"key":"Ring of Searing"},{"floor":11.0,"key":"ReplayTheSpireMod:Ring of Collecting"}],"event_choices":[{"damage_healed":20.0,"max_hp_gain":0.0,"max_hp_loss":0.0,"gold_gain":0.0,"event_name":"Mushrooms","player_choice":"Healed and dodged fight","floor":10.0,"gold_loss":0.0,"damage_taken":0.0,"cards_obtained":["Parasite"]}],"is_beta":false,"boss_relics":[],"items_purged_floors":[13],"is_endless":false,"potions_floor_spawned":[3,9,12],"killed_by":"WA_ARCHETYPE_RETAIN","ascension_level":6}}