{"host":"bvp2uifzy1c463d9","time":1614132304,"event":{"mods":["AchievementEnabler","BaseMod","Better Note","Block Reminder","Bossed Relics","Colored Map","Colored Powertips","Highlight Path","Hubris","Infinite Spire","Minty Spire (QoL Compilation)","Relic Sorter","Relic Stats","Reliquary","Replay The Spire","StSLib","The Blue Laboratory","Wandering Minibosses"],"gold_per_floor":[119,136,65,65,79,105,118,143,223,237,237,248,248,66,66,161,161,199,210,101,16,56,56,112,112,112,112,112],"floor_reached":27,"language":"ENG","playtime":1375,"items_purged":["Strike_P"],"score":279,"play_id":"0533f4db-a4dc-46cf-9c95-a8cbc95248b6","local_time":"20210223200504","is_ascension_mode":true,"campfire_choices":[{"data":"Wallop","floor":11,"key":"SMITH"},{"floor":13,"key":"REST"},{"data":"EmptyBody","floor":15,"key":"SMITH"},{"data":"HandOfGreed","floor":23,"key":"SMITH"},{"floor":25,"key":"REST"}],"circlet_count":0,"master_deck":["Strike_P","Strike_P","Strike_P","Defend_P","Defend_P","Defend_P","Defend_P","Eruption+1","Vigilance","Crescendo","BowlingBash+1","MentalFortress","Adaptation","Wallop+1","EmptyFist","Tantrum","ClearTheMind","EmptyBody+1","HandOfGreed+1","Ragnarok","AbeCurse","Meditate+1","ThirdEye+1","SandsOfTime","CutThroughFate","CommonCold"],"relics":["PureWater","infinitespire:Eraser","Juzu Bracelet","hubris:BottledRain","Replay:Grab Bag","Abe\u0027s Treasure","Cursed Key","hubris:Backtick","hubris:64BitClover","Replay:Rubber Ducky","hubris:Reverence","Replay:Ringing Soul"],"acts_visited":["Exordium","TheCity"],"potions_floor_usage":[19,24],"damage_taken":[{"damage":5.0,"enemies":"2 Louse","floor":1.0,"turns":3.0},{"damage":7.0,"enemies":"Cultist","floor":2.0,"turns":3.0},{"damage":0.0,"enemies":"Jaw Worm","floor":5.0,"turns":3.0},{"damage":24.0,"enemies":"Lagavulin","floor":6.0,"turns":9.0},{"damage":0,"enemies":"2 Fungi Beasts","floor":7,"turns":2},{"damage":23,"enemies":"Gremlin Nob","floor":8,"turns":5},{"damage":3,"enemies":"Looter","floor":10,"turns":3},{"damage":5,"enemies":"3 Louse","floor":12,"turns":3},{"damage":20,"enemies":"The Guardian","floor":16,"turns":10},{"damage":14,"enemies":"Shell Parasite","floor":18,"turns":3},{"damage":16,"enemies":"2 Thieves","floor":19,"turns":5},{"damage":0,"enemies":"Centurion and Healer","floor":22,"turns":3},{"damage":30,"enemies":"Gremlin Leader","floor":24,"turns":6},{"damage":36,"enemies":"Replay:Snechameleon","floor":27,"turns":1}],"seed_played":"-5500180485557717101","potions_obtained":[{"floor":1.0,"key":"blueLaboratory:StoneskinPotion"},{"floor":5.0,"key":"blueLaboratory:TrueEctoplasm"},{"floor":7,"key":"BlessingOfTheForge"},{"floor":19,"key":"Flashbang"},{"floor":22,"key":"SteroidPotion"}],"is_trial":false,"path_per_floor":["M","M","$","?","M","E","M","E","T","M","R","M","R","$","R","B",null,"M","M","$","?","M","R","E","R","T","E"],"character_chosen":"WATCHER","items_purchased":["MentalFortress","HandOfGreed","SandsOfTime"],"campfire_rested":2,"item_purchase_floors":[3,14,20],"current_hp_per_floor":[67,60,60,60,60,36,36,13,13,10,10,5,26,26,26,6,72,58,42,42,42,42,42,12,33,33,0,0],"gold":112,"neow_bonus":"UPGRADE_CARD","is_daily":false,"chose_seed":false,"campfire_upgraded":3,"win_rate":0.0,"timestamp":1614132304,"path_taken":["M","M","$","?","M","E","M","E","T","M","R","M","R","$","R","BOSS","M","M","$","?","M","R","E","R","T","E"],"items_purchased_type":["Card","Card","Card"],"build_version":"2020-12-22","purchased_purges":1,"victory":false,"max_hp_per_floor":[72,72,72,72,72,72,72,72,72,72,72,72,72,72,72,72,72,72,72,72,72,72,72,72,72,72,72,72],"relic_stats":{"counters":[14,59],"Juzu Bracelet":0,"Cursed Key":1,"obtain_stats":[{"Replay:Ringing Soul":26,"hubris:Backtick":17,"hubris:64BitClover":17,"Replay:Grab Bag":17,"Juzu Bracelet":8,"PureWater":0,"infinitespire:Eraser":6,"Cursed Key":17,"Abe\u0027s Treasure":17,"hubris:BottledRain":9,"Replay:Rubber Ducky":21,"hubris:Reverence":24},{"Replay:Ringing Soul":13,"hubris:Backtick":9,"hubris:64BitClover":9,"Replay:Grab Bag":9,"Juzu Bracelet":6,"PureWater":0,"infinitespire:Eraser":4,"Cursed Key":9,"Abe\u0027s Treasure":9,"hubris:BottledRain":6,"Replay:Rubber Ducky":11,"hubris:Reverence":13},{"Replay:Ringing Soul":58,"hubris:Backtick":41,"hubris:64BitClover":41,"Replay:Grab Bag":41,"Juzu Bracelet":25,"PureWater":0,"infinitespire:Eraser":18,"Cursed Key":41,"Abe\u0027s Treasure":41,"hubris:BottledRain":25,"Replay:Rubber Ducky":49,"hubris:Reverence":58}]},"card_choices":[{"not_picked":["ForeignInfluence","SashWhip"],"picked":"Crescendo","floor":1.0},{"not_picked":["Worship","SignatureMove"],"picked":"BowlingBash","floor":2.0},{"not_picked":["CrushJoints","EmptyBody"],"picked":"Adaptation","floor":5.0},{"not_picked":["Protect","EmptyFist"],"picked":"Wallop","floor":6},{"not_picked":["ThirdEye","Replay:BluntJabs"],"picked":"EmptyFist","floor":7},{"not_picked":["Brilliance","FollowUp"],"picked":"Tantrum","floor":8},{"not_picked":["Evaluate","Conclude"],"picked":"ClearTheMind","floor":10},{"not_picked":["Collect","SignatureMove"],"picked":"EmptyBody","floor":12},{"not_picked":["Vault","Omniscience"],"picked":"Ragnarok","floor":16},{"not_picked":["Tantrum","Perseverance"],"picked":"Meditate+1","floor":18},{"not_picked":["Replay:ManipulateFuture+1","Fasting2"],"picked":"ThirdEye+1","floor":19},{"not_picked":["PathToVictory","ClearTheMind","SashWhip"],"picked":"SKIP","floor":22},{"not_picked":["JustLucky","Weave"],"picked":"CutThroughFate","floor":24}],"player_experience":272082,"relics_obtained":[{"floor":6,"key":"infinitespire:Eraser"},{"floor":8,"key":"Juzu Bracelet"},{"floor":9,"key":"hubris:BottledRain"},{"floor":24,"key":"hubris:Reverence"},{"floor":26,"key":"Replay:Ringing Soul"}],"event_choices":[{"damage_healed":0,"gold_gain":0,"player_choice":"Obtained Relic","damage_taken":0,"relics_obtained":["Replay:Rubber Ducky"],"max_hp_gain":0,"max_hp_loss":0,"event_name":"Addict","floor":21,"gold_loss":85}],"is_beta":false,"boss_relics":[{"not_picked":["SlaversCollar","Replay:Ancient Bell"],"picked":"Replay:Grab Bag"},{"not_picked":["reliquary:Ember","Replay:Wanted Poster"],"picked":"Abe\u0027s Treasure"},{"not_picked":["ChewingGum","Replay:Bronze Core"],"picked":"Cursed Key"},{"not_picked":["HolyWater","Empty Cage"],"picked":"hubris:Backtick"}],"items_purged_floors":[20],"is_endless":false,"potions_floor_spawned":[1,5,7,10,18,19,22],"killed_by":"Replay:Snechameleon","ascension_level":3}}