{"host":"yp2ga117svxnbcen","time":1614159318,"event":{"mods":["Act Like it!","Aspiration","BaseMod","BetterRewards","ChefMod","Colored Map","Conspire","Custom Start","Downfall","Elementarium","Gensokyo","GifTheSpireLib","Gold Saver","GungeonMod","Halation","Hallownest","Hermit","HornydragonMod","Hubris","Menagerie","Minty Spire (QoL Compilation)","Quick Restart","Remove Card Discount Mod","Replay The Spire","Shop Mod","Spicy Shops","StSLib","Stuff the Spire","The Blue Laboratory","The IronCluck","egg","slay the spire mod where everything is the same but ironclad has a cowboy hat","??????REMEMod"],"gold_per_floor":[114,130,148,1,17,45,64,76,76,76,101,101,121,131,208,208,208],"floor_reached":16,"language":"ENG","playtime":293,"items_purged":[],"score":239,"play_id":"8bcaf86f-e485-45c9-a641-a51db0046cdb","local_time":"20210224013518","is_ascension_mode":true,"campfire_choices":[{"data":"Zap","floor":10,"key":"SMITH"}],"circlet_count":0,"master_deck":["Strike_B","Strike_B","Strike_B","Strike_B","Defend_B","Defend_B","Defend_B","Defend_B","Zap+1","Dualcast","Electrodynamics+1","Ball Lightning","Barrage","Electrodynamics+1","Tempest","Amplify+1","StuffTheSpire:LoadUp","StuffTheSpire:Plugnplay","ReplayTheSpireMod:GoodbyeWorld"],"relics":["Cracked Core","REME_ComplimentaryCards","Golden Egg","Bronze Scales","DollysMirror","Ice Cream","halation:VictoryRuler","Replay:Baseball"],"acts_visited":["Exordium"],"potions_floor_usage":[6,11,16,16],"damage_taken":[{"damage":2,"enemies":"conspire:RoseBush","floor":1,"turns":3},{"damage":0,"enemies":"Cultist","floor":2,"turns":3},{"damage":3,"enemies":"Small Slimes","floor":3,"turns":2},{"damage":0,"enemies":"3 Louse","floor":5,"turns":1},{"damage":0,"enemies":"3 Sentries","floor":6,"turns":2},{"damage":19,"enemies":"Blue Slaver","floor":7,"turns":3},{"damage":0,"enemies":"2 Fungi Beasts","floor":8,"turns":2},{"damage":34,"enemies":"Lagavulin","floor":11,"turns":3},{"damage":0,"enemies":"3 Louse","floor":13,"turns":1},{"damage":14,"enemies":"conspire:2 RoseBushes","floor":14,"turns":2},{"damage":11,"enemies":"The Guardian","floor":16,"turns":3}],"seed_played":"-2498721486315704355","potions_obtained":[{"floor":2,"key":"blueLaboratory:BottleOfRum"},{"floor":3,"key":"DistilledChaos"},{"floor":5,"key":"blueLaboratory:NullPotion"},{"floor":7,"key":"blueLaboratory:LouseDecoction"},{"floor":13,"key":"Languid Potion"}],"is_trial":false,"path_per_floor":["M","M","M","$","M","E","M","M","T","R","E","?","M","M","R_BF","B"],"character_chosen":"DEFECT","items_purchased":["Golden Egg","Bronze Scales","DollysMirror"],"campfire_rested":0,"item_purchase_floors":[0,0,4],"current_hp_per_floor":[73,73,70,70,70,70,51,51,51,51,17,25,25,11,11,0,0],"gold":208,"neow_bonus":"","is_daily":false,"chose_seed":false,"campfire_upgraded":1,"win_rate":0.0,"timestamp":1614159318,"path_taken":["M","M","M","$","M","E","M","M","T","R","E","?","?","?","R_BF","BOSS"],"items_purchased_type":["Relic","Relic","Relic"],"build_version":"2020-12-22","purchased_purges":0,"victory":false,"max_hp_per_floor":[75,75,75,75,75,75,75,75,75,75,75,75,75,75,75,75,75],"card_choices":[{"not_picked":["Beam Cell","Go for the Eyes"],"picked":"Ball Lightning","floor":1},{"not_picked":["Darkness","Scrape"],"picked":"Barrage","floor":2},{"not_picked":["BasicCrystalCard","Leap","REME_Compress"],"picked":"SKIP","floor":3},{"not_picked":["Sweeping Beam","Darkness"],"picked":"Tempest","floor":5},{"not_picked":["Compile Driver","Hologram"],"picked":"Amplify","floor":6},{"not_picked":["ReplaySort","Redo"],"picked":"StuffTheSpire:LoadUp","floor":7},{"not_picked":["Stack","ReplaySort","Blizzard"],"picked":"SKIP","floor":8},{"not_picked":["Aggregate","Panic Button"],"picked":"StuffTheSpire:Plugnplay","floor":11},{"not_picked":["Turbo","Barrage"],"picked":"ReplayTheSpireMod:GoodbyeWorld","floor":13},{"not_picked":["Barrage","Cold Snap","Sweeping Beam"],"picked":"SKIP","floor":14}],"player_experience":1190592,"relics_obtained":[{"floor":6,"key":"Ice Cream"},{"floor":9,"key":"halation:VictoryRuler"},{"floor":11,"key":"Replay:Baseball"}],"event_choices":[],"is_beta":false,"boss_relics":[],"items_purged_floors":[],"is_endless":false,"potions_floor_spawned":[2,3,5,7,13],"killed_by":"The Guardian","ascension_level":5}}