{"host":"xltl1aroowo69o4n","time":1614193012,"event":{"mods":["BaseMod","Colored Map","Colored Powertips","Downfall","Koishi","Marisa????????","Minty Spire (QoL Compilation)","Replay The Spire","StSLib","The Cursed","The Hierophant","The Mystic","The Necromancer","The Servant 0.9.4"],"gold_per_floor":[0,38,73,73,93,140,166,341,441,38,38,55,55,90,106,204,204,104,123,73,73,91,104,104,4,24,24,9,9,36,36,47,148,148,148,160,179,20,20,20,68,68,87,99,129,129,129,143,143,143],"floor_reached":49,"language":"ENG","playtime":2355,"items_purged":["Languid","ReplayTheSpireMod:Restless Dread"],"score":678,"play_id":"8db1f356-539e-4c9d-8f4d-1bb8ae0377c6","local_time":"20210224135652","is_ascension_mode":true,"campfire_choices":[{"floor":1,"key":"DIG"},{"floor":11,"key":"REST"},{"floor":13,"key":"RECALL"},{"data":"Koishi:PerfectMindControl","floor":18,"key":"SMITH"},{"floor":25,"key":"REST"},{"data":"HandOfGreed","floor":29,"key":"SMITH"},{"data":"Koishi:TerrifyingSpectre","floor":35,"key":"SMITH"},{"floor":40,"key":"REST"},{"data":"Koishi:JumpScare","floor":42,"key":"SMITH"},{"floor":47,"key":"REST"}],"circlet_count":0,"master_deck":["Koishi:BasicStrike+1","Koishi:BasicStrike+1","Koishi:BasicStrike+1","Koishi:BasicStrike+1","Koishi:BasicDefend+1","Koishi:BasicDefend+1","Koishi:BasicDefend+1","Koishi:BasicDefend+1","Koishi:Provoke","Koishi:HauntingSlash","HandOfGreed+1","Koishi:StingingMind","Koishi:EmbryosDream","Koishi:MindNumbingTerror","Doubt","Koishi:PhantomBarrier","Koishi:Untouchable","expansioncontent:QuickStudy+1","Koishi:MassHysteria","Specialist","Specialist","Koishi:BloodcurdlingScream","Koishi:SubconsciousSweep","Koishi:DreadfulBlow","Koishi:Vanish","Koishi:PerfectMindControl+1","CurseOfTheBell","Koishi:FleetingPhantom","Koishi:MassHysteria","Koishi:VengefulSpirit","Koishi:TraumaticStroke","Replay:Hysterical Blindness","Sickly","Koishi:CatchAndRose+1","Koishi:JumpScare+1","Koishi:DNAsFlaw","Koishi:Untouchable+1","Pain","Koishi:ParalyzingFear","Koishi:TerrifyingSpectre+1","Koishi:Possession+1","Koishi:Whimsy","Koishi:UnansweredLove+1","Koishi:Catatonia+1","Koishi:StingingMind+1","Clumsy","downfall:Haunted","Koishi:MassHysteria","Koishi:JumpScare+1","Koishi:Vanish+1","expansioncontent:PrepareCrush","expansioncontent:AwakenDeath","Koishi:FidgetySnatcher+1","Koishi:ApparitionsStalkTheNight"],"relics":["Koishi:ImaginaryFriend","Koishi:AHoleWhereASisterShouldBe","Strawberry","Blue Doll","downfall:ExtraCursedKey","Calling Bell","Dream Catcher","Meat on the Bone","Durian","downfall:HeartBlessingRed","downfall:HeartBlessingBlue","Calipers","WarpedTongs","SlaversCollar","Replay:Mystery Machine","Shovel"],"acts_visited":["Exordium","TheCity","TheBeyond"],"potions_floor_usage":[6,16,16,30,30,33,33,48],"damage_taken":[{"damage":0,"enemies":"Small Slimes","floor":2,"turns":3},{"damage":0,"enemies":"2 Louse","floor":3,"turns":2},{"damage":9,"enemies":"Jaw Worm","floor":5,"turns":8},{"damage":25,"enemies":"Gremlin Nob","floor":6,"turns":10},{"damage":0,"enemies":"downfall:FleeingMerchant","floor":10,"turns":4},{"damage":0,"enemies":"3 Louse","floor":12,"turns":1},{"damage":8,"enemies":"Red Slaver","floor":14,"turns":4},{"damage":0,"enemies":"Large Slime","floor":15,"turns":6},{"damage":55,"enemies":"DF_ARCHETYPE_STREAMLINE","floor":16,"turns":16},{"damage":34,"enemies":"Spheric Guardian","floor":19,"turns":4},{"damage":14,"enemies":"Sentry and Sphere","floor":22,"turns":4},{"damage":0,"enemies":"Chosen and Byrds","floor":23,"turns":5},{"damage":3,"enemies":"Snecko","floor":26,"turns":5},{"damage":0,"enemies":"downfall:FleeingMerchant","floor":28,"turns":4},{"damage":20,"enemies":"Book of Stabbing","floor":30,"turns":7},{"damage":10,"enemies":"Centurion and Healer","floor":32,"turns":5},{"damage":7,"enemies":"SI_MIRROR_ARCHETYPE","floor":33,"turns":16},{"damage":5,"enemies":"3 Darklings","floor":36,"turns":3},{"damage":19,"enemies":"Orb Walker","floor":37,"turns":4},{"damage":7,"enemies":"downfall:FleeingMerchant","floor":38,"turns":4},{"damage":10,"enemies":"Maw","floor":43,"turns":10},{"damage":15,"enemies":"Sphere and 2 Shapes","floor":44,"turns":4},{"damage":53,"enemies":"Spire Growth","floor":48,"turns":7},{"damage":26,"enemies":"Jaw Worm Horde","floor":49,"turns":1}],"seed_played":"-187147503035565916","potions_obtained":[{"floor":2,"key":"SteroidPotion"},{"floor":3,"key":"Energy Potion"},{"floor":14,"key":"Fire Potion"},{"floor":15,"key":"SkillPotion"},{"floor":16,"key":"Fire Potion"},{"floor":22,"key":"Weak Potion"},{"floor":26,"key":"LiquidMemories"},{"floor":32,"key":"Block Potion"},{"floor":33,"key":"LiquidBronze"},{"floor":36,"key":"Venom Potion"}],"is_trial":false,"path_per_floor":["R_BF","M","M","?","M","E","T","?","?","$","R","M","R","M","M","B",null,"R_BF","M","?","?","M","M","T","R","M","?","$","R","E","?","M","B",null,"R","M","M","$","?","R","T","R","M","M","?","?","R","M","M"],"character_chosen":"KOISHI","items_purchased":["Koishi:Untouchable","expansioncontent:QuickStudy+1","Koishi:MassHysteria","Specialist","Koishi:BloodcurdlingScream","Koishi:Catatonia+1"],"campfire_rested":4,"item_purchase_floors":[10,10,10,10,10,38],"current_hp_per_floor":[60,60,60,60,60,49,49,49,49,49,67,67,67,59,62,16,72,72,42,70,70,60,61,61,82,82,82,82,82,69,69,82,82,82,82,77,61,54,54,78,78,78,78,67,35,30,54,25,0,0],"gold":143,"neow_bonus":"RANDOM_COLORLESS_2","is_daily":false,"chose_seed":false,"campfire_upgraded":4,"win_rate":0.0,"timestamp":1614193012,"path_taken":["R_BF","M","M","?","M","E","T","?","?","$","R","M","R","M","M","BOSS","R_BF","M","?","?","?","M","T","R","M","?","$","R","E","?","M","BOSS","R","M","M","$","?","R","T","R","M","M","?","?","R","M","M"],"items_purchased_type":["Card","Card","Card","Card","Card","Card"],"build_version":"2020-12-13","purchased_purges":2,"victory":false,"max_hp_per_floor":[60,60,60,60,60,67,67,67,67,67,67,67,67,67,67,67,72,72,72,72,72,72,72,72,82,82,82,82,82,82,82,82,82,82,82,82,82,82,82,82,82,82,82,82,82,82,82,82,82,82],"card_choices":[{"not_picked":["Magnetism","ReplayUltimateDefense"],"picked":"HandOfGreed","floor":0},{"not_picked":["Koishi:FreudianInstinct","Koishi:JumpScare"],"picked":"Koishi:GhostParty","floor":2},{"not_picked":["Koishi:BloodcurdlingScream","Koishi:GeneticsOfTheUnconscious"],"picked":"Koishi:StingingMind","floor":3},{"not_picked":["Koishi:FleetingPhantom","Koishi:UnconsciousUrges"],"picked":"Koishi:EmbryosDream","floor":5},{"not_picked":["Koishi:EmbersOfLove","Koishi:RorschachInDanmaku"],"picked":"Koishi:MindNumbingTerror","floor":6},{"not_picked":["Koishi:ConfinedInnocent","Koishi:MindNumbingTerror"],"picked":"Koishi:PhantomBarrier","floor":10},{"not_picked":["Koishi:FleetingPhantom","Koishi:Prune"],"picked":"Koishi:SubconsciousSweep","floor":12},{"not_picked":["Koishi:SubconsciousSweep","Koishi:Prune"],"picked":"Koishi:DreadfulBlow","floor":14},{"not_picked":["Koishi:UnconsciousUprising","Koishi:Jaunt"],"picked":"Koishi:Vanish","floor":15},{"not_picked":["Koishi:FadingMemory","Koishi:HeartStoppingHorror"],"picked":"Koishi:PerfectMindControl","floor":16},{"not_picked":["Koishi:SubconsciousSweep","Koishi:IdleWhim"],"picked":"Koishi:FleetingPhantom","floor":19},{"not_picked":["Koishi:UnconsciousUprising","Koishi:ConfinedInnocent"],"picked":"Koishi:VengefulSpirit","floor":22},{"not_picked":["Koishi:HeartAttack","Koishi:UnconsciousUprising+1"],"picked":"Koishi:TraumaticStroke","floor":23},{"not_picked":["Koishi:UnconsciousUrges+1","Koishi:ParalyzingFear"],"picked":"Koishi:CatchAndRose+1","floor":25},{"not_picked":["Koishi:UnseenTerror","Koishi:HeartfeltFancy"],"picked":"Koishi:JumpScare","floor":26},{"not_picked":["Koishi:Jaunt+1","Koishi:GeneticsOfTheUnconscious"],"picked":"Koishi:DNAsFlaw","floor":28},{"not_picked":["Koishi:LastRemote","Koishi:Jaunt"],"picked":"Koishi:Untouchable+1","floor":30},{"not_picked":["Koishi:Prune","Koishi:RacingHeart"],"picked":"Koishi:ParalyzingFear","floor":32},{"not_picked":["Koishi:SilentAndRestless","Koishi:GrowingPain"],"picked":"Koishi:TerrifyingSpectre","floor":33},{"not_picked":["Koishi:Jaunt","Koishi:YoukaiPolygraph+1"],"picked":"Koishi:Possession+1","floor":36},{"not_picked":["Koishi:SubconsciousSweep+1","Koishi:HeartfeltFancy"],"picked":"Koishi:Whimsy","floor":37},{"not_picked":["Koishi:YoukaiPolygraph+1","Koishi:HeartfeltFancy"],"picked":"Koishi:UnansweredLove+1","floor":38},{"not_picked":["Koishi:GeneticsOfTheUnconscious","Koishi:PhantomBarrier"],"picked":"Koishi:StingingMind+1","floor":40},{"not_picked":["Koishi:HeartfeltFancy","Koishi:UnansweredLove+1"],"picked":"Koishi:MassHysteria","floor":43},{"not_picked":["Koishi:RacingHeart+1","Koishi:Jaunt+1"],"picked":"Koishi:JumpScare+1","floor":44},{"not_picked":["Koishi:UnconsciousUprising","Koishi:Jaunt"],"picked":"Koishi:Vanish+1","floor":45},{"not_picked":["expansioncontent:GuardianWhirl","expansioncontent:PolyBeam"],"picked":"expansioncontent:PrepareCrush","floor":46},{"not_picked":["Replay:SS_hec_1","expansioncontent:GuardianWhirl"],"picked":"expansioncontent:AwakenDeath","floor":46},{"not_picked":["Koishi:Vanish","Koishi:SpiritedAway"],"picked":"Koishi:FidgetySnatcher+1","floor":47},{"not_picked":["Koishi:UnansweredLove+1","Koishi:DreadfulBlow+1"],"picked":"Koishi:ApparitionsStalkTheNight","floor":48}],"player_experience":276559,"relics_obtained":[{"floor":1,"key":"Koishi:AHoleWhereASisterShouldBe"},{"floor":6,"key":"Strawberry"},{"floor":7,"key":"Blue Doll"},{"floor":17,"key":"Dream Catcher"},{"floor":17,"key":"Meat on the Bone"},{"floor":17,"key":"Durian"},{"floor":30,"key":"Calipers"},{"floor":41,"key":"Replay:Mystery Machine"},{"floor":45,"key":"Shovel"}],"event_choices":[{"damage_healed":0,"gold_gain":0,"player_choice":"Read","damage_taken":0,"max_hp_gain":0,"max_hp_loss":0,"event_name":"The Library","floor":21,"gold_loss":0,"cards_obtained":["Koishi:MassHysteria"]},{"damage_healed":0,"gold_gain":0,"player_choice":"Simplicity","damage_taken":0,"max_hp_gain":0,"max_hp_loss":0,"event_name":"Back to Basics","floor":27,"gold_loss":0,"cards_upgraded":["Koishi:BasicStrike","Koishi:BasicStrike","Koishi:BasicStrike","Koishi:BasicStrike","Koishi:BasicDefend","Koishi:BasicDefend","Koishi:BasicDefend","Koishi:BasicDefend"]},{"damage_healed":0,"gold_gain":0,"player_choice":"Rummage","damage_taken":0,"relics_obtained":["WarpedTongs"],"max_hp_gain":0,"max_hp_loss":0,"event_name":"Accursed Blacksmith","floor":31,"gold_loss":0,"cards_obtained":["Pain"]},{"cards_removed":["Koishi:GhostParty"],"damage_healed":0,"gold_gain":0,"player_choice":"Removed Skill","damage_taken":0,"max_hp_gain":0,"max_hp_loss":0,"event_name":"Falling","floor":39,"gold_loss":0}],"is_beta":false,"boss_relics":[{"not_picked":["Honey Jar","Sozu"],"picked":"Calling Bell"},{"not_picked":["Abe\u0027s Treasure","Coffee Dripper"],"picked":"SlaversCollar"}],"items_purged_floors":[10,38],"is_endless":false,"potions_floor_spawned":[2,3,14,15,16,22,26,32,33,36],"killed_by":"Jaw Worm Horde","ascension_level":2}}