{"host":"mpmrkodj3c25wi13","time":1614180775,"event":{"mods":["AlwaysNeverKeys","Aspiration","BaseMod","Beaked The Cultist","Better Altar","Better Match","Better Note","Better Sensory Stone","Better Skull","Better Third Choice","Clockwork Mod","Colored Map","Conspire","Custom Start","Downfall","Energized Spire","Friendly Minions","GifTheSpireLib","Googly Eyes","Halation","Hubris","Infinite Spire","Minty Spire (QoL Compilation)","Relic Sorter","Reliquary","Replay The Spire","StSLib","Stuff the Spire","The IronCluck","slay the spire mod where everything is the same but ironclad has a cowboy hat"],"gold_per_floor":[117,117,135,147,166,166,166,166,189,217,236,236,236,254,254,354,354,374,374,394,394,394,394,410,410,464,490,540,134,151,167,167,276,276,305,305,305],"floor_reached":36,"language":"ENG","playtime":2700,"items_purged":["Pain"],"score":514,"play_id":"1eeeae3b-a885-462f-91cc-f437fa003551","local_time":"20210224103255","is_ascension_mode":false,"campfire_choices":[{"data":"beaked:CrazyRituals","floor":6,"key":"SMITH"},{"data":"beaked:Insight","floor":8,"key":"SMITH"},{"floor":13,"key":"REST"},{"data":"beaked:Ceremony","floor":15,"key":"SMITH"},{"data":"beaked:Ceremony","floor":23,"key":"SMITH"},{"floor":25,"key":"REST"},{"floor":32,"key":"REST"}],"circlet_count":0,"master_deck":["beaked:Strike_Y","beaked:Strike_Y","beaked:Strike_Y","beaked:Strike_Y","beaked:Strike_Y","beaked:Defend_Y","beaked:Defend_Y","beaked:Defend_Y","beaked:Defend_Y","beaked:Ceremony+1","beaked:Ceremony+1","beaked:Ceremony","beaked:WarriorEssence","beaked:Poke+1","beaked:StickSmack+1","beaked:BloodRitual","hubris:DuctTapeCard","beaked:KnowThyFoe","beaked:MachineEssence","beaked:TuckingFeathers+1"],"relics":["beaked:MendingPlumage","NeowsBlessing","WarpedTongs","Regal Pillow","conspire:TopHat","energizedSpire:NeverEndingSparkler","betterThird:NestCultRelic","Potion Belt","Blood Vial","hubris:DuctTape","infinitespire:EvilPickle","Black Star"],"acts_visited":["TheCity","TheBeyond"],"potions_floor_usage":[10,16,24,31,33,35],"damage_taken":[{"damage":0,"enemies":"Cultist","floor":1,"turns":1},{"damage":0,"enemies":"Jaw Worm","floor":3,"turns":1},{"damage":0,"enemies":"conspire:RoseBush","floor":4,"turns":1},{"damage":20,"enemies":"Red Slaver","floor":5,"turns":5},{"damage":51,"enemies":"Gremlin Nob","floor":10,"turns":6},{"damage":14,"enemies":"Large Slime","floor":11,"turns":5},{"damage":18,"enemies":"Looter","floor":14,"turns":4},{"damage":50,"enemies":"Fading Forest","floor":16,"turns":11},{"damage":26,"enemies":"Shell Parasite","floor":18,"turns":7},{"damage":9,"enemies":"conspire:FuzzyDice","floor":20,"turns":3},{"damage":44,"enemies":"Centurion and Healer","floor":24,"turns":6},{"damage":14,"enemies":"conspire:HollyBat","floor":30,"turns":7},{"damage":63,"enemies":"Shelled Parasite and Fungi","floor":31,"turns":6},{"damage":56,"enemies":"Pondfish","floor":33,"turns":8},{"damage":83,"enemies":"Orb Walker","floor":35,"turns":7},{"damage":54,"enemies":"3 Shapes","floor":36,"turns":3}],"seed_played":"6265278924257230204","potions_obtained":[{"floor":1,"key":"beaked:MendingBrew"},{"floor":3,"key":"sneckomod:MuddlingPotion"},{"floor":5,"key":"FearPotion"},{"floor":14,"key":"LifebloodPotion"},{"floor":20,"key":"hexamod:SoulburnPotion"},{"floor":24,"key":"Elixir"},{"floor":30,"key":"FearPotion"}],"is_trial":false,"path_per_floor":["M","?","M","M","M","R","?","R","T","E","M","$","R","M","R","B",null,"M","?","M","?","?","R","M","R","T","T","?","$","M","M","R","B",null,"M","M"],"character_chosen":"BEAKED_THE_CULTIST","items_purchased":["beaked:BloodRitual","hubris:DuctTape"],"campfire_rested":3,"item_purchase_floors":[29,29],"current_hp_per_floor":[50,50,50,50,44,44,44,44,44,17,17,17,47,40,40,50,50,50,50,45,45,50,50,29,50,50,50,50,50,50,17,47,39,50,29,0,0],"gold":305,"neow_bonus":"THREE_ENEMY_KILL","is_daily":false,"chose_seed":false,"campfire_upgraded":4,"win_rate":0.0,"timestamp":1614180775,"path_taken":["M","?","M","?","M","R","?","R","T","E","M","$","R","?","R","BOSS","M","?","?","?","?","R","?","R","T","?","?","$","?","M","R","BOSS","M","M"],"items_purchased_type":["Card","Relic"],"build_version":"2020-12-13","purchased_purges":1,"victory":false,"max_hp_per_floor":[50,50,50,50,50,50,50,50,50,50,50,50,50,50,50,50,50,50,50,50,50,50,50,50,50,50,50,50,50,50,50,50,50,50,50,50,50],"card_choices":[{"not_picked":["beaked:Roost","beaked:Hexing"],"picked":"beaked:Insight","floor":1},{"not_picked":["beaked:RuinSticks","beaked:SurvivalInstinct"],"picked":"beaked:WarriorEssence","floor":3},{"not_picked":["beaked:Resilience","beaked:Evade"],"picked":"beaked:CrazyRituals","floor":4},{"not_picked":["beaked:Redirect","beaked:CursingBlood","ReplayTheSpireMod:RavenHex"],"picked":"SKIP","floor":5},{"not_picked":["beaked:SacrificialAttack","beaked:HuntressEssence","beaked:Flinch"],"picked":"SKIP","floor":10},{"not_picked":["beaked:FullHouse","beaked:Resilience","beaked:Hexing"],"picked":"SKIP","floor":11},{"not_picked":["beaked:SurvivalInstinct","beaked:DigDeep","beaked:Evade"],"picked":"SKIP","floor":14},{"not_picked":["beaked:Windmill","beaked:CursingBlood"],"picked":"beaked:Poke+1","floor":18},{"not_picked":["beaked:Recite","beaked:Resilience"],"picked":"beaked:StickSmack+1","floor":20},{"not_picked":["beaked:SacrificialAttack","beaked:Brace","beaked:Negation+1"],"picked":"SKIP","floor":24},{"not_picked":["beaked:SacrificialDive","beaked:Daydream","beaked:WarriorEssence"],"picked":"SKIP","floor":30},{"not_picked":["beaked:Foresight+1","beaked:Tweet"],"picked":"beaked:KnowThyFoe","floor":31},{"not_picked":["beaked:DarkPact","beaked:SacrificialScars"],"picked":"beaked:MachineEssence","floor":33},{"not_picked":["beaked:Redirect+1","beaked:MimicHuntress+1"],"picked":"beaked:TuckingFeathers+1","floor":35}],"player_experience":29868,"relics_obtained":[{"floor":9,"key":"Regal Pillow"},{"floor":10,"key":"conspire:TopHat"},{"floor":26,"key":"Potion Belt"},{"floor":27,"key":"Blood Vial"}],"event_choices":[{"cards_removed":["beaked:Strike_Y"],"damage_healed":0,"gold_gain":0,"player_choice":"Offered Basic","damage_taken":0,"max_hp_gain":0,"max_hp_loss":0,"event_name":"Bonfire Elementals","floor":2,"gold_loss":0},{"damage_healed":0,"gold_gain":0,"player_choice":"Rummage","damage_taken":0,"relics_obtained":["WarpedTongs"],"max_hp_gain":0,"max_hp_loss":0,"event_name":"Accursed Blacksmith","floor":7,"gold_loss":0,"cards_obtained":["Pain"]},{"cards_removed":["beaked:CrazyRituals"],"damage_healed":0,"gold_gain":0,"player_choice":"Give","damage_taken":0,"max_hp_gain":0,"max_hp_loss":0,"event_name":"betterNote:BetterNote","floor":19,"gold_loss":0,"cards_obtained":["None"]},{"damage_healed":0,"gold_gain":0,"player_choice":"Madness","damage_taken":0,"relics_obtained":["betterThird:NestCultRelic"],"max_hp_gain":0,"max_hp_loss":0,"event_name":"betterThird:BetterNest","floor":21,"gold_loss":0},{"damage_healed":0,"gold_gain":100,"player_choice":"Bet on Murderer","damage_taken":0,"max_hp_gain":0,"max_hp_loss":0,"event_name":"The Joust","floor":28,"gold_loss":50}],"is_beta":false,"boss_relics":[{"not_picked":["hubris:TerracottaHorce","Busted Crown"],"picked":"energizedSpire:NeverEndingSparkler"},{"not_picked":["hubris:BlackHole","Honey Jar"],"picked":"Black Star"}],"items_purged_floors":[29],"is_endless":false,"potions_floor_spawned":[1,3,5,14,20,24,30],"killed_by":"3 Shapes","ascension_level":0}}