{"host":"Vegetablebread","time":1614189118,"event":{"mods":["BaseMod","Bestiary","Minty Spire (QoL Compilation)","Relic Stats","Slay the Relics Exporter","StSLib"],"gold_per_floor":[119,136,136,186,209,209,249,271,271,301,301,328,356,14,14,94,94,105,127,127,52,72,107,107,151,151,151,151,151],"floor_reached":28,"language":"ENG","playtime":6058,"items_purged":[],"score":552,"play_id":"4c8b3735-f7e9-4059-933e-867d830304a1","local_time":"20210224095158","is_ascension_mode":true,"campfire_choices":[{"data":"Wild Strike","floor":6.0,"key":"SMITH"},{"floor":11.0,"key":"REST"},{"data":"Second Wind","floor":15.0,"key":"SMITH"},{"floor":24.0,"key":"REST"},{"floor":27.0,"key":"REST"}],"circlet_count":0,"master_deck":["AscendersBane","Strike_R+1","Strike_R+1","Strike_R+1","Strike_R+1","Strike_R+1","Defend_R+1","Defend_R+1","Defend_R+1","Defend_R+1","Bash","Cleave","Wild Strike+1","Shockwave","Second Wind+1","Carnage","Second Wind","Feed","Entrench","Shockwave","Flame Barrier"],"relics":["Burning Blood","Boot","CeramicFish","Calipers","Art of War","Pen Nib","StrikeDummy","Snecko Eye","Champion Belt","Bottled Lightning","Dream Catcher"],"acts_visited":["Exordium","TheCity"],"potions_floor_usage":[28],"damage_taken":[{"damage":5.0,"enemies":"Small Slimes","floor":1.0,"turns":4.0},{"damage":5.0,"enemies":"2 Louse","floor":2.0,"turns":3.0},{"damage":0.0,"enemies":"Cultist","floor":5.0,"turns":2.0},{"damage":20.0,"enemies":"3 Sentries","floor":7.0,"turns":4.0},{"damage":7.0,"enemies":"3 Louse","floor":8.0,"turns":3.0},{"damage":25.0,"enemies":"Lagavulin","floor":10.0,"turns":5.0},{"damage":17.0,"enemies":"Gremlin Nob","floor":12.0,"turns":4.0},{"damage":7.0,"enemies":"Large Slime","floor":13.0,"turns":5.0},{"damage":29.0,"enemies":"Slime Boss","floor":16.0,"turns":8.0},{"damage":14.0,"enemies":"Shell Parasite","floor":18.0,"turns":5.0},{"damage":16.0,"enemies":"Spheric Guardian","floor":19.0,"turns":4.0},{"damage":32.0,"enemies":"Snake Plant","floor":22.0,"turns":3.0},{"damage":15.0,"enemies":"Slavers","floor":23.0,"turns":5.0},{"damage":26.0,"enemies":"Book of Stabbing","floor":25.0,"turns":4.0},{"damage":59,"enemies":"Slavers","floor":28,"turns":7}],"seed_played":"8006779680715200985","potions_obtained":[{"floor":5.0,"key":"DistilledChaos"},{"floor":7.0,"key":"DuplicationPotion"},{"floor":13.0,"key":"Weak Potion"},{"floor":16.0,"key":"Block Potion"},{"floor":22.0,"key":"SneckoOil"},{"floor":25.0,"key":"HeartOfIron"}],"is_trial":false,"path_per_floor":["M","M","?","?","M","R","E","M","T","E","R","E","M","$","R","B",null,"M","M","?","?","M","E","R","E","T","R","E"],"character_chosen":"IRONCLAD","items_purchased":["StrikeDummy","Second Wind"],"campfire_rested":3,"item_purchase_floors":[14,14],"current_hp_per_floor":[69,70,65,58,64,64,50,49,49,30,52,41,40,40,40,17,61,53,46,46,46,23,17,42,25,25,51,0,0],"gold":151,"neow_bonus":"RANDOM_COMMON_RELIC","is_daily":false,"chose_seed":false,"campfire_upgraded":2,"win_rate":0.0,"timestamp":1614189118,"path_taken":["M","M","?","?","M","R","E","M","T","E","R","E","?","$","R","BOSS","M","M","?","?","M","E","R","E","T","R","E"],"items_purchased_type":["Relic","Card"],"build_version":"2020-12-18","purchased_purges":0,"victory":false,"max_hp_per_floor":[75,75,75,75,75,75,75,75,75,75,75,75,75,75,75,75,75,75,78,78,78,81,84,84,87,87,87,87,87],"relic_stats":{"Dream Catcher":1,"counters":[15,66],"CeramicFish":81,"Snecko Eye":[37,47,33,57],"Pen Nib":[6],"Art of War":[4],"Champion Belt":[7],"Boot":[5],"obtain_stats":[{"Dream Catcher":26,"Calipers":7,"CeramicFish":3,"Snecko Eye":17,"Pen Nib":12,"Art of War":10,"Champion Belt":23,"Bottled Lightning":25,"Boot":0,"StrikeDummy":14,"Burning Blood":0},{"Dream Catcher":14,"Calipers":4,"CeramicFish":2,"Snecko Eye":9,"Pen Nib":7,"Art of War":6,"Champion Belt":13,"Bottled Lightning":14,"Boot":0,"StrikeDummy":8,"Burning Blood":0},{"Dream Catcher":59,"Calipers":13,"CeramicFish":7,"Snecko Eye":38,"Pen Nib":25,"Art of War":21,"Champion Belt":55,"Bottled Lightning":59,"Boot":0,"StrikeDummy":30,"Burning Blood":0}],"Burning Blood":84},"card_choices":[{"not_picked":["Twin Strike","Blood for Blood"],"picked":"Cleave","floor":1.0},{"not_picked":["Anger","Evolve"],"picked":"Wild Strike","floor":2.0},{"not_picked":["True Grit","Havoc"],"picked":"Shockwave","floor":5.0},{"not_picked":["Inflame","Bludgeon"],"picked":"Second Wind","floor":7.0},{"not_picked":["Twin Strike","Warcry"],"picked":"Wild Strike","floor":8.0},{"not_picked":["Havoc","Perfected Strike","Pummel"],"picked":"SKIP","floor":10.0},{"not_picked":["Twin Strike","Sentinel","Rampage"],"picked":"SKIP","floor":12.0},{"not_picked":["Warcry","Twin Strike"],"picked":"Carnage","floor":13.0},{"not_picked":["Juggernaut","Corruption"],"picked":"Feed","floor":16.0},{"not_picked":["True Grit","Warcry","Armaments"],"picked":"SKIP","floor":18.0},{"not_picked":["Metallicize","Cleave+1"],"picked":"Entrench","floor":19.0},{"not_picked":["Havoc","Spot Weakness"],"picked":"Shockwave","floor":22.0},{"not_picked":["Headbutt","Clothesline+1","Intimidate"],"picked":"SKIP","floor":23.0},{"not_picked":["Feed","Uppercut"],"picked":"Flame Barrier","floor":25.0}],"player_experience":10596111,"relics_obtained":[{"floor":7.0,"key":"Calipers"},{"floor":10.0,"key":"Art of War"},{"floor":12.0,"key":"Pen Nib"},{"floor":23.0,"key":"Champion Belt"},{"floor":25.0,"key":"Bottled Lightning"},{"floor":26.0,"key":"Dream Catcher"}],"event_choices":[{"damage_healed":0.0,"max_hp_gain":0.0,"max_hp_loss":0.0,"gold_gain":0.0,"event_name":"Scrap Ooze","player_choice":"Success","floor":3.0,"gold_loss":0.0,"damage_taken":5.0,"relics_obtained":["CeramicFish"]},{"damage_healed":0.0,"max_hp_gain":0.0,"max_hp_loss":0.0,"gold_gain":50.0,"event_name":"FaceTrader","player_choice":"Touch","floor":4.0,"gold_loss":0.0,"damage_taken":7.0},{"damage_healed":0.0,"max_hp_gain":0.0,"max_hp_loss":0.0,"gold_gain":0.0,"event_name":"Back to Basics","player_choice":"Simplicity","floor":20.0,"gold_loss":0.0,"damage_taken":0.0,"cards_upgraded":["Strike_R","Strike_R","Strike_R","Strike_R","Strike_R","Defend_R","Defend_R","Defend_R","Defend_R"]},{"cards_removed":["Wild Strike"],"damage_healed":0.0,"max_hp_gain":0.0,"max_hp_loss":0.0,"gold_gain":0.0,"event_name":"Beggar","player_choice":"Gave Gold","floor":21.0,"gold_loss":75.0,"damage_taken":0.0}],"is_beta":true,"boss_relics":[{"not_picked":["Calling Bell","Busted Crown"],"picked":"Snecko Eye"}],"items_purged_floors":[],"is_endless":false,"potions_floor_spawned":[5,7,13,16,22,25],"killed_by":"Slavers","ascension_level":20}}