{"host":"llzxi9jqk7yykm8l","time":1614127596,"event":{"mods":["BaseMod","Colored Map","Highlight Path","Minty Spire (QoL Compilation)","Replay The Spire","StSLib","Transform Curses"],"gold_per_floor":[119,129,143,161,172,29,41,41,110,110,60,74,149,149,149,251,251,271,286,286,286,201,201,218,218,218,234,234,234,87,106,106,210,210,226,236,236,236],"floor_reached":37,"language":"ENG","playtime":2966,"items_purged":[],"score":363,"play_id":"ec772e45-937f-4010-8cba-2b86546f7431","local_time":"20210223184636","is_ascension_mode":false,"campfire_choices":[{"floor":8,"key":"REST"},{"data":"Inflame","floor":10,"key":"SMITH"},{"floor":15,"key":"REST"},{"floor":23,"key":"REST"},{"floor":25,"key":"REST"},{"floor":29,"key":"REST"},{"floor":32,"key":"REST"}],"circlet_count":0,"master_deck":["Strike_R","Strike_R","Strike_R","Strike_R","Defend_R","Defend_R","Defend_R","Defend_R","Bash","Pummel","Cleave","Dropkick","Inflame+1","Power Through","Anger+1","Cleave","Impervious","Pommel Strike+1","Run Through","Clothesline","Armaments","Inflame","Wild Strike","ReplayTheSpireMod:Strike From Hell","Armaments+1","ReplayTheSpireMod:Strike From Hell+1","Anger+1","Feel No Pain+1","Pommel Strike+1"],"relics":["Burning Blood","NeowsBlessing","Akabeko","Ornamental Fan","Black Star","Replay:Bottled Eggs","Prayer Wheel","Replay:WaspNest","Lee\u0027s Waffle","Empty Cage"],"acts_visited":["Exordium","TheCity","TheBeyond"],"potions_floor_usage":[16,16,16,33,33],"damage_taken":[{"damage":0,"enemies":"Jaw Worm","floor":1,"turns":1},{"damage":0,"enemies":"2 Louse","floor":2,"turns":1},{"damage":0,"enemies":"Small Slimes","floor":3,"turns":1},{"damage":14,"enemies":"Exordium Wildlife","floor":4,"turns":5},{"damage":19,"enemies":"Exordium Thugs","floor":5,"turns":6},{"damage":0,"enemies":"3 Louse","floor":7,"turns":2},{"damage":1,"enemies":"Lots of Slimes","floor":12,"turns":3},{"damage":64,"enemies":"The Guardian","floor":16,"turns":14},{"damage":31,"enemies":"Spheric Guardian","floor":18,"turns":6},{"damage":12,"enemies":"3 Byrds","floor":19,"turns":4},{"damage":18,"enemies":"Snake Plant","floor":24,"turns":5},{"damage":23,"enemies":"3 Cultists","floor":27,"turns":5},{"damage":10,"enemies":"Centurion and Healer","floor":31,"turns":6},{"damage":49,"enemies":"Automaton","floor":33,"turns":9},{"damage":33,"enemies":"3 Darklings","floor":35,"turns":6},{"damage":19,"enemies":"Orb Walker","floor":36,"turns":3},{"damage":57,"enemies":"4 Shapes","floor":37,"turns":3}],"seed_played":"287010624156498606","potions_obtained":[{"floor":1,"key":"Ancient Potion"},{"floor":3,"key":"Strength Potion"},{"floor":12,"key":"Block Potion"},{"floor":18,"key":"Dexterity Potion"},{"floor":27,"key":"SteroidPotion"}],"is_trial":false,"path_per_floor":["M","M","M","M","M","$","M","R","T","R","$","M","?","?","R","B",null,"M","M","?","?","?","R","M","R","T","M","$","R","$","M","R","B",null,"M","M","M"],"character_chosen":"IRONCLAD","items_purchased":["Akabeko","Anger","Lee\u0027s Waffle"],"campfire_rested":6,"item_purchase_floors":[6,11,30],"current_hp_per_floor":[80,80,80,72,59,59,65,80,80,80,80,80,69,74,85,27,85,60,54,54,54,54,79,67,85,85,68,68,85,92,88,92,49,92,65,52,0,0],"gold":236,"neow_bonus":"THREE_ENEMY_KILL","is_daily":false,"chose_seed":false,"campfire_upgraded":1,"win_rate":0.0,"timestamp":1614127596,"path_taken":["M","M","M","M","M","$","M","R","T","R","$","M","?","?","R","BOSS","M","M","?","?","?","R","M","R","T","?","?","R","$","?","R","BOSS","M","M","M"],"items_purchased_type":["Relic","Card","Relic"],"build_version":"2020-12-22","purchased_purges":0,"victory":false,"max_hp_per_floor":[80,80,80,80,80,80,80,80,80,80,80,80,80,85,85,85,85,85,85,85,85,85,85,85,85,85,85,85,85,92,92,92,92,92,92,92,92,92],"card_choices":[{"not_picked":["Clash","Combust","Evolve"],"picked":"SKIP","floor":1},{"not_picked":["Clash","Warcry"],"picked":"Pummel","floor":2},{"not_picked":["Twin Strike","Reckless Charge"],"picked":"Cleave","floor":3},{"not_picked":["ReplayTheSpireMod:Corrosion Curse","Dark Embrace"],"picked":"Dropkick","floor":4},{"not_picked":["Bloodletting","Spot Weakness"],"picked":"Inflame","floor":5},{"not_picked":["Blood for Blood","Cleave"],"picked":"Power Through","floor":7},{"not_picked":["Havoc","Spot Weakness"],"picked":"Cleave","floor":12},{"not_picked":["Hemogenesis","Juggernaut"],"picked":"Impervious","floor":16},{"not_picked":["Heavy Blade","ReplayTheSpireMod:Corrosion Curse"],"picked":"Pommel Strike+1","floor":18},{"not_picked":["Abandon+1","Feel No Pain"],"picked":"Run Through","floor":19},{"not_picked":["Massacre","True Grit"],"picked":"Clothesline","floor":24},{"not_picked":["Carnage","Warcry+1"],"picked":"Armaments","floor":24},{"not_picked":["Wild Strike","Body Slam"],"picked":"Inflame","floor":27},{"not_picked":["Eclipse","Replay:Undeath\u0027s Touch"],"picked":"Wild Strike","floor":27},{"not_picked":["Heavy Blade+1","Dropkick"],"picked":"ReplayTheSpireMod:Strike From Hell","floor":31},{"not_picked":["ReplayTheSpireMod:Corrosion Curse","Warcry"],"picked":"Armaments+1","floor":31},{"not_picked":["Bludgeon","Offering"],"picked":"Demon Form","floor":33},{"not_picked":["Havoc","True Grit"],"picked":"ReplayTheSpireMod:Strike From Hell+1","floor":35},{"not_picked":["ReplayTheSpireMod:Strike From Hell","Perfected Strike+1"],"picked":"Anger+1","floor":35},{"not_picked":["Perfected Strike+1","Bloodletting+1"],"picked":"Feel No Pain+1","floor":36},{"not_picked":["Replay:Many Hands","Run Through"],"picked":"Pommel Strike+1","floor":36}],"player_experience":2446132,"relics_obtained":[{"floor":9,"key":"Ornamental Fan"},{"floor":26,"key":"Replay:WaspNest"}],"event_choices":[{"damage_healed":0,"gold_gain":75,"player_choice":"Gather Gold","damage_taken":11,"max_hp_gain":0,"max_hp_loss":0,"event_name":"World of Goop","floor":13,"gold_loss":0},{"damage_healed":0,"gold_gain":0,"player_choice":"Donut","damage_taken":0,"max_hp_gain":5,"max_hp_loss":0,"event_name":"Big Fish","floor":14,"gold_loss":0},{"damage_healed":0,"gold_gain":0,"player_choice":"Ignored","damage_taken":0,"max_hp_gain":0,"max_hp_loss":0,"event_name":"Ghosts","floor":20,"gold_loss":0},{"damage_healed":0,"gold_gain":0,"player_choice":"Opened","damage_taken":0,"relics_obtained":["Replay:Bottled Eggs"],"max_hp_gain":0,"max_hp_loss":0,"event_name":"The Mausoleum","floor":21,"gold_loss":0},{"damage_healed":0,"gold_gain":0,"player_choice":"Obtained Relic","damage_taken":0,"relics_obtained":["Prayer Wheel"],"max_hp_gain":0,"max_hp_loss":0,"event_name":"Addict","floor":22,"gold_loss":85}],"is_beta":false,"boss_relics":[{"not_picked":["Tiny House","ChewingGum"],"picked":"Black Star"},{"not_picked":["Pandora\u0027s Box","Fusion Hammer"],"picked":"Empty Cage"}],"items_purged_floors":[],"is_endless":false,"potions_floor_spawned":[1,3,12,18,27],"killed_by":"4 Shapes","ascension_level":0}}