{"host":"strpjp9enjjpooof","time":1614143738,"event":{"mods":["Aspiration","BaseMod","Better Altar","Better Match","Better Note","Better Sensory Stone","Better Skull","Better Third Choice","Colored Powertips","Conspire","Energized Spire","Force Act Four","GifTheSpireLib","Halation","Hubris","Lobotomy","Minty Spire (QoL Compilation)","Relic Filter Mod","Reliquary","Replay The Spire","Spicy Shops","Spikes Relics","StSLib","Stuff the Spire","The Blue Laboratory","Together in Spire"],"gold_per_floor":[118,133,133,145,145,171,104,116,116,24,50,103,121,156,156,254,254,267,279,298,314,264,264,289,306,306,20,20,37,65,65,65,164,164,180,180,200,73,85,110,14,14,14,43,43,56,81,95,95,95,44,71,71],"floor_reached":54,"language":"ENG","playtime":2854,"items_purged":[],"score":1237,"play_id":"61a21195-9ce6-4cd7-953f-69300ee91a02","local_time":"20210223201538","is_ascension_mode":false,"campfire_choices":[{"floor":15,"key":"DIG"},{"data":"Ragnarok","floor":23,"key":"SMITH"},{"data":"Clumsy","floor":32,"key":"PURGE"},{"data":"Magnetism","floor":42,"key":"SMITH"},{"floor":49,"key":"REST"},{"data":"SandsOfTime","floor":50,"key":"SMITH"}],"circlet_count":0,"master_deck":["Strike_P","Strike_P","Defend_P","Defend_P","Defend_P","Defend_P","Eruption+1","Vigilance","Halt","WheelKick","ThirdEye","Replay:Anticipation","Crescendo","Establishment","BattleHymn","EmptyFist","Vault","Ragnarok+1","ClearTheMind","Worship","Pray","ReachHeaven","FlyingSleeves","SandsOfTime+1","TalkToTheHand","SandsOfTime+1","Vault","ClearTheMind","Magnetism+1","Replay:Sssssssssstrike","Collect","Crescendo","FlyingSleeves+1","hubris:DuctTapeCard","WreathOfFlame+1","StuffTheSpire:GnomedCurse","Wallop+1","Pain","Collect+1","SandsOfTime+1","Crescendo","WindmillStrike"],"relics":["PureWater","aspiration:Nostalgia","Sizzling Blood","reliquary:PorcupineQuills","Lantern","Ancient Tea Set","ReplayTheSpireMod:Lightbulb","reliquary:Aerogel","Kunai","hubris:GrandSneckoEye","Pen Nib","Ornamental Fan","BlackRope","aspiration:FetidBarrel","Bottled Flame","reliquary:Craggleroot","hubris:DuctTape","ReplayTheSpireMod:CursedCoin","Onion Ring","Vajra","WarpedTongs","reliquary:FerryPass","hubris:Potato","halation:KoshaPiece"],"acts_visited":["Exordium","TheCity","TheBeyond","TheEnding"],"potions_floor_usage":[16,21,21,21,40,47,47,48],"damage_taken":[{"damage":0,"enemies":"Jaw Worm","floor":1,"turns":1},{"damage":0,"enemies":"Cultist","floor":2,"turns":2},{"damage":0,"enemies":"Small Slimes","floor":4,"turns":1},{"damage":1,"enemies":"Lagavulin","floor":6,"turns":3},{"damage":0,"enemies":"Exordium Thugs","floor":8,"turns":2},{"damage":0,"enemies":"Gremlin Nob","floor":11,"turns":2},{"damage":0,"enemies":"3 Louse","floor":13,"turns":1},{"damage":0,"enemies":"3 Sentries","floor":14,"turns":2},{"damage":0,"enemies":"Slime Boss","floor":16,"turns":2},{"damage":0,"enemies":"Spheric Guardian","floor":18,"turns":2},{"damage":0,"enemies":"3 Byrds","floor":19,"turns":1},{"damage":0,"enemies":"Shelled Parasite and Fungi","floor":20,"turns":3},{"damage":12,"enemies":"Centurion and Healer","floor":21,"turns":1},{"damage":0,"enemies":"Gremlin Leader","floor":24,"turns":2},{"damage":5,"enemies":"Snake Plant","floor":25,"turns":2},{"damage":0,"enemies":"conspire:HollyBat","floor":29,"turns":4},{"damage":0,"enemies":"conspire:SneckoGhost","floor":30,"turns":2},{"damage":10,"enemies":"Automaton","floor":33,"turns":3},{"damage":0,"enemies":"3 Darklings","floor":35,"turns":2},{"damage":0,"enemies":"Orb Walker","floor":37,"turns":1},{"damage":0,"enemies":"Maw","floor":39,"turns":3},{"damage":5,"enemies":"Nemesis","floor":40,"turns":3},{"damage":19,"enemies":"R_Hoarder","floor":44,"turns":3},{"damage":0,"enemies":"Jaw Worm Horde","floor":46,"turns":1},{"damage":29,"enemies":"Nemesis","floor":47,"turns":3},{"damage":6,"enemies":"Sphere and 2 Shapes","floor":48,"turns":1},{"damage":0,"enemies":"Shield and Spear","floor":52,"turns":1},{"damage":45,"enemies":"The Heart","floor":53,"turns":5}],"seed_played":"-5844172717988676589","potions_obtained":[{"floor":1,"key":"blueLaboratory:FrostheartPotion"},{"floor":3,"key":"blueLaboratory:BottledTrinity"},{"floor":3,"key":"Swift Potion"},{"floor":11,"key":"AttackPotion"},{"floor":16,"key":"blueLaboratory:FruitPunch"},{"floor":33,"key":"Energy Potion"},{"floor":40,"key":"FearPotion"}],"is_trial":false,"path_per_floor":["M","M","?","M","?","E","$","M","T","$","E","T","M","E","R","B",null,"M","M","M","M","?","R","E","M","T","$","?","M","E","?","R","B",null,"M","?","M","$","M","E","$","R","T","E","?","M","E","M","R","R","$","E","B",null],"character_chosen":"WATCHER","items_purchased":["Crescendo","Lantern","BattleHymn","BlackRope","blueLaboratory:BottleOfVodka","Crescendo","ColorlessPotion","ReplayTheSpireMod:CursedCoin","Onion Ring","Swift Potion"],"campfire_rested":1,"item_purchase_floors":[7,10,10,27,38,38,38,41,41,51],"current_hp_per_floor":[76,76,76,76,76,76,76,76,76,76,76,76,76,76,76,76,76,76,76,76,70,70,70,74,73,73,73,73,77,78,78,78,72,78,78,78,78,78,78,77,77,77,77,62,62,66,41,39,78,78,78,78,37],"gold":71,"neow_bonus":"NOSTALGIA","is_daily":false,"chose_seed":false,"campfire_upgraded":3,"win_rate":0.0,"timestamp":1614143738,"path_taken":["M","M","?","?","?","E","?","M","T","$","E","?","M","E","R","BOSS","M","?","M","M","?","R","E","M","T","$","?","M","E","?","R","BOSS","M","?","M","$","M","E","$","R","T","E","?","M","E","?","R","R","$","E","BOSS"],"items_purchased_type":["Card","Card","Card","Relic","Potion","Card","Potion","Relic","Relic","Potion"],"build_version":"2020-12-22","purchased_purges":0,"victory":true,"max_hp_per_floor":[76,76,76,76,76,76,76,76,76,76,76,76,76,76,76,76,76,76,76,76,78,78,78,78,78,78,78,78,78,78,78,78,78,78,78,78,78,78,78,78,78,78,78,78,78,78,78,78,78,78,78,78,78],"card_choices":[{"not_picked":["Swivel","Replay:BluntJabs"],"picked":"Halt","floor":1},{"not_picked":["Nirvana","EmptyFist"],"picked":"WheelKick","floor":2},{"not_picked":["Replay:ManipulateFuture","Pray"],"picked":"ThirdEye","floor":4},{"not_picked":["CutThroughFate","Replay:ManipulateFuture"],"picked":"Replay:Anticipation","floor":6},{"not_picked":["Weave","CutThroughFate"],"picked":"Establishment","floor":8},{"not_picked":["Sanctity","LikeWater"],"picked":"EmptyFist","floor":11},{"not_picked":["ThirdEye","Vault"],"picked":"Prostrate","floor":13},{"not_picked":["Prostrate","Collect"],"picked":"Vault","floor":14},{"not_picked":["Blasphemy","Judgement"],"picked":"Ragnarok","floor":16},{"not_picked":["FlurryOfBlows","Replay:Vibes"],"picked":"ClearTheMind","floor":18},{"not_picked":["Prostrate+1","EmptyBody"],"picked":"Worship","floor":19},{"not_picked":["ThirdEye","SignatureMove"],"picked":"Pray","floor":20},{"not_picked":["Study","EmptyFist"],"picked":"ReachHeaven","floor":21},{"not_picked":["Halt","WaveOfTheHand"],"picked":"FlyingSleeves","floor":24},{"not_picked":["Worship+1","CrushJoints+1"],"picked":"SandsOfTime+1","floor":25},{"not_picked":["FlurryOfBlows","Conclude"],"picked":"TalkToTheHand","floor":29},{"not_picked":["TalkToTheHand","JustLucky"],"picked":"SandsOfTime+1","floor":30},{"not_picked":["Replay:AllIn","DevaForm"],"picked":"Vault","floor":33},{"not_picked":["Prostrate+1","Protect"],"picked":"ClearTheMind","floor":35},{"not_picked":["Sadistic Nature","Blind"],"picked":"Magnetism","floor":36},{"not_picked":["Specialist","Poisoned Strike"],"picked":"Replay:Sssssssssstrike","floor":36},{"not_picked":["ReachHeaven","ClearTheMind"],"picked":"Collect","floor":37},{"not_picked":["Nirvana+1","Replay:ManipulateFuture+1"],"picked":"FlyingSleeves+1","floor":39},{"not_picked":["Replay:Hum","FlurryOfBlows"],"picked":"WreathOfFlame+1","floor":40},{"not_picked":["Judgement","Conclude+1"],"picked":"Wallop+1","floor":44},{"not_picked":["EmptyBody","Prostrate+1"],"picked":"Collect+1","floor":46},{"not_picked":["JustLucky","Fasting2"],"picked":"SandsOfTime","floor":47},{"not_picked":["ClearTheMind","Halt+1"],"picked":"Crescendo","floor":48},{"not_picked":["Perseverance+1","WaveOfTheHand+1"],"picked":"WindmillStrike","floor":52}],"player_experience":176590,"relics_obtained":[{"floor":6,"key":"reliquary:PorcupineQuills"},{"floor":11,"key":"Ancient Tea Set"},{"floor":12,"key":"ReplayTheSpireMod:Lightbulb"},{"floor":14,"key":"reliquary:Aerogel"},{"floor":15,"key":"Kunai"},{"floor":24,"key":"Pen Nib"},{"floor":26,"key":"Ornamental Fan"},{"floor":30,"key":"Bottled Flame"},{"floor":40,"key":"hubris:DuctTape"},{"floor":43,"key":"Vajra"},{"floor":47,"key":"reliquary:FerryPass"},{"floor":52,"key":"halation:KoshaPiece"}],"event_choices":[{"damage_healed":0,"gold_gain":0,"player_choice":"Got Potions","damage_taken":0,"max_hp_gain":0,"max_hp_loss":0,"event_name":"Lab","floor":3,"gold_loss":0},{"damage_healed":0,"gold_gain":0,"player_choice":"Upgraded","damage_taken":0,"max_hp_gain":0,"max_hp_loss":0,"event_name":"Upgrade Shrine","floor":5,"gold_loss":0,"cards_upgraded":["Eruption"]},{"damage_healed":0,"gold_gain":0,"player_choice":"Bet on Murderer","damage_taken":0,"max_hp_gain":0,"max_hp_loss":0,"event_name":"The Joust","floor":22,"gold_loss":50},{"cards_removed":["Prostrate"],"damage_healed":0,"gold_gain":0,"player_choice":"Gave Card","damage_taken":0,"relics_obtained":["aspiration:FetidBarrel"],"max_hp_gain":0,"max_hp_loss":0,"event_name":"WeMeetAgain","floor":28,"gold_loss":0},{"damage_healed":0,"gold_gain":0,"player_choice":"Ignored","damage_taken":0,"max_hp_gain":0,"max_hp_loss":0,"event_name":"betterNote:BetterNote","floor":31,"gold_loss":0,"cards_obtained":["Injury"]},{"damage_healed":0,"gold_gain":3,"player_choice":"1","damage_taken":0,"max_hp_gain":0,"max_hp_loss":0,"event_name":"betterStone:BetterStone","floor":36,"gold_loss":0},{"damage_healed":0,"gold_gain":0,"player_choice":"Rummage","damage_taken":0,"relics_obtained":["WarpedTongs"],"max_hp_gain":0,"max_hp_loss":0,"event_name":"Accursed Blacksmith","floor":45,"gold_loss":0,"cards_obtained":["Pain"]}],"is_beta":false,"boss_relics":[{"not_picked":["VioletLotus","energizedSpire:BlackCloud"],"picked":"hubris:GrandSneckoEye"},{"not_picked":["Abe\u0027s Treasure","hubris:CrackedHourglass"],"picked":"reliquary:Craggleroot"}],"items_purged_floors":[],"is_endless":false,"potions_floor_spawned":[1,6,11,16,18,19,20,33,40,44],"ascension_level":0}}