{"host":"i2t4fe19cfrsgpgl","time":1614202863,"event":{"mods":["BaseMod","CapriCore","ChefMod","Dio Mod","Ekko","GungeonMod","Hermit","Hero for Fun","HololiveMod","Hubris","Jorbs\u0027s Wanderer Trilogy","Marisa????????","Minty Spire (QoL Compilation)","Robot Space Explorer","Shade Mod","Shapeshifter Mod","Shop Mod","Somnambulant","StSLib","Td1madao Mod","The Animator","The Death Knight","The Dragon Tamer","The Forsaken","The Hayseed","The Immortal","The Kombatant","The Runesmith","TheSwordswoman","WarShipGirlsR/????R mod"],"gold_per_floor":[113,113,123,138,152,152,118,133,133,147,147,96,96,96,96],"floor_reached":14,"language":"ENG","playtime":1155,"items_purged":[],"score":92,"play_id":"4f418a4f-836d-4393-972b-40bfecf48157","local_time":"20210224164103","is_ascension_mode":false,"campfire_choices":[{"data":"chefmod:KnifeFlurry","floor":6.0,"key":"SMITH"},{"data":"chefmod:LocoMoco","floor":13.0,"key":"SMITH"}],"circlet_count":0,"master_deck":["chefmod:Strike","chefmod:Strike","chefmod:Strike","chefmod:Strike","chefmod:QuickThaw","chefmod:Defend","chefmod:Defend","chefmod:Defend","chefmod:Defend","chefmod:TodaysSpecial","chefmod:MonsterBait","chefmod:Chop","chefmod:GroceryDelivery","chefmod:SaveForLater","chefmod:KnifeFlurry+1","chefmod:Cleavers","chefmod:LocoMoco+1","chefmod:HotSoup","chefmod:IcePick"],"relics":["chefmod:TrustyPot","Anchor"],"acts_visited":["Exordium"],"potions_floor_usage":[],"damage_taken":[{"damage":2.0,"enemies":"Jaw Worm","floor":1.0,"turns":4.0},{"damage":0.0,"enemies":"Cultist","floor":3.0,"turns":4.0},{"damage":0.0,"enemies":"Small Slimes","floor":4.0,"turns":3.0},{"damage":8.0,"enemies":"Exordium Wildlife","floor":5.0,"turns":6.0},{"damage":2.0,"enemies":"Red Slaver","floor":8.0,"turns":2.0},{"damage":4.0,"enemies":"Lots of Slimes","floor":10.0,"turns":4.0},{"damage":20.0,"enemies":"3 Sentries","floor":14.0,"turns":8.0}],"seed_played":"-2356546675893824079","potions_obtained":[{"floor":1.0,"key":"Block Potion"},{"floor":3.0,"key":"Block Potion"},{"floor":5.0,"key":"BlessingOfTheForge"},{"floor":10.0,"key":"DuplicationPotion"}],"is_trial":false,"path_per_floor":["M","?","M","M","M","R","$","M","T","M","?","$","R","E"],"character_chosen":"THE_CHEF","items_purchased":["chefmod:Cleavers","chefmod:IcePick"],"campfire_rested":0,"item_purchase_floors":[7,12],"current_hp_per_floor":[81,81,81,81,73,73,73,71,71,67,67,67,67,47,47],"gold":96,"neow_bonus":"TEN_PERCENT_HP_BONUS","is_daily":false,"chose_seed":false,"campfire_upgraded":2,"win_rate":0.0,"timestamp":1614202863,"path_taken":["M","?","M","M","M","R","$","M","T","?","?","?","R","E"],"items_purchased_type":["Card","Card"],"build_version":"2020-12-22","purchased_purges":0,"victory":false,"max_hp_per_floor":[83,83,83,83,83,83,83,83,83,83,83,83,83,83,83],"card_choices":[{"not_picked":["chefmod:IcePick","chefmod:Chop"],"picked":"chefmod:MonsterBait","floor":1.0},{"not_picked":["chefmod:Defrost","chefmod:Gelato"],"picked":"chefmod:SaveForLater","floor":3.0},{"not_picked":["chefmod:ZaruSoba","chefmod:MonsterBait","chefmod:Sorbet"],"picked":"SKIP","floor":4.0},{"not_picked":["chefmod:BaoBuns","chefmod:FireUp"],"picked":"chefmod:KnifeFlurry","floor":5.0},{"not_picked":["chefmod:ColdSteel","chefmod:DinoKale"],"picked":"chefmod:LocoMoco","floor":8.0},{"not_picked":["chefmod:Defrost","chefmod:Gelato"],"picked":"chefmod:HotSoup","floor":10.0}],"player_experience":466392,"relics_obtained":[{"floor":9.0,"key":"Anchor"}],"event_choices":[{"damage_healed":0.0,"max_hp_gain":0.0,"max_hp_loss":0.0,"gold_gain":0.0,"event_name":"Match and Keep!","player_choice":"2 cards matched","floor":2.0,"gold_loss":0.0,"damage_taken":0.0,"cards_obtained":["chefmod:Chop","chefmod:GroceryDelivery"]}],"is_beta":false,"boss_relics":[],"items_purged_floors":[],"is_endless":false,"potions_floor_spawned":[1,3,5,10],"killed_by":"3 Sentries","ascension_level":0}}