{"host":"0fmi5fguj5lvt8pf","time":1614133224,"event":{"mods":["BaseMod","Colored Map","Curses Come First","Downfall","Minty Spire (QoL Compilation)","Permanent Neow","StSLib"],"gold_per_floor":[99,111,128,147,147,162,216,216,216,251,269,33,69,10,36,36,36,36],"floor_reached":16,"language":"ENG","playtime":859,"items_purged":[],"score":112,"play_id":"7ad2ba6a-0374-46d8-b24b-7e3184d2e2d9","local_time":"20210223182024","is_ascension_mode":false,"campfire_choices":[{"data":"bronze:Goto","floor":1.0,"key":"SMITH"}],"circlet_count":0,"master_deck":["bronze:Strike","bronze:Strike","bronze:Strike","bronze:Defend","bronze:Defend","bronze:Defend","bronze:Defend","bronze:Replicate","bronze:Goto+1","bronze:Separator","bronze:GetLatest","bronze:ForLoop","Dark Shackles","bronze:OilSpill","bronze:CleanCode+1","bronze:FunctionCard","bronze:OilSpill","bronze:Safeguard","bronze:Invalidate"],"relics":["bronze:BronzeCore","Omamori","Frozen Egg 2","Boot","CeramicFish","Bag of Preparation"],"acts_visited":["Exordium"],"potions_floor_usage":[16,16,16],"damage_taken":[{"damage":6.0,"enemies":"Jaw Worm","floor":2.0,"turns":2.0},{"damage":2.0,"enemies":"2 Louse","floor":3.0,"turns":2.0},{"damage":0.0,"enemies":"Cultist","floor":4.0,"turns":2.0},{"damage":9.0,"enemies":"Red Slaver","floor":6.0,"turns":2.0},{"damage":21.0,"enemies":"Lagavulin","floor":10.0,"turns":4.0},{"damage":2.0,"enemies":"Lots of Slimes","floor":11.0,"turns":3.0},{"damage":5.0,"enemies":"downfall:FleeingMerchant","floor":12.0,"turns":4.0},{"damage":10.0,"enemies":"3 Sentries","floor":13.0,"turns":6.0},{"damage":0,"enemies":"downfall:FleeingMerchant","floor":14,"turns":4},{"damage":0,"enemies":"2 Fungi Beasts","floor":15,"turns":1},{"damage":30,"enemies":"DF_ARCHETYPE_STREAMLINE","floor":16,"turns":6}],"seed_played":"-5302019850666460633","potions_obtained":[{"floor":3.0,"key":"Swift Potion"},{"floor":4.0,"key":"AttackPotion"},{"floor":15,"key":"EntropicBrew"}],"is_trial":false,"path_per_floor":["R","M","M","M","?","M","T","T","?","E","M","$","E","$","M","B"],"character_chosen":"THE_AUTOMATON","items_purchased":["CeramicFish","bronze:Hardcode+1","bronze:Safeguard"],"campfire_rested":0,"item_purchase_floors":[12,12,14],"current_hp_per_floor":[70,64,62,62,62,53,53,53,53,32,30,25,15,15,15,0,0,0],"gold":36,"neow_bonus":"TRANSFORM_CARD","is_daily":false,"chose_seed":false,"campfire_upgraded":1,"win_rate":0.0,"timestamp":1614133224,"path_taken":["R","M","M","M","?","M","T","?","?","E","?","?","E","$","M","BOSS"],"items_purchased_type":["Relic","Card","Card"],"build_version":"2020-12-22","purchased_purges":0,"victory":false,"max_hp_per_floor":[70,70,70,70,70,70,70,70,70,70,70,70,70,70,70,70,70,70],"card_choices":[{"not_picked":["bronze:OilSpill","bronze:Shell"],"picked":"bronze:Separator","floor":2.0},{"not_picked":["bronze:MaxOutput","bronze:Frontload"],"picked":"bronze:Deprecate","floor":3.0},{"not_picked":["bronze:FineTuning","bronze:Allocate"],"picked":"bronze:GetLatest","floor":4.0},{"not_picked":["bronze:DelayedGuard","bronze:BuggyMess"],"picked":"bronze:ForLoop","floor":6.0},{"not_picked":["bronze:ItsAFeature+1","bronze:Iterate","bronze:BronzeOrb"],"picked":"SKIP","floor":10.0},{"not_picked":["bronze:Shield","bronze:CutThrough","bronze:Flail"],"picked":"SKIP","floor":11.0},{"not_picked":["bronze:Frontload","bronze:Separator"],"picked":"bronze:CleanCode+1","floor":12.0},{"not_picked":["bronze:Iterate","bronze:Overheat"],"picked":"bronze:WhirlingStrike","floor":13.0},{"not_picked":["bronze:DelayedGuard","bronze:Overload"],"picked":"bronze:OilSpill","floor":14},{"not_picked":["bronze:Turbo","bronze:Shell"],"picked":"bronze:Invalidate","floor":15}],"player_experience":1520678,"relics_obtained":[{"floor":8.0,"key":"Frozen Egg 2"},{"floor":10.0,"key":"Boot"},{"floor":13.0,"key":"Bag of Preparation"}],"event_choices":[],"is_beta":false,"boss_relics":[],"items_purged_floors":[],"is_endless":false,"potions_floor_spawned":[3,4,15],"killed_by":"DF_ARCHETYPE_STREAMLINE","ascension_level":0}}