{"host":"p9xedk00duaz8l9n","time":1614169117,"event":{"mods":["BaseMod","Colored Map","DeckTracker","Highlight Path","Minty Spire (QoL Compilation)","Relic Stats","SuperFastMode"],"gold_per_floor":[116,129,17,37,53,53,83,83,133,166,192,210,210,223,223,302,302,318,336,261,186,33,33,33],"floor_reached":23,"language":"JPN","playtime":1076,"items_purged":["Strike_R","Defend_R"],"score":402,"play_id":"404ef37b-09ab-4913-8cae-a8afba330e00","local_time":"20210224211837","is_ascension_mode":true,"campfire_choices":[{"data":"Havoc","floor":6.0,"key":"SMITH"},{"data":"True Grit","floor":8.0,"key":"SMITH"},{"floor":13.0,"key":"REST"},{"data":"Bash","floor":15.0,"key":"SMITH"}],"circlet_count":0,"master_deck":["AscendersBane","Strike_R","Strike_R","Strike_R","Defend_R","Defend_R+1","Defend_R","Bash+1","Spot Weakness","True Grit+1","Twin Strike","Havoc+1","Battle Trance","Havoc+1","Shrug It Off","Power Through","Impervious","Dark Embrace+1"],"relics":["Burning Blood","Dead Branch","Blue Candle","PreservedInsect","Bag of Marbles","War Paint","Cursed Key"],"acts_visited":["TheCity"],"potions_floor_usage":[23],"damage_taken":[{"damage":7.0,"enemies":"Cultist","floor":1.0,"turns":4.0},{"damage":2.0,"enemies":"2 Louse","floor":2.0,"turns":3.0},{"damage":2.0,"enemies":"Jaw Worm","floor":4.0,"turns":5.0},{"damage":8.0,"enemies":"Blue Slaver","floor":5.0,"turns":2.0},{"damage":20.0,"enemies":"Lagavulin","floor":7.0,"turns":6.0},{"damage":20.0,"enemies":"Gremlin Nob","floor":10.0,"turns":4.0},{"damage":6.0,"enemies":"3 Louse","floor":12.0,"turns":2.0},{"damage":2.0,"enemies":"Looter","floor":14.0,"turns":2.0},{"damage":46.0,"enemies":"Slime Boss","floor":16.0,"turns":10.0},{"damage":11,"enemies":"Spheric Guardian","floor":18,"turns":5},{"damage":11,"enemies":"Chosen","floor":19,"turns":5},{"damage":58,"enemies":"Slavers","floor":23,"turns":4}],"seed_played":"7096819862344705001","potions_obtained":[{"floor":1.0,"key":"Energy Potion"},{"floor":7.0,"key":"EssenceOfSteel"},{"floor":10.0,"key":"DistilledChaos"},{"floor":12.0,"key":"SmokeBomb"},{"floor":19,"key":"SpeedPotion"}],"is_trial":false,"path_per_floor":["M","M","$","M","M","R","E","R","T","E","T","M","R","M","R","B",null,"M","M","$","?","$","E"],"character_chosen":"IRONCLAD","items_purchased":["True Grit","Strength Potion","Weak Potion"],"campfire_rested":1,"item_purchase_floors":[3,3,22],"current_hp_per_floor":[49,53,53,57,55,55,41,41,41,27,27,27,49,53,53,13,60,55,50,50,50,50,0,0],"gold":33,"neow_bonus":"ONE_RARE_RELIC","is_daily":false,"chose_seed":false,"campfire_upgraded":3,"win_rate":0.0,"timestamp":1614169117,"path_taken":["M","?","$","M","M","R","E","R","T","E","?","M","R","M","R","BOSS","M","M","$","?","$","E"],"items_purchased_type":["Card","Potion","Potion"],"build_version":"2020-12-22","purchased_purges":2,"victory":false,"max_hp_per_floor":[75,75,75,75,75,75,75,75,75,75,75,75,75,75,75,75,75,75,75,75,75,75,75,75],"relic_stats":{"counters":[3,14],"Dead Branch":[19],"Blue Candle":[1],"PreservedInsect":42,"War Paint":[],"Cursed Key":0,"obtain_stats":[{"Dead Branch":0,"Blue Candle":0,"PreservedInsect":0,"Bag of Marbles":0,"War Paint":0,"Cursed Key":17,"Burning Blood":0},{"Dead Branch":0,"Blue Candle":0,"PreservedInsect":0,"Bag of Marbles":0,"War Paint":0,"Cursed Key":0,"Burning Blood":0},{"Dead Branch":0,"Blue Candle":0,"PreservedInsect":0,"Bag of Marbles":0,"War Paint":0,"Cursed Key":0,"Burning Blood":0}],"Burning Blood":12},"card_choices":[{"not_picked":["Power Through","Body Slam"],"picked":"Spot Weakness","floor":1.0},{"not_picked":["Sentinel","Blood for Blood","Flex"],"picked":"SKIP","floor":2.0},{"not_picked":["Perfected Strike","Armaments"],"picked":"Twin Strike","floor":4.0},{"not_picked":["True Grit","Pommel Strike"],"picked":"Havoc","floor":5.0},{"not_picked":["Anger","Rupture"],"picked":"Battle Trance","floor":7.0},{"not_picked":["Metallicize","Anger"],"picked":"Havoc","floor":10.0},{"not_picked":["Entrench","Metallicize"],"picked":"Shrug It Off","floor":12.0},{"not_picked":["Rampage","Rage"],"picked":"Power Through","floor":14.0},{"not_picked":["Juggernaut","Double Tap"],"picked":"Impervious","floor":16.0},{"not_picked":["Cleave","Iron Wave"],"picked":"Dark Embrace+1","floor":18},{"not_picked":["Body Slam","Clash","Rampage"],"picked":"SKIP","floor":19}],"player_experience":850209,"relics_obtained":[{"floor":7.0,"key":"Blue Candle"},{"floor":9.0,"key":"PreservedInsect"},{"floor":10.0,"key":"Bag of Marbles"},{"floor":11.0,"key":"War Paint"}],"event_choices":[{"cards_removed":["Strike_R"],"damage_healed":0,"gold_gain":0,"player_choice":"Gave Gold","damage_taken":0,"max_hp_gain":0,"max_hp_loss":0,"event_name":"Beggar","floor":21,"gold_loss":75}],"is_beta":false,"boss_relics":[{"not_picked":["SacredBark","Astrolabe"],"picked":"Cursed Key"}],"items_purged_floors":[20,22],"is_endless":false,"potions_floor_spawned":[1,7,10,12,19],"killed_by":"Slavers","ascension_level":20}}