{"host":"iawk615p0198zs2h","time":1614194343,"event":{"mods":["BaseMod","Better Third Choice","BetterRewards","Downfall","Gold Saver","Minty Spire (QoL Compilation)","Quick Restart","Rare Cards Sparkle","Replay The Spire","Spicy Shops","StSLib","The Necromancer"],"gold_per_floor":[534,534,534,534,534,534,553,579,579,594,620,291,306,53,53,155,155,168,93,40,53,73,103,103,131,180,191,191,208,220,70,70,70,70],"floor_reached":33,"language":"ENG","playtime":1656,"items_purged":["Strike_R","Strike_R","Defend_R","Delirium"],"score":454,"play_id":"6bd653b5-8979-4976-a401-e0520dc997e5","local_time":"20210224201903","is_ascension_mode":true,"campfire_choices":[{"data":"Rampage","floor":6,"key":"SMITH"},{"data":"Uppercut","floor":15,"key":"SMITH"},{"data":"Brutality","floor":24,"key":"SMITH"},{"data":"Defend_R","floor":32,"key":"PURGE"}],"circlet_count":0,"master_deck":["Strike_R+1","Strike_R+1","Defend_R","Bash","Uppercut+1","Rampage+1","Spot Weakness","Carnage","Reckless Charge+1","Brutality+1","Trip","Offering","Disarm+1","Flame Barrier+1","ReplayTheSpireMod:Stacked","ReplayTheSpireMod:Muscle Training"],"relics":["Burning Blood","Blue Candle","Simple Rune","Anchor","Sundial","SlaversCollar","HornCleat","Mercury Hourglass","Art of War","Bag of Preparation","ReplayTheSpireMod:Ring of Exchange","Ring of Searing"],"acts_visited":["Exordium","TheCity"],"potions_floor_usage":[11,16,16,33],"damage_taken":[{"damage":8,"enemies":"Jaw Worm","floor":1,"turns":4},{"damage":4,"enemies":"Small Slimes","floor":7,"turns":4},{"damage":14,"enemies":"Gremlin Nob","floor":8,"turns":4},{"damage":0,"enemies":"2 Louse","floor":10,"turns":2},{"damage":25,"enemies":"Lagavulin","floor":11,"turns":6},{"damage":2,"enemies":"Gremlin Gang","floor":13,"turns":4},{"damage":56,"enemies":"Fading Forest","floor":16,"turns":11},{"damage":6,"enemies":"Chosen","floor":18,"turns":2},{"damage":6,"enemies":"Shell Parasite","floor":21,"turns":2},{"damage":26,"enemies":"Chosen and Byrds","floor":22,"turns":6},{"damage":12,"enemies":"Replay:Snechameleon","floor":23,"turns":4},{"damage":26,"enemies":"Gremlin Leader","floor":25,"turns":5},{"damage":7,"enemies":"Snake Plant","floor":27,"turns":2},{"damage":9,"enemies":"Snecko","floor":29,"turns":3},{"damage":18,"enemies":"Sentry and Sphere","floor":30,"turns":5},{"damage":18,"enemies":"Collector","floor":33,"turns":4}],"seed_played":"-4759643230447129793","potions_obtained":[{"floor":1,"key":"Energy Potion"},{"floor":7,"key":"hexamod:SoulburnPotion"},{"floor":8,"key":"hexamod:SoulburnPotion"},{"floor":21,"key":"Venom Potion"},{"floor":23,"key":"sneckomod:MuddlingPotion"},{"floor":25,"key":"BlessingOfTheForge"}],"is_trial":false,"path_per_floor":["M","?","?","?","?","R","M","E","T","M","E","$","M","$","R","B",null,"M","?","?","M","M","E","R","E","T","M","?","M","M","$","R","B"],"character_chosen":"IRONCLAD","items_purchased":["Uppercut","Reckless Charge+1","Brutality","Trip"],"campfire_rested":0,"item_purchase_floors":[0,12,12,14],"current_hp_per_floor":[62,57,57,50,80,80,80,72,72,78,59,59,63,63,63,35,80,80,80,80,80,60,54,54,34,34,33,33,30,18,18,18,0,0],"gold":70,"neow_bonus":"","is_daily":false,"chose_seed":false,"campfire_upgraded":3,"win_rate":0.0,"timestamp":1614194343,"path_taken":["M","?","?","?","?","R","M","E","T","M","E","$","?","$","R","BOSS","M","?","?","M","?","E","R","E","T","M","?","M","M","$","R","BOSS"],"items_purchased_type":["Card","Card","Card","Card"],"build_version":"2020-12-22","purchased_purges":4,"victory":false,"max_hp_per_floor":[80,80,80,80,80,80,80,80,80,80,80,80,80,80,80,80,80,80,80,80,80,80,80,80,80,80,80,80,80,80,80,80,80,80],"card_choices":[{"not_picked":["Wild Strike","Sentinel"],"picked":"Rampage","floor":1},{"not_picked":["Body Slam","Rupture","ReplayTheSpireMod:Limb From Limb"],"picked":"SKIP","floor":7},{"not_picked":["Heavy Blade","Perfected Strike"],"picked":"Spot Weakness","floor":8},{"not_picked":["Iron Wave","Second Wind"],"picked":"Carnage","floor":10},{"not_picked":["Warcry","ReplayTheSpireMod:Strike From Hell","Dual Wield"],"picked":"SKIP","floor":11},{"not_picked":["Havoc","Replay:Undeath\u0027s Touch","Abandon"],"picked":"SKIP","floor":13},{"not_picked":["Impervious","Demonic Infusion"],"picked":"Offering","floor":16},{"not_picked":["Body Slam","Sentinel+1","Perfected Strike"],"picked":"SKIP","floor":18},{"not_picked":["Carnage","ReplayTheSpireMod:Limb From Limb"],"picked":"Disarm+1","floor":21},{"not_picked":["Cleave+1","Twin Strike"],"picked":"Flame Barrier+1","floor":22},{"not_picked":["Havoc+1","Limit Break"],"picked":"ReplayTheSpireMod:Stacked","floor":23},{"not_picked":["Heavy Blade","Body Slam+1","Twin Strike"],"picked":"SKIP","floor":25},{"not_picked":["Hemokinesis+1","ReplayTheSpireMod:Strike From Hell","Clothesline+1"],"picked":"SKIP","floor":27},{"not_picked":["Bloodletting","Pommel Strike+1","True Grit"],"picked":"SKIP","floor":29},{"not_picked":["Hemokinesis","Warcry"],"picked":"ReplayTheSpireMod:Muscle Training","floor":30}],"player_experience":233172,"relics_obtained":[{"floor":8,"key":"Simple Rune"},{"floor":9,"key":"Anchor"},{"floor":11,"key":"Sundial"},{"floor":23,"key":"Mercury Hourglass"},{"floor":25,"key":"Art of War"},{"floor":26,"key":"Bag of Preparation"},{"floor":28,"key":"ReplayTheSpireMod:Ring of Exchange"},{"floor":28,"key":"Ring of Searing"}],"event_choices":[{"damage_healed":0,"gold_gain":0,"player_choice":"Ignored","damage_taken":534,"max_hp_gain":0,"max_hp_loss":0,"event_name":"betterThird:BetterSerpent","floor":3,"gold_loss":0},{"cards_removed":["Strike_R"],"damage_healed":0,"gold_gain":0,"player_choice":"Card Removal","damage_taken":7,"max_hp_gain":0,"max_hp_loss":0,"event_name":"Golden Wing","floor":4,"gold_loss":0},{"damage_healed":30,"gold_gain":0,"player_choice":"Full Heal","damage_taken":0,"max_hp_gain":0,"max_hp_loss":0,"event_name":"Wheel of Change","floor":5,"gold_loss":0},{"cards_removed":["Defend_R"],"damage_healed":0,"gold_gain":0,"player_choice":"Gave Gold","damage_taken":0,"max_hp_gain":0,"max_hp_loss":0,"event_name":"Beggar","floor":19,"gold_loss":75},{"damage_healed":0,"gold_gain":0,"player_choice":"Paid Gold","damage_taken":0,"relics_obtained":["HornCleat"],"max_hp_gain":0,"max_hp_loss":0,"event_name":"WeMeetAgain","floor":20,"gold_loss":53}],"is_beta":false,"boss_relics":[{"not_picked":["Replay:Wanted Poster","Runic Dome"],"picked":"SlaversCollar"}],"items_purged_floors":[0,12,14,31],"is_endless":false,"potions_floor_spawned":[1,7,8,21,23,25,30],"killed_by":"Collector","ascension_level":3}}