{"host":"9rxgn077cyjlend4","time":1614177063,"event":{"mods":["BaseMod","Minty Spire (QoL Compilation)","StSLib"],"gold_per_floor":[115,85,103,116,130,156,168,192,204,216,4,4,4,4],"floor_reached":13,"language":"ENG","playtime":464,"items_purged":["Strike_P"],"score":123,"play_id":"1f8097cc-06a3-4734-993d-5f6500fe2150","local_time":"20210224143103","is_ascension_mode":true,"campfire_choices":[{"data":"Eruption","floor":7,"key":"SMITH"},{"data":"Conclude","floor":10,"key":"SMITH"},{"data":"CutThroughFate","floor":12,"key":"SMITH"}],"circlet_count":0,"master_deck":["Strike_P","Strike_P","Strike_P","Defend_P","Defend_P","Defend_P","Defend_P","Eruption+1","Vigilance","FlurryOfBlows","Conclude+1","FlurryOfBlows","CutThroughFate+1","FearNoEvil","EmptyFist"],"relics":["PureWater","Gambling Chip","MawBank","Ginger","Orichalcum"],"acts_visited":["Exordium"],"potions_floor_usage":[6,6,6],"damage_taken":[{"damage":0,"enemies":"Jaw Worm","floor":1,"turns":4},{"damage":2,"enemies":"Cultist","floor":3,"turns":4},{"damage":0,"enemies":"Small Slimes","floor":4,"turns":2},{"damage":2,"enemies":"2 Fungi Beasts","floor":5,"turns":2},{"damage":36,"enemies":"3 Sentries","floor":6,"turns":5},{"damage":0,"enemies":"Blue Slaver","floor":8,"turns":2},{"damage":26,"enemies":"Lagavulin","floor":13,"turns":3}],"seed_played":"7687423161958442537","potions_obtained":[{"floor":2,"key":"Regen Potion"},{"floor":2,"key":"PowerPotion"},{"floor":4,"key":"Block Potion"},{"floor":5,"key":"Energy Potion"}],"is_trial":false,"path_per_floor":["M","?","M","M","M","E","R","M","T","R","$","R","E"],"character_chosen":"WATCHER","items_purchased":["Orichalcum"],"campfire_rested":0,"item_purchase_floors":[11],"current_hp_per_floor":[47,47,45,45,43,21,21,21,21,21,21,21,0,0],"gold":4,"neow_bonus":"ONE_RARE_RELIC","is_daily":false,"chose_seed":false,"campfire_upgraded":3,"win_rate":0.0,"timestamp":1614177063,"path_taken":["M","?","?","M","M","E","R","M","T","R","$","R","E"],"items_purchased_type":["Relic"],"build_version":"2020-12-22","purchased_purges":1,"victory":false,"max_hp_per_floor":[72,72,72,72,72,72,72,72,72,72,72,72,72,72],"card_choices":[{"not_picked":["Prostrate","Perseverance"],"picked":"FlurryOfBlows","floor":1},{"not_picked":["FlurryOfBlows","Crescendo"],"picked":"Conclude","floor":3},{"not_picked":["Weave","Meditate"],"picked":"FlurryOfBlows","floor":4},{"not_picked":["FlurryOfBlows","WreathOfFlame"],"picked":"CutThroughFate","floor":5},{"not_picked":["Judgement","ThirdEye"],"picked":"FearNoEvil","floor":6},{"not_picked":["FlyingSleeves","BowlingBash"],"picked":"EmptyFist","floor":8}],"player_experience":691130,"relics_obtained":[{"floor":6,"key":"MawBank"},{"floor":9,"key":"Ginger"}],"event_choices":[{"damage_healed":0,"gold_gain":0,"player_choice":"Bought 2 Potions","damage_taken":0,"max_hp_gain":0,"max_hp_loss":0,"event_name":"The Woman in Blue","floor":2,"gold_loss":0}],"is_beta":false,"boss_relics":[],"items_purged_floors":[11],"is_endless":false,"potions_floor_spawned":[4,5],"killed_by":"Lagavulin","ascension_level":9}}