{"host":"by8i6f8xc0ywpsd5","time":1614176303,"event":{"mods":["BaseMod","Colored Map","Minty Spire (QoL Compilation)","Relic Stats"],"gold_per_floor":[111,127,138,138,138,176,176,176,176],"floor_reached":8,"language":"ENG","playtime":393,"items_purged":[],"score":112,"play_id":"019eecee-d9d9-4fe7-ad7e-8fa631a2e1eb","local_time":"20210224161823","is_ascension_mode":true,"campfire_choices":[{"data":"Body Slam","floor":7,"key":"SMITH"}],"circlet_count":0,"master_deck":["AscendersBane","Strike_R","Strike_R","Strike_R","Strike_R","Defend_R","Defend_R","Defend_R","Defend_R","Bash","Spot Weakness","Headbutt","Warcry","Body Slam+1","Second Wind"],"relics":["Burning Blood","CeramicFish"],"acts_visited":["Exordium"],"potions_floor_usage":[6,6],"damage_taken":[{"damage":9,"enemies":"Jaw Worm","floor":1,"turns":5},{"damage":7,"enemies":"Small Slimes","floor":2,"turns":5},{"damage":9,"enemies":"2 Louse","floor":3,"turns":4},{"damage":34,"enemies":"Lagavulin","floor":6,"turns":6},{"damage":60,"enemies":"Gremlin Nob","floor":8,"turns":4}],"seed_played":"-4501708942917053275","potions_obtained":[{"floor":1,"key":"LiquidMemories"},{"floor":3,"key":"Strength Potion"}],"is_trial":false,"path_per_floor":["M","M","M","?","?","E","R","E"],"character_chosen":"IRONCLAD","items_purchased":[],"campfire_rested":0,"item_purchase_floors":[],"current_hp_per_floor":[72,71,68,73,73,45,45,0,0],"gold":176,"neow_bonus":"TEN_PERCENT_HP_BONUS","is_daily":false,"chose_seed":false,"campfire_upgraded":1,"win_rate":0.0,"timestamp":1614176303,"path_taken":["M","M","M","?","?","E","R","E"],"items_purchased_type":[],"build_version":"2020-12-22","purchased_purges":0,"victory":false,"max_hp_per_floor":[82,82,82,87,87,87,87,87,87],"relic_stats":{"counters":[5,24],"CeramicFish":9,"obtain_stats":[{"CeramicFish":6,"Burning Blood":0},{"CeramicFish":4,"Burning Blood":0},{"CeramicFish":20,"Burning Blood":0}],"Burning Blood":24},"card_choices":[{"not_picked":["Bloodletting","Anger"],"picked":"Spot Weakness","floor":1},{"not_picked":["Evolve","Rampage"],"picked":"Headbutt","floor":2},{"not_picked":["Second Wind","Clash"],"picked":"Warcry","floor":3},{"not_picked":["Wild Strike","Body Slam"],"picked":"Second Wind","floor":6}],"player_experience":1784824,"relics_obtained":[{"floor":6,"key":"CeramicFish"}],"event_choices":[{"damage_healed":0,"gold_gain":0,"player_choice":"Donut","damage_taken":0,"max_hp_gain":5,"max_hp_loss":0,"event_name":"Big Fish","floor":4,"gold_loss":0},{"damage_healed":0,"gold_gain":0,"cards_transformed":["Strike_R"],"player_choice":"Change","damage_taken":0,"max_hp_gain":0,"max_hp_loss":0,"event_name":"Living Wall","floor":5,"gold_loss":0,"cards_obtained":["Body Slam"]}],"is_beta":false,"boss_relics":[],"items_purged_floors":[],"is_endless":false,"potions_floor_spawned":[1,3],"killed_by":"Gremlin Nob","ascension_level":20}}