{"host":"2hz3p8f82lqex3pd","time":1614195163,"event":{"mods":["AchievementEnabler","BaseMod","Minty Spire (QoL Compilation)"],"gold_per_floor":[117,117,117,140,159,188,205,29,29,29,39,73,73,73,73,174,174,174,174],"floor_reached":18,"language":"ENG","playtime":598,"items_purged":["Regret"],"score":229,"play_id":"f0d6284d-62cb-4cbd-b5f6-5e4ccdaff7f1","local_time":"20210224143243","is_ascension_mode":true,"campfire_choices":[{"data":"Loop","floor":10,"key":"SMITH"},{"floor":13,"key":"REST"},{"data":"Barrage","floor":15,"key":"SMITH"}],"circlet_count":0,"master_deck":["Strike_B","Strike_B","Strike_B","Strike_B","Defend_B","Defend_B","Defend_B","Defend_B","Zap+1","Dualcast","Barrage+1","Ball Lightning","Loop+1","FTL","Buffer"],"relics":["Cracked Core","Unceasing Top","Orichalcum","Blood Vial","The Courier","Kunai","Darkstone Periapt","Runic Dome"],"acts_visited":["Exordium","TheCity"],"potions_floor_usage":[12,16],"damage_taken":[{"damage":5,"enemies":"Jaw Worm","floor":1,"turns":4},{"damage":2,"enemies":"2 Louse","floor":5,"turns":3},{"damage":33,"enemies":"3 Sentries","floor":6,"turns":7},{"damage":1,"enemies":"Cultist","floor":7,"turns":3},{"damage":6,"enemies":"Exordium Wildlife","floor":11,"turns":2},{"damage":18,"enemies":"Lagavulin","floor":12,"turns":5},{"damage":0,"enemies":"Slime Boss","floor":16,"turns":5},{"damage":6,"enemies":"Shell Parasite","floor":18,"turns":2}],"seed_played":"-8642085825766159430","potions_obtained":[{"floor":5,"key":"FocusPotion"},{"floor":7,"key":"SteroidPotion"},{"floor":11,"key":"SneckoOil"},{"floor":16,"key":"EssenceOfDarkness"}],"is_trial":false,"path_per_floor":["M","?","?","T","M","E","M","$","T","R","M","E","R","?","R","B",null,"M"],"character_chosen":"DEFECT","items_purchased":["Loop","FTL"],"campfire_rested":1,"item_purchase_floors":[8,8],"current_hp_per_floor":[63,63,63,63,63,32,33,33,33,33,29,13,33,33,33,35,68,62,62],"gold":174,"neow_bonus":"ONE_RARE_RELIC","is_daily":false,"chose_seed":false,"campfire_upgraded":2,"win_rate":0.0,"timestamp":1614195163,"path_taken":["M","?","?","?","?","E","M","$","T","R","M","E","R","?","R","BOSS","M"],"items_purchased_type":["Card","Card"],"build_version":"2020-12-22","purchased_purges":1,"victory":false,"max_hp_per_floor":[68,68,68,68,68,68,68,68,68,68,68,68,68,68,68,68,68,68,68],"card_choices":[{"not_picked":["Streamline","Sweeping Beam","Doom and Gloom"],"picked":"SKIP","floor":1},{"not_picked":["Conserve Battery","Compile Driver","Skim"],"picked":"SKIP","floor":5},{"not_picked":["Conserve Battery","Compile Driver","Skim"],"picked":"SKIP","floor":5},{"not_picked":["Auto Shields","Melter"],"picked":"Barrage","floor":6},{"not_picked":["Gash","Darkness"],"picked":"Ball Lightning","floor":7},{"not_picked":["Stack","Skim","Turbo"],"picked":"SKIP","floor":11},{"not_picked":["Conserve Battery","Auto Shields","Thunder Strike"],"picked":"SKIP","floor":12},{"not_picked":["Thunder Strike","Fission"],"picked":"Buffer","floor":16}],"player_experience":207102,"relics_obtained":[{"floor":4,"key":"Blood Vial"},{"floor":6,"key":"The Courier"},{"floor":9,"key":"Kunai"},{"floor":12,"key":"Darkstone Periapt"}],"event_choices":[{"damage_healed":0,"gold_gain":0,"player_choice":"Grow","damage_taken":0,"max_hp_gain":0,"max_hp_loss":0,"event_name":"Living Wall","floor":2,"gold_loss":0,"cards_upgraded":["Zap"]},{"damage_healed":0,"gold_gain":0,"player_choice":"Box","damage_taken":0,"relics_obtained":["Orichalcum"],"max_hp_gain":0,"max_hp_loss":0,"event_name":"Big Fish","floor":3,"gold_loss":0,"cards_obtained":["Regret"]},{"damage_healed":0,"gold_gain":0,"player_choice":"Ignored","damage_taken":0,"max_hp_gain":0,"max_hp_loss":0,"event_name":"Shining Light","floor":14,"gold_loss":0}],"is_beta":false,"boss_relics":[{"not_picked":["Black Star","Empty Cage"],"picked":"Runic Dome"}],"items_purged_floors":[8],"is_endless":false,"potions_floor_spawned":[5,7,11,16],"killed_by":"Shell Parasite","ascension_level":1}}