{"host":"d73an99q9oevilk5","time":1614153277,"event":{"mods":["2.2 Compatiblity","AchievementEnabler","Act Like it!","Aspiration","BaseMod","Beaked The Cultist","Better Third Choice","BetterRewards","Colored Map","Colored Powertips","Conspire","Downfall","GifTheSpireLib","Halation","Hubris","Infinite Spire","Marisa????????","Mimic Mod","Minty Spire (QoL Compilation)","MostiFishMod","Quick Restart","Relic Sorter","Reliquary","Replay The Spire","Shop Mod","Spikes Relics","StSLib","Stuff the Spire","The Cursed","The Jungle","The Necromancer","The Saiyan","Waifu the Spire","egg","slay the spire mod where everything is the same but ironclad has a cowboy hat"],"gold_per_floor":[116,129,129,129,139,139,170,170,170,187,201,214,243,243,243,348,348,365,365,365,375,386,420,420,445,471,490,500,529,543,554,554,659,659,670,544,558,577,589,622,639,658,682,350,350,350,350,0,0,0],"floor_reached":51,"language":"ENG","playtime":7461,"items_purged":["Shame","Strike_G"],"score":1113,"play_id":"ee7c1a8d-6df0-4ba6-a1f3-7d42e89718e5","local_time":"20210224005437","is_ascension_mode":false,"campfire_choices":[{"data":"Footwork","floor":6.0,"key":"SMITH"},{"data":"Bouncing Flask","floor":8.0,"key":"SMITH"},{"data":"infinitespire:Neurotoxin","floor":15.0,"key":"SMITH"},{"floor":32.0,"key":"REST"},{"floor":49.0,"key":"REST"}],"circlet_count":0,"master_deck":["Strike_G+1","Strike_G","Strike_G","Strike_G+1","Defend_G","Defend_G","Defend_G","Defend_G","Defend_G","Survivor","Neutralize","Footwork+1","Replay:Poison Smokescreen","Bouncing Flask+1","Poisoned Stab","Replay:Bag of Tricks","infinitespire:Neurotoxin+1","Corpse Explosion","Footwork+1","BlessedFruit","BlessedFruit","Calculated Gamble+1","Prepared+1","Burst","Corpse Explosion","Deadly Poison+1","Malaise","Noxious Fumes","MostiFishMod:StoryBook+1"],"relics":["Ring of the Snake","DaveBox","JellyFishMachine","conspire:Dentures","Torii","The Specimen","SynthV:TestCard","Boot","aspiration:TomeofQuesting","RetroEgg","Mummified Hand","Busted Crown","halation:PinkSoulGem","hubris:Towel","HeavenlyBonsai","Ginger","conspire:DecoderRing","infinitespire:Beetle Shell","reliquary:RoseTintedGlasses","Strawberry","FossilizedHelix","Iron Hammer","Simple Rune","halation:PapillonHeart","halation:Toothbrush","Red Mask"],"acts_visited":["Exordium","TheCity","TheBeyond"],"potions_floor_usage":[50,50,50],"damage_taken":[{"damage":0.0,"enemies":"2 Louse","floor":1.0,"turns":2.0},{"damage":0.0,"enemies":"Cultist","floor":2.0,"turns":4.0},{"damage":0.0,"enemies":"Small Slimes","floor":5.0,"turns":4.0},{"damage":10.0,"enemies":"Lagavulin","floor":7.0,"turns":4.0},{"damage":0.0,"enemies":"Exordium Wildlife","floor":10.0,"turns":3.0},{"damage":0.0,"enemies":"Exordium Thugs","floor":11.0,"turns":3.0},{"damage":0.0,"enemies":"Large Slime","floor":12.0,"turns":3.0},{"damage":12.0,"enemies":"Gremlin Nob","floor":13.0,"turns":3.0},{"damage":0.0,"enemies":"The Guardian","floor":16.0,"turns":7.0},{"damage":0.0,"enemies":"Spheric Guardian","floor":18.0,"turns":2.0},{"damage":0.0,"enemies":"Chosen","floor":21.0,"turns":4.0},{"damage":8.0,"enemies":"Shelled Parasite and Fungi","floor":22.0,"turns":3.0},{"damage":0.0,"enemies":"Sentry and Sphere","floor":23.0,"turns":9.0},{"damage":2.0,"enemies":"Gremlin Leader","floor":25.0,"turns":5.0},{"damage":15.0,"enemies":"Sentry and Sphere","floor":27.0,"turns":4.0},{"damage":7.0,"enemies":"3 Cultists","floor":28.0,"turns":3.0},{"damage":1.0,"enemies":"conspire:Head Lice","floor":29.0,"turns":3.0},{"damage":7.0,"enemies":"Centurion and Healer","floor":30.0,"turns":4.0},{"damage":8.0,"enemies":"Snake Plant","floor":31.0,"turns":3.0},{"damage":19.0,"enemies":"conspire:MysteriousRune","floor":33.0,"turns":7.0},{"damage":0.0,"enemies":"3 Darklings","floor":35.0,"turns":2.0},{"damage":0.0,"enemies":"Orb Walker","floor":37.0,"turns":2.0},{"damage":0.0,"enemies":"Spire Growth","floor":38.0,"turns":3.0},{"damage":0.0,"enemies":"Jaw Worm Horde","floor":39.0,"turns":2.0},{"damage":2.0,"enemies":"Giant Head","floor":40.0,"turns":5.0},{"damage":0.0,"enemies":"3 Darklings","floor":41.0,"turns":2.0},{"damage":0.0,"enemies":"Transient","floor":42.0,"turns":5.0},{"damage":37.0,"enemies":"Nemesis","floor":46.0,"turns":7.0},{"damage":0,"enemies":"hubris:GrandSnecko","floor":50,"turns":6}],"seed_played":"-7739603323000980733","potions_obtained":[{"floor":2.0,"key":"hexamod:SoulburnPotion"},{"floor":7.0,"key":"Languid Potion"},{"floor":11.0,"key":"Poison Potion"},{"floor":13.0,"key":"Toxic Potion"},{"floor":16.0,"key":"Explosive Potion"},{"floor":29.0,"key":"Languid Potion"},{"floor":30.0,"key":"AttackPotion"},{"floor":33.0,"key":"hexamod:SoulburnPotion"},{"floor":41.0,"key":"EssenceOfSteel"},{"floor":42.0,"key":"Ancient Potion"}],"is_trial":false,"path_per_floor":["M","M","?","?","M","R","E","R","T","M","M","M","E","?","R","B",null,"M","?","?","M","M","MIM","AVR","E","T","M","M","E","M","M","R","B",null,"M","?","M","M","M","E","M","M","T","$","?","E","?","?","R","B",null],"character_chosen":"THE_SILENT","items_purchased":["conspire:Dentures","Footwork","Torii","Noxious Fumes","MostiFishMod:StoryBook"],"campfire_rested":2,"item_purchase_floors":[0,0,0,44,44],"current_hp_per_floor":[70,70,70,70,70,70,60,60,60,60,60,60,48,48,48,48,70,70,70,70,70,62,62,62,62,62,48,42,49,44,37,62,45,87,88,88,89,90,91,91,93,95,95,95,92,57,57,57,85,89],"gold":0,"neow_bonus":"","is_daily":false,"chose_seed":false,"campfire_upgraded":3,"win_rate":0.0,"timestamp":1614153277,"path_taken":["M","M","?","?","M","R","E","R","T","M","M","M","E","?","R","BOSS","M","?","?","M","?","?","AVR","E","T","M","M","E","M","M","R","BOSS","M","?","?","M","M","E","M","M","T","$","?","E","?","?","R","BOSS"],"items_purchased_type":["Relic","Card","Relic","Card","Card"],"build_version":"2020-12-22","purchased_purges":2,"victory":true,"max_hp_per_floor":[70,70,70,70,70,70,70,70,70,70,70,70,70,70,70,70,70,70,70,70,70,70,70,70,72,72,73,74,82,84,85,85,87,87,88,88,89,90,91,93,95,97,97,97,92,94,94,94,94,98],"card_choices":[{"not_picked":["Bane","hubris:SlightOfHand","Hidden Blade"],"picked":"SKIP","floor":1.0},{"not_picked":["Quick Slash","Poisoned Stab","Deadly Poison","PiercingWail"],"picked":"Replay:Poison Smokescreen","floor":2.0},{"not_picked":["Calculated Gamble","Reflex","StuffTheSpire:Repulse","StuffTheSpire:Python"],"picked":"Bouncing Flask","floor":5.0},{"not_picked":["StuffTheSpire:BumpUp","Dagger Throw","StuffTheSpire:Injection","Endless Agony"],"picked":"Poisoned Stab","floor":7.0},{"not_picked":["Dagger Throw","StuffTheSpire:Injection","Quick Slash","MostiFishMod:VineMother","Outmaneuver"],"picked":"SKIP","floor":10.0},{"not_picked":["All Out Attack","Outmaneuver","Bane","PiercingWail"],"picked":"Replay:Bag of Tricks","floor":11.0},{"not_picked":["StuffTheSpire:Sprint","Sneak Up","conspire:DoublingDagger","All Out Attack","PiercingWail"],"picked":"SKIP","floor":12.0},{"not_picked":["MostiFishMod:ThornCasing","hubris:SlightOfHand","Dagger Throw","Blade Dance"],"picked":"infinitespire:Neurotoxin","floor":13.0},{"not_picked":["Doppelganger","MostiFishMod:Confrontation","MostiFishMod:SpreadingSpore","MostiFishMod:GrandStart"],"picked":"Corpse Explosion","floor":16.0},{"not_picked":["conspire:DoublingDagger","Acrobatics","Dagger Spray"],"picked":"SKIP","floor":18.0},{"not_picked":["Blade Dance","PiercingWail"],"picked":"Footwork+1","floor":21.0},{"not_picked":["Bane","Predator","Prepared"],"picked":"SKIP","floor":22.0},{"not_picked":["Backflip+1","Cloak And Dagger+1","Acrobatics"],"picked":"SKIP","floor":25.0},{"not_picked":["Acrobatics","Masterful Stab","ReplayTheSpireMod:The Works+1"],"picked":"SKIP","floor":27.0},{"not_picked":["StuffTheSpire:Injection+1","Flying Knee+1","Deflect"],"picked":"SKIP","floor":28.0},{"not_picked":["Dagger Spray+1","MostiFishMod:Listen","Bane"],"picked":"SKIP","floor":29.0},{"not_picked":["Sucker Punch+1","Flying Knee"],"picked":"Calculated Gamble","floor":30.0},{"not_picked":["Quick Slash","StuffTheSpire:BumpUp"],"picked":"Prepared","floor":31.0},{"not_picked":["Envenom","MostiFishMod:Listen"],"picked":"Burst","floor":33.0},{"not_picked":["Bane","Poisoned Stab","hubris:Sniper"],"picked":"SKIP","floor":35.0},{"not_picked":["Deadly Poison","StuffTheSpire:ClusterCrunch"],"picked":"Corpse Explosion","floor":37.0},{"not_picked":["ShadowRift+1","Distraction"],"picked":"Deadly Poison+1","floor":38.0},{"not_picked":["ReplayTheSpireMod:Tripwire","MostiFishMod:ThornCasing+1","ReplayTheSpireMod:Scrap Shanks"],"picked":"SKIP","floor":39.0},{"not_picked":["Flechettes+1","Dagger Throw+1"],"picked":"Malaise","floor":40.0},{"not_picked":["Slice+1","hubris:SlightOfHand+1","MostiFishMod:PerfectParry"],"picked":"SKIP","floor":41.0},{"not_picked":["Prepared","MostiFishMod:PerfectParry+1","Underhanded Strike+1"],"picked":"SKIP","floor":42.0},{"not_picked":["Sucker Punch+1","Backstab+1","Blade Dance+1"],"picked":"SKIP","floor":46.0}],"player_experience":1980393,"relics_obtained":[{"floor":1.0,"key":"SynthV:TestCard"},{"floor":7.0,"key":"aspiration:TomeofQuesting"},{"floor":9.0,"key":"RetroEgg"},{"floor":13.0,"key":"Mummified Hand"},{"floor":23.0,"key":"HeavenlyBonsai"},{"floor":23.0,"key":"Ginger"},{"floor":25.0,"key":"infinitespire:Beetle Shell"},{"floor":26.0,"key":"reliquary:RoseTintedGlasses"},{"floor":29.0,"key":"Strawberry"},{"floor":40.0,"key":"Iron Hammer"},{"floor":43.0,"key":"Simple Rune"},{"floor":46.0,"key":"halation:Toothbrush"}],"event_choices":[{"damage_healed":0.0,"max_hp_gain":0.0,"max_hp_loss":0.0,"gold_gain":0.0,"event_name":"NoteForYourself","player_choice":"Ignored","floor":14.0,"gold_loss":0.0,"damage_taken":0.0},{"damage_healed":0.0,"max_hp_gain":0.0,"max_hp_loss":0.0,"gold_gain":0.0,"event_name":"WeMeetAgain","player_choice":"Paid Gold","floor":36.0,"gold_loss":126.0,"damage_taken":0.0,"relics_obtained":["FossilizedHelix"]},{"damage_healed":0.0,"max_hp_gain":0.0,"max_hp_loss":0.0,"gold_gain":0.0,"event_name":"Tomb of Lord Red Mask","player_choice":"Paid","floor":48.0,"gold_loss":350.0,"damage_taken":0.0,"relics_obtained":["Red Mask"]}],"is_beta":false,"boss_relics":[{"not_picked":["Fusion Hammer","conspire:RoyalGoblet"],"picked":"Busted Crown"},{"not_picked":["StuffTheSpire:RunicHypercube","Kintsugi","Transparent"]}],"items_purged_floors":[24,44],"is_endless":false,"potions_floor_spawned":[2,7,11,13,16,18,21,29,30,31,33,38,41,42],"ascension_level":0}}