{"host":"h7xtspmc2x3i8s2i","time":1614162182,"event":{"mods":["2.2 Compatiblity","AchievementEnabler","Act Like it!","AlwaysNeverKeys","Aspiration","Astrologer","BaseMod","Bestiary","Better Altar","Better Match","Better Note","Better Sensory Stone","Better Skull","Better Third Choice","Better Vampires","Better-Laid Plans","Colored Map","Colored Powertips","Conjunction","Curses Come First","Defuse TimeMaze Blight","Dio Mod","Disable Question Mark Monsters","Dota2Spire","Downfall","EXCEPTION","Emptier Cage","Energized Spire","Evolution","Friendly Minions","GifTheSpireLib","Gold Saver","Gremlin Skip","Halation","Hubris","Hyrulean Relics","Jedi Mod","Key Reminder","Marked Mod","Minty Spire (QoL Compilation)","Permanent Neow","Potion Indicator Mod","Quick Restart","Random Character Button","Random Character Mod","Rare Cards Sparkle","Relic Filter","Relic Stats","Reliquary","Replay The Spire","SacredBarkPlus","Shop Mod","Smile Girya","Somnambulant","Spicy Shops","Spikes Relics","Spire Birthday Party","StSLib","Steal the Spire","Stuff the Spire","SuperFastMode","The Awakened One except there are too many feathers","The Blue Laboratory","The Cursed","The Death Knight","The Edgeheg","The Problem Sleuth","The Runesmith","The Wild Card","Trackpad","Transform Curses","Uncapped","Unceasing Turn Reminder","Virulent Crown","Wide Potions","everything is the same but u backflip on backflip","slay the spire mod where everything is the same but ironclad has a cowboy hat"],"gold_per_floor":[655,674,674,689,703,0,45,45,39,66,82,92,92,92,106,209,209,9,19,30,55,155,169,194,194,25,60,60,79,89,89,108,211,211,111,131,131,436,436,456,456,456,471,571,589,589,141,155,171,171,171,206,73,73,73,73],"floor_reached":57,"language":"ENG","playtime":2230,"items_purged":[],"score":1836,"play_id":"ed58b6ef-8e71-4cf8-b1c7-d1e7db20c33b","local_time":"20210224052302","is_ascension_mode":true,"campfire_choices":[{"floor":1,"key":"RECALL"},{"floor":8,"key":"REST"},{"data":"theEdgeheg:ChaosGrenade","floor":13,"key":"SMITH"},{"data":"theEdgeheg:EndlessKatanas","floor":35,"key":"SMITH"},{"data":"theEdgeheg:PlayRandomCard","floor":46,"key":"SMITH"},{"data":"ReplayTheSpireMod:Brewmster","floor":54,"key":"SMITH"}],"circlet_count":0,"master_deck":["theEdgeheg:ChaosWhip","theEdgeheg:StarterShootAttack","theEdgeheg:StarterShootAttack","theEdgeheg:StarterShootAttack","theEdgeheg:StarterDodgeSkill","theEdgeheg:StarterDodgeSkill","theEdgeheg:StarterDodgeSkill","theEdgeheg:BloodyKatana+1","theEdgeheg:ChaosControlSkill","theEdgeheg:GatherChaos+1","theEdgeheg:DodgeKatana+1","theEdgeheg:PlayRandomCard+1","theEdgeheg:Girlfriend","Replay:SS_hec_1","theEdgeheg:BlackKatana+1","theEdgeheg:ChaosGrenade+1","theEdgeheg:EndlessKatanas+1","theEdgeheg:EmeraldGirlfriend","theEdgeheg:TeleportsAbove+1","theEdgeheg:PlayRandomCard","theEdgeheg:ChaosWhip","theEdgeheg:RandomChaosCard+1","theEdgeheg:DodgeKatana","theEdgeheg:ChaosWhip","theEdgeheg:ChaosWhip+1","theEdgeheg:NothingPersonal","theEdgeheg:BlackKatana","Discovery","theEdgeheg:DrawBlade+1","ReplayTheSpireMod:Brewmster+1","theEdgeheg:DrawGun+1","Parasite","theEdgeheg:DrawGun+1","theEdgeheg:KatanaGF+1"],"relics":["theEdgeheg:UltimateLifeformRelic","theEdgeheg:CSGunRelic","EVO:Axolotl","Membership Card","MerchantsRug","TungstenRod","Ice Cream","theEdgeheg:GreenEmeraldRelic","Eternal Feather","Runic Dome","downfall:HeartBlessingRed","downfall:HeartBlessingGreen","Red Mask","trackpad:Compendium","Anchor","Bottled Lightning","Dota2Spire:AghanimScepter","sneckomod:SneckoTalon","downfall:HeartBlessingBlue","halation:PinkSoulGem","Blue Candle","jedi:HeartOfTheCards","OrangePellets","reliquary:WeakTea","Simple Rune","trackpad:RapidFire","Ancient Tea Set","hubris:EmptyBottle","Ginger","Vajra","TheAbacus"],"acts_visited":["Exordium","TheCity","TheBeyond","TheEnding"],"potions_floor_usage":[21,21,26,36,43,50,50,50,50,50,52,52,52,52,52,52,52,52,52,52,52,52,52,52,52,52,52,52,52,52,52,52,55,56,56,56,56,56,56,56,56,56,56,56],"damage_taken":[{"damage":1,"enemies":"2 Louse","floor":2,"turns":3},{"damage":0,"enemies":"Cultist","floor":4,"turns":4},{"damage":0,"enemies":"Small Slimes","floor":5,"turns":3},{"damage":3,"enemies":"downfall:FleeingMerchant","floor":6,"turns":4},{"damage":0,"enemies":"downfall:FleeingMerchant","floor":9,"turns":4},{"damage":0,"enemies":"Gremlin Nob","floor":10,"turns":5},{"damage":0,"enemies":"Gremlin Gang","floor":11,"turns":7},{"damage":0,"enemies":"downfall:LooterAlt","floor":12,"turns":3},{"damage":0,"enemies":"3 Louse","floor":15,"turns":4},{"damage":0,"enemies":"SI_SHIV_ARCHETYPE","floor":16,"turns":9},{"damage":0,"enemies":"Spheric Guardian","floor":19,"turns":4},{"damage":0,"enemies":"downfall:LooterAlt2","floor":20,"turns":3},{"damage":0,"enemies":"Masked Bandits","floor":21,"turns":4},{"damage":0,"enemies":"Cultist and Chosen","floor":23,"turns":5},{"damage":0,"enemies":"downfall:FleeingMerchant","floor":26,"turns":8},{"damage":0,"enemies":"Book of Stabbing","floor":27,"turns":4},{"damage":0,"enemies":"Sentry and Sphere","floor":29,"turns":4},{"damage":0,"enemies":"Snecko","floor":30,"turns":4},{"damage":0,"enemies":"3 Cultists","floor":32,"turns":2},{"damage":0,"enemies":"IC_MUSHROOM_ARCHETYPE","floor":33,"turns":5},{"damage":0,"enemies":"3 Shapes","floor":36,"turns":4},{"damage":0,"enemies":"downfall:FleeingMerchant","floor":38,"turns":3},{"damage":0,"enemies":"Orb Walker","floor":40,"turns":3},{"damage":0,"enemies":"4 Shapes","floor":43,"turns":5},{"damage":0,"enemies":"Transient","floor":45,"turns":5},{"damage":0,"enemies":"Maw","floor":48,"turns":2},{"damage":0,"enemies":"Writhing Mass","floor":49,"turns":5},{"damage":0,"enemies":"DF_ARCHETYPE_ORBS","floor":50,"turns":5},{"damage":0,"enemies":"downfall:CharBossMerchant","floor":52,"turns":7},{"damage":0,"enemies":"downfall:NeowBoss","floor":55,"turns":5},{"damage":1,"enemies":"downfall:NeowBossFinal","floor":56,"turns":4}],"seed_played":"7778193345131932859","potions_obtained":[{"floor":2,"key":"blueLaboratory:PyrophylliteBrew"},{"floor":5,"key":"BlessingOfTheForge"},{"floor":10,"key":"blueLaboratory:SavagePotion"},{"floor":16,"key":"LiquidBronze"},{"floor":21,"key":"Explosive Potion"},{"floor":23,"key":"jedi:holywater"},{"floor":27,"key":"blueLaboratory:RememoryPotion"},{"floor":29,"key":"blueLaboratory:Moonshine"},{"floor":32,"key":"hexamod:SoulburnPotion"},{"floor":36,"key":"blueLaboratory:BottleOfRum"},{"floor":40,"key":"Guardian:BlockOnCardUsePotion"},{"floor":45,"key":"sneckomod:MuddlingPotion"},{"floor":52,"key":"DistilledChaos"}],"is_trial":false,"path_per_floor":["R_BF","M","?","M","M","$","T","R","$","E","M","M","R","?","M","B",null,"R_BF","M","M","?","?","M","T","?","$","E","?","M","M","T","M","B",null,"R","M","?","?","?","M","T","?","M","?","M","R","$","M","M","B",null,"E","$","R","B","B",null],"character_chosen":"THE_DEFAULT","items_purchased":["Membership Card","MerchantsRug","theEdgeheg:Girlfriend","TungstenRod","Ice Cream","theEdgeheg:GreenEmeraldRelic","Replay:SS_hec_1","trackpad:Compendium","Anchor","Discovery","OrangePellets","reliquary:WeakTea","Simple Rune","trackpad:RapidFire","Ancient Tea Set","hubris:EmptyBottle","Vajra","TheAbacus"],"campfire_rested":1,"item_purchase_floors":[6,6,6,6,6,6,6,26,26,38,47,47,47,47,47,47,53,53],"current_hp_per_floor":[4,4,4,5,5,2,2,3,4,5,5,5,5,5,5,5,5,5,5,5,5,5,5,5,5,5,5,5,5,5,5,5,5,5,6,8,8,10,10,11,11,11,12,12,14,15,15,15,15,15,15,15,15,15,15,14],"gold":73,"neow_bonus":"ONE_RANDOM_RARE_CARD","is_daily":false,"chose_seed":false,"campfire_upgraded":4,"win_rate":0.0,"timestamp":1614162182,"path_taken":["R_BF","M","?","M","?","$","T","R","$","E","M","M","R","?","M","BOSS","R_BF","M","M","?","?","?","T","?","$","E","?","?","?","?","M","BOSS","R","M","?","?","?","?","T","?","M","?","M","R","$","M","M","BOSS","E","$","R","BOSS","BOSS"],"items_purchased_type":["Relic","Relic","Card","Relic","Relic","Relic","Card","Relic","Relic","Card","Relic","Relic","Relic","Relic","Relic","Relic","Relic","Relic"],"build_version":"2020-12-22","purchased_purges":0,"victory":true,"max_hp_per_floor":[5,5,5,5,5,5,5,5,5,5,5,5,5,5,5,5,5,5,5,5,5,5,5,5,5,5,5,5,5,5,5,5,5,5,15,15,15,15,15,15,15,15,15,15,15,15,15,15,15,15,15,15,15,15,15,15],"relic_stats":{"OrangePellets":[5],"TheAbacus":[6],"counters":[31,137],"Blue Candle":[9],"Eternal Feather":1,"Ginger":[8],"obtain_stats":[{"Ice Cream":6,"Vajra":53,"downfall:HeartBlessingGreen":18,"EVO:Axolotl":0,"Whetstone":7,"Ginger":52,"hubris:EmptyBottle":47,"Ancient Tea Set":47,"TheAbacus":53,"trackpad:RapidFire":47,"theEdgeheg:UltimateLifeformRelic":0,"downfall:HeartBlessingBlue":35,"trackpad:Compendium":26,"Red Mask":21,"Potion Belt":28,"MerchantsRug":6,"jedi:command_common":28,"downfall:HeartBlessingRed":18,"theEdgeheg:CSGunRelic":0,"Blue Candle":39,"Eternal Feather":10,"reliquary:WeakTea":47,"sneckomod:SneckoTalon":34,"jedi:HeartOfTheCards":41,"keyreminder:keyreminder":1,"Runic Dome":17,"OrangePellets":47,"Anchor":26,"Dota2Spire:AghanimScepter":31,"theEdgeheg:GreenEmeraldRelic":6,"Simple Rune":47,"Membership Card":6,"Bottled Lightning":27,"halation:PinkSoulGem":37,"TungstenRod":6},{"Ice Cream":4,"Vajra":29,"downfall:HeartBlessingGreen":10,"EVO:Axolotl":0,"Whetstone":4,"Ginger":29,"hubris:EmptyBottle":25,"Ancient Tea Set":25,"TheAbacus":29,"trackpad:RapidFire":25,"theEdgeheg:UltimateLifeformRelic":0,"downfall:HeartBlessingBlue":20,"trackpad:Compendium":15,"Red Mask":13,"Potion Belt":16,"MerchantsRug":4,"jedi:command_common":16,"downfall:HeartBlessingRed":10,"theEdgeheg:CSGunRelic":0,"Blue Candle":22,"Eternal Feather":6,"reliquary:WeakTea":25,"sneckomod:SneckoTalon":20,"jedi:HeartOfTheCards":23,"keyreminder:keyreminder":0,"Runic Dome":10,"OrangePellets":25,"Anchor":15,"Dota2Spire:AghanimScepter":18,"theEdgeheg:GreenEmeraldRelic":4,"Simple Rune":25,"Membership Card":4,"Bottled Lightning":16,"halation:PinkSoulGem":21,"TungstenRod":4},{"Ice Cream":14,"Vajra":128,"downfall:HeartBlessingGreen":46,"EVO:Axolotl":0,"Whetstone":14,"Ginger":128,"hubris:EmptyBottle":109,"Ancient Tea Set":109,"TheAbacus":128,"trackpad:RapidFire":109,"theEdgeheg:UltimateLifeformRelic":0,"downfall:HeartBlessingBlue":89,"trackpad:Compendium":70,"Red Mask":57,"Potion Belt":74,"MerchantsRug":14,"jedi:command_common":74,"downfall:HeartBlessingRed":46,"theEdgeheg:CSGunRelic":0,"Blue Candle":96,"Eternal Feather":23,"reliquary:WeakTea":109,"sneckomod:SneckoTalon":89,"jedi:HeartOfTheCards":99,"keyreminder:keyreminder":0,"Runic Dome":46,"OrangePellets":109,"Anchor":70,"Dota2Spire:AghanimScepter":82,"theEdgeheg:GreenEmeraldRelic":14,"Simple Rune":109,"Membership Card":14,"Bottled Lightning":74,"halation:PinkSoulGem":93,"TungstenRod":14}],"TungstenRod":56},"card_choices":[{"not_picked":["theEdgeheg:BloodyKatana","theEdgeheg:DualPistols"],"picked":"theEdgeheg:DodgeKatana","floor":2},{"not_picked":["theEdgeheg:ChaosControlSkill","theEdgeheg:Grr","theEdgeheg:ChaosKatana"],"picked":"SKIP","floor":4},{"not_picked":["theEdgeheg:Shotgun","theEdgeheg:QuickKatana"],"picked":"theEdgeheg:PlayRandomCard","floor":5},{"not_picked":["theEdgeheg:BloodyKatana","theEdgeheg:UseAndThrow","theEdgeheg:TeleportsAbove"],"picked":"SKIP","floor":6},{"not_picked":["theEdgeheg:MachineGun","theEdgeheg:Disrobe","theEdgeheg:UseAndThrow"],"picked":"SKIP","floor":9},{"not_picked":["theEdgeheg:RandomChaosCard","theEdgeheg:UseAndThrow"],"picked":"theEdgeheg:BlackKatana","floor":10},{"not_picked":["theEdgeheg:SkateboardTrick","theEdgeheg:Grr"],"picked":"theEdgeheg:ChaosGrenade","floor":11},{"not_picked":["theEdgeheg:Heh","theEdgeheg:Tsk","theEdgeheg:ChaosGrenade"],"picked":"SKIP","floor":12},{"not_picked":["theEdgeheg:Fastness","theEdgeheg:Reload","theEdgeheg:Butt"],"picked":"SKIP","floor":15},{"not_picked":["theEdgeheg:SpireCrasher","theEdgeheg:RocketLauncher"],"picked":"theEdgeheg:EndlessKatanas","floor":16},{"not_picked":["theEdgeheg:Grr+1","theEdgeheg:MachineGun"],"picked":"theEdgeheg:TeleportsAbove+1","floor":19},{"not_picked":["theEdgeheg:SkateboardTrick","theEdgeheg:HappiestTimmy"],"picked":"theEdgeheg:PlayRandomCard","floor":20},{"not_picked":["theEdgeheg:BadassArsenal+1","theEdgeheg:Girlfriend"],"picked":"theEdgeheg:ChaosWhip","floor":21},{"not_picked":["theEdgeheg:BadassArsenal","theEdgeheg:RegularGun"],"picked":"theEdgeheg:RandomChaosCard+1","floor":23},{"not_picked":["theEdgeheg:DrawGun","theEdgeheg:Birthday","theEdgeheg:ChaosGrenade"],"picked":"SKIP","floor":26},{"not_picked":["theEdgeheg:Birthday","theEdgeheg:ChaosControlSkill"],"picked":"theEdgeheg:DodgeKatana","floor":27},{"not_picked":["theEdgeheg:UseAndThrow","theEdgeheg:RollAndShoot+1"],"picked":"theEdgeheg:ChaosWhip","floor":29},{"not_picked":["theEdgeheg:MachineGun+1","theEdgeheg:RollAndShoot"],"picked":"theEdgeheg:ChaosWhip+1","floor":30},{"not_picked":["theEdgeheg:ChaosControlSkill","theEdgeheg:TimmyBackflip"],"picked":"theEdgeheg:NothingPersonal","floor":32},{"not_picked":["theEdgeheg:Shotgun","theEdgeheg:GirlWithGun+1","theEdgeheg:Grr"],"picked":"SKIP","floor":36},{"not_picked":["theEdgeheg:Tsk","theEdgeheg:BloodyNodachi+1"],"picked":"theEdgeheg:BlackKatana","floor":38},{"not_picked":["theEdgeheg:ChaosControlSkill+1","theEdgeheg:GirlWithGun"],"picked":"theEdgeheg:DrawBlade+1","floor":40},{"not_picked":["Dark Shackles","Replay:Parry"],"picked":"ReplayTheSpireMod:Brewmster","floor":42},{"not_picked":["theEdgeheg:MachineGun+1","theEdgeheg:DualPistols","theEdgeheg:RegularGun+1"],"picked":"SKIP","floor":43},{"not_picked":["theEdgeheg:RollAndShoot+1","theEdgeheg:Butt"],"picked":"theEdgeheg:DrawGun+1","floor":45},{"not_picked":["theEdgeheg:BlowCover","theEdgeheg:BetterDodge","theEdgeheg:Glare"],"picked":"SKIP","floor":48},{"not_picked":["theEdgeheg:SupersonicSpeed+1","theEdgeheg:Fastness+1"],"picked":"theEdgeheg:DrawGun+1","floor":49},{"not_picked":["theEdgeheg:UseAndThrow+1","theEdgeheg:CoolExplosion+1"],"picked":"theEdgeheg:KatanaGF+1","floor":52}],"player_experience":435100,"relics_obtained":[{"floor":7,"key":"Whetstone"},{"floor":10,"key":"Eternal Feather"},{"floor":21,"key":"Red Mask"},{"floor":27,"key":"Bottled Lightning"},{"floor":31,"key":"Dota2Spire:AghanimScepter"},{"floor":41,"key":"jedi:HeartOfTheCards"},{"floor":52,"key":"Ginger"}],"event_choices":[{"damage_healed":0,"gold_gain":0,"player_choice":"Fought Bandits","damage_taken":0,"max_hp_gain":0,"max_hp_loss":0,"event_name":"Masked Bandits","floor":21,"gold_loss":0},{"damage_healed":0,"gold_gain":0,"player_choice":"Ignored","damage_taken":0,"max_hp_gain":0,"max_hp_loss":0,"event_name":"Vampires","floor":25,"gold_loss":0},{"damage_healed":0,"gold_gain":3,"player_choice":"1","damage_taken":0,"max_hp_gain":0,"max_hp_loss":0,"event_name":"betterStone:BetterStone","floor":42,"gold_loss":0}],"is_beta":false,"boss_relics":[{"not_picked":["theSleuth:MegatonKey","energizedSpire:EnergizedDie"],"picked":"Runic Dome"},{"not_picked":["reliquary:WritOfMandamus","Kintsugi"],"picked":"sneckomod:SneckoTalon"}],"items_purged_floors":[],"is_endless":false,"potions_floor_spawned":[2,5,10,11,16,21,23,27,29,32,36,40,45,52],"ascension_level":4}}