{"host":"bpr07pynnqpe5ded","time":1614179837,"event":{"mods":["2.2 Compatiblity","Aspiration","BaseMod","Better Note","Better Third Choice","BetterRewards","Downfall","Jorbs\u0027s Wanderer Trilogy","Minty Spire (QoL Compilation)","Replay The Spire","Shop Mod","StSLib","The Marked","??????REMEMod"],"gold_per_floor":[116,131,146,146,160,188,1,1,1,1,101,130,149,163,163,260,260,273,291,307,307,307,307,307,307],"floor_reached":24,"language":"ENG","playtime":948,"items_purged":["Strike_P"],"score":208,"play_id":"9d2e151d-a976-4f95-a16b-121635c5cecd","local_time":"20210224151717","is_ascension_mode":false,"campfire_choices":[{"data":"A Thousand Cuts","floor":8,"key":"SMITH"},{"data":"REME_Repentance","floor":10,"key":"SMITH"},{"data":"Evaluate","floor":15,"key":"SMITH"},{"floor":23,"key":"REST"}],"circlet_count":0,"master_deck":["Strike_P","Strike_P","Strike_P+1","Defend_P","Defend_P","Defend_P","Defend_P","Eruption+1","Vigilance","A Thousand Cuts+1","FollowUp","REME_Repentance+1","Evaluate+1","Replay:Cycle"],"relics":["PureWater","Replay:Mystery Machine","Membership Card","ReplayTheSpireMod:Lightbulb","Black Star","Nloth\u0027s Gift"],"acts_visited":["Exordium","TheCity"],"potions_floor_usage":[6,13,18,18,20,20],"damage_taken":[{"damage":1,"enemies":"Jaw Worm","floor":1,"turns":5},{"damage":0,"enemies":"Small Slimes","floor":2,"turns":2},{"damage":0,"enemies":"Cultist","floor":3,"turns":4},{"damage":0,"enemies":"Blue Slaver","floor":5,"turns":2},{"damage":8,"enemies":"3 Sentries","floor":6,"turns":4},{"damage":11,"enemies":"Lagavulin","floor":12,"turns":7},{"damage":1,"enemies":"Lots of Slimes","floor":13,"turns":2},{"damage":2,"enemies":"Exordium Wildlife","floor":14,"turns":2},{"damage":15,"enemies":"Slime Boss","floor":16,"turns":8},{"damage":9,"enemies":"Shell Parasite","floor":18,"turns":6},{"damage":24,"enemies":"Spheric Guardian","floor":19,"turns":6},{"damage":27,"enemies":"Snake Plant","floor":20,"turns":4},{"damage":44,"enemies":"Book of Stabbing","floor":24,"turns":5}],"seed_played":"-6013399986402653099","potions_obtained":[{"floor":1,"key":"Ambrosia"},{"floor":3,"key":"PowerPotion"},{"floor":5,"key":"Energy Potion"},{"floor":6,"key":"LiquidMemories"},{"floor":16,"key":"SteroidPotion"},{"floor":18,"key":"SneckoOil"}],"is_trial":false,"path_per_floor":["M","M","M","?","M","E","$","R","T","R","?","E","M","M","R","B",null,"M","M","M","?","?","R","E"],"character_chosen":"WATCHER","items_purchased":["Membership Card"],"campfire_rested":1,"item_purchase_floors":[7],"current_hp_per_floor":[78,78,78,62,62,54,54,54,54,54,54,43,42,40,40,25,79,70,46,19,19,19,42,0,0],"gold":307,"neow_bonus":"TEN_PERCENT_HP_BONUS","is_daily":false,"chose_seed":false,"campfire_upgraded":3,"win_rate":0.0,"timestamp":1614179837,"path_taken":["M","M","M","?","M","E","$","R","T","R","?","E","M","M","R","BOSS","M","M","M","?","?","R","E"],"items_purchased_type":["Relic"],"build_version":"2020-12-22","purchased_purges":1,"victory":false,"max_hp_per_floor":[79,79,79,79,79,79,79,79,79,79,79,79,79,79,79,79,79,79,79,79,79,79,79,79,79],"card_choices":[{"not_picked":["Nirvana","ReachHeaven","FlyingSleeves"],"picked":"SKIP","floor":1},{"not_picked":["SignatureMove","DeceiveReality"],"picked":"FollowUp","floor":2},{"not_picked":["FollowUp","Weave"],"picked":"REME_Repentance","floor":3},{"not_picked":["JustLucky","CutThroughFate"],"picked":"Evaluate","floor":5},{"not_picked":["EmptyFist","WheelKick","ClearTheMind"],"picked":"SKIP","floor":6},{"not_picked":["Wireheading","SignatureMove","CutThroughFate"],"picked":"SKIP","floor":12},{"not_picked":["SashWhip","Halt","Replay:BluntJabs"],"picked":"SKIP","floor":13},{"not_picked":["Replay:BluntJabs","Replay:DivineShield","JustLucky"],"picked":"SKIP","floor":14},{"not_picked":["REME_Repentance","Crescendo"],"picked":"Replay:Cycle","floor":18},{"not_picked":["Replay:Anticipation","Replay:Vibes","Crescendo"],"picked":"SKIP","floor":19},{"not_picked":["ClearTheMind","CrushJoints","PathToVictory"],"picked":"SKIP","floor":20}],"player_experience":1239592,"relics_obtained":[{"floor":6,"key":"Replay:Mystery Machine"},{"floor":12,"key":"ReplayTheSpireMod:Lightbulb"}],"event_choices":[{"damage_healed":78,"gold_gain":0,"player_choice":"Upgrade","damage_taken":16,"max_hp_gain":0,"max_hp_loss":79,"event_name":"betterThird:BetterShining","floor":4,"gold_loss":0,"cards_upgraded":["Strike_P","Eruption"]},{"damage_healed":0,"gold_gain":100,"player_choice":"Pray","damage_taken":0,"max_hp_gain":0,"max_hp_loss":0,"event_name":"Golden Shrine","floor":11,"gold_loss":0},{"damage_healed":0,"gold_gain":0,"player_choice":"Traded Relic","damage_taken":0,"relics_obtained":["Nloth\u0027s Gift"],"max_hp_gain":0,"max_hp_loss":0,"event_name":"N\u0027loth","floor":21,"relics_lost":["REME_ComplimentaryCards"],"gold_loss":0},{"cards_removed":["A Thousand Cuts"],"damage_healed":0,"gold_gain":0,"player_choice":"Give","damage_taken":0,"max_hp_gain":0,"max_hp_loss":0,"event_name":"betterNote:BetterNote","floor":22,"gold_loss":0,"cards_obtained":["REME_HeartOfCthun"]}],"is_beta":false,"boss_relics":[{"not_picked":["Kintsugi","aspiration:RunicSpoon"],"picked":"Black Star"}],"items_purged_floors":[7],"is_endless":false,"potions_floor_spawned":[1,3,5,6,16,18],"killed_by":"Book of Stabbing","ascension_level":0}}