{"host":"0awa854l6bexpjrv","time":1614145796,"event":{"mods":["BaseMod","Block Reminder","Colored Map","Colored Powertips","Downfall","Highlight Path","Minty Spire (QoL Compilation)","Quick Restart","Rare Cards Sparkle","StSLib","SuperFastMode"],"gold_per_floor":[14,14,34,109,109,109,34,48,48,48,48,64,14,25,25,124,124,140,140,154,154,174,174,174,174],"floor_reached":24,"language":"ENG","playtime":1267,"items_purged":["Strike_G"],"score":214,"play_id":"9f50c869-b6a4-4dcc-a271-0c19248f617c","local_time":"20210223214956","is_ascension_mode":true,"campfire_choices":[{"data":"Neutralize","floor":6,"key":"SMITH"},{"floor":15,"key":"REST"},{"floor":23,"key":"REST"}],"circlet_count":0,"master_deck":["Strike_G","Defend_G","Defend_G","Defend_G","Defend_G","Defend_G","Survivor","Neutralize+1","Storm of Steel+1","Quick Slash","Infinite Blades","Endless Agony","Bullet Time","Predator","Storm of Steel","Deadly Poison","Prepared","Setup+1"],"relics":["Ring of the Snake","Frozen Egg 2","Busted Crown","Nilry\u0027s Codex"],"acts_visited":["Exordium","TheCity"],"potions_floor_usage":[5,16,16,18,20,20,22],"damage_taken":[{"damage":4.0,"enemies":"2 Louse","floor":1.0,"turns":3.0},{"damage":7,"enemies":"Small Slimes","floor":3,"turns":4},{"damage":0,"enemies":"Cultist","floor":8,"turns":3},{"damage":5,"enemies":"Blue Slaver","floor":12,"turns":3},{"damage":0,"enemies":"Looter","floor":14,"turns":4},{"damage":37,"enemies":"The Guardian","floor":16,"turns":8},{"damage":2,"enemies":"3 Byrds","floor":18,"turns":5},{"damage":20,"enemies":"2 Thieves","floor":20,"turns":5},{"damage":21,"enemies":"Snake Plant","floor":22,"turns":4},{"damage":0,"enemies":"3 Cultists","floor":24,"turns":1}],"seed_played":"-8260653787305916018","potions_obtained":[{"floor":5,"key":"Fruit Juice"},{"floor":5,"key":"Explosive Potion"},{"floor":5,"key":"CultistPotion"},{"floor":8,"key":"ColorlessPotion"},{"floor":16,"key":"Fire Potion"},{"floor":18,"key":"hexamod:SoulburnPotion"},{"floor":20,"key":"LiquidBronze"}],"is_trial":false,"path_per_floor":["M","?","M","?","?","R","$","M","T","?","$","M","?","M","R","B",null,"M","?","M","?","M","R","M"],"character_chosen":"THE_SILENT","items_purchased":[],"campfire_rested":2,"item_purchase_floors":[],"current_hp_per_floor":[66,66,59,48,53,53,53,53,53,46,46,41,41,41,63,26,75,73,57,37,37,16,38,38,38],"gold":174,"neow_bonus":"THREE_RARE_CARDS","is_daily":false,"chose_seed":false,"campfire_upgraded":1,"win_rate":0.0,"timestamp":1614145796,"path_taken":["M","?","M","?","?","R","$","?","T","?","$","M","?","M","R","BOSS","M","?","M","?","M","R","?"],"items_purchased_type":[],"build_version":"2020-12-22","purchased_purges":1,"victory":false,"max_hp_per_floor":[70,70,70,70,75,75,75,75,75,75,75,75,75,75,75,75,75,75,75,75,75,75,75,75,75],"card_choices":[{"not_picked":["Wraith Form v2","A Thousand Cuts"],"picked":"Storm of Steel","floor":0.0},{"not_picked":["PiercingWail","Acrobatics"],"picked":"Quick Slash","floor":1.0},{"not_picked":["Slice","Outmaneuver"],"picked":"Infinite Blades","floor":3},{"not_picked":["Bane","Prepared"],"picked":"Endless Agony","floor":8},{"not_picked":["Flying Knee","Blade Dance"],"picked":"Bullet Time","floor":12},{"not_picked":["Dagger Spray","PiercingWail"],"picked":"Predator","floor":14},{"not_picked":["Doppelganger","Die Die Die"],"picked":"Storm of Steel","floor":16},{"not_picked":[],"picked":"Deadly Poison","floor":18},{"not_picked":[],"picked":"Prepared","floor":20},{"not_picked":[],"picked":"Setup+1","floor":22}],"player_experience":811574,"relics_obtained":[{"floor":9,"key":"Frozen Egg 2"},{"floor":19,"key":"Nilry\u0027s Codex"}],"event_choices":[{"damage_healed":0.0,"max_hp_gain":0.0,"max_hp_loss":0.0,"gold_gain":0.0,"event_name":"Living Wall","player_choice":"Grow","floor":2.0,"gold_loss":0.0,"damage_taken":0.0,"cards_upgraded":["Storm of Steel"]},{"damage_healed":0,"gold_gain":75,"player_choice":"Gather Gold","damage_taken":11,"max_hp_gain":0,"max_hp_loss":0,"event_name":"World of Goop","floor":4,"gold_loss":0},{"damage_healed":0,"gold_gain":0,"player_choice":"Got Potions","damage_taken":0,"max_hp_gain":0,"max_hp_loss":0,"event_name":"Lab","floor":5,"gold_loss":0},{"cards_removed":["Strike_G"],"damage_healed":0,"gold_gain":0,"player_choice":"Card Removal","damage_taken":7,"max_hp_gain":0,"max_hp_loss":0,"event_name":"Golden Wing","floor":10,"gold_loss":0},{"cards_removed":["Strike_G"],"damage_healed":0,"gold_gain":0,"player_choice":"Card Removal","damage_taken":0,"max_hp_gain":0,"max_hp_loss":0,"event_name":"The Cleric","floor":13,"gold_loss":50},{"damage_healed":0,"gold_gain":0,"player_choice":"Obtained Book","damage_taken":16,"max_hp_gain":0,"max_hp_loss":0,"event_name":"Cursed Tome","floor":19,"gold_loss":0},{"cards_removed":["Strike_G"],"damage_healed":0,"gold_gain":0,"player_choice":"Offered Basic","damage_taken":0,"max_hp_gain":0,"max_hp_loss":0,"event_name":"Bonfire Elementals","floor":21,"gold_loss":0}],"is_beta":false,"boss_relics":[{"not_picked":["Ectoplasm","Snecko Eye"],"picked":"Busted Crown"}],"items_purged_floors":[7],"is_endless":false,"potions_floor_spawned":[8,14,16,18,20],"killed_by":"3 Cultists","ascension_level":3}}