{"host":"8ztb9kwpjc2zof9s","time":1614201789,"event":{"mods":["BaseMod","Block Reminder","Curses Come First","Minty Spire (QoL Compilation)","Relic Stats","StSLib"],"gold_per_floor":[112,112,187,211,227,227,260,275,302,302,227,227,266,283,283,369,369,337,347,375,25,47,81,90,90,90,90,5,5,14,35,35,121,121,144,178,187,215,242,276,285,141,141,153,202,223,279,320,341,353],"floor_reached":51,"language":"ENG","playtime":2434,"items_purged":["Strike_G","Strike_G+1"],"score":1405,"play_id":"c04f2eed-ff0b-4c40-82f0-247b3836209a","local_time":"20210224132309","is_ascension_mode":true,"campfire_choices":[{"data":"Neutralize","floor":6.0,"key":"SMITH"},{"data":"Backflip","floor":10.0,"key":"SMITH"},{"floor":12.0,"key":"REST"},{"data":"Masterful Stab","floor":15,"key":"SMITH"},{"floor":24,"key":"REST"},{"floor":29,"key":"REST"},{"data":"Noxious Fumes","floor":32,"key":"SMITH"},{"floor":41,"key":"REST"},{"data":"After Image","floor":44,"key":"SMITH"},{"floor":46,"key":"REST"},{"floor":49,"key":"REST"}],"circlet_count":0,"master_deck":["AscendersBane","Strike_G+1","Strike_G+1","Strike_G+1","Defend_G+1","Defend_G+1","Defend_G+1","Defend_G+1","Defend_G+1","Survivor+1","Neutralize+1","Cloak And Dagger+1","Blade Dance","Backflip+1","Masterful Stab+1","Acrobatics","Doppelganger","Infinite Blades","PiercingWail","Cloak And Dagger","Terror","Noxious Fumes+1","Flying Knee","After Image+1","Blade Dance","Poisoned Stab","Tactician","Deflect+1","Flechettes","Slice+1","Backflip","Venomology","Backflip","Prepared+1","Crippling Poison","Cloak And Dagger+1"],"relics":["Busted Crown","Pen Nib","War Paint","CeramicFish","Ginger","Black Star","Question Card","Dream Catcher","Snake Skull","Matryoshka","Bag of Marbles","Runic Pyramid","Mango","Vajra","Lizard Tail","MawBank","Anchor","Oddly Smooth Stone","MealTicket","Letter Opener","StoneCalendar"],"acts_visited":["Exordium","TheCity","TheBeyond"],"potions_floor_usage":[13,13,22,23,23,33,38,45,45,48,48,50],"damage_taken":[{"damage":7.0,"enemies":"Small Slimes","floor":1.0,"turns":5.0},{"damage":0.0,"enemies":"2 Louse","floor":5.0,"turns":4.0},{"damage":15.0,"enemies":"Lagavulin","floor":7.0,"turns":7.0},{"damage":0.0,"enemies":"Jaw Worm","floor":8.0,"turns":3.0},{"damage":12,"enemies":"Gremlin Nob","floor":13,"turns":3},{"damage":0,"enemies":"Exordium Thugs","floor":14,"turns":4},{"damage":18,"enemies":"Slime Boss","floor":16,"turns":10},{"damage":13,"enemies":"2 Thieves","floor":18,"turns":5},{"damage":4,"enemies":"Spheric Guardian","floor":19,"turns":4},{"damage":30,"enemies":"Snake Plant","floor":20,"turns":8},{"damage":0,"enemies":"3 Cultists","floor":22,"turns":4},{"damage":2,"enemies":"Gremlin Leader","floor":23,"turns":8},{"damage":0,"enemies":"Centurion and Healer","floor":31,"turns":5},{"damage":25,"enemies":"Collector","floor":33,"turns":10},{"damage":2,"enemies":"3 Darklings","floor":35,"turns":5},{"damage":0,"enemies":"Mind Bloom Boss Battle","floor":36,"turns":6},{"damage":5,"enemies":"Orb Walker","floor":38,"turns":3},{"damage":0,"enemies":"Maw","floor":39,"turns":7},{"damage":40,"enemies":"Nemesis","floor":40,"turns":5},{"damage":19,"enemies":"Giant Head","floor":45,"turns":8},{"damage":23,"enemies":"Nemesis","floor":47,"turns":7},{"damage":2,"enemies":"4 Shapes","floor":48,"turns":7},{"damage":42,"enemies":"Donu and Deca","floor":50,"turns":9}],"seed_played":"1774095508201115809","potions_obtained":[{"floor":5.0,"key":"Explosive Potion"},{"floor":7.0,"key":"DuplicationPotion"},{"floor":19,"key":"Strength Potion"},{"floor":22,"key":"LiquidMemories"},{"floor":31,"key":"DistilledChaos"},{"floor":33,"key":"DuplicationPotion"},{"floor":38,"key":"DuplicationPotion"},{"floor":40,"key":"CunningPotion"},{"floor":47,"key":"CultistPotion"}],"is_trial":false,"path_per_floor":["M","?","?","T","M","R","E","M","T","R","$","R","E","M","R","B",null,"M","M","M","$","M","E","R","?","T","?","?","R","?","M","R","B",null,"M","?","?","M","M","E","R","$","T","R","E","R","E","M","R","B",null],"character_chosen":"THE_SILENT","items_purchased":["Question Card","PiercingWail","PowerPotion","Backflip"],"campfire_rested":6,"item_purchase_floors":[21,21,21,42],"current_hp_per_floor":[52,57,46,46,46,46,31,31,31,31,31,52,40,40,40,22,59,46,42,12,12,12,10,31,31,31,31,31,52,52,52,52,27,60,58,72,72,67,67,27,52,52,52,52,33,58,35,33,58,16],"gold":365,"neow_bonus":"BOSS_RELIC","is_daily":false,"chose_seed":false,"campfire_upgraded":5,"win_rate":0.0,"timestamp":1614201789,"path_taken":["M","?","?","?","?","R","E","M","T","R","$","R","E","M","R","BOSS","M","?","M","$","M","E","R","?","T","?","?","R","?","M","R","BOSS","M","?","?","M","M","E","R","$","T","R","E","R","E","M","R","BOSS"],"items_purchased_type":["Relic","Card","Potion","Card"],"build_version":"2020-12-22","purchased_purges":2,"victory":true,"max_hp_per_floor":[66,71,71,71,71,71,71,71,71,71,71,71,71,71,71,71,71,71,71,71,71,71,71,71,71,71,71,71,71,71,71,71,71,71,71,85,85,85,85,85,85,85,85,85,85,85,85,85,85,85],"relic_stats":{"counters":[23,137],"CeramicFish":189,"StoneCalendar":[108],"Pen Nib":[48],"Snake Skull":[63],"Ginger":[20],"Letter Opener":[90],"War Paint":["Cloak And Dagger","Survivor"],"Question Card":17,"MawBank":96,"Dream Catcher":5,"Lizard Tail":0,"Busted Crown":54,"MealTicket":0,"Black Star":4,"obtain_stats":[{"CeramicFish":9,"Vajra":40,"Oddly Smooth Stone":45,"Mango":36,"StoneCalendar":47,"Pen Nib":4,"Snake Skull":23,"Ginger":13,"Letter Opener":47,"War Paint":7,"Question Card":21,"MawBank":43,"Dream Catcher":23,"Lizard Tail":40,"Anchor":43,"Busted Crown":0,"Matryoshka":26,"MealTicket":45,"Black Star":17,"Bag of Marbles":28,"Ring of the Snake":0,"Runic Pyramid":34},{"CeramicFish":4,"Vajra":19,"Oddly Smooth Stone":20,"Mango":16,"StoneCalendar":21,"Pen Nib":1,"Snake Skull":12,"Ginger":5,"Letter Opener":21,"War Paint":3,"Question Card":10,"MawBank":19,"Dream Catcher":12,"Lizard Tail":19,"Anchor":19,"Busted Crown":0,"Matryoshka":12,"MealTicket":20,"Black Star":7,"Bag of Marbles":12,"Ring of the Snake":0,"Runic Pyramid":14},{"CeramicFish":19,"Vajra":106,"Oddly Smooth Stone":114,"Mango":91,"StoneCalendar":121,"Pen Nib":5,"Snake Skull":65,"Ginger":22,"Letter Opener":121,"War Paint":16,"Question Card":53,"MawBank":106,"Dream Catcher":65,"Lizard Tail":106,"Anchor":106,"Busted Crown":0,"Matryoshka":65,"MealTicket":114,"Black Star":36,"Bag of Marbles":65,"Ring of the Snake":0,"Runic Pyramid":80}]},"card_choices":[{"not_picked":[],"picked":"Cloak And Dagger","floor":1.0},{"not_picked":[],"picked":"Blade Dance","floor":5.0},{"not_picked":[],"picked":"Backflip","floor":7.0},{"not_picked":[],"picked":"Masterful Stab","floor":8.0},{"not_picked":[],"picked":"Acrobatics","floor":13},{"not_picked":["Dagger Spray"],"picked":"SKIP","floor":14},{"not_picked":[],"picked":"Doppelganger","floor":16},{"not_picked":["Dagger Spray"],"picked":"SKIP","floor":18},{"not_picked":["Expertise"],"picked":"SKIP","floor":19},{"not_picked":[],"picked":"Infinite Blades","floor":20},{"not_picked":["Dodge and Roll"],"picked":"Cloak And Dagger","floor":22},{"not_picked":["Dodge and Roll","Underhanded Strike"],"picked":"SKIP","floor":23},{"not_picked":["PiercingWail"],"picked":"Terror","floor":24},{"not_picked":["Quick Slash"],"picked":"Flying Knee","floor":31},{"not_picked":["Phantasmal Killer"],"picked":"After Image","floor":33},{"not_picked":["Sucker Punch+1"],"picked":"Blade Dance","floor":35},{"not_picked":["Outmaneuver"],"picked":"Poisoned Stab","floor":36},{"not_picked":["All Out Attack"],"picked":"Deflect+1","floor":38},{"not_picked":["Dagger Spray"],"picked":"Flechettes","floor":39},{"not_picked":["Riddle With Holes","Flying Knee"],"picked":"SKIP","floor":40},{"not_picked":["Infinite Blades"],"picked":"Slice+1","floor":41},{"not_picked":["Riddle With Holes"],"picked":"Venomology","floor":45},{"not_picked":["Blade Dance"],"picked":"Backflip","floor":46},{"not_picked":["Deadly Poison"],"picked":"Prepared+1","floor":47},{"not_picked":["Dagger Spray+1"],"picked":"Crippling Poison","floor":48},{"not_picked":["Quick Slash"],"picked":"Cloak And Dagger+1","floor":49}],"player_experience":386819,"relics_obtained":[{"floor":4.0,"key":"Pen Nib"},{"floor":7.0,"key":"War Paint"},{"floor":9.0,"key":"CeramicFish"},{"floor":13,"key":"Ginger"},{"floor":23,"key":"Dream Catcher"},{"floor":23,"key":"Snake Skull"},{"floor":26,"key":"Matryoshka"},{"floor":36,"key":"Mango"},{"floor":40,"key":"Vajra"},{"floor":40,"key":"Lizard Tail"},{"floor":43,"key":"MawBank"},{"floor":43,"key":"Anchor"},{"floor":45,"key":"Oddly Smooth Stone"},{"floor":45,"key":"MealTicket"},{"floor":47,"key":"Letter Opener"},{"floor":47,"key":"StoneCalendar"}],"event_choices":[{"damage_healed":0.0,"max_hp_gain":5.0,"max_hp_loss":0.0,"gold_gain":0.0,"event_name":"Big Fish","player_choice":"Donut","floor":2.0,"gold_loss":0.0,"damage_taken":0.0},{"damage_healed":0.0,"max_hp_gain":0.0,"max_hp_loss":0.0,"gold_gain":75.0,"event_name":"World of Goop","player_choice":"Gather Gold","floor":3.0,"gold_loss":0.0,"damage_taken":11.0},{"damage_healed":0,"gold_gain":0,"player_choice":"Ignored","damage_taken":0,"max_hp_gain":0,"max_hp_loss":0,"event_name":"Ghosts","floor":25,"gold_loss":0},{"damage_healed":0,"gold_gain":0,"player_choice":"Simplicity","damage_taken":0,"max_hp_gain":0,"max_hp_loss":0,"event_name":"Back to Basics","floor":27,"gold_loss":0,"cards_upgraded":["Strike_G","Strike_G","Strike_G","Strike_G","Defend_G","Defend_G","Defend_G","Defend_G","Defend_G"]},{"damage_healed":0,"gold_gain":0,"player_choice":"Obtained Relic","damage_taken":0,"relics_obtained":["Bag of Marbles"],"max_hp_gain":0,"max_hp_loss":0,"event_name":"Addict","floor":28,"gold_loss":85},{"damage_healed":0,"gold_gain":0,"player_choice":"Read","damage_taken":0,"max_hp_gain":0,"max_hp_loss":0,"event_name":"The Library","floor":30,"gold_loss":0,"cards_obtained":["Noxious Fumes"]},{"damage_healed":0,"gold_gain":0,"player_choice":"Fight","damage_taken":0,"max_hp_gain":0,"max_hp_loss":0,"event_name":"MindBloom","floor":36,"gold_loss":0},{"damage_healed":0,"gold_gain":0,"player_choice":"1 cards matched","damage_taken":0,"max_hp_gain":0,"max_hp_loss":0,"event_name":"Match and Keep!","floor":37,"gold_loss":0,"cards_obtained":["Tactician"]}],"is_beta":false,"boss_relics":[{"not_picked":["Philosopher\u0027s Stone","Sozu"],"picked":"Black Star"},{"not_picked":["Tiny House","Snecko Eye"],"picked":"Runic Pyramid"}],"items_purged_floors":[11,42],"is_endless":false,"potions_floor_spawned":[5,7,19,22,31,33,38,40,47],"ascension_level":16}}