{"host":"0kk91h4bq4kgfj0u","time":1614183156,"event":{"mods":["BaseMod","Bestiary","Block Reminder","Colored Map","Colored Powertips","Curses Come First","Highlight Path","Minty Spire (QoL Compilation)","Relic Stats","StSLib"],"gold_per_floor":[116,42,42,56,56,81,92,119,146,93,108,108,128,148,148,243,243,255,255,284,284,284],"floor_reached":21,"language":"ENG","playtime":716,"items_purged":[],"score":236,"play_id":"1cd1d9d9-8884-4bb7-bdab-1cb8282f96c5","local_time":"20210224111236","is_ascension_mode":true,"campfire_choices":[{"floor":12,"key":"REST"},{"floor":15,"key":"REST"}],"circlet_count":0,"master_deck":["Strike_B","Strike_B","Strike_B","Strike_B+1","Defend_B+1","Defend_B","Defend_B","Defend_B","Zap","Dualcast","Lockon","Conserve Battery","Go for the Eyes","Hello World","Electrodynamics","Conserve Battery","Barrage","Redo","Defragment","Coolheaded","Beam Cell","Sweeping Beam","Reboot","CurseOfTheBell","Streamline+1"],"relics":["Cracked Core","Toy Ornithopter","Smiling Mask","Dream Catcher","Calling Bell","Ancient Tea Set","Question Card","Ice Cream","Red Mask"],"acts_visited":["Exordium","TheCity"],"potions_floor_usage":[8,20,20],"damage_taken":[{"damage":8,"enemies":"Jaw Worm","floor":1,"turns":4},{"damage":0,"enemies":"2 Louse","floor":4,"turns":2},{"damage":30,"enemies":"3 Sentries","floor":6,"turns":8},{"damage":0,"enemies":"Cultist","floor":7,"turns":3},{"damage":20,"enemies":"Lagavulin","floor":8,"turns":4},{"damage":0,"enemies":"Red Slaver","floor":11,"turns":2},{"damage":0,"enemies":"Large Slime","floor":13,"turns":4},{"damage":23,"enemies":"Lots of Slimes","floor":14,"turns":4},{"damage":17,"enemies":"Slime Boss","floor":16,"turns":8},{"damage":15,"enemies":"3 Byrds","floor":18,"turns":6},{"damage":51,"enemies":"Masked Bandits","floor":20,"turns":4},{"damage":16,"enemies":"Shell Parasite","floor":21,"turns":4}],"seed_played":"423653640327003442","potions_obtained":[{"floor":6,"key":"AttackPotion"},{"floor":8,"key":"DistilledChaos"},{"floor":11,"key":"Dexterity Potion"}],"is_trial":false,"path_per_floor":["M","$","?","M","?","E","M","E","T","$","M","R","M","M","R","B",null,"M","$","?","M"],"character_chosen":"DEFECT","items_purchased":["Conserve Battery","Go for the Eyes","Redo"],"campfire_rested":2,"item_purchase_floors":[2,2,10],"current_hp_per_floor":[74,74,58,58,58,28,28,13,13,13,13,37,37,14,38,21,67,52,52,11,0,0],"gold":284,"neow_bonus":"TEN_PERCENT_HP_BONUS","is_daily":false,"chose_seed":false,"campfire_upgraded":0,"win_rate":0.0,"timestamp":1614183156,"path_taken":["M","$","?","M","?","E","M","E","T","?","M","R","?","M","R","BOSS","M","$","?","M"],"items_purchased_type":["Card","Card","Card"],"build_version":"2020-12-22","purchased_purges":0,"victory":false,"max_hp_per_floor":[82,82,82,82,82,82,82,82,82,82,82,82,82,82,82,82,82,82,82,82,82,82],"relic_stats":{"Dream Catcher":2,"counters":[12,53],"Smiling Mask":0,"Question Card":2,"obtain_stats":[{"Calling Bell":17,"Ice Cream":17,"Dream Catcher":9,"Red Mask":20,"Cracked Core":0,"Smiling Mask":8,"Ancient Tea Set":17,"Question Card":17,"Toy Ornithopter":6},{"Calling Bell":9,"Ice Cream":9,"Dream Catcher":5,"Red Mask":11,"Cracked Core":0,"Smiling Mask":5,"Ancient Tea Set":9,"Question Card":9,"Toy Ornithopter":3},{"Calling Bell":39,"Ice Cream":39,"Dream Catcher":21,"Red Mask":49,"Cracked Core":0,"Smiling Mask":21,"Ancient Tea Set":39,"Question Card":39,"Toy Ornithopter":14}],"Toy Ornithopter":15},"card_choices":[{"not_picked":["Hologram","Heatsinks"],"picked":"Lockon","floor":1},{"not_picked":["Chaos","Undo"],"picked":"Hello World","floor":4},{"not_picked":["Go for the Eyes","Rebound"],"picked":"Electrodynamics","floor":6},{"not_picked":["Cold Snap","Gash"],"picked":"Conserve Battery","floor":7},{"not_picked":["Compile Driver","Rebound"],"picked":"Barrage","floor":8},{"not_picked":["Meteor Strike","Steam"],"picked":"Defragment","floor":11},{"not_picked":["Hologram","Gash"],"picked":"Coolheaded","floor":12},{"not_picked":["Steam","Go for the Eyes","Barrage"],"picked":"SKIP","floor":13},{"not_picked":["Redo","Creative AI"],"picked":"Beam Cell","floor":14},{"not_picked":["Hologram","Barrage"],"picked":"Sweeping Beam","floor":15},{"not_picked":["Electrodynamics","Amplify"],"picked":"Reboot","floor":16},{"not_picked":["Lockon","Consume","Sweeping Beam"],"picked":"Streamline+1","floor":18}],"player_experience":918909,"relics_obtained":[{"floor":6,"key":"Toy Ornithopter"},{"floor":8,"key":"Smiling Mask"},{"floor":9,"key":"Dream Catcher"},{"floor":17,"key":"Ancient Tea Set"},{"floor":17,"key":"Question Card"},{"floor":17,"key":"Ice Cream"},{"floor":20,"key":"Red Mask"}],"event_choices":[{"damage_healed":0,"gold_gain":0,"player_choice":"Entered Light","damage_taken":16,"max_hp_gain":0,"max_hp_loss":0,"event_name":"Shining Light","floor":3,"gold_loss":0,"cards_upgraded":["Strike_B","Defend_B"]},{"damage_healed":0,"gold_gain":0,"player_choice":"Ignored","damage_taken":0,"max_hp_gain":0,"max_hp_loss":0,"event_name":"Liars Game","floor":5,"gold_loss":0},{"damage_healed":0,"gold_gain":0,"player_choice":"Fought Bandits","damage_taken":0,"max_hp_gain":0,"max_hp_loss":0,"event_name":"Masked Bandits","floor":20,"gold_loss":0}],"is_beta":false,"boss_relics":[{"not_picked":["Runic Dome","Snecko Eye"],"picked":"Calling Bell"}],"items_purged_floors":[],"is_endless":false,"potions_floor_spawned":[6,8,11],"killed_by":"Shell Parasite","ascension_level":5}}