{"host":"y6zg4wwu39otf01a","time":1614187594,"event":{"mods":["Act Like it!","Aspiration","BaseMod","Better Altar","Better Match","Better Note","Better Sensory Stone","Better Skull","Better Third Choice","Challenge The Spire","Colored Map","Colored Powertips","Conspire","Downfall","Energized Spire","GifTheSpireLib","Glutton Mod","Halation","Hermit","Hubris","Infinite Spire","Mimic Mod","Minty Spire (QoL Compilation)","Puzzle Mod","Quick Restart","Random Character Button","Rare Cards Sparkle","Reliquary","Replay The Spire","Retaliation","Ruina","Spicy Shops","StSLib","Stuff the Spire","Synergy Search","The Blue Laboratory","The Construct","The Jungle"],"gold_per_floor":[118,118,118,134,144,169,169,169,194,207,63,76,76,76,76,76,76],"floor_reached":16,"language":"ENG","playtime":624,"items_purged":[],"score":125,"play_id":"b2086c67-646b-4244-8c83-dba0044385cf","local_time":"20210224112634","is_ascension_mode":true,"campfire_choices":[{"data":"hermit:CursedWeapon","floor":7,"key":"SMITH"},{"data":"hermit:Covet","floor":15,"key":"SMITH"}],"circlet_count":0,"master_deck":["hermit:Strike_Hermit","hermit:Strike_Hermit","hermit:Strike_Hermit","hermit:Strike_Hermit","hermit:Defend_Hermit","hermit:Defend_Hermit","hermit:Defend_Hermit","hermit:Defend_Hermit","hermit:Snapshot","hermit:Covet+1","hermit:CalledShot","hermit:CursedWeapon+1","hermit:GhostlyPresence","hermit:Enervate","hermit:Quickdraw","hermit:Quickdraw","Regret"],"relics":["hubris:CrackedHourglass","NlothsMask","halation:AfternoonTea","infinitespire:Cubic Diamond","aspiration:TomeofQuesting","hubris:DisguiseKit"],"acts_visited":["Exordium"],"potions_floor_usage":[16],"damage_taken":[{"damage":12,"enemies":"Jaw Worm","floor":1,"turns":3},{"damage":0,"enemies":"Cultist","floor":4,"turns":2},{"damage":2,"enemies":"Small Slimes","floor":5,"turns":2},{"damage":18,"enemies":"Gremlin Nob","floor":6,"turns":4},{"damage":2,"enemies":"2 Fungi Beasts","floor":10,"turns":2},{"damage":5,"enemies":"Large Slime","floor":12,"turns":3},{"damage":35,"enemies":"Slime Boss","floor":16,"turns":10}],"seed_played":"-7514017935303979003","potions_obtained":[{"floor":4,"key":"blueLaboratory:BottledHope"},{"floor":6,"key":"blueLaboratory:LouseDecoction"},{"floor":10,"key":"blueLaboratory:TrueEctoplasm"}],"is_trial":false,"path_per_floor":["M","$","?","M","M","E","R","?","T","M","$","M","?","?","R","B"],"character_chosen":"HERMIT","items_purchased":["aspiration:TomeofQuesting"],"campfire_rested":0,"item_purchase_floors":[11],"current_hp_per_floor":[63,63,63,63,61,43,43,43,43,41,41,36,36,36,36,0,0],"gold":76,"neow_bonus":"BOSS_RELIC","is_daily":false,"chose_seed":false,"campfire_upgraded":2,"win_rate":0.0,"timestamp":1614187594,"path_taken":["M","$","?","M","?","E","R","?","T","M","$","M","?","?","R","BOSS"],"items_purchased_type":["Relic"],"build_version":"2020-12-22","purchased_purges":0,"victory":false,"max_hp_per_floor":[75,75,75,75,75,75,75,75,75,75,75,75,75,75,75,75,75],"card_choices":[{"not_picked":["hermit:LowProfile","hermit:Headshot"],"picked":"hermit:CalledShot","floor":1},{"not_picked":["hermit:FlashPowder","hermit:Brawl"],"picked":"hermit:CursedWeapon","floor":4},{"not_picked":["hermit:FlashPowder","hermit:SprayPray"],"picked":"hermit:GhostlyPresence","floor":5},{"not_picked":["hermit:PistolWhip","hermit:LowProfile"],"picked":"hermit:Enervate","floor":6},{"not_picked":["hermit:Ricochet","hermit:Maintenance"],"picked":"hermit:Quickdraw","floor":10},{"not_picked":["hermit:TakeAim","hermit:Dive"],"picked":"hermit:Quickdraw","floor":12}],"player_experience":965307,"relics_obtained":[{"floor":6,"key":"halation:AfternoonTea"}],"event_choices":[{"damage_healed":0,"gold_gain":0,"player_choice":"Trade","damage_taken":0,"relics_obtained":["NlothsMask"],"max_hp_gain":0,"max_hp_loss":0,"event_name":"FaceTrader","floor":3,"gold_loss":0},{"damage_healed":0,"gold_gain":0,"player_choice":"Leave","damage_taken":0,"max_hp_gain":0,"max_hp_loss":0,"event_name":"conspire:Investor","floor":13,"gold_loss":0}],"is_beta":false,"boss_relics":[],"items_purged_floors":[],"is_endless":false,"potions_floor_spawned":[4,6,10],"killed_by":"Slime Boss","ascension_level":5}}