{"host":"to2s10i0cynxbiqz","time":1614178445,"event":{"mods":["BaseMod","Colored Powertips","Highlight Path","Minty Spire (QoL Compilation)","Quick Restart","StSLib","slay the spire mod where everything is the same but ironclad has a cowboy hat"],"gold_per_floor":[114,134,134,145,155,183,133,133,186,235,245,262,274,135,135,237,237,253,264,10,23,23,55,55,55,137,150,150,150,150],"floor_reached":29,"language":"ZHS","playtime":1252,"items_purged":["Strike_R"],"score":431,"play_id":"20c62f65-7947-4f61-bbf7-6603df65ebb0","local_time":"20210224225405","is_ascension_mode":true,"campfire_choices":[{"data":"Armaments","floor":8.0,"key":"SMITH"},{"data":"Barricade","floor":15.0,"key":"SMITH"},{"floor":24,"key":"REST"}],"circlet_count":0,"master_deck":["Strike_R","Strike_R","Defend_R","Defend_R","Defend_R","Defend_R","Bash","Barricade+1","Armaments+1","Second Wind","True Grit","Body Slam","Shrug It Off","Shrug It Off","Immolate","Evolve"],"relics":["Burning Blood","The Courier","Centennial Puzzle","Runic Cube","Sundial","Omamori","Molten Egg 2"],"acts_visited":["Exordium","TheCity"],"potions_floor_usage":[18,21,23],"damage_taken":[{"damage":16.0,"enemies":"Jaw Worm","floor":1.0,"turns":4.0},{"damage":4.0,"enemies":"2 Louse","floor":2.0,"turns":3.0},{"damage":1.0,"enemies":"Cultist","floor":4.0,"turns":4.0},{"damage":24.0,"enemies":"Blue Slaver","floor":5.0,"turns":5.0},{"damage":30.0,"enemies":"Lagavulin","floor":6.0,"turns":9.0},{"damage":0.0,"enemies":"3 Louse","floor":11.0,"turns":4.0},{"damage":12.0,"enemies":"Large Slime","floor":12.0,"turns":12.0},{"damage":0.0,"enemies":"Looter","floor":13.0,"turns":2.0},{"damage":0.0,"enemies":"Slime Boss","floor":16.0,"turns":10.0},{"damage":15,"enemies":"Spheric Guardian","floor":18,"turns":7},{"damage":15,"enemies":"2 Thieves","floor":19,"turns":3},{"damage":25,"enemies":"3 Cultists","floor":21,"turns":7},{"damage":52,"enemies":"Gremlin Leader","floor":23,"turns":8},{"damage":23,"enemies":"Centurion and Healer","floor":27,"turns":5},{"damage":47,"enemies":"Book of Stabbing","floor":29,"turns":8}],"seed_played":"-4871320525700896273","potions_obtained":[{"floor":1.0,"key":"EssenceOfSteel"},{"floor":6.0,"key":"SneckoOil"},{"floor":11.0,"key":"ElixirPotion"},{"floor":12.0,"key":"FearPotion"},{"floor":13.0,"key":"DuplicationPotion"},{"floor":18,"key":"SpeedPotion"},{"floor":19,"key":"BlessingOfTheForge"}],"is_trial":false,"path_per_floor":["M","M","?","M","M","E","?","R","T","T","M","M","M","$","R","B",null,"M","M","$","M","?","E","R","$","T","M","?","E"],"character_chosen":"IRONCLAD","items_purchased":["Shrug It Off","SkillPotion","Evolve","Sundial"],"campfire_rested":1,"item_purchase_floors":[14,14,20,20],"current_hp_per_floor":[62,64,64,69,51,27,27,27,27,27,33,27,33,33,33,39,70,61,52,52,33,80,34,58,58,58,41,41,0,0],"gold":150,"neow_bonus":"ONE_RANDOM_RARE_CARD","is_daily":false,"chose_seed":false,"campfire_upgraded":2,"win_rate":0.0,"timestamp":1614178445,"path_taken":["M","M","?","M","M","E","?","R","T","?","M","M","M","$","R","BOSS","M","M","$","M","?","E","R","$","T","?","?","E"],"items_purchased_type":["Card","Potion","Card","Relic"],"build_version":"2020-12-22","purchased_purges":1,"victory":false,"max_hp_per_floor":[80,80,80,80,80,80,80,80,80,80,80,80,80,80,80,80,80,80,80,80,80,80,80,80,80,80,80,80,80,80],"card_choices":[{"not_picked":["Rupture","Shockwave"],"picked":"Armaments","floor":1.0},{"not_picked":["Entrench","Perfected Strike"],"picked":"Second Wind","floor":2.0},{"not_picked":["Clash","Battle Trance"],"picked":"True Grit","floor":4.0},{"not_picked":["Twin Strike","Heavy Blade","Juggernaut"],"picked":"SKIP","floor":5.0},{"not_picked":["Thunderclap","Anger","Entrench"],"picked":"SKIP","floor":6.0},{"not_picked":["Rage","Metallicize"],"picked":"Rampage","floor":11.0},{"not_picked":["True Grit","Combust"],"picked":"Body Slam","floor":12.0},{"not_picked":["Metallicize","Dropkick"],"picked":"Shrug It Off","floor":13.0},{"not_picked":["Berserk","Limit Break"],"picked":"Immolate","floor":16.0},{"not_picked":["Headbutt","Cleave+1","Havoc"],"picked":"SKIP","floor":18},{"not_picked":["Heavy Blade","Body Slam","Armaments"],"picked":"SKIP","floor":19},{"not_picked":["Clash","Searing Blow","Headbutt"],"picked":"SKIP","floor":21},{"not_picked":["Headbutt","Wild Strike","Perfected Strike"],"picked":"SKIP","floor":23},{"not_picked":["Rupture","Inflame","Whirlwind+1"],"picked":"SKIP","floor":27}],"player_experience":210370,"relics_obtained":[{"floor":6.0,"key":"The Courier"},{"floor":9.0,"key":"Centennial Puzzle"},{"floor":23,"key":"Omamori"},{"floor":26,"key":"Molten Egg 2"}],"event_choices":[{"damage_healed":0.0,"max_hp_gain":0.0,"max_hp_loss":0.0,"gold_gain":0.0,"event_name":"Liars Game","player_choice":"Ignored","floor":3.0,"gold_loss":0.0,"damage_taken":0.0},{"cards_removed":["Strike_R"],"damage_healed":0.0,"max_hp_gain":0.0,"max_hp_loss":0.0,"gold_gain":0.0,"event_name":"The Cleric","player_choice":"Card Removal","floor":7.0,"gold_loss":50.0,"damage_taken":0.0},{"cards_removed":["Rampage"],"damage_healed":47,"gold_gain":0,"player_choice":"Offered Uncommon","damage_taken":0,"max_hp_gain":0,"max_hp_loss":0,"event_name":"Bonfire Elementals","floor":22,"gold_loss":0},{"cards_removed":["Strike_R"],"damage_healed":0,"gold_gain":0,"player_choice":"Elegance","damage_taken":0,"max_hp_gain":0,"max_hp_loss":0,"event_name":"Back to Basics","floor":28,"gold_loss":0}],"is_beta":false,"boss_relics":[{"not_picked":["Runic Dome","Busted Crown"],"picked":"Runic Cube"}],"items_purged_floors":[14],"is_endless":false,"potions_floor_spawned":[1,6,11,12,13,18,19],"killed_by":"Book of Stabbing","ascension_level":9}}