{"host":"js2su9tbbk4rmjfl","time":1614184886,"event":{"mods":["AchievementEnabler","BaseMod","Block Reminder","Colored Map","Colored Powertips","Highlight Path","Minty Spire (QoL Compilation)","Relic Stats"],"gold_per_floor":[110,35,47,59,59,59,94,108,108,108,6,25,25,50,50,141,141,165,186,186,23,23,23,23],"floor_reached":23,"language":"ENG","playtime":968,"items_purged":[],"score":372,"play_id":"4da90e7a-7186-47eb-b2e3-14ea3e6edd1d","local_time":"20210224174126","is_ascension_mode":true,"campfire_choices":[{"data":"Heavy Blade","floor":6,"key":"SMITH"},{"data":"Inflame","floor":13,"key":"SMITH"},{"floor":15,"key":"REST"}],"circlet_count":0,"master_deck":["AscendersBane","Strike_R","Strike_R+1","Strike_R","Strike_R+1","Defend_R","Defend_R","Defend_R","Defend_R","Bash","Heavy Blade+1","Sword Boomerang","Inflame+1","Fire Breathing","Finesse","Whirlwind"],"relics":["Burning Blood","Whetstone","Golden Idol","Potion Belt","Pantograph","Philosopher\u0027s Stone","Membership Card"],"acts_visited":["Exordium","TheCity"],"potions_floor_usage":[7,8,16,16,16],"damage_taken":[{"damage":1,"enemies":"Small Slimes","floor":1,"turns":3},{"damage":1,"enemies":"2 Louse","floor":3,"turns":3},{"damage":1,"enemies":"Cultist","floor":4,"turns":3},{"damage":28,"enemies":"Lagavulin","floor":7,"turns":6},{"damage":24,"enemies":"Exordium Wildlife","floor":8,"turns":5},{"damage":0,"enemies":"Large Slime","floor":12,"turns":4},{"damage":25,"enemies":"Lots of Slimes","floor":14,"turns":4},{"damage":49,"enemies":"Hexaghost","floor":16,"turns":7},{"damage":26,"enemies":"2 Thieves","floor":18,"turns":4},{"damage":20,"enemies":"Chosen","floor":19,"turns":4},{"damage":43,"enemies":"Book of Stabbing","floor":23,"turns":3}],"seed_played":"3385995158233480543","potions_obtained":[{"floor":1,"key":"SkillPotion"},{"floor":7,"key":"LiquidBronze"},{"floor":10,"key":"BlessingOfTheForge"},{"floor":10,"key":"Fire Potion"},{"floor":14,"key":"Energy Potion"},{"floor":18,"key":"ElixirPotion"}],"is_trial":false,"path_per_floor":["M","?","M","M","?","R","E","M","T","?","$","M","R","M","R","B",null,"M","M","?","$","?","E"],"character_chosen":"IRONCLAD","items_purchased":["Finesse","Membership Card"],"campfire_rested":1,"item_purchase_floors":[11,21],"current_hp_per_floor":[73,73,75,75,68,68,46,28,28,28,28,34,34,15,35,17,55,35,21,35,35,35,0,0],"gold":23,"neow_bonus":"RANDOM_COMMON_RELIC","is_daily":false,"chose_seed":false,"campfire_upgraded":2,"win_rate":0.0,"timestamp":1614184886,"path_taken":["M","?","M","M","?","R","E","M","T","?","$","?","R","M","R","BOSS","M","M","?","$","?","E"],"items_purchased_type":["Card","Relic"],"build_version":"2020-12-22","purchased_purges":0,"victory":false,"max_hp_per_floor":[75,75,75,75,68,68,68,68,68,68,68,68,68,68,68,68,68,68,68,68,68,68,68,68],"relic_stats":{"counters":[11,46],"Golden Idol":46,"Pantograph":25,"Whetstone":["Strike_R","Strike_R"],"obtain_stats":[{"Potion Belt":7,"Golden Idol":5,"Pantograph":9,"Philosopher\u0027s Stone":17,"Whetstone":0,"Membership Card":21,"Burning Blood":0},{"Potion Belt":4,"Golden Idol":3,"Pantograph":5,"Philosopher\u0027s Stone":8,"Whetstone":0,"Membership Card":10,"Burning Blood":0},{"Potion Belt":15,"Golden Idol":9,"Pantograph":20,"Philosopher\u0027s Stone":35,"Whetstone":0,"Membership Card":43,"Burning Blood":0}],"Burning Blood":52},"card_choices":[{"not_picked":["Sever Soul","Pommel Strike"],"picked":"Heavy Blade","floor":1},{"not_picked":["Warcry","Body Slam"],"picked":"Sword Boomerang","floor":3},{"not_picked":["Warcry","Evolve"],"picked":"Inflame","floor":4},{"not_picked":["Shrug It Off","Flex"],"picked":"Fire Breathing","floor":7},{"not_picked":["Body Slam","Brutality","Headbutt"],"picked":"SKIP","floor":8},{"not_picked":["Bloodletting","Flex","Headbutt"],"picked":"SKIP","floor":12},{"not_picked":["Blood for Blood","Havoc"],"picked":"Whirlwind","floor":14},{"not_picked":["Seeing Red","Sword Boomerang","Iron Wave"],"picked":"SKIP","floor":18},{"not_picked":["Clash","Headbutt","Thunderclap"],"picked":"SKIP","floor":19}],"player_experience":908857,"relics_obtained":[{"floor":7,"key":"Potion Belt"},{"floor":9,"key":"Pantograph"}],"event_choices":[{"cards_removed":["Strike_R"],"damage_healed":0,"gold_gain":0,"player_choice":"Card Removal","damage_taken":0,"max_hp_gain":0,"max_hp_loss":0,"event_name":"The Cleric","floor":2,"gold_loss":75},{"damage_healed":0,"gold_gain":0,"player_choice":"Lose Max HP","damage_taken":0,"relics_obtained":["Golden Idol"],"max_hp_gain":0,"max_hp_loss":7,"event_name":"Golden Idol","floor":5,"gold_loss":0},{"damage_healed":0,"gold_gain":0,"player_choice":"Got Potions","damage_taken":0,"max_hp_gain":0,"max_hp_loss":0,"event_name":"Lab","floor":10,"gold_loss":0},{"damage_healed":14,"gold_gain":0,"player_choice":"Heal","damage_taken":0,"max_hp_gain":0,"max_hp_loss":0,"event_name":"The Library","floor":20,"gold_loss":0}],"is_beta":false,"boss_relics":[{"not_picked":["Black Star","Astrolabe"],"picked":"Philosopher\u0027s Stone"}],"items_purged_floors":[],"is_endless":false,"potions_floor_spawned":[1,7,14,18],"killed_by":"Book of Stabbing","ascension_level":19}}