{"host":"5h6e4l6hpn0p5lap","time":1614195683,"event":{"mods":["AchievementEnabler","BaseMod","Better Altar","Better Match","Better Sensory Stone","Better Skull","Better Third Choice","Colored Map","Filter the Spire","Minty Spire (QoL Compilation)","StSLib"],"gold_per_floor":[362,374,391,237,249,249,264,292,292,292,292],"floor_reached":10,"language":"ENG","playtime":413,"items_purged":["Strike_G"],"score":105,"play_id":"12c34425-2123-4fbf-8ad6-4e0f4cf22dee","local_time":"20210224144123","is_ascension_mode":true,"campfire_choices":[{"data":"Catalyst","floor":6,"key":"SMITH"}],"circlet_count":0,"master_deck":["AscendersBane","Strike_G","Strike_G","Strike_G","Strike_G","Defend_G","Defend_G","Defend_G","Defend_G","Defend_G","Survivor","Neutralize","Underhanded Strike","Dagger Spray","Blade Dance","Catalyst+1","Blur","Slice","Deadly Poison"],"relics":["Ring of the Snake","Bag of Preparation","Darkstone Periapt"],"acts_visited":["Exordium"],"potions_floor_usage":[8,8,8],"damage_taken":[{"damage":4,"enemies":"Small Slimes","floor":1,"turns":4},{"damage":3,"enemies":"2 Louse","floor":2,"turns":3},{"damage":1,"enemies":"Cultist","floor":3,"turns":4},{"damage":8,"enemies":"3 Louse","floor":5,"turns":4},{"damage":4,"enemies":"Large Slime","floor":7,"turns":6},{"damage":18,"enemies":"Lagavulin","floor":8,"turns":9},{"damage":33,"enemies":"Gremlin Nob","floor":10,"turns":3}],"seed_played":"-2986995754081480412","potions_obtained":[{"floor":2,"key":"Energy Potion"},{"floor":3,"key":"PowerPotion"},{"floor":5,"key":"FearPotion"}],"is_trial":false,"path_per_floor":["M","M","M","$","M","R","M","E","T","E"],"character_chosen":"THE_SILENT","items_purchased":["Catalyst"],"campfire_rested":0,"item_purchase_floors":[4],"current_hp_per_floor":[59,56,55,55,47,47,43,25,25,0,0],"gold":292,"neow_bonus":"TWO_FIFTY_GOLD","is_daily":false,"chose_seed":false,"campfire_upgraded":1,"win_rate":0.0,"timestamp":1614195683,"path_taken":["M","M","M","$","M","R","M","E","T","E"],"items_purchased_type":["Card"],"build_version":"2020-12-22","purchased_purges":1,"victory":false,"max_hp_per_floor":[63,63,63,63,63,63,63,63,63,63,63],"card_choices":[{"not_picked":["Escape Plan","PiercingWail"],"picked":"Underhanded Strike","floor":1},{"not_picked":["Acrobatics","Finisher"],"picked":"Dagger Spray","floor":2},{"not_picked":["Deadly Poison","Dagger Spray"],"picked":"Blade Dance","floor":3},{"not_picked":["Acrobatics","Riddle With Holes"],"picked":"Blur","floor":5},{"not_picked":["Outmaneuver","Eviscerate"],"picked":"Slice","floor":7},{"not_picked":["Deflect","Unload"],"picked":"Deadly Poison","floor":8}],"player_experience":1172495,"relics_obtained":[{"floor":8,"key":"Bag of Preparation"},{"floor":9,"key":"Darkstone Periapt"}],"event_choices":[],"is_beta":false,"boss_relics":[],"items_purged_floors":[4],"is_endless":false,"potions_floor_spawned":[2,3,5],"killed_by":"Gremlin Nob","ascension_level":10}}