{"host":"avq773cl9g5msfol","time":1614165690,"event":{"mods":["100% Spire Juice","AchievementEnabler","Act Like it!","Ascension Unlocker","Aspiration","Astrologer","Bard","Bartender","BaseMod","Better Altar","Better Third Choice","BetterRewards","CapriCore","ChefMod","Colored Map","Colored Powertips","Conspire","Dio Mod","Downfall","Elementarium","Energized Spire","Extra Virgin Snecko Oil","Gensokyo","GifTheSpireLib","Hallownest","Hermit","Highlight Path","Hubris","Humility","Infinite Spire","Jorbs\u0027s Wanderer Trilogy","Koishi","Magitek Elite","Marisa????????","Marked Mod","Menagerie","Minty Spire (QoL Compilation)","Pale of the Ancients","Potionbrewer","Quarter Circle Forward PUNCH!","Rare Cards Sparkle","Reimu??????","Relic Stats","Reliquary","Remilia??????","Replay The Spire","Robot Space Explorer","SacredBarkPlus","Shade Mod","Shapeshifter Mod","Somnambulant","Spicy Shops","Spire Arcade","StSLib","The Administrix","The Blue Laboratory","The Bug Knight","The Construct","The Cursed","The Disciple","The Dragon Tamer","The Exalted","The Hayseed","The Hierophant","The Hydrologist","The Immortal","The Marked","The Mystic","The Problem Sleuth","The Runesmith","The Senshi","The Vixen","The Wild Card","TheFirefly","Wandering Minibosses","Wide Potions","vexMod"],"gold_per_floor":[116,136,148,161,174,174,208,208,260,287,301,330,330,343,343,441,441,464,478,514,538,143,143,181,181,181,200,219,219,262,285,285,378,378,403,403,427,447,467,505,518,518,518,518,539,579,606,631,631,631,631],"floor_reached":52,"language":"ENG","playtime":3220,"items_purged":["Outmaneuver+1","Slice+1","Choke+1","Replay:Poison Smokescreen+1","hubris:Sniper+1"],"score":3335,"play_id":"abcf4861-9066-471e-af2e-3a85fed415c7","local_time":"20210224182130","is_ascension_mode":true,"campfire_choices":[{"data":"Neutralize","floor":6,"key":"SMITH"},{"data":"Survivor","floor":15,"key":"SMITH"},{"data":"Gensokyo:TekeTeke","floor":23,"key":"SMITH"},{"data":"Gensokyo:SpontaneousHumanCombustion","floor":29,"key":"SMITH"},{"floor":32,"key":"REST"},{"data":"Madness","floor":42,"key":"SMITH"},{"data":"Madness","floor":44,"key":"SMITH"},{"floor":49,"key":"REST"}],"circlet_count":0,"master_deck":["AscendersBane","Survivor+1","Neutralize+1","infinitespire:Neurotoxin+1","Escape Plan+1","After Image+1","Tools of the Trade+1","Bullet Time+1","Atom Bomb+1","ReplayTheSpireMod:Exploit Weakness+1","Outmaneuver+1","Dagger Spray+1","Backflip+1","Poison Darts+1","Bane+1","Quick Slash+1","Crippling Poison+1","Poisoned Stab+1","Sucker Punch+1","Draining Mist+1","Noxious Fumes+1","Tactician+1","Leg Sweep+1","Deadly Poison+1","Deflect+1","Dodge and Roll+1","Dagger Throw+1","Fluid Movement+1","Catalyst+1","Cloak And Dagger+1","Replay:Poison Smokescreen+1","Reflex+1","Toxin Wave+1","Acrobatics","Die Die Die+1","Adrenaline+1","wanderingMiniBosses:FinaleOfPromise","Replay:Bag of Tricks+1","Gensokyo:TekeTeke+1","Gensokyo:SpontaneousHumanCombustion+1","Madness+1","Madness+1","hubris:Lust"],"relics":["Ring of the Snake","Golden Egg","Quantum Egg","aspiration:HatOfInfinitePower","infinitespire:Golems Mask","PureWhite:ReiMu","Basket Of Snakes","Replay:Towering Pillar of Hats","Incense Burner","OrangePellets","conspire:GlowingRock","hubris:CuriousFeather","aspiration:Headhunter","qcfpunch:Special_Ops_Insignia","hexamod:BolsterEngine","qcfpunch:Red_Beret","Paper Crane","hubris:SlimyHat","Golden Idol","RedLine:ReiMu","wanderingMiniBosses:Blackblade","Lantern","Cursed Key","Unceasing Top"],"acts_visited":["Menagerie:Menagerie","Gensokyo:Gensokyoer","TheBeyond"],"potions_floor_usage":[19,33],"damage_taken":[{"damage":0,"enemies":"Menagerie:2_RABBITS","floor":1,"turns":2},{"damage":0,"enemies":"Menagerie:WhisperingWraith","floor":2,"turns":3},{"damage":0,"enemies":"Menagerie:MonstrousExperiment","floor":3,"turns":3},{"damage":0,"enemies":"Menagerie:STYGIAN_BOAR_AND_RABBIT","floor":4,"turns":2},{"damage":0,"enemies":"Menagerie:3_RABBITS","floor":5,"turns":1},{"damage":0,"enemies":"Menagerie:Hydra","floor":7,"turns":3},{"damage":0,"enemies":"Menagerie:VoidReaper","floor":10,"turns":3},{"damage":0,"enemies":"Menagerie:KEEPER_AND_YOUNG_SUNEATER","floor":11,"turns":1},{"damage":0,"enemies":"Menagerie:MaskedSummoner","floor":12,"turns":2},{"damage":0,"enemies":"Menagerie:STYGIAN_BOAR_AND_RABBIT","floor":14,"turns":1},{"damage":4,"enemies":"Menagerie:Chimera","floor":16,"turns":4},{"damage":0,"enemies":"Gensokyo:CosmicMonolith","floor":18,"turns":4},{"damage":0,"enemies":"Gensokyo:Chomper","floor":19,"turns":2},{"damage":0,"enemies":"Gensokyo:Koishi","floor":20,"turns":2},{"damage":0,"enemies":"Gensokyo:Wraith","floor":21,"turns":1},{"damage":0,"enemies":"Gensokyo:Reisen","floor":24,"turns":1},{"damage":0,"enemies":"Gensokyo:Swordslinger","floor":27,"turns":1},{"damage":0,"enemies":"Gensokyo:3_Gloops","floor":28,"turns":2},{"damage":0,"enemies":"Gensokyo:Koishi","floor":30,"turns":2},{"damage":0,"enemies":"Gensokyo:Wraith","floor":31,"turns":2},{"damage":0,"enemies":"Gensokyo:Eternal_Rivals","floor":33,"turns":4},{"damage":0,"enemies":"3 Shapes","floor":35,"turns":1},{"damage":0,"enemies":"3 Darklings","floor":37,"turns":2},{"damage":0,"enemies":"Maw","floor":38,"turns":2},{"damage":0,"enemies":"Writhing Mass","floor":39,"turns":1},{"damage":0,"enemies":"HollowMod:StalkingDevout","floor":40,"turns":1},{"damage":0,"enemies":"3 Darklings","floor":41,"turns":2},{"damage":0,"enemies":"4 Shapes","floor":45,"turns":1},{"damage":0,"enemies":"Reptomancer","floor":46,"turns":1},{"damage":3,"enemies":"Writhing Mass","floor":48,"turns":1},{"damage":0,"enemies":"infinitespire:MassOfShapes","floor":50,"turns":1},{"damage":0,"enemies":"Time Eater","floor":51,"turns":1}],"seed_played":"-2112149655335789148","potions_obtained":[],"is_trial":false,"path_per_floor":["M","M","M","M","M","R","E","$","T","E","M","E","?","M","R","B",null,"M","M","E","M","COS","R","E","?","T","M","M","R","E","M","R_BF","B",null,"M","?","M","M","M","E","M","R","T","R","M","E","T","M","R","B","B",null],"character_chosen":"THE_SILENT","items_purchased":["Outmaneuver","Dagger Spray","Backflip","aspiration:HatOfInfinitePower","Poison Darts","Bane","infinitespire:Golems Mask","Quick Slash","Crippling Poison","PureWhite:ReiMu","Poisoned Stab","Ancient Potion","Sucker Punch+1","Basket Of Snakes","Draining Mist","Noxious Fumes","Tactician","Replay:Towering Pillar of Hats","Incense Burner","Leg Sweep","Deadly Poison","OrangePellets","Deflect","Dodge and Roll","conspire:GlowingRock","PowerPotion","Dagger Throw","Fluid Movement","hubris:CuriousFeather","Catalyst","Cloak And Dagger","Replay:Poison Smokescreen","hubris:Sniper","aspiration:Headhunter","qcfpunch:Special_Ops_Insignia","hexamod:BolsterEngine","Reflex","Toxin Wave"],"campfire_rested":2,"item_purchase_floors":[0,0,0,0,0,0,0,0,0,0,0,0,0,0,0,0,0,0,0,0,0,0,0,0,0,0,0,0,0,0,0,0,0,0,0,0,0,0],"current_hp_per_floor":[59,59,59,59,59,59,59,59,59,59,59,59,36,42,42,38,59,59,59,59,59,59,59,59,59,59,59,59,59,59,59,66,66,66,66,54,54,54,54,54,54,54,54,54,54,54,54,51,66,66,66],"gold":631,"neow_bonus":"","is_daily":false,"chose_seed":false,"campfire_upgraded":6,"win_rate":0.0,"timestamp":1614165690,"path_taken":["M","M","M","M","M","R","E","$","T","E","M","E","?","M","R","BOSS","M","M","E","M","COS","R","E","?","T","M","M","R","E","M","R_BF","BOSS","M","?","M","M","M","E","M","R","T","R","M","E","?","M","R","BOSS","BOSS"],"items_purchased_type":["Card","Card","Card","Relic","Card","Card","Relic","Card","Card","Relic","Card","Potion","Card","Relic","Card","Card","Card","Relic","Relic","Card","Card","Relic","Card","Card","Relic","Potion","Card","Card","Relic","Card","Card","Card","Card","Relic","Relic","Relic","Card","Card"],"build_version":"2020-12-22","purchased_purges":5,"victory":true,"max_hp_per_floor":[66,66,66,66,66,66,66,66,66,66,66,66,66,66,66,66,66,66,66,66,66,66,66,66,66,66,66,66,66,66,66,66,66,66,66,66,66,66,66,66,66,66,66,66,66,66,66,66,66,66,66],"relic_stats":{"OrangePellets":[144],"counters":[91,218],"Golden Idol":176,"Cursed Key":1,"obtain_stats":[{"Bromod:ArcaneUltimatum":37,"Ice Cream":51,"Golden Egg":0,"qcfpunch:Special_Ops_Insignia":0,"Vampiric Spirits":51,"theSenshi:FeatherClipsRelic":46,"qcfpunch:Red_Beret":9,"aspiration:BardSkillbook":17,"RedLine:ReiMu":34,"conspire:GlowingRock":0,"hubris:HerbalPaste":50,"Sundial":24,"infinitespire:Golems Mask":0,"theSenshi:SailorFukuRelic":38,"Replay:Wax Seal":27,"qcfpunch:Chain_With_Nametags":0,"vexMod:RetaliationKit":48,"aspiration:Headhunter":0,"reliquary:SharkskinSheath":12,"conspire:Dentures":48,"paleoftheancients:KeyRelic":51,"wanderingMiniBosses:ThiefScarf":35,"Happy Flower":48,"reliquary:Sideboard":0,"wanderingMiniBosses:MasterThiefsPresence":38,"infinitespire:Beetle Shell":37,"qcfpunch:Dark_Gi":34,"conspire:Boomerang":0,"Guardian:PocketSentry":59,"Replay:Kaleidoscope":39,"Letter Opener":51,"Paper Crane":10,"Du-Vu Doll":41,"infinitespire:EvilPickle":33,"paleoftheancients:Timepiece":51,"OrangePellets":0,"Bottled Flame":55,"ReplayTheSpireMod:Shallot":6,"wanderingMiniBosses:Blackblade":18,"Shuriken":0,"Pandora\u0027s Box":0,"reliquary:SculptingSteel":30,"ReplayTheSpireMod:TigerMarble":0,"Black Star":17,"aspiration:HatOfInfinitePower":0,"paleoftheancients:SoulOfTheShowman":52,"Unceasing Top":40,"ReplayFunnel":40,"theSenshi:SuperSailorFukuRelic":0,"Lantern":46,"reliquary:Boomerang":51,"Singing Bowl":24,"reliquary:Firecrackers":40,"StoneCalendar":50,"Juzu Bracelet":26,"Hallownest:DreamNailRelic":10,"Incense Burner":0,"hubris:SlimyHat":12,"Replay:Mystery Machine":46,"Cursed Key":34,"ClockworkSouvenir":38,"Replay:Rubber Ducky":42,"Frozen Eye":20,"Mummified Hand":0,"Bromod:ArcaneTrickery":26,"hubris:ScarierMask":48,"Genji_Glove":36,"hubris:CuriousFeather":0,"reliquary:RadioactivePellet":0,"Bromod:ArcaneGuardian":48,"TheVixenMod:UmbreonRelic":37,"Ring of the Snake":0,"aspiration:VileToxins":42,"The Specimen":0,"Replay:Towering Pillar of Hats":0,"aspiration:FetidBarrel":0,"Golden Idol":13,"Quantum Egg":0,"Basket Of Snakes":23,"Guardian:GemstoneGun":27,"Thread and Needle":0,"Protect_Vest":55,"infinitespire:CheckeredPen":8,"hubris:Towel":45,"reliquary:Pushpin":0,"reliquary:IridiumChain":55,"PureWhite:ReiMu":0,"infinitespire:Satchel":0,"reliquary:Stiletto":23,"Membership Card":0,"hexamod:BolsterEngine":0,"potionbrewer:SlideRule":40,"hubris:AncientText":0},{"Bromod:ArcaneUltimatum":18,"Ice Cream":55,"Golden Egg":2,"qcfpunch:Special_Ops_Insignia":59,"Vampiric Spirits":24,"theSenshi:FeatherClipsRelic":21,"qcfpunch:Red_Beret":65,"aspiration:BardSkillbook":10,"RedLine:ReiMu":43,"conspire:GlowingRock":59,"hubris:HerbalPaste":23,"Sundial":37,"infinitespire:Golems Mask":59,"theSenshi:SailorFukuRelic":19,"Replay:Wax Seal":39,"qcfpunch:Chain_With_Nametags":2,"vexMod:RetaliationKit":53,"aspiration:Headhunter":59,"reliquary:SharkskinSheath":8,"conspire:Dentures":23,"paleoftheancients:KeyRelic":55,"wanderingMiniBosses:ThiefScarf":18,"Happy Flower":53,"reliquary:Sideboard":25,"wanderingMiniBosses:MasterThiefsPresence":46,"infinitespire:Beetle Shell":18,"qcfpunch:Dark_Gi":17,"conspire:Boomerang":25,"Guardian:PocketSentry":58,"Replay:Kaleidoscope":20,"Letter Opener":55,"Paper Crane":66,"Du-Vu Doll":21,"infinitespire:EvilPickle":43,"paleoftheancients:Timepiece":55,"OrangePellets":59,"Bottled Flame":57,"ReplayTheSpireMod:Shallot":6,"wanderingMiniBosses:Blackblade":71,"Shuriken":25,"Pandora\u0027s Box":2,"reliquary:SculptingSteel":41,"ReplayTheSpireMod:TigerMarble":25,"Black Star":34,"aspiration:HatOfInfinitePower":25,"paleoftheancients:SoulOfTheShowman":56,"Unceasing Top":85,"ReplayFunnel":20,"theSenshi:SuperSailorFukuRelic":25,"Lantern":52,"reliquary:Boomerang":24,"Singing Bowl":37,"reliquary:Firecrackers":20,"StoneCalendar":23,"Juzu Bracelet":14,"Hallownest:DreamNailRelic":30,"Incense Burner":59,"hubris:SlimyHat":68,"Replay:Mystery Machine":21,"Cursed Key":80,"ClockworkSouvenir":19,"Replay:Rubber Ducky":49,"Frozen Eye":72,"Mummified Hand":25,"Bromod:ArcaneTrickery":38,"hubris:ScarierMask":22,"Genji_Glove":44,"hubris:CuriousFeather":59,"reliquary:RadioactivePellet":25,"Bromod:ArcaneGuardian":22,"TheVixenMod:UmbreonRelic":44,"Ring of the Snake":0,"aspiration:VileToxins":49,"The Specimen":2,"Replay:Towering Pillar of Hats":59,"aspiration:FetidBarrel":2,"Golden Idol":68,"Quantum Egg":2,"Basket Of Snakes":36,"Guardian:GemstoneGun":39,"Thread and Needle":2,"Protect_Vest":57,"infinitespire:CheckeredPen":7,"hubris:Towel":21,"reliquary:Pushpin":2,"reliquary:IridiumChain":57,"PureWhite:ReiMu":59,"infinitespire:Satchel":25,"reliquary:Stiletto":13,"Membership Card":2,"hexamod:BolsterEngine":25,"potionbrewer:SlideRule":21,"hubris:AncientText":2},{"Bromod:ArcaneUltimatum":52,"Ice Cream":142,"Golden Egg":4,"qcfpunch:Special_Ops_Insignia":158,"Vampiric Spirits":71,"theSenshi:FeatherClipsRelic":62,"qcfpunch:Red_Beret":172,"aspiration:BardSkillbook":24,"RedLine:ReiMu":114,"conspire:GlowingRock":158,"hubris:HerbalPaste":68,"Sundial":102,"infinitespire:Golems Mask":158,"theSenshi:SailorFukuRelic":55,"Replay:Wax Seal":107,"qcfpunch:Chain_With_Nametags":4,"vexMod:RetaliationKit":134,"aspiration:Headhunter":158,"reliquary:SharkskinSheath":19,"conspire:Dentures":68,"paleoftheancients:KeyRelic":142,"wanderingMiniBosses:ThiefScarf":52,"Happy Flower":134,"reliquary:Sideboard":74,"wanderingMiniBosses:MasterThiefsPresence":120,"infinitespire:Beetle Shell":52,"qcfpunch:Dark_Gi":48,"conspire:Boomerang":74,"Guardian:PocketSentry":154,"Replay:Kaleidoscope":58,"Letter Opener":142,"Paper Crane":175,"Du-Vu Doll":62,"infinitespire:EvilPickle":114,"paleoftheancients:Timepiece":142,"OrangePellets":158,"Bottled Flame":152,"ReplayTheSpireMod:Shallot":12,"wanderingMiniBosses:Blackblade":187,"Shuriken":74,"Pandora\u0027s Box":4,"reliquary:SculptingSteel":110,"ReplayTheSpireMod:TigerMarble":74,"Black Star":95,"aspiration:HatOfInfinitePower":74,"paleoftheancients:SoulOfTheShowman":146,"Unceasing Top":211,"ReplayFunnel":58,"theSenshi:SuperSailorFukuRelic":74,"Lantern":131,"reliquary:Boomerang":71,"Singing Bowl":102,"reliquary:Firecrackers":58,"StoneCalendar":68,"Juzu Bracelet":40,"Hallownest:DreamNailRelic":84,"Incense Burner":158,"hubris:SlimyHat":178,"Replay:Mystery Machine":62,"Cursed Key":204,"ClockworkSouvenir":55,"Replay:Rubber Ducky":126,"Frozen Eye":189,"Mummified Hand":74,"Bromod:ArcaneTrickery":104,"hubris:ScarierMask":65,"Genji_Glove":115,"hubris:CuriousFeather":158,"reliquary:RadioactivePellet":74,"Bromod:ArcaneGuardian":65,"TheVixenMod:UmbreonRelic":115,"Ring of the Snake":0,"aspiration:VileToxins":126,"The Specimen":4,"Replay:Towering Pillar of Hats":158,"aspiration:FetidBarrel":4,"Golden Idol":178,"Quantum Egg":4,"Basket Of Snakes":100,"Guardian:GemstoneGun":107,"Thread and Needle":4,"Protect_Vest":152,"infinitespire:CheckeredPen":16,"hubris:Towel":62,"reliquary:Pushpin":4,"reliquary:IridiumChain":152,"PureWhite:ReiMu":158,"infinitespire:Satchel":74,"reliquary:Stiletto":37,"Membership Card":4,"hexamod:BolsterEngine":74,"potionbrewer:SlideRule":62,"hubris:AncientText":4}],"Unceasing Top":[0],"Ring of the Snake":[179]},"card_choices":[{"not_picked":["Outmaneuver","Slice","Backstab"],"picked":"SKIP","floor":1},{"not_picked":["Blade Dance","Backstab","Quick Slash"],"picked":"SKIP","floor":2},{"not_picked":["Outmaneuver","Reflex","Deadly Poison"],"picked":"SKIP","floor":3},{"not_picked":["Dagger Throw","Cloak And Dagger","PiercingWail"],"picked":"SKIP","floor":4},{"not_picked":["Slice","Masterful Stab","Sucker Punch"],"picked":"SKIP","floor":5},{"not_picked":["Dodge and Roll","Escape Plan"],"picked":"Acrobatics","floor":7},{"not_picked":["Dodge and Roll","PiercingWail","Outmaneuver"],"picked":"SKIP","floor":10},{"not_picked":["Hidden Blade","Slice"],"picked":"Die Die Die","floor":11},{"not_picked":["Blade Dance","Leg Sweep","Prepared"],"picked":"SKIP","floor":12},{"not_picked":["Blur","Underhanded Strike","Setup"],"picked":"SKIP","floor":14},{"not_picked":["Poison Darts","Die Die Die"],"picked":"Adrenaline","floor":16},{"not_picked":[],"picked":"wanderingMiniBosses:FinaleOfPromise","floor":18},{"not_picked":["Quick Slash","Blur","Underhanded Strike"],"picked":"SKIP","floor":18},{"not_picked":["conspire:PoisonWeapons","Terror","Quick Slash"],"picked":"SKIP","floor":19},{"not_picked":["Slice+1","Poisoned Stab"],"picked":"Replay:Bag of Tricks","floor":20},{"not_picked":["Blade Dance","Sucker Punch","Slice"],"picked":"SKIP","floor":21},{"not_picked":["Replay:Bag of Tricks","Finisher+1","Deadly Poison"],"picked":"SKIP","floor":24},{"not_picked":["ReplayTheSpireMod:The Works+1","Dodge and Roll","Outmaneuver+1"],"picked":"SKIP","floor":27},{"not_picked":["Slice","Outmaneuver","Blade Dance+1"],"picked":"SKIP","floor":28},{"not_picked":["ReplayTheSpireMod:From All Sides","Dash","Deflect"],"picked":"SKIP","floor":30},{"not_picked":["Prepared","Poisoned Stab","Cloak And Dagger"],"picked":"SKIP","floor":31},{"not_picked":["All Out Attack","hubris:Counter","Deadly Poison"],"picked":"SKIP","floor":35},{"not_picked":["Acrobatics","Slice","Blade Dance+1"],"picked":"SKIP","floor":37},{"not_picked":["Replay:Poison Smokescreen","Catalyst","Dagger Throw"],"picked":"SKIP","floor":38},{"not_picked":["Fluid Movement+1","Poisoned Stab+1","Prepared"],"picked":"SKIP","floor":39},{"not_picked":["ReplayTheSpireMod:The Works","Outmaneuver","Flying Knee"],"picked":"SKIP","floor":40},{"not_picked":["ReplayTheSpireMod:The Works","Outmaneuver","Flying Knee"],"picked":"SKIP","floor":40},{"not_picked":["Leg Sweep","Noxious Fumes","Masterful Stab"],"picked":"SKIP","floor":41},{"not_picked":["Endless Agony","Underhanded Strike","Blade Dance"],"picked":"SKIP","floor":45},{"not_picked":["hubris:TrickCloak","Well Laid Plans+1","Outmaneuver"],"picked":"SKIP","floor":46},{"not_picked":["Slice","Leg Sweep","Blade Dance"],"picked":"SKIP","floor":48}],"player_experience":1501155,"relics_obtained":[{"floor":9,"key":"qcfpunch:Red_Beret"},{"floor":10,"key":"Paper Crane"},{"floor":12,"key":"hubris:SlimyHat"},{"floor":18,"key":"wanderingMiniBosses:Blackblade"},{"floor":24,"key":"Lantern"},{"floor":40,"key":"Unceasing Top"}],"event_choices":[{"damage_healed":0,"gold_gain":0,"player_choice":"Take Damage","damage_taken":23,"relics_obtained":["Golden Idol"],"max_hp_gain":0,"max_hp_loss":0,"event_name":"Golden Idol","floor":13,"gold_loss":0},{"damage_healed":0,"gold_gain":0,"player_choice":"Embrace Madness","damage_taken":12,"max_hp_gain":0,"max_hp_loss":0,"event_name":"Winding Halls","floor":36,"gold_loss":0,"cards_obtained":["Madness","Madness"]}],"is_beta":false,"boss_relics":[{"not_picked":["vexMod:FluxCapacitor","Ectoplasm"],"picked":"RedLine:ReiMu"},{"not_picked":["reliquary:Craggleroot","Empty Cage"],"picked":"Cursed Key"}],"items_purged_floors":[0,0,0,0,0],"is_endless":false,"potions_floor_spawned":[2,3,10,14,16,18,20,24,28,38,41],"ascension_level":20,"is_humility":true}}