{"host":"684z1xpuwaoqmmh1","time":1614166268,"event":{"mods":["BaseMod","CatGirl Mod","Downfall","Hermit","Jorbs\u0027s Wanderer Trilogy","Marisa????????","Minty Spire (QoL Compilation)","Robot Space Explorer","Shade Mod","Shapeshifter Mod","StSLib","The Bug Knight","The Clintock","The Dragon Tamer","The Elementalist","The Hayseed","The Hierophant","The Marked","The Mystic","The Poker Player","The Runesmith","The Sage","The Saiyan","The Showman","The Spell Scribe","The Valiant","The Vixen","TheBandit","TheFirefly","TheVacant"],"gold_per_floor":[116,126,138,138,157,192,192,224,224,249,249,262,288,288,288,384,434,453,472,484,187,201,201,201],"floor_reached":23,"language":"ENG","playtime":1121,"items_purged":["StSShapeShifter:ShapeShifter_Strike"],"score":285,"play_id":"b38ba525-6868-4ca5-8844-e8ee92af1ad3","local_time":"20210224133108","is_ascension_mode":true,"campfire_choices":[{"data":"StSShapeShifter:RockSlide","floor":7.0,"key":"SMITH"},{"data":"StSShapeShifter:Synchronicity","floor":11,"key":"SMITH"},{"data":"StSShapeShifter:Garden","floor":15,"key":"SMITH"}],"circlet_count":0,"master_deck":["StSShapeShifter:ShapeShifter_Strike","StSShapeShifter:ShapeShifter_Strike+1","StSShapeShifter:ShapeShifter_Strike","StSShapeShifter:ShapeShifter_Strike","StSShapeShifter:ShapeShifter_Defend","StSShapeShifter:ShapeShifter_Defend","StSShapeShifter:ShapeShifter_Defend","StSShapeShifter:ShapeShifter_Defend","StSShapeShifter:ShapeShifter_Defend","StSShapeShifter:Tortoise_Form","StSShapeShifter:Lynx_Form","StSShapeShifter:FallingLeaves","StSShapeShifter:ShiftingStrike","StSShapeShifter:Mystical_Branch","StSShapeShifter:HummingbirdForm+1","StSShapeShifter:RockSlide+1","StSShapeShifter:BaskInBloom","StSShapeShifter:Efflorescence","StSShapeShifter:Synchronicity+1","StSShapeShifter:Garden+1","StSShapeShifter:Blossom2","StSShapeShifter:BearForm","StSShapeShifter:Synchronicity+1","StSShapeShifter:Maul","StSShapeShifter:DeerForm+1","StSShapeShifter:EmbraceTheCycle+1","StSShapeShifter:AdaptiveStrikes+1"],"relics":["StSShapeShifter:AnimalHeart","StSShapeShifter:TheShapeShiftersMagnolia","Guardian:PocketSentry","CaptainsWheel","Potion Belt","Pantograph","Frozen Egg 2","Tiny House","Guardian:BottledAnomaly"],"acts_visited":["Exordium","TheCity"],"potions_floor_usage":[10,20,23,23],"damage_taken":[{"damage":2.0,"enemies":"Jaw Worm","floor":1.0,"turns":4.0},{"damage":0.0,"enemies":"2 Louse","floor":2.0,"turns":3.0},{"damage":0.0,"enemies":"Small Slimes","floor":3.0,"turns":1.0},{"damage":2.0,"enemies":"Looter","floor":5.0,"turns":4.0},{"damage":16.0,"enemies":"Gremlin Nob","floor":6.0,"turns":3.0},{"damage":21.0,"enemies":"Lagavulin","floor":8.0,"turns":7.0},{"damage":6,"enemies":"Gremlin Nob","floor":10,"turns":3},{"damage":1,"enemies":"Large Slime","floor":12,"turns":6},{"damage":0,"enemies":"3 Sentries","floor":13,"turns":6},{"damage":32,"enemies":"Hexaghost","floor":16,"turns":8},{"damage":11,"enemies":"Spheric Guardian","floor":18,"turns":5},{"damage":17,"enemies":"Chosen","floor":19,"turns":10},{"damage":10,"enemies":"3 Cultists","floor":20,"turns":5},{"damage":15,"enemies":"Snecko","floor":22,"turns":5},{"damage":35,"enemies":"Book of Stabbing","floor":23,"turns":5}],"seed_played":"4098988945897514874","potions_obtained":[{"floor":3.0,"key":"hexamod:SoulburnPotion"},{"floor":5.0,"key":"LiquidMemories"},{"floor":8.0,"key":"StSShapeShifter:PolyBeastPotion"},{"floor":12,"key":"SkillPotion"},{"floor":17,"key":"Slimebound:ThreeZeroPotion"},{"floor":22,"key":"BlessingOfTheForge"}],"is_trial":false,"path_per_floor":["M","M","M","?","M","E","R","E","T","E","R","M","E","?","R","B",null,"M","M","M","$","M","E"],"character_chosen":"SHAPESHIFTER","items_purchased":["Guardian:BottledAnomaly","StSShapeShifter:EmbraceTheCycle+1"],"campfire_rested":0,"item_purchase_floors":[21,21],"current_hp_per_floor":[76,76,76,76,74,58,58,37,37,31,31,30,30,30,30,25,83,74,57,47,47,32,0,0],"gold":201,"neow_bonus":"THREE_CARDS","is_daily":false,"chose_seed":false,"campfire_upgraded":3,"win_rate":0.0,"timestamp":1614166268,"path_taken":["M","M","M","?","M","E","R","E","T","E","R","M","E","?","R","BOSS","M","M","M","$","M","E"],"items_purchased_type":["Relic","Card"],"build_version":"2020-12-22","purchased_purges":1,"victory":false,"max_hp_per_floor":[78,78,78,78,78,78,78,78,78,78,78,78,78,78,78,78,83,83,83,83,83,83,83,83],"card_choices":[{"not_picked":["StSShapeShifter:FlowerShield","StSShapeShifter:Guard"],"picked":"StSShapeShifter:FallingLeaves","floor":0.0},{"not_picked":["StSShapeShifter:ThornToss","StSShapeShifter:Roar"],"picked":"StSShapeShifter:ShiftingStrike","floor":1.0},{"not_picked":["StSShapeShifter:Guard","StSShapeShifter:SunflowerShuriken"],"picked":"StSShapeShifter:Mystical_Branch","floor":2.0},{"not_picked":["StSShapeShifter:Sapling","StSShapeShifter:SunflowerShuriken"],"picked":"StSShapeShifter:HummingbirdForm","floor":3.0},{"not_picked":["StSShapeShifter:SquirrelForm","StSShapeShifter:FallingLeaves"],"picked":"StSShapeShifter:RockSlide","floor":5.0},{"not_picked":["StSShapeShifter:BladeOfGrass","StSShapeShifter:LeapingSlash"],"picked":"StSShapeShifter:BaskInBloom","floor":6.0},{"not_picked":["StSShapeShifter:SunflowerShuriken","StSShapeShifter:AdaptiveStrikes"],"picked":"StSShapeShifter:Efflorescence","floor":8.0},{"not_picked":["StSShapeShifter:Garden","StSShapeShifter:EagleForm"],"picked":"StSShapeShifter:Synchronicity","floor":10},{"not_picked":["StSShapeShifter:BloomingSlash","StSShapeShifter:HummingbirdForm"],"picked":"StSShapeShifter:Garden","floor":12},{"not_picked":["StSShapeShifter:ThornToss","StSShapeShifter:RockSlide","StSShapeShifter:Maul"],"picked":"SKIP","floor":13},{"not_picked":["StSShapeShifter:Tornado","StSShapeShifter:HydraForm"],"picked":"StSShapeShifter:Blossom2","floor":16},{"not_picked":["StSShapeShifter:BloomingSlash","StSShapeShifter:PoisonIvy"],"picked":"StSShapeShifter:BearForm","floor":17},{"not_picked":["StSShapeShifter:Guard","StSShapeShifter:ShiftingStrike"],"picked":"StSShapeShifter:Synchronicity+1","floor":18},{"not_picked":["StSShapeShifter:PoisonIvy","StSShapeShifter:Roar+1"],"picked":"StSShapeShifter:Maul","floor":19},{"not_picked":["StSShapeShifter:Maul","StSShapeShifter:PoisonIvy+1"],"picked":"StSShapeShifter:DeerForm+1","floor":20},{"not_picked":["StSShapeShifter:HummingbirdForm+1","StSShapeShifter:BloomingSlash"],"picked":"StSShapeShifter:AdaptiveStrikes+1","floor":22}],"player_experience":3151819,"relics_obtained":[{"floor":6.0,"key":"Guardian:PocketSentry"},{"floor":8.0,"key":"CaptainsWheel"},{"floor":9.0,"key":"Potion Belt"},{"floor":10,"key":"Pantograph"},{"floor":13,"key":"Frozen Egg 2"}],"event_choices":[{"damage_healed":0.0,"max_hp_gain":0.0,"max_hp_loss":0.0,"gold_gain":0.0,"event_name":"Living Wall","player_choice":"Grow","floor":4.0,"gold_loss":0.0,"damage_taken":0.0,"cards_upgraded":["StSShapeShifter:HummingbirdForm"]}],"is_beta":false,"boss_relics":[{"not_picked":["Coffee Dripper","Runesmith:UraniumAnvil"],"picked":"Tiny House"}],"items_purged_floors":[21],"is_endless":false,"potions_floor_spawned":[3,5,8,12,22],"killed_by":"Book of Stabbing","ascension_level":3}}