{"host":"dowi7cgbhepuzvpj","time":1614177241,"event":{"mods":["AchievementEnabler","BaseMod","Colored Map","Keyboard Shortcuts","Minty Spire (QoL Compilation)","Permanent Neow","Quick Restart","StSLib","SuperFastMode"],"gold_per_floor":[12,12,32,32,46,46,59,59,83,101,139,154,187,212,212,298,298,312,330,340,141,167,198,198,213,213,227,236,71,121,135,135,217,217,236,254,41,41,41,41,70,70,116,155,180,180,0,14,23,23],"floor_reached":51,"language":"KOR","playtime":1954,"items_purged":["MasterReality","PathToVictory+1"],"score":1215,"play_id":"29af4d84-874a-48ab-ba85-f718a79f5141","local_time":"20210224233400","is_ascension_mode":true,"campfire_choices":[{"data":"Eruption","floor":6.0,"key":"SMITH"},{"floor":15.0,"key":"REST"},{"floor":24.0,"key":"REST"},{"floor":28.0,"key":"REST"},{"data":"MentalFortress","floor":32.0,"key":"SMITH"},{"data":"BattleHymn","floor":40.0,"key":"SMITH"},{"data":"MentalFortress","floor":42.0,"key":"SMITH"},{"floor":46.0,"key":"REST"},{"floor":49.0,"key":"REST"}],"circlet_count":0,"master_deck":["AscendersBane","Strike_P+1","Defend_P+1","Defend_P+1","Eruption+1","Vigilance+1","FollowUp+1","LessonLearned+1","InnerPeace+1","FlurryOfBlows+1","EmptyBody+1","CutThroughFate+1","Swivel+1","FlurryOfBlows+1","Adaptation+1","Wallop+1","MentalFortress+1","WindmillStrike+1","MentalFortress+1","Vault+1","Madness","Flash of Steel+1","Adaptation+1","BattleHymn+1","FlurryOfBlows+1","CrushJoints"],"relics":["PureWater","CeramicFish","Blood Vial","Dream Catcher","MealTicket","Sozu","Orrery","Toy Ornithopter","Bronze Scales","VioletLotus","DollysMirror","Du-Vu Doll","Regal Pillow","Bag of Marbles","Torii","Red Mask"],"acts_visited":["Exordium","TheCity","TheBeyond"],"potions_floor_usage":[],"damage_taken":[{"damage":0.0,"enemies":"Cultist","floor":1.0,"turns":3.0},{"damage":3.0,"enemies":"2 Louse","floor":3.0,"turns":3.0},{"damage":0.0,"enemies":"Small Slimes","floor":5.0,"turns":2.0},{"damage":5.0,"enemies":"Red Slaver","floor":7.0,"turns":3.0},{"damage":2.0,"enemies":"Large Slime","floor":10.0,"turns":4.0},{"damage":17.0,"enemies":"Gremlin Nob","floor":11.0,"turns":4.0},{"damage":2.0,"enemies":"Exordium Thugs","floor":12.0,"turns":5.0},{"damage":10.0,"enemies":"3 Sentries","floor":13.0,"turns":7.0},{"damage":0.0,"enemies":"Exordium Wildlife","floor":14.0,"turns":2.0},{"damage":43.0,"enemies":"Hexaghost","floor":16.0,"turns":6.0},{"damage":13.0,"enemies":"Spheric Guardian","floor":18.0,"turns":4.0},{"damage":6.0,"enemies":"Shell Parasite","floor":20.0,"turns":3.0},{"damage":6.0,"enemies":"Centurion and Healer","floor":22.0,"turns":3.0},{"damage":19.0,"enemies":"Slavers","floor":23.0,"turns":6.0},{"damage":11.0,"enemies":"Snecko","floor":25.0,"turns":5.0},{"damage":18.0,"enemies":"Snake Plant","floor":27.0,"turns":4.0},{"damage":0.0,"enemies":"Cultist and Chosen","floor":31.0,"turns":6.0},{"damage":13.0,"enemies":"Collector","floor":33.0,"turns":7.0},{"damage":6.0,"enemies":"3 Shapes","floor":35.0,"turns":6.0},{"damage":21.0,"enemies":"Reptomancer","floor":41.0,"turns":6.0},{"damage":7.0,"enemies":"Giant Head","floor":44.0,"turns":7.0},{"damage":0.0,"enemies":"Mind Bloom Boss Battle","floor":45.0,"turns":7.0},{"damage":16.0,"enemies":"3 Darklings","floor":48.0,"turns":5.0},{"damage":42,"enemies":"Time Eater","floor":50,"turns":5}],"seed_played":"7601650116033473296","potions_obtained":[{"floor":3.0,"key":"Energy Potion"},{"floor":5.0,"key":"ColorlessPotion"},{"floor":10.0,"key":"Dexterity Potion"},{"floor":12.0,"key":"CultistPotion"},{"floor":13.0,"key":"ColorlessPotion"},{"floor":14.0,"key":"LiquidMemories"}],"is_trial":false,"path_per_floor":["M","?","M","?","M","R","M","?","T","M","E","M","E","M","R","B",null,"M","?","M","$","M","E","R","M","T","M","R","$","?","M","R","B",null,"M","?","$","?","$","R","E","R","T","E","?","R","?","M","R","B",null],"character_chosen":"WATCHER","items_purchased":["Orrery","MentalFortress","DollysMirror","BattleHymn"],"campfire_rested":5,"item_purchase_floors":[21,29,37,37],"current_hp_per_floor":[61,61,58,63,63,63,58,58,58,58,43,43,35,37,58,17,59,48,48,44,59,55,38,59,50,50,34,55,70,70,72,72,60,70,66,56,71,71,73,73,52,52,52,47,49,73,73,57,73,31],"gold":23,"neow_bonus":"REMOVE_TWO","is_daily":false,"chose_seed":false,"campfire_upgraded":4,"win_rate":0.0,"timestamp":1614177240,"path_taken":["M","?","M","?","M","R","M","?","T","M","E","?","E","M","R","BOSS","M","?","M","$","M","E","R","M","T","M","R","$","?","M","R","BOSS","M","?","$","?","$","R","E","R","T","E","?","R","?","M","R","BOSS"],"items_purchased_type":["Relic","Card","Relic","Card"],"build_version":"2020-12-22","purchased_purges":2,"victory":true,"max_hp_per_floor":[68,68,68,73,73,73,73,73,73,73,73,73,73,73,73,73,73,73,73,73,73,73,73,73,73,73,73,73,73,73,73,73,73,73,73,73,73,73,73,73,73,73,73,73,73,73,73,73,73,73],"card_choices":[{"not_picked":["Halt","EmptyFist"],"picked":"FollowUp","floor":1.0},{"not_picked":["EmptyBody","ForeignInfluence","Crescendo"],"picked":"SKIP","floor":3.0},{"not_picked":["EmptyBody","ForeignInfluence","Crescendo"],"picked":"SKIP","floor":3.0},{"not_picked":["Protect","Consecrate"],"picked":"InnerPeace","floor":5.0},{"not_picked":["Vengeance","CutThroughFate"],"picked":"FlurryOfBlows","floor":7.0},{"not_picked":["Weave","Swivel","Halt"],"picked":"SKIP","floor":10.0},{"not_picked":["SpiritShield","FollowUp"],"picked":"EmptyBody","floor":11.0},{"not_picked":["Consecrate","ThirdEye","EmptyFist"],"picked":"SKIP","floor":12.0},{"not_picked":["Protect","JustLucky","ReachHeaven"],"picked":"SKIP","floor":13.0},{"not_picked":["Evaluate","PathToVictory"],"picked":"CutThroughFate","floor":14.0},{"not_picked":["Omniscience","Alpha"],"picked":"MasterReality","floor":16.0},{"not_picked":["Crescendo","Protect","Pray"],"picked":"SKIP","floor":18.0},{"not_picked":["Swivel","DeceiveReality","PathToVictory"],"picked":"SKIP","floor":20.0},{"not_picked":["CrushJoints","Protect"],"picked":"FlurryOfBlows","floor":21.0},{"not_picked":["Crescendo","Evaluate"],"picked":"Adaptation","floor":21.0},{"not_picked":["ClearTheMind","JustLucky"],"picked":"Wallop","floor":21.0},{"not_picked":["Tantrum","SashWhip"],"picked":"MentalFortress","floor":22.0},{"not_picked":["Crescendo","ClearTheMind","DeceiveReality"],"picked":"SKIP","floor":23.0},{"not_picked":["FollowUp","ThirdEye","Prostrate+1"],"picked":"SKIP","floor":25.0},{"not_picked":["CrushJoints","Crescendo","SashWhip"],"picked":"SKIP","floor":27.0},{"not_picked":["Crescendo","Protect"],"picked":"WindmillStrike","floor":28.0},{"not_picked":["Halt+1","WreathOfFlame","EmptyBody"],"picked":"SKIP","floor":31.0},{"not_picked":["Wish","Omniscience"],"picked":"Vault","floor":33.0},{"not_picked":["BowlingBash","Halt","FlyingSleeves"],"picked":"SKIP","floor":35.0},{"not_picked":["Dark Shackles","Secret Weapon"],"picked":"Madness","floor":36.0},{"not_picked":["Enlightenment","Swift Strike"],"picked":"Flash of Steel","floor":36.0},{"not_picked":["FollowUp","FlyingSleeves","Brilliance"],"picked":"SKIP","floor":41.0},{"not_picked":["Crescendo+1","SignatureMove"],"picked":"FlurryOfBlows+1","floor":44.0},{"not_picked":["BowlingBash","PathToVictory","Consecrate"],"picked":"SKIP","floor":48.0},{"not_picked":["PathToVictory+1","FollowUp"],"picked":"CrushJoints","floor":49.0}],"player_experience":905924,"relics_obtained":[{"floor":9.0,"key":"Blood Vial"},{"floor":11.0,"key":"Dream Catcher"},{"floor":13.0,"key":"MealTicket"},{"floor":23.0,"key":"Toy Ornithopter"},{"floor":26.0,"key":"Bronze Scales"},{"floor":41.0,"key":"Du-Vu Doll"},{"floor":43.0,"key":"Regal Pillow"},{"floor":44.0,"key":"Bag of Marbles"},{"floor":45.0,"key":"Torii"}],"event_choices":[{"damage_healed":0.0,"max_hp_gain":0.0,"max_hp_loss":0.0,"gold_gain":0.0,"cards_transformed":["Strike_P"],"event_name":"Living Wall","player_choice":"Change","floor":2.0,"gold_loss":0.0,"damage_taken":0.0,"cards_obtained":["LessonLearned"]},{"damage_healed":0.0,"max_hp_gain":5.0,"max_hp_loss":0.0,"gold_gain":0.0,"event_name":"Big Fish","player_choice":"Donut","floor":4.0,"gold_loss":0.0,"damage_taken":0.0},{"damage_healed":0.0,"max_hp_gain":0.0,"max_hp_loss":0.0,"gold_gain":0.0,"event_name":"WeMeetAgain","player_choice":"Gave Potion","floor":8.0,"gold_loss":0.0,"damage_taken":0.0,"relics_obtained":["CeramicFish"]},{"damage_healed":0.0,"max_hp_gain":0.0,"max_hp_loss":0.0,"gold_gain":0.0,"cards_transformed":["Strike_P","Defend_P"],"event_name":"Drug Dealer","player_choice":"Became Test Subject","floor":19.0,"gold_loss":0.0,"damage_taken":0.0,"cards_obtained":["Swivel","PathToVictory"]},{"damage_healed":0.0,"max_hp_gain":0.0,"max_hp_loss":0.0,"gold_gain":100.0,"event_name":"The Joust","player_choice":"Bet on Murderer","floor":30.0,"gold_loss":50.0,"damage_taken":0.0},{"damage_healed":0.0,"max_hp_gain":0.0,"max_hp_loss":0.0,"gold_gain":0.0,"event_name":"SensoryStone","player_choice":"Memory 3","floor":36.0,"gold_loss":0.0,"damage_taken":10.0},{"damage_healed":0.0,"max_hp_gain":0.0,"max_hp_loss":0.0,"gold_gain":0.0,"event_name":"Mysterious Sphere","player_choice":"Ignored","floor":38.0,"gold_loss":0.0,"damage_taken":0.0},{"damage_healed":0.0,"max_hp_gain":0.0,"max_hp_loss":0.0,"gold_gain":0.0,"event_name":"MindBloom","player_choice":"Fight","floor":45.0,"gold_loss":0.0,"damage_taken":0.0},{"damage_healed":0.0,"max_hp_gain":0.0,"max_hp_loss":0.0,"gold_gain":0.0,"event_name":"Tomb of Lord Red Mask","player_choice":"Paid","floor":47.0,"gold_loss":180.0,"damage_taken":0.0,"relics_obtained":["Red Mask"]}],"is_beta":false,"boss_relics":[{"not_picked":["Empty Cage","Pandora\u0027s Box"],"picked":"Sozu"},{"not_picked":["Busted Crown","Coffee Dripper"],"picked":"VioletLotus"}],"items_purged_floors":[21,29],"is_endless":false,"potions_floor_spawned":[3,5,10,12,13,14,18,22,33,44,45],"ascension_level":14}}