{"host":"bikm2o78umlg9iwk","time":1614202480,"event":{"mods":["AchievementEnabler","BaseMod","Colored Map","Colored Powertips","Highlight Path","Minty Spire (QoL Compilation)","Quick Restart","Relic Stats"],"gold_per_floor":[110,125,125,17,30,30,30,73,73,73,73,73],"floor_reached":11,"language":"ENG","playtime":438,"items_purged":[],"score":138,"play_id":"09446d43-6c71-4b0e-a285-d05035882e4f","local_time":"20210224223440","is_ascension_mode":true,"campfire_choices":[{"floor":6.0,"key":"REST"}],"circlet_count":0,"master_deck":["AscendersBane","Strike_B","Strike_B","Strike_B","Defend_B","Defend_B","Defend_B","Defend_B","Zap","Dualcast","Sweeping Beam","Static Discharge","Ball Lightning","Static Discharge","Reinforced Body"],"relics":["Fusion Hammer","Golden Idol","Shuriken","Blood Vial"],"acts_visited":["Exordium"],"potions_floor_usage":[11],"damage_taken":[{"damage":5.0,"enemies":"Small Slimes","floor":1.0,"turns":3.0},{"damage":7.0,"enemies":"Jaw Worm","floor":2.0,"turns":4.0},{"damage":0.0,"enemies":"2 Louse","floor":5.0,"turns":2.0},{"damage":15.0,"enemies":"3 Sentries","floor":8.0,"turns":5.0},{"damage":32,"enemies":"Gremlin Nob","floor":11,"turns":3}],"seed_played":"3310110798776072966","potions_obtained":[{"floor":5.0,"key":"FocusPotion"}],"is_trial":false,"path_per_floor":["M","M","?","$","M","R","$","E","T","?","E"],"character_chosen":"DEFECT","items_purchased":["Ball Lightning","Block Potion"],"campfire_rested":1,"item_purchase_floors":[4,4],"current_hp_per_floor":[59,52,28,28,28,49,49,34,34,27,0,0],"gold":73,"neow_bonus":"BOSS_RELIC","is_daily":false,"chose_seed":false,"campfire_upgraded":0,"win_rate":0.0,"timestamp":1614202480,"path_taken":["M","M","?","$","M","R","$","E","T","?","E"],"items_purchased_type":["Card","Potion"],"build_version":"2020-12-22","purchased_purges":0,"victory":false,"max_hp_per_floor":[71,71,71,71,71,71,71,71,71,71,71,71],"relic_stats":{"Blood Vial":2,"counters":[5,17],"Golden Idol":12,"Shuriken":[0],"obtain_stats":[{"Blood Vial":9,"Golden Idol":3,"Shuriken":8,"Fusion Hammer":0,"Cracked Core":0},{"Blood Vial":4,"Golden Idol":2,"Shuriken":4,"Fusion Hammer":0,"Cracked Core":0},{"Blood Vial":14,"Golden Idol":7,"Shuriken":14,"Fusion Hammer":0,"Cracked Core":0}]},"card_choices":[{"not_picked":["Conserve Battery","Reprogram"],"picked":"Sweeping Beam","floor":1.0},{"not_picked":["FTL","Leap"],"picked":"Static Discharge","floor":2.0},{"not_picked":["Barrage","Beam Cell"],"picked":"Static Discharge","floor":5.0},{"not_picked":["Doom and Gloom","Beam Cell"],"picked":"Reinforced Body","floor":8.0}],"player_experience":1692355,"relics_obtained":[{"floor":8.0,"key":"Shuriken"},{"floor":9.0,"key":"Blood Vial"}],"event_choices":[{"damage_healed":0.0,"max_hp_gain":0.0,"max_hp_loss":0.0,"gold_gain":0.0,"event_name":"Golden Idol","player_choice":"Take Damage","floor":3.0,"gold_loss":0.0,"damage_taken":24.0,"relics_obtained":["Golden Idol"]},{"cards_removed":["Strike_B"],"damage_healed":0.0,"max_hp_gain":0.0,"max_hp_loss":0.0,"gold_gain":0.0,"event_name":"Golden Wing","player_choice":"Card Removal","floor":10.0,"gold_loss":0.0,"damage_taken":7.0}],"is_beta":false,"boss_relics":[],"items_purged_floors":[],"is_endless":false,"potions_floor_spawned":[5],"killed_by":"Gremlin Nob","ascension_level":19}}