{"host":"106a9i1yxyuuvaq3","time":1614204240,"event":{"mods":["2.2 Compatiblity","AchievementEnabler","Act Like it!","AlwaysNeverKeys","BaseMod","Better Altar","Better Match","Better Note","Better Sensory Stone","Better Skull","Better Third Choice","BetterRewards","Colored Map","Colored Powertips","Defuse TimeMaze Blight","Friendly Minions","Highlight Path","Hubris","Infinite Spire","Minty Spire (QoL Compilation)","Quick Restart","Random Character Button","Relic Filter","Relic Sorter","Replay The Spire","Spicy Shops","StSLib","SuperFastMode","The Administrix","The Animator","The Bug Knight","The Cursed","The Florist","The Gatherer","The Jungle","Unceasing Turn Reminder","Waifu the Spire"],"gold_per_floor":[111,129,129,147,163,183,183,208,208,208,208,242,242,275,275,373,373,385,385,399,399,399,399,434,444,444,474,490,490,523,534,534,631,631,648,648,664,664,678,713,713,740,763,794,894,920,920,936,936,936,936,936,439,470,470],"floor_reached":56,"language":"ENG","playtime":8768,"items_purged":[],"score":2208,"play_id":"c16bf7b2-097b-4216-b3fb-a3ce9fa46cac","local_time":"20210224230400","is_ascension_mode":true,"campfire_choices":[{"data":"Apotheosis","floor":7.0,"key":"SMITH"},{"data":"Agrypnos:Leaf","floor":13.0,"key":"SMITH"},{"data":"Agrypnos:Fertilize","floor":15.0,"key":"SMITH"},{"data":"Agrypnos:Rake","floor":23.0,"key":"SMITH"},{"data":"Agrypnos:Summer","floor":32.0,"key":"SMITH"},{"data":"infinitespire:Execution","floor":47.0,"key":"SMITH"},{"data":"hubris:Fate","floor":49.0,"key":"SMITH"},{"data":"Agrypnos:Poppy","floor":52.0,"key":"SMITH"}],"circlet_count":0,"master_deck":["Agrypnos:BasicStrike","Agrypnos:BasicStrike","Agrypnos:BasicStrike","Agrypnos:BasicStrike","Agrypnos:BasicDefend+1","Agrypnos:BasicDefend+1","Agrypnos:BasicDefend+1","Agrypnos:BasicDefend+1","Agrypnos:Dandelion","Agrypnos:Trowel","Agrypnos:Fertilize+1","Apotheosis+1","Agrypnos:Leaf+1","Agrypnos:Azalea+1","Agrypnos:Poppy+1","Agrypnos:Rake+1","Agrypnos:Tumbleweed+1","Agrypnos:Myosotis+1","Agrypnos:Poppy","Agrypnos:Summer+1","infinitespire:Fortify","Agrypnos:Autumn+1","hubris:Fate+1","infinitespire:Starlight","infinitespire:SevenWalls+1","infinitespire:Execution+1","hubris:DuctTapeCard"],"relics":["Agrypnos:Floristry","PreservedInsect","ClockworkSouvenir","hubris:FunFungus","FossilizedHelix","Agrypnos:Flower Pot","Prayer Wheel","Ring of Chaos","Blue Doll","Bird Faced Urn","Juzu Bracelet","hubris:DeckOfHolding","Calling Bell","ReplayFunnel","hubris:MysteriousPyramids","Bottled Lightning","hubris:TerracottaHorce","Black Star","Membership Card","hubris:TenFootPole","Oddly Smooth Stone","Replay:Rubber Ducky","Molten Egg 2","infinitespire:PuzzleCube","Centennial Puzzle","Meat on the Bone","hubris:MedicalManual","Ginger","infinitespire:FocusingShard","Strawberry","Sling","OrangePellets","Replay:Bottled Eggs","Gremlin Horn","infinitespire:Golems Mask","hubris:DuctTape"],"acts_visited":["Exordium","TheCity","TheBeyond","TheEnding"],"potions_floor_usage":[55,55,55],"damage_taken":[{"damage":0.0,"enemies":"2 Louse","floor":1.0,"turns":4.0},{"damage":0.0,"enemies":"Cultist","floor":2.0,"turns":4.0},{"damage":3.0,"enemies":"Jaw Worm","floor":4.0,"turns":4.0},{"damage":13.0,"enemies":"3 Louse","floor":5.0,"turns":4.0},{"damage":15.0,"enemies":"Gremlin Gang","floor":6.0,"turns":5.0},{"damage":2.0,"enemies":"Gremlin Nob","floor":8.0,"turns":4.0},{"damage":1.0,"enemies":"Lagavulin","floor":12.0,"turns":14.0},{"damage":5.0,"enemies":"3 Sentries","floor":14.0,"turns":8.0},{"damage":0.0,"enemies":"Slime Boss","floor":16.0,"turns":14.0},{"damage":0.0,"enemies":"Chosen","floor":18.0,"turns":6.0},{"damage":22.0,"enemies":"2 Thieves","floor":20.0,"turns":4.0},{"damage":0.0,"enemies":"Book of Stabbing","floor":24.0,"turns":8.0},{"damage":9.0,"enemies":"Centurion and Healer","floor":25.0,"turns":9.0},{"damage":18.0,"enemies":"Gremlin Leader","floor":27.0,"turns":5.0},{"damage":0.0,"enemies":"Shelled Parasite and Fungi","floor":28.0,"turns":8.0},{"damage":7.0,"enemies":"Slavers","floor":30.0,"turns":8.0},{"damage":0.0,"enemies":"Snecko","floor":31.0,"turns":8.0},{"damage":50.0,"enemies":"Automaton","floor":33.0,"turns":22.0},{"damage":0.0,"enemies":"Orb Walker","floor":35.0,"turns":4.0},{"damage":19.0,"enemies":"3 Darklings","floor":37.0,"turns":8.0},{"damage":0.0,"enemies":"Maw","floor":39.0,"turns":8.0},{"damage":0.0,"enemies":"Nightmare","floor":40.0,"turns":4.0},{"damage":0.0,"enemies":"R_Hoarder","floor":42.0,"turns":3.0},{"damage":0.0,"enemies":"Nemesis","floor":44.0,"turns":7.0},{"damage":0.0,"enemies":"infinitespire:Three Voidlings","floor":45.0,"turns":5.0},{"damage":0.0,"enemies":"Nightmare_Alpha","floor":45.0,"turns":32.0},{"damage":0.0,"enemies":"Reptomancer","floor":46.0,"turns":3.0},{"damage":0.0,"enemies":"Jaw Worm Horde","floor":48.0,"turns":3.0},{"damage":6.0,"enemies":"Time Eater","floor":50.0,"turns":8.0},{"damage":12.0,"enemies":"Shield and Spear","floor":54.0,"turns":5.0},{"damage":7,"enemies":"The Heart","floor":55,"turns":6}],"seed_played":"446790898621693134","potions_obtained":[{"floor":4.0,"key":"EssenceOfSteel"},{"floor":5.0,"key":"Toxic Potion"},{"floor":14.0,"key":"SteroidPotion"},{"floor":18.0,"key":"Regen Potion"},{"floor":28.0,"key":"ColorlessPotion"},{"floor":33.0,"key":"GamblersBrew"},{"floor":40.0,"key":"infinitespire:BlackPotion"},{"floor":45.0,"key":"DuplicationPotion"}],"is_trial":false,"path_per_floor":["M","M","?","M","M","M","R","E","T","?","?","E","R","E","R","B",null,"M","?","M","?","?","R","E","M","T","E","M","AVR","E","M","R","B",null,"M","?","M","AVR","M","NM","?","E","T","E","?","E","R","M","R","B",null,"R","$","E","B",null],"character_chosen":"THE_FLORIST","items_purchased":["PreservedInsect","ClockworkSouvenir","Agrypnos:Fertilize","Apotheosis","hubris:FunFungus","Strawberry","Sling","OrangePellets","Replay:Bottled Eggs","Gremlin Horn","Replay:Dark Deal"],"campfire_rested":0,"item_purchase_floors":[0,0,0,0,0,53,53,53,53,53,53],"current_hp_per_floor":[70,70,70,67,55,41,41,41,41,27,48,70,70,70,70,70,70,70,70,48,48,48,48,63,55,55,39,41,41,42,50,50,13,56,60,60,50,50,70,70,70,70,70,70,70,70,70,70,70,70,70,70,77,77,72],"gold":470,"neow_bonus":"","is_daily":false,"chose_seed":false,"campfire_upgraded":8,"win_rate":0.0,"timestamp":1614204240,"path_taken":["M","M","?","M","M","M","R","E","T","?","?","E","R","E","R","BOSS","M","?","M","?","?","R","E","?","T","E","M","AVR","E","M","R","BOSS","M","?","M","AVR","M","NM","?","E","T","E","?","E","R","M","R","BOSS","R","$","E","BOSS"],"items_purchased_type":["Relic","Relic","Card","Card","Relic","Relic","Relic","Relic","Relic","Relic","Card"],"build_version":"2020-12-22","purchased_purges":0,"victory":true,"max_hp_per_floor":[70,70,70,70,70,70,70,70,70,70,70,70,70,70,70,70,70,70,70,70,70,70,70,70,70,70,70,70,70,70,70,70,70,70,70,70,70,70,70,70,70,70,70,70,70,70,70,70,70,70,70,70,77,77,77],"card_choices":[{"not_picked":["Agrypnos:Shell","Agrypnos:Watering"],"picked":"Agrypnos:Leaf","floor":1.0},{"not_picked":["Agrypnos:StormShelter","Agrypnos:Pesticide"],"picked":"Agrypnos:Azalea","floor":2.0},{"not_picked":["Agrypnos:Rose","Agrypnos:Wolfsbane","Agrypnos:Till"],"picked":"SKIP","floor":4.0},{"not_picked":["Agrypnos:Wolfsbane","Agrypnos:Leaf"],"picked":"Agrypnos:Poppy","floor":5.0},{"not_picked":["Agrypnos:Blossom","Agrypnos:Till","Agrypnos:Cattail"],"picked":"SKIP","floor":6.0},{"not_picked":["Agrypnos:Leaf","Agrypnos:CorpseFlower","Agrypnos:Pesticide"],"picked":"SKIP","floor":8.0},{"not_picked":["Agrypnos:Kudzu","Agrypnos:Shell"],"picked":"Agrypnos:Rake","floor":12.0},{"not_picked":["Agrypnos:Rake","Agrypnos:Nightshade","Agrypnos:Azalea"],"picked":"SKIP","floor":14.0},{"not_picked":["Agrypnos:StormShelter","Agrypnos:Replanting"],"picked":"Agrypnos:Tumbleweed+1","floor":18.0},{"not_picked":["Agrypnos:Carnation","Agrypnos:Rake+1"],"picked":"Agrypnos:Myosotis+1","floor":18.0},{"not_picked":["Agrypnos:Shell","Agrypnos:StormShelter","Agrypnos:Rainfall"],"picked":"SKIP","floor":20.0},{"not_picked":["Agrypnos:Rot+1","Agrypnos:Watering","Agrypnos:Restock"],"picked":"SKIP","floor":20.0},{"not_picked":["Agrypnos:Rot+1","Agrypnos:Spring","Agrypnos:Preserve"],"picked":"SKIP","floor":24.0},{"not_picked":["Agrypnos:Snapdragon","Agrypnos:FloralScent+1","Agrypnos:Wolfsbane+1"],"picked":"SKIP","floor":25.0},{"not_picked":["Agrypnos:Watering","Agrypnos:Leaf+1","Agrypnos:Shell"],"picked":"SKIP","floor":25.0},{"not_picked":["Agrypnos:Hyacinth","Agrypnos:Rose","Agrypnos:Till+1"],"picked":"SKIP","floor":27.0},{"not_picked":["Agrypnos:Till+1","Agrypnos:Shell"],"picked":"Agrypnos:Summer","floor":28.0},{"not_picked":["Agrypnos:Rainfall+1","Agrypnos:Prune","Agrypnos:StormShelter+1"],"picked":"SKIP","floor":28.0},{"not_picked":["Agrypnos:Wolfsbane","Agrypnos:Cattail+1"],"picked":"Agrypnos:Autumn+1","floor":30.0},{"not_picked":["Agrypnos:Tumbleweed","Agrypnos:Wolfsbane+1","Agrypnos:FloralScent+1"],"picked":"SKIP","floor":31.0},{"not_picked":["Agrypnos:FuneralWreath","Agrypnos:Rot","Agrypnos:FloralScent"],"picked":"SKIP","floor":31.0},{"not_picked":["Agrypnos:MortarAndPestle+1","Agrypnos:Orchid","Agrypnos:Fertilize+1"],"picked":"SKIP","floor":35.0},{"not_picked":["Agrypnos:Prune+1","Agrypnos:StormShelter+1","Agrypnos:Poinsettia"],"picked":"SKIP","floor":35.0},{"not_picked":["Agrypnos:Azalea+1","Agrypnos:Wolfsbane","Agrypnos:Carnation+1"],"picked":"SKIP","floor":37.0},{"not_picked":["Agrypnos:Wolfsbane","Agrypnos:CombTheEarth","Agrypnos:Shell+1"],"picked":"SKIP","floor":37.0},{"not_picked":["Agrypnos:Azalea+1","Agrypnos:Nightshade","Agrypnos:StormShelter"],"picked":"SKIP","floor":39.0},{"not_picked":["Agrypnos:StormShelter+1","Agrypnos:Rake","Agrypnos:Tumbleweed+1"],"picked":"SKIP","floor":39.0},{"not_picked":["Agrypnos:Watering+1","Agrypnos:Rose+1","Agrypnos:Shell+1"],"picked":"SKIP","floor":40.0},{"not_picked":["Agrypnos:Watering+1","Agrypnos:Leaf+1","Agrypnos:Wolfsbane+1"],"picked":"SKIP","floor":42.0},{"not_picked":["Agrypnos:Poinsettia+1","Agrypnos:Leaf+1","Agrypnos:StormShelter"],"picked":"SKIP","floor":44.0},{"not_picked":["ReplayTheSpireMod:Chaos Vortex","infinitespire:Collect"],"picked":"infinitespire:Execution","floor":45.0},{"not_picked":["Agrypnos:Leaf+1","Agrypnos:Shell+1","Agrypnos:Preserve+1"],"picked":"SKIP","floor":46.0},{"not_picked":["Agrypnos:Tumbleweed+1","Agrypnos:Rot","Agrypnos:Rainfall+1"],"picked":"SKIP","floor":48.0},{"not_picked":["Agrypnos:Bramble+1","Agrypnos:Blossom","Agrypnos:StormShelter"],"picked":"SKIP","floor":48.0},{"not_picked":["Agrypnos:Wolfsbane","Agrypnos:StormShelter+1","Agrypnos:Harvest"],"picked":"SKIP","floor":54.0}],"player_experience":290325,"relics_obtained":[{"floor":8.0,"key":"FossilizedHelix"},{"floor":9.0,"key":"Agrypnos:Flower Pot"},{"floor":12.0,"key":"Prayer Wheel"},{"floor":24.0,"key":"Blue Doll"},{"floor":26.0,"key":"Bird Faced Urn"},{"floor":27.0,"key":"Juzu Bracelet"},{"floor":29.0,"key":"ReplayFunnel"},{"floor":29.0,"key":"hubris:MysteriousPyramids"},{"floor":30.0,"key":"Bottled Lightning"},{"floor":40.0,"key":"hubris:TenFootPole"},{"floor":40.0,"key":"Oddly Smooth Stone"},{"floor":42.0,"key":"Replay:Rubber Ducky"},{"floor":42.0,"key":"Molten Egg 2"},{"floor":43.0,"key":"infinitespire:PuzzleCube"},{"floor":44.0,"key":"Centennial Puzzle"},{"floor":44.0,"key":"Meat on the Bone"},{"floor":45.0,"key":"hubris:MedicalManual"},{"floor":46.0,"key":"Ginger"},{"floor":46.0,"key":"infinitespire:FocusingShard"},{"floor":54.0,"key":"infinitespire:Golems Mask"},{"floor":54.0,"key":"hubris:DuctTape"}],"event_choices":[{"damage_healed":0.0,"max_hp_gain":0.0,"max_hp_loss":0.0,"gold_gain":0.0,"event_name":"The Cleric","player_choice":"Leave","floor":3.0,"gold_loss":0.0,"damage_taken":0.0},{"damage_healed":41.0,"max_hp_gain":0.0,"max_hp_loss":70.0,"gold_gain":0.0,"event_name":"betterThird:BetterShining","player_choice":"Upgrade","floor":10.0,"gold_loss":0.0,"damage_taken":14.0,"cards_upgraded":["Agrypnos:BasicDefend","Agrypnos:Azalea"]},{"damage_healed":0.0,"max_hp_gain":0.0,"max_hp_loss":0.0,"gold_gain":0.0,"event_name":"betterNote:BetterNote","player_choice":"Ignored","floor":19.0,"gold_loss":0.0,"damage_taken":0.0,"cards_obtained":["hubris:InfiniteBlow"]},{"damage_healed":0.0,"max_hp_gain":0.0,"max_hp_loss":0.0,"gold_gain":0.0,"event_name":"Duplicator","player_choice":"Copied","floor":22.0,"gold_loss":0.0,"damage_taken":0.0,"cards_obtained":["Agrypnos:Poppy"]},{"damage_healed":0.0,"max_hp_gain":0.0,"max_hp_loss":0.0,"gold_gain":0.0,"event_name":"Upgrade Shrine","player_choice":"Upgraded","floor":41.0,"gold_loss":0.0,"damage_taken":0.0,"cards_upgraded":["infinitespire:SevenWalls"]}],"is_beta":false,"boss_relics":[{"not_picked":["SlaversCollar","ChewingGum"],"picked":"Ring of Chaos"},{"not_picked":["Kintsugi","hubris:Backtick"],"picked":"hubris:TerracottaHorce"}],"items_purged_floors":[],"is_endless":false,"potions_floor_spawned":[4,5,6,14,18,28,33,39,40,42,45,45,48,54],"ascension_level":6}}