{"host":"ovcza0gnr2tscsgg","time":1614175521,"event":{"mods":["BaseMod","Colored Powertips","Marisa£®ÏF”Í°°ƒß¿Ì…≥£©","Minty Spire (QoL Compilation)","StSLib","The Bug Knight","UnlockEverythingMod","noobMod"],"gold_per_floor":[115,115,127,77,2,36,36,85,140,156,174,174,174,174,174,303,303,321,951,951],"floor_reached":19,"language":"ZHS","playtime":690,"items_purged":["Defend_G"],"score":193,"play_id":"628a25e0-98b5-4e62-a32f-d8587d8fadda","local_time":"20210224220521","is_ascension_mode":true,"campfire_choices":[{"data":"Crippling Poison","floor":7,"key":"SMITH"},{"data":"Envenom","floor":13,"key":"SMITH"},{"data":"Die Die Die","floor":15,"key":"SMITH"}],"circlet_count":0,"master_deck":["Strike_G","Strike_G","Strike_G","Strike_G","Defend_G","Defend_G","Defend_G+1","Defend_G+1","Survivor","Neutralize","Die Die Die+1","Crippling Poison+1","Concentrate","Envenom+1","Heel Hook","Glass Knife","All Out Attack"],"relics":["Ring of the Snake","ice","War Paint","Potion Belt","Lantern","Tiny Chest","Paper Crane","Golden Idol","Runic Pyramid"],"acts_visited":["Exordium","TheCity"],"potions_floor_usage":[8],"damage_taken":[{"damage":0,"enemies":"2 Louse","floor":1,"turns":2},{"damage":4,"enemies":"Jaw Worm","floor":3,"turns":3},{"damage":25,"enemies":"3 Sentries","floor":6,"turns":13},{"damage":27,"enemies":"Lagavulin","floor":8,"turns":12},{"damage":4,"enemies":"Cultist","floor":10,"turns":3},{"damage":14,"enemies":"2 Fungi Beasts","floor":11,"turns":3},{"damage":21,"enemies":"Slime Boss","floor":16,"turns":11},{"damage":0,"enemies":"Spheric Guardian","floor":18,"turns":2}],"seed_played":"-530224054270204429","potions_obtained":[{"floor":1,"key":"ColorlessPotion"},{"floor":16,"key":"AttackPotion"},{"floor":18,"key":"DistilledChaos"}],"is_trial":false,"path_per_floor":["M","?","M","?","$","E","R","E","T","M","M","T","R","?","R","B",null,"M","?"],"character_chosen":"THE_SILENT","items_purchased":[],"campfire_rested":0,"item_purchase_floors":[],"current_hp_per_floor":[63,56,52,52,52,27,27,61,61,57,43,43,43,27,27,72,72,72,0,0],"gold":951,"neow_bonus":"THREE_RARE_CARDS","is_daily":false,"chose_seed":false,"campfire_upgraded":3,"win_rate":0.0,"timestamp":1614175521,"path_taken":["M","?","M","?","$","E","R","E","T","M","M","?","R","?","R","BOSS","M","?"],"items_purchased_type":[],"build_version":"2020-12-22","purchased_purges":1,"victory":false,"max_hp_per_floor":[63,63,63,63,63,63,63,64,64,65,67,67,67,67,67,72,72,72,72,72],"card_choices":[{"not_picked":["Phantasmal Killer","Unload"],"picked":"Die Die Die","floor":0},{"not_picked":["Finisher","PiercingWail"],"picked":"Crippling Poison","floor":1},{"not_picked":["Quick Slash","Deadly Poison"],"picked":"Concentrate","floor":3},{"not_picked":["Endless Agony","Underhanded Strike","Blur"],"picked":"SKIP","floor":6},{"not_picked":["Underhanded Strike","Leg Sweep"],"picked":"Envenom","floor":8},{"not_picked":["Slice","Deadly Poison"],"picked":"Heel Hook","floor":10},{"not_picked":["Dodge and Roll","Flying Knee","Sucker Punch"],"picked":"SKIP","floor":11},{"not_picked":["Malaise","Venomology"],"picked":"Glass Knife","floor":16},{"not_picked":["Footwork","PiercingWail"],"picked":"All Out Attack","floor":18}],"player_experience":133835,"relics_obtained":[{"floor":6,"key":"Potion Belt"},{"floor":8,"key":"Lantern"},{"floor":9,"key":"Tiny Chest"},{"floor":12,"key":"Paper Crane"}],"event_choices":[{"damage_healed":0,"gold_gain":0,"player_choice":"Success","damage_taken":7,"relics_obtained":["War Paint"],"max_hp_gain":0,"max_hp_loss":0,"event_name":"Scrap Ooze","floor":2,"gold_loss":0},{"cards_removed":["Strike_G"],"damage_healed":0,"gold_gain":0,"player_choice":"Card Removal","damage_taken":0,"max_hp_gain":0,"max_hp_loss":0,"event_name":"The Cleric","floor":4,"gold_loss":50},{"damage_healed":0,"gold_gain":0,"player_choice":"Take Damage","damage_taken":16,"relics_obtained":["Golden Idol"],"max_hp_gain":0,"max_hp_loss":0,"event_name":"Golden Idol","floor":14,"gold_loss":0}],"is_beta":false,"boss_relics":[{"not_picked":["SacredBark","Busted Crown"],"picked":"Runic Pyramid"}],"items_purged_floors":[5],"is_endless":false,"potions_floor_spawned":[1,16,18],"ascension_level":2}}