{"host":"jacddazefqpozmdr","time":1614129394,"event":{"mods":["AchievementEnabler","Act Like it!","BaseMod","Better Note","BetterRewards","Downfall","Googly Eyes","Hermit","HololiveMod","Hubris","Infinite Spire","Library of Ruina","Library of Ruina Extra","Lobotomy","LobotomyExtend","Marisa????????","Minty Spire (QoL Compilation)","Prisma Mod","Quick Restart","Railgun Mod","Rare Cards Sparkle","Relic Stats","Replay The Spire","Ruina","Shop Mod","StSLib","The Blue Laboratory","The Cursed","The Gatherer","The Jungle","The Runesmith","The Servant 0.9.4","Waifu the Spire","WarShipGirlsR/????R mod"],"gold_per_floor":[115,126,106,124,49,84,103,130,185,185,85,85,157,182,182,301,301,337,337,337,376,376,376,376,420,420],"floor_reached":25,"language":"ENG","playtime":1776,"items_purged":["FierceCharge","LightDefense"],"score":280,"play_id":"58d14e43-8e43-419a-86fb-f450b44cddf5","local_time":"20210224011634","is_ascension_mode":true,"campfire_choices":[{"data":"Reload","floor":10,"key":"SMITH"}],"circlet_count":0,"master_deck":["Dodge","LightAttack","LightDefense","LightDefense","LightDefense","ChargeAndCover","Reload","Rewind","PreemptiveStrike","SuppressingShot","Reload+1","SuppressingShot+1","BackAttack","InhaleSmoke+1","Guardian_lor+1","Decapitation+1","SuppressingShot","Doubt"],"relics":["PageOfLibrarian","LetterFromLob","infinitespire:Bottled Soul","Matryoshka","Lantern","Replay:Bandana","PageOfSnowWhitesApple","Astrolabe","Blue Candle","ruina:Prescript","Toy Ornithopter"],"acts_visited":["Exordium","Exordium"],"potions_floor_usage":[6,16,25,25],"damage_taken":[{"damage":2,"enemies":"Cultist","floor":1,"turns":5},{"damage":5,"enemies":"Small Slimes","floor":2,"turns":3},{"damage":5,"enemies":"2 Louse","floor":4,"turns":2},{"damage":6,"enemies":"Gremlin Nob","floor":6,"turns":3},{"damage":0,"enemies":"Blue Slaver","floor":7,"turns":2},{"damage":11,"enemies":"3 Sentries","floor":8,"turns":5},{"damage":12,"enemies":"Lagavulin","floor":13,"turns":3},{"damage":0,"enemies":"Looter","floor":14,"turns":1},{"damage":11,"enemies":"The Guardian","floor":16,"turns":6},{"damage":35,"enemies":"ruina:BadWolf","floor":18,"turns":4},{"damage":10,"enemies":"ruina:Nosferatu","floor":21,"turns":3},{"damage":51,"enemies":"ruina:RoadHome","floor":25,"turns":4}],"seed_played":"-2836686966679288940","potions_obtained":[{"floor":2,"key":"sneckomod:MuddlingPotion"},{"floor":3,"key":"DistilledChaos"},{"floor":4,"key":"blueLaboratory:TrueEctoplasm"},{"floor":6,"key":"blueLaboratory:FruitPunch"},{"floor":8,"key":"blueLaboratory:ExaltedPotion"},{"floor":16,"key":"blueLaboratory:AbyssPotion"},{"floor":18,"key":"LifebloodPotion"}],"is_trial":false,"path_per_floor":["M","M","?","M","$","E","M","E","T","R","$","M","E","M","R","B",null,"M","?","?","M","?","?","?","E"],"character_chosen":"Librarian","items_purchased":[],"campfire_rested":0,"item_purchase_floors":[],"current_hp_per_floor":[64,59,59,54,54,48,48,37,37,37,37,37,25,25,51,42,90,55,55,50,40,40,40,40,0,0],"gold":420,"neow_bonus":"TEN_PERCENT_HP_BONUS","is_daily":false,"chose_seed":false,"campfire_upgraded":1,"win_rate":0.0,"timestamp":1614129394,"path_taken":["M","?","?","M","$","E","?","E","T","R","$","M","E","M","R","BOSS","M","?","?","M","?","?","?","E"],"items_purchased_type":[],"build_version":"2020-12-22","purchased_purges":2,"victory":false,"max_hp_per_floor":[89,89,89,89,89,88,88,88,88,88,88,88,88,88,88,90,90,90,90,90,90,90,90,90,90,90],"relic_stats":{"counters":[12,41],"Astrolabe":["InhaleSmoke","Guardian_lor","Decapitation"],"Blue Candle":[0],"obtain_stats":[{"PageOfLibrarian":0,"Lantern":9,"Replay:Bandana":9,"Matryoshka":8,"infinitespire:Bottled Soul":6,"Astrolabe":17,"Blue Candle":20,"ruina:Prescript":22,"LetterFromLob":2,"PageOfSnowWhitesApple":13,"Toy Ornithopter":23},{"PageOfLibrarian":0,"Lantern":6,"Replay:Bandana":6,"Matryoshka":6,"infinitespire:Bottled Soul":4,"Astrolabe":9,"Blue Candle":10,"ruina:Prescript":11,"LetterFromLob":2,"PageOfSnowWhitesApple":7,"Toy Ornithopter":11},{"PageOfLibrarian":0,"Lantern":20,"Replay:Bandana":20,"Matryoshka":20,"infinitespire:Bottled Soul":13,"Astrolabe":30,"Blue Candle":34,"ruina:Prescript":37,"LetterFromLob":8,"PageOfSnowWhitesApple":23,"Toy Ornithopter":37}],"Toy Ornithopter":10},"card_choices":[{"not_picked":["InnerArdor","Thirst","GuidanceOfTheGears","HiddenBlade","LossOfSenses","AlloutWar","EnergyCycle","BiAn"],"picked":"FierceCharge","floor":1},{"not_picked":["ClassAndRespect","Multislash","QuickAttack","Standoff","PinpointShot","EnergyStrike","NightInTheBackstreets","GuidanceOfTheGears"],"picked":"Reload","floor":2},{"not_picked":["EnergyCycle","UpbeatPerformance","Juggling","BiXi","Diversion","Punishment","Outburst","PreemptiveStrike"],"picked":"Rewind","floor":4},{"not_picked":["Diversion","CleanUp","SmokingPipe","MultiBlock","ExtremeEdge","FlyingSword","Laceration","FleetEdge"],"picked":"PreemptiveStrike","floor":6},{"not_picked":["MultiHit","FaintMemories","PreemptiveStrike","Multislash","FrontalAssault","FieryDragonSlash","AsThePrescriptOrders","FierceCharge"],"picked":"SuppressingShot","floor":7},{"not_picked":["FrontalAssault","StrongStrike","Thirst","ICanCookAnything","Deflect_lor","AutomatedMovement","FieryWaltz","UnavoidableGaze"],"picked":"Reload","floor":8},{"not_picked":["WildCard","SinglePointStab","Parry","DesperateStruggle","EnergyStrike","FlashOfSunup","FieryDragonSlash","CoordinatedAssault"],"picked":"SuppressingShot","floor":13},{"not_picked":["Castigation","PinpointShot","TraceOfFumes","SunsetBlade","SmokingPipe","Rewind","TendonChords","ForcefulGesture"],"picked":"BackAttack","floor":14},{"not_picked":["ButterflySlash+1","UnavoidableGaze","ScratchThat","EnergyShield+1","PreemptiveStrike","BindingChains+1","HandleRequest","DefenseOrder+1","StructuralAnalysis"],"picked":"SKIP","floor":18},{"not_picked":["ShrineToMusic","TasteMyFlamingBat","AsThePrescriptOrders","Leap_lor","HiddenBlade","Wallop_lor","HighKick","DevastatingThrash+1"],"picked":"SuppressingShot","floor":21}],"player_experience":200918,"relics_obtained":[{"floor":2,"key":"LetterFromLob"},{"floor":6,"key":"infinitespire:Bottled Soul"},{"floor":8,"key":"Matryoshka"},{"floor":9,"key":"Lantern"},{"floor":9,"key":"Replay:Bandana"},{"floor":13,"key":"PageOfSnowWhitesApple"}],"event_choices":[{"damage_healed":0,"gold_gain":0,"player_choice":"Bought 1 Potion","damage_taken":0,"max_hp_gain":0,"max_hp_loss":0,"event_name":"The Woman in Blue","floor":3,"gold_loss":0}],"is_beta":false,"boss_relics":[{"not_picked":["Velvet Choker","Pandora\u0027s Box"],"picked":"Astrolabe"}],"items_purged_floors":[5,11],"is_endless":false,"potions_floor_spawned":[2,4,6,8,14,16,18,21],"killed_by":"ruina:RoadHome","ascension_level":1}}