{"host":"sav7uxregyirlf69","time":1614152363,"event":{"mods":["AchievementEnabler","BaseMod","Colored Map","DeckTracker","Keyboard Shortcuts","Minty Spire (QoL Compilation)","READ ME - Guardian Mod","StSLib","SuperFastMode"],"gold_per_floor":[117,117,132,146,159,187,112,140,165,65,79,129,156,167,167,244,244,262,282,282,282,294,40,40,40,66,81,128,157,169,181,181,181,181],"floor_reached":33,"language":"KOR","playtime":590,"items_purged":["Strike_R","Strike_R"],"score":578,"play_id":"c9ac7a7c-c6f6-4ae8-870a-d875548d6cef","local_time":"20210224163923","is_ascension_mode":true,"campfire_choices":[{"data":"Bludgeon","floor":15,"key":"SMITH"},{"floor":25,"key":"RECALL"},{"floor":32,"key":"REST"}],"circlet_count":0,"master_deck":["AscendersBane","Strike_R","Strike_R","Strike_R","Defend_R","Defend_R","Defend_R","Defend_R","Bash","Bludgeon+1","Cleave","Anger","Shrug It Off","Impervious","Whirlwind","Battle Trance","Double Tap","Inflame","Dark Embrace","Second Wind+1","Evolve"],"relics":["Burning Blood","Mummified Hand","Blood Vial","Toy Ornithopter","Bag of Preparation","Fusion Hammer","Medical Kit","Lantern","Pen Nib","Orichalcum"],"acts_visited":["Exordium","TheCity"],"potions_floor_usage":[6,13,16,16,29,31,33,33],"damage_taken":[{"damage":3,"enemies":"2 Louse","floor":1,"turns":3},{"damage":0,"enemies":"Cultist","floor":3,"turns":2},{"damage":14,"enemies":"Small Slimes","floor":4,"turns":3},{"damage":3,"enemies":"Blue Slaver","floor":5,"turns":3},{"damage":8,"enemies":"Gremlin Nob","floor":6,"turns":3},{"damage":37,"enemies":"3 Sentries","floor":8,"turns":8},{"damage":0,"enemies":"Looter","floor":11,"turns":3},{"damage":15,"enemies":"Lagavulin","floor":13,"turns":5},{"damage":13,"enemies":"Large Slime","floor":14,"turns":3},{"damage":23,"enemies":"Slime Boss","floor":16,"turns":9},{"damage":0,"enemies":"Spheric Guardian","floor":18,"turns":2},{"damage":0,"enemies":"Shell Parasite","floor":19,"turns":1},{"damage":0,"enemies":"Cultist and Chosen","floor":22,"turns":4},{"damage":6,"enemies":"Shelled Parasite and Fungi","floor":27,"turns":2},{"damage":20,"enemies":"Slavers","floor":29,"turns":3},{"damage":10,"enemies":"3 Cultists","floor":30,"turns":3},{"damage":8,"enemies":"Centurion and Healer","floor":31,"turns":4},{"damage":125,"enemies":"Collector","floor":33,"turns":9}],"seed_played":"-1042375656273645583","potions_obtained":[{"floor":1,"key":"LiquidMemories"},{"floor":4,"key":"LiquidMemories"},{"floor":8,"key":"SkillPotion"},{"floor":13,"key":"Strength Potion"},{"floor":16,"key":"SkillPotion"},{"floor":18,"key":"BlessingOfTheForge"},{"floor":27,"key":"DuplicationPotion"},{"floor":29,"key":"Fruit Juice"},{"floor":31,"key":"Block Potion"}],"is_trial":false,"path_per_floor":["M","?","M","M","M","E","$","E","T","$","M","?","E","M","R","B",null,"M","M","?","?","M","$","?","R","T","M","T","E","M","M","R","B"],"character_chosen":"IRONCLAD","items_purchased":["Dark Embrace","Medical Kit"],"campfire_rested":1,"item_purchase_floors":[23,23],"current_hp_per_floor":[71,71,75,67,70,68,68,37,37,37,45,45,43,38,38,33,65,73,75,75,54,62,62,62,62,62,64,64,57,55,65,85,0,0],"gold":181,"neow_bonus":"THREE_RARE_CARDS","is_daily":false,"chose_seed":false,"campfire_upgraded":1,"win_rate":0.0,"timestamp":1614152363,"path_taken":["M","?","M","?","M","E","$","E","T","$","?","?","E","M","R","BOSS","M","?","?","?","M","$","?","R","T","M","?","E","M","?","R","BOSS"],"items_purchased_type":["Card","Relic"],"build_version":"2020-12-22","purchased_purges":2,"victory":false,"max_hp_per_floor":[75,75,75,75,75,75,75,75,75,75,75,75,75,75,75,75,75,75,75,75,80,80,80,80,80,80,80,80,80,80,85,85,85,85],"card_choices":[{"not_picked":["Offering","Limit Break"],"picked":"Bludgeon","floor":0},{"not_picked":["Havoc","Armaments"],"picked":"Cleave","floor":1},{"not_picked":["Wild Strike","Inflame"],"picked":"Anger","floor":3},{"not_picked":["Iron Wave","Anger"],"picked":"Shrug It Off","floor":4},{"not_picked":["Warcry","Wild Strike","Heavy Blade"],"picked":"SKIP","floor":5},{"not_picked":["Entrench","Anger"],"picked":"Impervious","floor":6},{"not_picked":["Iron Wave","Sentinel"],"picked":"Whirlwind","floor":8},{"not_picked":["Second Wind","Havoc","Thunderclap"],"picked":"SKIP","floor":11},{"not_picked":["Pommel Strike","Flex"],"picked":"Battle Trance","floor":13},{"not_picked":["Hemokinesis","Perfected Strike","Shrug It Off"],"picked":"SKIP","floor":14},{"not_picked":["Bludgeon","Reaper"],"picked":"Double Tap","floor":16},{"not_picked":["Pommel Strike","Sentinel","Perfected Strike"],"picked":"SKIP","floor":18},{"not_picked":["Iron Wave","Dropkick","Rupture"],"picked":"SKIP","floor":19},{"not_picked":["Pommel Strike","Headbutt"],"picked":"Inflame","floor":22},{"not_picked":["Exhume","Iron Wave"],"picked":"Second Wind+1","floor":27},{"not_picked":["Thunderclap","Metallicize","Whirlwind+1"],"picked":"SKIP","floor":29},{"not_picked":["Flex","Perfected Strike","Dropkick"],"picked":"SKIP","floor":30},{"not_picked":["Perfected Strike","Havoc"],"picked":"Evolve","floor":31}],"player_experience":1685635,"relics_obtained":[{"floor":6,"key":"Mummified Hand"},{"floor":8,"key":"Blood Vial"},{"floor":9,"key":"Toy Ornithopter"},{"floor":13,"key":"Bag of Preparation"},{"floor":26,"key":"Lantern"},{"floor":28,"key":"Pen Nib"},{"floor":29,"key":"Orichalcum"}],"event_choices":[{"cards_removed":["Clumsy"],"damage_healed":0,"gold_gain":0,"player_choice":"Removed Curses","damage_taken":0,"max_hp_gain":0,"max_hp_loss":0,"event_name":"Fountain of Cleansing","floor":2,"gold_loss":0},{"damage_healed":0,"gold_gain":50,"player_choice":"Pray","damage_taken":0,"max_hp_gain":0,"max_hp_loss":0,"event_name":"Golden Shrine","floor":12,"gold_loss":0},{"damage_healed":0,"gold_gain":0,"player_choice":"Ignored","damage_taken":0,"max_hp_gain":0,"max_hp_loss":0,"event_name":"Ghosts","floor":20,"gold_loss":0},{"damage_healed":0,"gold_gain":0,"player_choice":"Shed Blood","damage_taken":26,"max_hp_gain":5,"max_hp_loss":0,"event_name":"Forgotten Altar","floor":21,"gold_loss":0},{"damage_healed":0,"gold_gain":0,"player_choice":"Ignored","damage_taken":0,"max_hp_gain":0,"max_hp_loss":0,"event_name":"Vampires","floor":24,"gold_loss":0}],"is_beta":false,"boss_relics":[{"not_picked":["Busted Crown","Black Star"],"picked":"Fusion Hammer"}],"items_purged_floors":[7,10],"is_endless":false,"potions_floor_spawned":[1,4,8,11,13,16,18,27,29,31],"killed_by":"Collector","ascension_level":20}}