{"host":"fhwr1fuluf6086fh","time":1614187650,"event":{"mods":["2.2 Compatiblity","Act Like it!","BaseMod","Colored Map","Downfall","Elementarium","Minty Spire (QoL Compilation)","StSLib"],"gold_per_floor":[115,28,46,66,81,81,113,113,137,157,177,205,167,179,191,304,316,347,378,390,416,24,56,73,105,128,128,156,156,156,167,167,263,263,280,280,7,20,40,40,72,47,47,47,47,47,76,93,93,93],"floor_reached":51,"language":"ENG","playtime":7052,"items_purged":["Strike_P"],"score":1010,"play_id":"bbccfb23-aa58-48ef-b55d-7f16f95f3358","local_time":"20210224122730","is_ascension_mode":true,"campfire_choices":[{"data":"Eruption","floor":6.0,"key":"SMITH"},{"data":"Vigilance","floor":8.0,"key":"SMITH"},{"data":"DevaForm","floor":15.0,"key":"SMITH"},{"floor":27,"key":"REST"},{"floor":29,"key":"REST"},{"data":"DeceiveReality","floor":32,"key":"SMITH"},{"data":"Mind Blast","floor":40,"key":"SMITH"},{"data":"LikeWater","floor":46,"key":"SMITH"},{"floor":49,"key":"REST"}],"circlet_count":0,"master_deck":["Strike_P","Defend_P","Defend_P","Defend_P","Defend_P","Eruption+1","Vigilance+1","Clumsy","DeceiveReality+1","Consecrate","Adaptation","Consecrate","Evaluate","Perseverance","ClearTheMind","DevaForm+1","ForeignInfluence","Collect","Fasting2","Prostrate","ConjureBlade","Consecrate+1","ThirdEye+1","MentalFortress","BattleHymn","Collect+1","Collect+1","FollowUp+1","Meditate+1","ThirdEye+1","LikeWater+1","Establishment","WindmillStrike","Mind Blast+1","Evaluate+1","ClearTheMind+1","ThirdEye+1","DeusExMachina+1","Halt+1","downfall:Haunted","Regret","Vault+1","Study+1","Consecrate+1"],"relics":["HolyWater","Dead Branch","Pen Nib","Oddly Smooth Stone","MawBank","Blood Vial","Toxic Egg 2","Damaru","Shuriken","Nunchaku","Bag of Preparation","Sozu","Medical Kit","Pear","Mango","Du-Vu Doll","Bottled Flame"],"acts_visited":["Exordium","TheCity","TheBeyond"],"potions_floor_usage":[21,39,50],"damage_taken":[{"damage":0.0,"enemies":"Cultist","floor":1.0,"turns":4.0},{"damage":7.0,"enemies":"Jaw Worm","floor":3.0,"turns":4.0},{"damage":0.0,"enemies":"2 Louse","floor":4.0,"turns":1.0},{"damage":0.0,"enemies":"Lots of Slimes","floor":5.0,"turns":4.0},{"damage":10.0,"enemies":"3 Sentries","floor":7.0,"turns":5.0},{"damage":0.0,"enemies":"2 Fungi Beasts","floor":10.0,"turns":3.0},{"damage":6.0,"enemies":"Looter","floor":11.0,"turns":3.0},{"damage":0.0,"enemies":"Lagavulin","floor":12.0,"turns":5.0},{"damage":3.0,"enemies":"Hexaghost","floor":16.0,"turns":7.0},{"damage":20.0,"enemies":"2 Thieves","floor":18.0,"turns":4.0},{"damage":0.0,"enemies":"Chosen","floor":19.0,"turns":6.0},{"damage":11,"enemies":"Centurion and Healer","floor":21,"turns":7},{"damage":0,"enemies":"Gremlin Leader","floor":23,"turns":6},{"damage":19,"enemies":"3 Cultists","floor":24,"turns":7},{"damage":22,"enemies":"Slavers","floor":25,"turns":4},{"damage":6,"enemies":"Gremlin Leader","floor":28,"turns":5},{"damage":0,"enemies":"Cultist and Chosen","floor":31,"turns":4},{"damage":10,"enemies":"Champ","floor":33,"turns":7},{"damage":1,"enemies":"Orb Walker","floor":35,"turns":5},{"damage":0,"enemies":"3 Shapes","floor":38,"turns":5},{"damage":5,"enemies":"3 Darklings","floor":39,"turns":4},{"damage":18,"enemies":"Reptomancer","floor":41,"turns":8},{"damage":0,"enemies":"Giant Head","floor":47,"turns":6},{"damage":0,"enemies":"Sphere and 2 Shapes","floor":48,"turns":2},{"damage":15,"enemies":"Donu and Deca","floor":50,"turns":8}],"seed_played":"6835076875695560807","potions_obtained":[{"floor":4.0,"key":"Fire Potion"},{"floor":7.0,"key":"PowerPotion"},{"floor":11.0,"key":"LiquidMemories"},{"floor":12.0,"key":"LiquidBronze"},{"floor":16.0,"key":"SkillPotion"},{"floor":19.0,"key":"Block Potion"},{"floor":23,"key":"DuplicationPotion"},{"floor":28,"key":"LiquidMemories"},{"floor":33,"key":"PowerPotion"}],"is_trial":false,"path_per_floor":["M","$","M","M","M","R","E","R","T","M","M","E","?","?","R","B",null,"M","M","?","M","$","E","M","E","T","R","E","R","?","M","R","B",null,"M","?","$","M","M","R","E","$","T","?","?","R","E","M","R","B",null],"character_chosen":"WATCHER","items_purchased":["Consecrate","Adaptation","Toxic Egg 2","BattleHymn","Collect+1","Evaluate+1","Medical Kit","Halt+1"],"campfire_rested":3,"item_purchase_floors":[2,2,22,22,22,37,37,42],"current_hp_per_floor":[72,72,65,65,65,65,55,55,55,55,49,49,49,49,49,46,72,52,52,52,43,43,45,28,8,8,29,25,46,46,48,48,40,72,71,71,71,72,67,67,61,61,75,75,75,75,77,79,96,81],"gold":93,"neow_bonus":"ONE_RARE_RELIC","is_daily":false,"chose_seed":false,"campfire_upgraded":6,"win_rate":0.0,"timestamp":1614187650,"path_taken":["M","?","M","M","M","R","E","R","T","M","M","E","?","?","R","BOSS","M","?","?","M","$","E","M","E","T","R","E","R","?","?","R","BOSS","M","?","$","M","?","R","E","$","T","?","?","R","E","?","R","BOSS"],"items_purchased_type":["Card","Card","Relic","Card","Card","Card","Relic","Card"],"build_version":"2020-12-22","purchased_purges":1,"victory":true,"max_hp_per_floor":[72,72,72,72,72,72,72,72,72,72,72,72,72,72,72,72,72,72,72,72,72,72,72,72,72,72,72,72,72,72,72,72,72,72,72,72,72,72,72,72,82,82,96,96,96,96,96,96,96,96],"card_choices":[{"not_picked":["Protect","EmptyFist"],"picked":"DeceiveReality","floor":1.0},{"not_picked":["WindmillStrike","ClearTheMind"],"picked":"Consecrate","floor":3.0},{"not_picked":["Conclude","EmptyMind"],"picked":"Evaluate","floor":4.0},{"not_picked":["PathToVictory","WaveOfTheHand"],"picked":"Perseverance","floor":5.0},{"not_picked":["Crescendo","SashWhip"],"picked":"ClearTheMind","floor":7.0},{"not_picked":["EmptyBody","FollowUp"],"picked":"DevaForm","floor":10.0},{"not_picked":["JustLucky","CutThroughFate"],"picked":"ForeignInfluence","floor":11.0},{"not_picked":["WindmillStrike","EmptyBody"],"picked":"Collect","floor":12.0},{"not_picked":["Scrawl","DevaForm"],"picked":"ConjureBlade","floor":16.0},{"not_picked":["Sanctity","EmptyFist"],"picked":"Consecrate+1","floor":18.0},{"not_picked":["CrushJoints+1","Indignation"],"picked":"ThirdEye+1","floor":19.0},{"not_picked":["ThirdEye","Halt"],"picked":"MentalFortress","floor":21},{"not_picked":["WheelKick","Conclude"],"picked":"Collect+1","floor":23},{"not_picked":["CarveReality","FlyingSleeves+1"],"picked":"FollowUp+1","floor":24},{"not_picked":["ReachHeaven","Halt+1"],"picked":"Meditate+1","floor":25},{"not_picked":["PathToVictory+1","Blasphemy+1"],"picked":"ThirdEye+1","floor":28},{"not_picked":["Halt+1","ClearTheMind+1"],"picked":"LikeWater","floor":31},{"not_picked":["Alpha+1","ConjureBlade+1"],"picked":"Establishment","floor":33},{"not_picked":["EmptyFist+1","PathToVictory+1"],"picked":"WindmillStrike","floor":35},{"not_picked":["MentalFortress","Consecrate"],"picked":"ClearTheMind+1","floor":38},{"not_picked":["EmptyFist+1","WaveOfTheHand+1"],"picked":"ThirdEye+1","floor":39},{"not_picked":["ForeignInfluence+1","Protect+1"],"picked":"DeusExMachina+1","floor":41},{"not_picked":["DeceiveReality+1","Weave"],"picked":"Study+1","floor":47},{"not_picked":["Sanctity+1","BowlingBash"],"picked":"Consecrate+1","floor":48}],"player_experience":1059609,"relics_obtained":[{"floor":7.0,"key":"Pen Nib"},{"floor":9.0,"key":"Oddly Smooth Stone"},{"floor":12.0,"key":"MawBank"},{"floor":23,"key":"Damaru"},{"floor":25,"key":"Shuriken"},{"floor":26,"key":"Nunchaku"},{"floor":28,"key":"Bag of Preparation"},{"floor":41,"key":"Pear"},{"floor":43,"key":"Mango"},{"floor":47,"key":"Bottled Flame"}],"event_choices":[{"cards_removed":["Strike_P"],"damage_healed":0.0,"max_hp_gain":0.0,"max_hp_loss":0.0,"gold_gain":0.0,"event_name":"The Cleric","player_choice":"Card Removal","floor":13.0,"gold_loss":50.0,"damage_taken":0.0},{"damage_healed":0.0,"max_hp_gain":0.0,"max_hp_loss":0.0,"gold_gain":0.0,"event_name":"Match and Keep!","player_choice":"2 cards matched","floor":14.0,"gold_loss":0.0,"damage_taken":0.0,"cards_obtained":["Fasting2","Prostrate"]},{"damage_healed":0.0,"max_hp_gain":0.0,"max_hp_loss":0.0,"gold_gain":0.0,"event_name":"Match and Keep!","player_choice":"2 cards matched","floor":14.0,"gold_loss":0.0,"damage_taken":0.0,"cards_obtained":["Fasting2","Prostrate"]},{"damage_healed":0.0,"max_hp_gain":0.0,"max_hp_loss":0.0,"gold_gain":0.0,"event_name":"The Mausoleum","player_choice":"Opened","floor":20.0,"gold_loss":0.0,"damage_taken":0.0,"relics_obtained":["Blood Vial"]},{"cards_removed":["Strike_P"],"damage_healed":0,"gold_gain":0,"player_choice":"Purged","damage_taken":0,"max_hp_gain":0,"max_hp_loss":0,"event_name":"Purifier","floor":30,"gold_loss":0},{"damage_healed":0,"gold_gain":0,"player_choice":"1 cards matched","damage_taken":0,"max_hp_gain":0,"max_hp_loss":0,"event_name":"Match and Keep!","floor":36,"gold_loss":0,"cards_obtained":["Mind Blast"]},{"cards_removed":["downfall:Haunted"],"damage_healed":0,"gold_gain":0,"player_choice":"Purged","damage_taken":0,"max_hp_gain":0,"max_hp_loss":0,"event_name":"Purifier","floor":45,"gold_loss":0}],"is_beta":false,"boss_relics":[{"not_picked":["Pandora\u0027s Box","SlaversCollar"],"picked":"HolyWater"},{"not_picked":["bronze:MakeshiftBattery","Busted Crown"],"picked":"Sozu"}],"items_purged_floors":[37],"is_endless":false,"potions_floor_spawned":[4,7,11,12,16,19,23,28,33,35,39,41,48],"ascension_level":2}}