{"host":"ep8i7b8n5hbu63rl","time":1614177389,"event":{"mods":["AchievementEnabler","BaseMod","Colored Map","DeckTracker","Keyboard Shortcuts","Minty Spire (QoL Compilation)","Permanent Neow","Quick Restart","SuperFastMode"],"gold_per_floor":[415,433,452,464,204,252,252,284,333,333,365,420,420,595,595,691,691,721,107,161,161,161],"floor_reached":21,"language":"KOR","playtime":1664,"items_purged":["Strike_B","Strike_B"],"score":273,"play_id":"4db2eed8-9e0b-4f4d-929e-77bf09f52d70","local_time":"20210224233629","is_ascension_mode":true,"campfire_choices":[{"floor":7.0,"key":"REST"},{"floor":10.0,"key":"REST"},{"floor":15.0,"key":"REST"}],"circlet_count":0,"master_deck":["Strike_B","Strike_B","Defend_B","Defend_B","Defend_B","Defend_B","Zap","Dualcast","Fusion","Conserve Battery","Streamline","HandOfGreed","Reprogram","Meteor Strike","Fusion","Genetic Algorithm","Doubt","Multi-Cast","Skim","Master of Strategy","Reinforced Body+1"],"relics":["Cracked Core","Old Coin","Oddly Smooth Stone","Ornamental Fan","Bag of Preparation","Nuclear Battery","Bottled Flame"],"acts_visited":["Exordium","TheCity"],"potions_floor_usage":[21,21],"damage_taken":[{"damage":0.0,"enemies":"2 Louse","floor":1.0,"turns":2.0},{"damage":4.0,"enemies":"Small Slimes","floor":2.0,"turns":3.0},{"damage":18.0,"enemies":"Jaw Worm","floor":3.0,"turns":5.0},{"damage":7.0,"enemies":"Looter","floor":4.0,"turns":4.0},{"damage":18.0,"enemies":"Lagavulin","floor":6.0,"turns":7.0},{"damage":34.0,"enemies":"Gremlin Nob","floor":8.0,"turns":4.0},{"damage":4.0,"enemies":"Red Slaver","floor":11.0,"turns":5.0},{"damage":10.0,"enemies":"Large Slime","floor":12.0,"turns":6.0},{"damage":27.0,"enemies":"Slime Boss","floor":16.0,"turns":15.0},{"damage":23.0,"enemies":"Spheric Guardian","floor":18.0,"turns":5.0},{"damage":0.0,"enemies":"2 Thieves","floor":20.0,"turns":3.0},{"damage":45,"enemies":"Chosen and Byrds","floor":21,"turns":6}],"seed_played":"-7492507198418569216","potions_obtained":[{"floor":1.0,"key":"Swift Potion"},{"floor":4.0,"key":"DuplicationPotion"},{"floor":6.0,"key":"Energy Potion"},{"floor":16.0,"key":"PotionOfCapacity"},{"floor":20.0,"key":"Regen Potion"}],"is_trial":false,"path_per_floor":["M","M","M","M","$","E","R","E","T","R","M","M","?","?","R","B",null,"M","$","M","M"],"character_chosen":"DEFECT","items_purchased":["HandOfGreed","Bottled Flame","Skim","Master of Strategy"],"campfire_rested":3,"item_purchase_floors":[5,19,19,19],"current_hp_per_floor":[68,64,46,39,39,21,41,7,7,27,23,13,13,13,33,6,53,30,30,30,0,0],"gold":161,"neow_bonus":"ONE_RARE_RELIC","is_daily":false,"chose_seed":false,"campfire_upgraded":0,"win_rate":0.0,"timestamp":1614177389,"path_taken":["M","M","M","M","$","E","R","E","T","R","M","M","?","?","R","BOSS","M","$","M","M"],"items_purchased_type":["Card","Relic","Card","Card"],"build_version":"2020-12-22","purchased_purges":2,"victory":false,"max_hp_per_floor":[68,68,68,68,68,68,68,68,68,68,68,68,68,68,68,68,68,68,68,68,68,68],"card_choices":[{"not_picked":["Gash","Cold Snap"],"picked":"Fusion","floor":1.0},{"not_picked":["Static Discharge","Coolheaded","Gash"],"picked":"SKIP","floor":2.0},{"not_picked":["Compile Driver","Beam Cell"],"picked":"Conserve Battery","floor":3.0},{"not_picked":["Steam Power","Compile Driver"],"picked":"Streamline","floor":4.0},{"not_picked":["Lockon","Rebound"],"picked":"Reprogram","floor":6.0},{"not_picked":["White Noise","Hologram"],"picked":"Meteor Strike","floor":8.0},{"not_picked":["Chill","Conserve Battery"],"picked":"Fusion","floor":11.0},{"not_picked":["Steam","Reinforced Body"],"picked":"Genetic Algorithm","floor":12.0},{"not_picked":["Electrodynamics","Echo Form"],"picked":"Multi-Cast","floor":16.0},{"not_picked":["Chaos","Undo+1","Go for the Eyes"],"picked":"SKIP","floor":18.0},{"not_picked":["Sweeping Beam","Streamline"],"picked":"Reinforced Body+1","floor":20.0}],"player_experience":172130,"relics_obtained":[{"floor":6.0,"key":"Oddly Smooth Stone"},{"floor":8.0,"key":"Ornamental Fan"},{"floor":9.0,"key":"Bag of Preparation"}],"event_choices":[{"damage_healed":0.0,"max_hp_gain":0.0,"max_hp_loss":0.0,"gold_gain":0.0,"event_name":"Scrap Ooze","player_choice":"Fled","floor":13.0,"gold_loss":0.0,"damage_taken":0.0},{"damage_healed":0.0,"max_hp_gain":0.0,"max_hp_loss":0.0,"gold_gain":175.0,"event_name":"Liars Game","player_choice":"AGREE","floor":14.0,"gold_loss":0.0,"damage_taken":0.0,"cards_obtained":["Doubt"]}],"is_beta":false,"boss_relics":[{"not_picked":["FrozenCore","Velvet Choker"],"picked":"Nuclear Battery"}],"items_purged_floors":[5,19],"is_endless":false,"potions_floor_spawned":[1,4,6,11,16,20],"killed_by":"Chosen and Byrds","ascension_level":6}}