{"host":"6bsan6hkua32tfq7","time":1614185645,"event":{"mods":["BaseMod","Better Third Choice","Colored Map","Highlight Path","Minty Spire (QoL Compilation)","StSLib"],"gold_per_floor":[118,118,128,145,161,187,199,222,234,246,293,305,336,368,380,470,482,511,438,107,32,45,72,72,72,72,72,85,113,123,23,23,23,23],"floor_reached":33,"language":"ENG","playtime":1131,"items_purged":["Strike_R","Defend_R"],"score":594,"play_id":"9c9575aa-8f33-414b-afcf-adc3413a4584","local_time":"20210224175405","is_ascension_mode":true,"campfire_choices":[{"data":"Uppercut","floor":7.0,"key":"SMITH"},{"data":"Blood for Blood","floor":10.0,"key":"SMITH"},{"data":"Fiend Fire","floor":12.0,"key":"SMITH"},{"data":"Berserk","floor":15,"key":"SMITH"},{"floor":24,"key":"REST"},{"data":"True Grit","floor":27,"key":"SMITH"},{"data":"Impervious","floor":32,"key":"SMITH"}],"circlet_count":0,"master_deck":["AscendersBane","Strike_R","Strike_R","Strike_R","Strike_R","Defend_R","Defend_R","Bash","Fiend Fire+1","Cleave","Uppercut+1","Blood for Blood+1","Sever Soul","Anger","Berserk+1","Impervious+1","Feel No Pain","True Grit+1","Power Through","Fire Breathing+1","Ghostly","Ghostly","Ghostly","Fire Breathing+1"],"relics":["Burning Blood","MawBank","Champion Belt","Torii","Mark of Pain","CaptainsWheel","Medical Kit","InkBottle","Calipers","Shuriken"],"acts_visited":["Exordium","TheCity"],"potions_floor_usage":[16,18,33],"damage_taken":[{"damage":0.0,"enemies":"2 Louse","floor":1.0,"turns":4.0},{"damage":2.0,"enemies":"Cultist","floor":3.0,"turns":4.0},{"damage":0.0,"enemies":"Small Slimes","floor":4.0,"turns":2.0},{"damage":11.0,"enemies":"Blue Slaver","floor":5.0,"turns":3.0},{"damage":52.0,"enemies":"Lagavulin","floor":6.0,"turns":8.0},{"damage":4.0,"enemies":"Exordium Thugs","floor":8.0,"turns":4.0},{"damage":6.0,"enemies":"Gremlin Nob","floor":11.0,"turns":3.0},{"damage":8.0,"enemies":"Exordium Wildlife","floor":13.0,"turns":3.0},{"damage":10.0,"enemies":"Large Slime","floor":14.0,"turns":5.0},{"damage":18,"enemies":"Slime Boss","floor":16,"turns":8},{"damage":11,"enemies":"Spheric Guardian","floor":18,"turns":3},{"damage":4,"enemies":"Shell Parasite","floor":22,"turns":5},{"damage":34,"enemies":"Gremlin Leader","floor":23,"turns":7},{"damage":17,"enemies":"Snake Plant","floor":28,"turns":5},{"damage":5,"enemies":"Book of Stabbing","floor":29,"turns":5},{"damage":0,"enemies":"Cultist and Chosen","floor":30,"turns":5},{"damage":62,"enemies":"Collector","floor":33,"turns":9}],"seed_played":"3219644937993151243","potions_obtained":[{"floor":4.0,"key":"ElixirPotion"},{"floor":8.0,"key":"LiquidBronze"},{"floor":11.0,"key":"Block Potion"},{"floor":14,"key":"Fire Potion"},{"floor":22,"key":"FearPotion"},{"floor":23,"key":"ElixirPotion"}],"is_trial":false,"path_per_floor":["M","?","M","M","M","E","R","M","T","R","E","R","M","M","R","B",null,"M","?","$","?","M","E","R","?","T","R","M","E","M","$","R","B"],"character_chosen":"IRONCLAD","items_purchased":["Medical Kit","Feel No Pain","True Grit"],"campfire_rested":1,"item_purchase_floors":[20,20,20],"current_hp_per_floor":[74,75,75,75,70,24,24,26,26,26,26,26,24,20,20,8,58,53,53,53,53,55,27,49,37,37,37,26,27,33,33,33,0,0],"gold":23,"neow_bonus":"ONE_RANDOM_RARE_CARD","is_daily":false,"chose_seed":false,"campfire_upgraded":6,"win_rate":0.0,"timestamp":1614185645,"path_taken":["M","?","M","M","M","E","R","M","T","R","E","R","M","?","R","BOSS","M","?","$","?","?","E","R","?","T","R","M","E","M","?","R","BOSS"],"items_purchased_type":["Relic","Card","Card"],"build_version":"2020-12-22","purchased_purges":2,"victory":false,"max_hp_per_floor":[75,75,75,75,75,75,75,75,75,75,75,75,75,75,75,75,75,75,75,75,75,75,75,75,37,37,37,37,37,37,37,37,37,37],"card_choices":[{"not_picked":["Clothesline","Infernal Blade"],"picked":"Cleave","floor":1.0},{"not_picked":["Thunderclap","Sentinel","Rage"],"picked":"SKIP","floor":3.0},{"not_picked":["Thunderclap","Iron Wave"],"picked":"Uppercut","floor":4.0},{"not_picked":["Sword Boomerang","Warcry"],"picked":"Blood for Blood","floor":5.0},{"not_picked":["Heavy Blade","Shrug It Off"],"picked":"Sever Soul","floor":6.0},{"not_picked":["Exhume","Heavy Blade"],"picked":"Anger","floor":8.0},{"not_picked":["Seeing Red","Heavy Blade","Armaments"],"picked":"SKIP","floor":11.0},{"not_picked":["Seeing Red","Heavy Blade","Armaments"],"picked":"SKIP","floor":11.0},{"not_picked":["Sword Boomerang","Cleave"],"picked":"Berserk","floor":13.0},{"not_picked":["Sword Boomerang","Hemokinesis","Iron Wave"],"picked":"SKIP","floor":14},{"not_picked":["Corruption","Berserk"],"picked":"Impervious","floor":16},{"not_picked":["Blood for Blood","Infernal Blade","Iron Wave"],"picked":"SKIP","floor":18},{"not_picked":["Shrug It Off","Pummel"],"picked":"Power Through","floor":22},{"not_picked":["Pummel","Evolve"],"picked":"Fire Breathing+1","floor":23},{"not_picked":["Anger+1","Bloodletting"],"picked":"Fire Breathing+1","floor":28},{"not_picked":["Thunderclap","Dual Wield","Infernal Blade"],"picked":"SKIP","floor":29},{"not_picked":["Heavy Blade","Perfected Strike","Headbutt"],"picked":"SKIP","floor":30}],"player_experience":5458760,"relics_obtained":[{"floor":6.0,"key":"MawBank"},{"floor":9.0,"key":"Champion Belt"},{"floor":11.0,"key":"Torii"},{"floor":23,"key":"InkBottle"},{"floor":26,"key":"Calipers"},{"floor":29,"key":"Shuriken"}],"event_choices":[{"damage_healed":1.0,"max_hp_gain":0.0,"max_hp_loss":0.0,"gold_gain":0.0,"event_name":"Wheel of Change","player_choice":"Full Heal","floor":2.0,"gold_loss":0.0,"damage_taken":0.0},{"damage_healed":0,"gold_gain":0,"player_choice":"Obtained Relic","damage_taken":0,"relics_obtained":["CaptainsWheel"],"max_hp_gain":0,"max_hp_loss":0,"event_name":"Addict","floor":19,"gold_loss":85},{"cards_removed":["Defend_R"],"damage_healed":0,"gold_gain":0,"player_choice":"Gave Gold","damage_taken":0,"max_hp_gain":0,"max_hp_loss":0,"event_name":"Beggar","floor":21,"gold_loss":75},{"damage_healed":0,"gold_gain":0,"player_choice":"Became a Ghost","damage_taken":0,"max_hp_gain":0,"max_hp_loss":38,"event_name":"Ghosts","floor":25,"gold_loss":0,"cards_obtained":["Ghostly","Ghostly","Ghostly"]}],"is_beta":false,"boss_relics":[{"not_picked":["Pandora\u0027s Box","Ectoplasm"],"picked":"Mark of Pain"}],"items_purged_floors":[20,31],"is_endless":false,"potions_floor_spawned":[4,8,11,14,22,23,28],"killed_by":"Collector","ascension_level":20}}