{"host":"lvs2wt6hnb8ekxok","time":1614155265,"event":{"mods":["Act Like it!","Ascension Reborn","Bartender","BaseMod","BetterRewards","Card Forge","Challenge The Spire","Custom Start","Downfall","Elementarium","Friendly Minions","Gensokyo","GifTheSpireLib","Halation","Hallownest","Hero for Fun","Hubris","Infinite Spire","Kiyohime????","Lobotomy","Menagerie","Minty Spire (QoL Compilation)","Relic Filter","Replay The Spire","Reworked Bosses","Ruina","SOS???????","StSLib","Stuff the Spire","Td1madao Mod","The Animator","The Bladedancer","The Bug Knight","The Death Knight","The Exalted","The Forsaken","The Servant 0.9.4","Wandering Minibosses","???Mod??????Boss","???mod?????"],"gold_per_floor":[369,369,398,432,458,458,65,65,100,100,100],"floor_reached":10,"language":"ENG","playtime":739,"items_purged":[],"score":90,"play_id":"11d1552d-8444-44f4-bf30-8703610c6b8d","local_time":"20210224002745","daily_mods":["challengethespire:Platinum Difficulty","challengethespire:Modded Elite Rush","Uncertain Future"],"is_ascension_mode":true,"campfire_choices":[{"data":"HollowMod:NailStrikeStart","floor":2,"key":"SMITH"},{"data":"HollowMod:PogoStrike","floor":8,"key":"SMITH"}],"circlet_count":0,"master_deck":["HollowMod:NailStrikeStart","HollowMod:NailStrikeStart","HollowMod:NailStrikeStart","HollowMod:NailStrikeStart+1","HollowMod:QuickDashStart","HollowMod:QuickDashStart","HollowMod:QuickDashStart","HollowMod:QuickDashStart","HollowMod:FocusHealStart","HollowMod:PogoStrike+1","HollowMod:VoidDash","HollowMod:HowlingWraiths","HollowMod:SoulEater","HollowMod:FallenFury","HollowMod:TaintedHusks","HollowMod:CycloneSlash","HollowMod:WraithStrike"],"relics":["HollowMod:VesselMask","Hammer of Thor","Seething Fire","Anvil of the Gods","Black Star","Sling","PreservedInsect","HollowMod:KingsBrand","hubris:CuriousFeather","Garlic","infinitespire:EmpoweringShard","DeathKnight:PutricidesVial","hubris:MysteriousPyramids","Replay:Kaleidoscope","theForsaken:PaleLantern","Replay:Ringing Soul","Tiny Chest","Meat on the Bone","Thread and Needle"],"acts_visited":["Exordium"],"potions_floor_usage":[10,10],"damage_taken":[{"damage":20,"enemies":"HollowMod:MossKnight","floor":3,"turns":9},{"damage":29,"enemies":"Gremlin Nob","floor":4,"turns":4},{"damage":12,"enemies":"Replay:BlueRogue","floor":5,"turns":4},{"damage":19,"enemies":"Replay:Snechameleon","floor":9,"turns":5},{"damage":15,"enemies":"HollowMod:Nosk","floor":10,"turns":3}],"seed_played":"-4278771241367532371","potions_obtained":[{"floor":4,"key":"AttackPotion"},{"floor":5,"key":"Cursed Concoction"}],"is_trial":true,"path_per_floor":["$","R","E","E","E","T","$","R","E","E"],"character_chosen":"THE_BUGKNIGHT","items_purchased":["HollowMod:KingsBrand","HollowMod:VoidDash","HollowMod:HowlingWraiths","HollowMod:SoulEater","Replay:Ringing Soul","Tiny Chest"],"campfire_rested":0,"item_purchase_floors":[1,1,1,1,7,7],"current_hp_per_floor":[75,75,55,32,26,26,26,26,10,0,0],"gold":100,"neow_bonus":"","is_daily":false,"chose_seed":false,"campfire_upgraded":2,"win_rate":0.0,"timestamp":1614155265,"path_taken":["$","R","E","E","E","T","$","R","E","E"],"items_purchased_type":["Relic","Card","Card","Card","Relic","Relic"],"build_version":"2020-12-22","purchased_purges":0,"victory":false,"max_hp_per_floor":[75,75,75,75,75,75,75,75,78,78,78],"card_choices":[],"player_experience":106454,"relics_obtained":[{"floor":3,"key":"hubris:CuriousFeather"},{"floor":3,"key":"Garlic"},{"floor":4,"key":"infinitespire:EmpoweringShard"},{"floor":4,"key":"DeathKnight:PutricidesVial"},{"floor":5,"key":"hubris:MysteriousPyramids"},{"floor":5,"key":"Replay:Kaleidoscope"},{"floor":9,"key":"Meat on the Bone"},{"floor":9,"key":"Thread and Needle"}],"event_choices":[],"is_beta":false,"boss_relics":[{"not_picked":["ReplayTheSpireMod:SealedPack","halation:SmartPhone"],"picked":"theForsaken:PaleLantern"}],"items_purged_floors":[],"is_endless":false,"potions_floor_spawned":[4,5],"killed_by":"HollowMod:Nosk","ascension_level":0}}