{"host":"soyfmymeou4emntr","time":1614136035,"event":{"mods":["BaseMod","Custom Start","Minty Spire (QoL Compilation)","Permanent Neow","Relic Sorter","Relic Stats","StSLib"],"gold_per_floor":[115,126,46,46,64,64,64,64],"floor_reached":7,"language":"ENG","playtime":451,"items_purged":[],"score":82,"play_id":"7b7155e1-7ac0-4cd8-aed9-a29a746a25b9","local_time":"20210223200715","is_ascension_mode":true,"campfire_choices":[{"data":"Terror","floor":6,"key":"SMITH"}],"circlet_count":0,"master_deck":["AscendersBane","Strike_G","Strike_G","Strike_G","Strike_G","Strike_G","Defend_G","Defend_G","Defend_G","Defend_G","Defend_G","Survivor","Neutralize","Leg Sweep","Dagger Throw","Terror+1","Leg Sweep"],"relics":["Ring of the Snake","Tough Bandages","Toy Ornithopter"],"acts_visited":["Exordium"],"potions_floor_usage":[],"damage_taken":[{"damage":0,"enemies":"Cultist","floor":1,"turns":4},{"damage":8,"enemies":"Jaw Worm","floor":2,"turns":6},{"damage":0,"enemies":"2 Louse","floor":5,"turns":3},{"damage":71,"enemies":"Lagavulin","floor":7,"turns":16}],"seed_played":"-4562190139182646043","potions_obtained":[{"floor":1,"key":"FairyPotion"},{"floor":2,"key":"DuplicationPotion"}],"is_trial":false,"path_per_floor":["M","M","$","?","M","R","E"],"character_chosen":"THE_SILENT","items_purchased":["Terror"],"campfire_rested":0,"item_purchase_floors":[3],"current_hp_per_floor":[44,36,36,36,36,36,0,0],"gold":64,"neow_bonus":"ONE_RARE_RELIC","is_daily":false,"chose_seed":false,"campfire_upgraded":1,"win_rate":0.0,"timestamp":1614136035,"path_taken":["M","?","$","?","M","R","E"],"items_purchased_type":["Card"],"build_version":"2020-12-22","purchased_purges":0,"victory":false,"max_hp_per_floor":[66,66,66,66,66,66,66,66],"relic_stats":{"Tough Bandages":[33],"counters":[4,29],"obtain_stats":[{"Tough Bandages":0,"Toy Ornithopter":4,"Ring of the Snake":0},{"Tough Bandages":0,"Toy Ornithopter":2,"Ring of the Snake":0},{"Tough Bandages":0,"Toy Ornithopter":10,"Ring of the Snake":0}],"Toy Ornithopter":0,"Ring of the Snake":[8]},"card_choices":[{"not_picked":["Backflip","Flying Knee"],"picked":"Leg Sweep","floor":1},{"not_picked":["Endless Agony","Escape Plan"],"picked":"Dagger Throw","floor":2},{"not_picked":["Backstab","Underhanded Strike"],"picked":"Leg Sweep","floor":5}],"player_experience":3518119,"relics_obtained":[],"event_choices":[{"damage_healed":0,"gold_gain":0,"player_choice":"Gave Potion","damage_taken":0,"relics_obtained":["Toy Ornithopter"],"max_hp_gain":0,"max_hp_loss":0,"event_name":"WeMeetAgain","floor":4,"gold_loss":0}],"is_beta":false,"boss_relics":[],"items_purged_floors":[],"is_endless":false,"potions_floor_spawned":[1,2],"killed_by":"Lagavulin","ascension_level":20}}