{"host":"6q94iy5iz6612v89","time":1614174609,"event":{"mods":["2.2 Compatiblity","AchievementEnabler","BaseMod","Colored Map","DeckTracker","Keyboard Shortcuts","Minty Spire (QoL Compilation)","Permanent Neow","StSLib","SuperFastMode"],"gold_per_floor":[118,132,146,162,182,182,200,230,257,271,271,281,123,142,142,214,214,214,5,0,0,0,0,0,0,0,0,0,0,0,0,0,0,0,0,0,0,0,0,0],"floor_reached":39,"language":"KOR","playtime":1029,"items_purged":["Strike_G","Strike_G"],"score":1012,"play_id":"cf18808b-a4f8-4130-8092-8ff81eae5867","local_time":"20210224225009","is_ascension_mode":true,"campfire_choices":[{"data":"Accuracy","floor":6,"key":"SMITH"},{"data":"Blade Dance","floor":11,"key":"SMITH"},{"data":"Blade Dance","floor":15,"key":"SMITH"},{"data":"Accuracy","floor":24,"key":"SMITH"},{"floor":28,"key":"REST"},{"data":"Footwork","floor":32,"key":"SMITH"}],"circlet_count":0,"master_deck":["AscendersBane","Strike_G","Strike_G","Defend_G","Defend_G","Defend_G","Defend_G","Defend_G+1","Survivor","Neutralize","After Image","Underhanded Strike","Blade Dance+1","Blade Dance+1","Accuracy+1","Finisher","Cloak And Dagger","Footwork+1","Accuracy+1","Blade Dance+1","Endless Agony","Blur","Footwork","Wraith Form v2","Backflip"],"relics":["Ring of the Snake","Akabeko","Ectoplasm","Juzu Bracelet","Potion Belt","Bag of Preparation","Tiny House"],"acts_visited":["Exordium","TheCity","TheBeyond"],"potions_floor_usage":[14,18,20,23,23,27,33,33,37,37,38],"damage_taken":[{"damage":6.0,"enemies":"Cultist","floor":1.0,"turns":5.0},{"damage":0,"enemies":"Small Slimes","floor":2,"turns":3},{"damage":2,"enemies":"Jaw Worm","floor":3,"turns":3},{"damage":0,"enemies":"Looter","floor":4,"turns":4},{"damage":0,"enemies":"3 Louse","floor":5,"turns":4},{"damage":0,"enemies":"Red Slaver","floor":7,"turns":3},{"damage":12,"enemies":"3 Sentries","floor":8,"turns":5},{"damage":5,"enemies":"Gremlin Gang","floor":10,"turns":3},{"damage":6,"enemies":"Exordium Thugs","floor":12,"turns":4},{"damage":2,"enemies":"3 Louse","floor":14,"turns":4},{"damage":19,"enemies":"Slime Boss","floor":16,"turns":9},{"damage":11,"enemies":"Chosen","floor":18,"turns":4},{"damage":4,"enemies":"2 Thieves","floor":20,"turns":3},{"damage":18,"enemies":"Snake Plant","floor":21,"turns":4},{"damage":0,"enemies":"Slavers","floor":23,"turns":2},{"damage":3,"enemies":"Sentry and Sphere","floor":25,"turns":4},{"damage":4,"enemies":"Shelled Parasite and Fungi","floor":27,"turns":3},{"damage":21,"enemies":"Book of Stabbing","floor":29,"turns":4},{"damage":0,"enemies":"Champ","floor":33,"turns":9},{"damage":0,"enemies":"3 Darklings","floor":35,"turns":5},{"damage":0,"enemies":"Orb Walker","floor":36,"turns":4},{"damage":9,"enemies":"4 Shapes","floor":37,"turns":3},{"damage":19,"enemies":"Spire Growth","floor":38,"turns":3},{"damage":35,"enemies":"Maw","floor":39,"turns":5}],"seed_played":"-5481625129147025089","potions_obtained":[{"floor":3,"key":"Weak Potion"},{"floor":4,"key":"Weak Potion"},{"floor":8,"key":"Block Potion"},{"floor":10,"key":"FairyPotion"},{"floor":16,"key":"Poison Potion"},{"floor":21,"key":"CunningPotion"},{"floor":23,"key":"Swift Potion"},{"floor":27,"key":"GamblersBrew"},{"floor":29,"key":"Regen Potion"},{"floor":33,"key":"Fire Potion"},{"floor":34,"key":"SkillPotion"},{"floor":36,"key":"FearPotion"}],"is_trial":false,"path_per_floor":["M","M","M","M","M","R","M","E","T","M","R","M","$","M","R","B",null,"M","$","M","M","?","E","R","M","T","M","R","E","?","?","R","B",null,"M","M","M","M","M"],"character_chosen":"THE_SILENT","items_purchased":["Footwork","FearPotion","BlessingOfTheForge"],"campfire_rested":1,"item_purchase_floors":[13,19,19],"current_hp_per_floor":[38,38,36,36,36,36,36,24,24,19,19,13,13,11,11,12,53,42,42,38,20,20,20,20,17,17,13,32,11,11,11,11,26,61,61,61,52,33,0,0],"gold":0,"neow_bonus":"THREE_RARE_CARDS","is_daily":false,"chose_seed":false,"campfire_upgraded":5,"win_rate":0.0,"timestamp":1614174609,"path_taken":["M","M","M","M","M","R","M","E","T","?","R","M","$","M","R","BOSS","M","$","M","M","?","E","R","M","T","M","R","E","?","?","R","BOSS","M","M","M","M","M"],"items_purchased_type":["Card","Potion","Potion"],"build_version":"2020-12-22","purchased_purges":2,"victory":false,"max_hp_per_floor":[66,66,66,66,66,66,66,66,66,66,66,66,66,66,66,66,66,66,66,66,66,66,66,66,66,66,66,66,66,66,66,66,66,71,71,71,71,71,71,71],"card_choices":[{"not_picked":["Night Terror","Adrenaline"],"picked":"After Image","floor":0.0},{"not_picked":["PiercingWail","Setup"],"picked":"Underhanded Strike","floor":1.0},{"not_picked":["Reflex","Outmaneuver"],"picked":"Blade Dance","floor":2},{"not_picked":["Underhanded Strike","Prepared"],"picked":"Blade Dance","floor":3},{"not_picked":["Bane","Outmaneuver","Quick Slash"],"picked":"SKIP","floor":4},{"not_picked":["Leg Sweep","Skewer"],"picked":"Accuracy","floor":5},{"not_picked":["Acrobatics","Corpse Explosion"],"picked":"Finisher","floor":7},{"not_picked":["All Out Attack","Prepared","Predator"],"picked":"SKIP","floor":8},{"not_picked":["Dash","Outmaneuver"],"picked":"Cloak And Dagger","floor":10},{"not_picked":["Blade Dance","All Out Attack","Deadly Poison"],"picked":"SKIP","floor":12},{"not_picked":["Skewer","Deadly Poison","Slice"],"picked":"SKIP","floor":14},{"not_picked":["Outmaneuver","Caltrops","Cloak And Dagger"],"picked":"SKIP","floor":18},{"not_picked":["Blade Dance","Infinite Blades"],"picked":"Accuracy","floor":20},{"not_picked":["Deflect","Cloak And Dagger"],"picked":"Blade Dance+1","floor":21},{"not_picked":["Riddle With Holes","Underhanded Strike"],"picked":"Blur","floor":23},{"not_picked":["Cloak And Dagger","Blade Dance+1"],"picked":"Footwork","floor":25},{"not_picked":["Underhanded Strike","Riddle With Holes+1","Deflect"],"picked":"SKIP","floor":27},{"not_picked":["Dagger Throw","Flying Knee+1","Footwork"],"picked":"SKIP","floor":29},{"not_picked":["Tools of the Trade","Night Terror"],"picked":"Wraith Form v2","floor":33},{"not_picked":["Acrobatics","Bane+1","Flying Knee"],"picked":"SKIP","floor":35},{"not_picked":["Predator","Poisoned Stab+1","Choke"],"picked":"SKIP","floor":36},{"not_picked":["Concentrate","Reflex+1","Poisoned Stab"],"picked":"SKIP","floor":37},{"not_picked":["PiercingWail+1","Sucker Punch"],"picked":"Backflip","floor":38}],"player_experience":1498369,"relics_obtained":[{"floor":8,"key":"Akabeko"},{"floor":23,"key":"Juzu Bracelet"},{"floor":26,"key":"Potion Belt"},{"floor":29,"key":"Bag of Preparation"}],"event_choices":[{"damage_healed":0,"gold_gain":0,"cards_transformed":["Strike_G"],"player_choice":"Transformed","damage_taken":0,"max_hp_gain":0,"max_hp_loss":0,"event_name":"Transmorgrifier","floor":22,"gold_loss":0,"cards_obtained":["Endless Agony"]},{"damage_healed":0,"gold_gain":0,"player_choice":"Ignored","damage_taken":0,"max_hp_gain":0,"max_hp_loss":0,"event_name":"The Mausoleum","floor":30,"gold_loss":0},{"damage_healed":0,"gold_gain":50,"player_choice":"Stole From Cult","damage_taken":0,"max_hp_gain":0,"max_hp_loss":0,"event_name":"Nest","floor":31,"gold_loss":0}],"is_beta":false,"boss_relics":[{"not_picked":["Velvet Choker","Snecko Eye"],"picked":"Ectoplasm"},{"not_picked":["Coffee Dripper","Sozu"],"picked":"Tiny House"}],"items_purged_floors":[13,19],"is_endless":false,"potions_floor_spawned":[3,4,8,10,16,21,23,27,29,33,36],"killed_by":"Maw","ascension_level":20}}