{"host":"Cenci","time":1614170883,"event":{"mods":["BaseMod","Bestiary","Downfall","Highlight Path","Minty Spire (QoL Compilation)","StSLib"],"gold_per_floor":[99,99,99,99,99,99,125,140,171,182,213,213,13,13,13,13],"floor_reached":14,"language":"ENG","playtime":433,"items_purged":[],"score":118,"play_id":"3f8fc9bc-49cb-4e20-9642-fd2e47a6e2e3","local_time":"20210224134803","is_ascension_mode":true,"campfire_choices":[{"floor":1,"key":"RECALL"},{"data":"bronze:Fortify","floor":6,"key":"SMITH"},{"data":"bronze:BuggyMess","floor":13,"key":"SMITH"}],"circlet_count":0,"master_deck":["bronze:Strike","bronze:Strike","bronze:Strike","bronze:Strike","bronze:Defend","bronze:Defend","bronze:Defend","bronze:Defend","bronze:Replicate","bronze:Goto","bronze:Refactor","bronze:Fortify+1","bronze:Refactor","bronze:BuggyMess+1","bronze:WildBeam","bronze:Repulsor"],"relics":["bronze:BronzeCore","downfall:HeartsMalice","StrikeDummy","Turnip","downfall:HeartBlessingRed","downfall:HeartBlessingBlue"],"acts_visited":["Exordium"],"potions_floor_usage":[8,9,9,10],"damage_taken":[{"damage":0,"enemies":"Jaw Worm","floor":3,"turns":1},{"damage":0,"enemies":"Cultist","floor":4,"turns":1},{"damage":0,"enemies":"2 Louse","floor":5,"turns":1},{"damage":1,"enemies":"2 Fungi Beasts","floor":8,"turns":3},{"damage":35,"enemies":"Gremlin Nob","floor":9,"turns":5},{"damage":12,"enemies":"Large Slime","floor":10,"turns":7},{"damage":12,"enemies":"3 Sentries","floor":11,"turns":8},{"damage":0,"enemies":"Gremlin Nob","floor":14,"turns":1}],"seed_played":"-8416235338836491221","potions_obtained":[{"floor":2,"key":"Swift Potion"},{"floor":2,"key":"Weak Potion"},{"floor":2,"key":"ColorlessPotion"},{"floor":9,"key":"SpeedPotion"},{"floor":10,"key":"hexamod:SoulburnPotion"}],"is_trial":false,"path_per_floor":["R","?","M","M","M","R","T","M","E","M","E","?","R","E"],"character_chosen":"THE_AUTOMATON","items_purchased":[],"campfire_rested":0,"item_purchase_floors":[],"current_hp_per_floor":[70,70,70,70,70,70,70,69,34,22,10,33,43,43,43,43],"gold":13,"neow_bonus":"THREE_ENEMY_KILL","is_daily":false,"chose_seed":false,"campfire_upgraded":2,"win_rate":0.0,"timestamp":1614170883,"path_taken":["R","?","?","M","M","R","T","M","E","M","E","?","R","E"],"items_purchased_type":[],"build_version":"2020-11-17","purchased_purges":0,"victory":false,"max_hp_per_floor":[70,70,70,70,70,70,70,70,70,70,70,70,80,80,80,80],"card_choices":[{"not_picked":["bronze:FineTuning","bronze:Branch"],"picked":"bronze:Refactor","floor":3},{"not_picked":["bronze:Overheat","bronze:Deprecate"],"picked":"bronze:Fortify","floor":4},{"not_picked":["bronze:Overheat","bronze:Invalidate","bronze:DelayedGuard"],"picked":"SKIP","floor":5},{"not_picked":["bronze:Deprecate","bronze:Optimize"],"picked":"bronze:Refactor","floor":8},{"not_picked":["bronze:BitShift","bronze:CutThrough"],"picked":"bronze:BuggyMess","floor":9},{"not_picked":["bronze:WhirlingStrike","bronze:ItsAFeature"],"picked":"bronze:WildBeam","floor":10},{"not_picked":["bronze:Iterate","bronze:Overheat"],"picked":"bronze:Repulsor","floor":11}],"player_experience":384970,"relics_obtained":[{"floor":9,"key":"StrikeDummy"},{"floor":11,"key":"Turnip"}],"event_choices":[{"damage_healed":0,"gold_gain":0,"player_choice":"Got Potions","damage_taken":0,"max_hp_gain":0,"max_hp_loss":0,"event_name":"Lab","floor":2,"gold_loss":0},{"damage_healed":23,"gold_gain":0,"player_choice":"Banana","damage_taken":0,"max_hp_gain":0,"max_hp_loss":0,"event_name":"Big Fish","floor":12,"gold_loss":0}],"is_beta":true,"boss_relics":[],"items_purged_floors":[],"is_endless":false,"potions_floor_spawned":[9,10],"killed_by":"Gremlin Nob","ascension_level":5}}