{"host":"k0cm6nn9mnmji9h1","time":1614179825,"event":{"mods":["2.2 Compatiblity","AchievementEnabler","BaseMod","Colored Map","DeckTracker","Downfall","Gremlin Skip","Highlight Path","Minty Spire (QoL Compilation)","Permanent Neow","StSLib","Waifu the Spire"],"gold_per_floor":[99,111,128,139,156,176,200,215,227,239,252,280,380,380,395,395,395,395],"floor_reached":16,"language":"ENG","playtime":813,"items_purged":[],"score":110,"play_id":"f33cb03f-c543-409f-b252-0ff735e6d96a","local_time":"20210225001705","is_ascension_mode":false,"campfire_choices":[{"data":"sneckomod:TailWhip","floor":1,"key":"SMITH"}],"circlet_count":0,"master_deck":["sneckomod:Strike","sneckomod:Strike","sneckomod:Strike","sneckomod:Defend","sneckomod:Defend","sneckomod:Defend","sneckomod:TailWhip+1","sneckomod:SnekBite","sneckomod:Unknown","sneckomod:Unknown","sneckomod:SerpentIdol","sneckomod:DiceCrush","sneckomod:UnknownStrike","sneckomod:UnknownCommonAttack","sneckomod:IronFang","sneckomod:DiceBlock","sneckomod:Unknown2Cost","sneckomod:DiceBoulder","sneckomod:IronFang","sneckomod:QuickBite","sneckomod:UnknownRareAttack+1","sneckomod:UnknownUncommonPower"],"relics":["sneckomod:SneckoSoul","Juzu Bracelet","Centennial Puzzle"],"acts_visited":["Exordium"],"potions_floor_usage":[12,12,12],"damage_taken":[{"damage":0,"enemies":"Small Slimes","floor":2,"turns":2},{"damage":0,"enemies":"Cultist","floor":3,"turns":2},{"damage":0,"enemies":"2 Louse","floor":4,"turns":2},{"damage":8,"enemies":"Red Slaver","floor":5,"turns":4},{"damage":8,"enemies":"2 Fungi Beasts","floor":6,"turns":4},{"damage":15,"enemies":"Exordium Thugs","floor":8,"turns":4},{"damage":8,"enemies":"3 Louse","floor":9,"turns":3},{"damage":6,"enemies":"2 Fungi Beasts","floor":10,"turns":3},{"damage":5,"enemies":"Blue Slaver","floor":11,"turns":5},{"damage":12,"enemies":"Lagavulin","floor":12,"turns":5},{"damage":2,"enemies":"Large Slime","floor":15,"turns":4},{"damage":31,"enemies":"DF_ARCHETYPE_STREAMLINE","floor":16,"turns":4}],"seed_played":"8653749446812450825","potions_obtained":[{"floor":3,"key":"Energy Potion"},{"floor":5,"key":"PowerPotion"},{"floor":8,"key":"Fire Potion"}],"is_trial":false,"path_per_floor":["R","M","M","M","M","M","T","M","M","M","M","E","?","?","M","B"],"character_chosen":"THE_SNECKO","items_purchased":[],"campfire_rested":0,"item_purchase_floors":[],"current_hp_per_floor":[90,93,93,93,85,77,77,62,54,48,43,31,31,31,29,0,0,0],"gold":395,"neow_bonus":"THREE_CARDS","is_daily":false,"chose_seed":false,"campfire_upgraded":1,"win_rate":0.0,"timestamp":1614179825,"path_taken":["R","M","M","M","M","M","T","M","M","M","M","E","?","?","M","BOSS"],"items_purchased_type":[],"build_version":"2020-12-22","purchased_purges":0,"victory":false,"max_hp_per_floor":[90,93,93,93,93,93,93,93,93,93,93,93,93,93,93,93,93,93],"card_choices":[{"not_picked":["sneckomod:QuickMove","sneckomod:SoulCleanse"],"picked":"sneckomod:SerpentIdol","floor":0},{"not_picked":["sneckomod:SoulDraw","sneckomod:UnknownUncommonSkill"],"picked":"sneckomod:DiceCrush","floor":2},{"not_picked":["sneckomod:QuickMove","sneckomod:UnknownUncommonSkill"],"picked":"sneckomod:UnknownStrike","floor":3},{"not_picked":["sneckomod:CheapStock","sneckomod:UnlimitedRolls"],"picked":"sneckomod:UnknownCommonAttack","floor":4},{"not_picked":["sneckomod:Unknown1Cost","sneckomod:SnekBeam"],"picked":"sneckomod:IronFang","floor":5},{"not_picked":["sneckomod:UnknownBlock","sneckomod:UnknownVulnerable"],"picked":"sneckomod:DiceBlock","floor":6},{"not_picked":["sneckomod:UnknownDraw","sneckomod:Unknown1Cost"],"picked":"sneckomod:Unknown2Cost","floor":8},{"not_picked":["sneckomod:QuickMove","sneckomod:SoulDraw"],"picked":"sneckomod:DiceBoulder","floor":9},{"not_picked":["sneckomod:UnknownX","sneckomod:QuickBite"],"picked":"sneckomod:IronFang","floor":10},{"not_picked":["sneckomod:DiceCrush","sneckomod:IronFang"],"picked":"sneckomod:QuickBite","floor":11},{"not_picked":["sneckomod:Unknown0Cost","sneckomod:QuickBite"],"picked":"sneckomod:UnknownRareAttack","floor":12},{"not_picked":["sneckomod:UnknownStrike","sneckomod:DiceBlock"],"picked":"sneckomod:UnknownUncommonPower","floor":15}],"player_experience":549492,"relics_obtained":[{"floor":7,"key":"Juzu Bracelet"},{"floor":12,"key":"Centennial Puzzle"}],"event_choices":[{"damage_healed":0,"gold_gain":100,"player_choice":"Gold","damage_taken":0,"max_hp_gain":0,"max_hp_loss":0,"event_name":"Wheel of Change","floor":13,"gold_loss":0},{"damage_healed":0,"gold_gain":0,"player_choice":"Grow","damage_taken":0,"max_hp_gain":0,"max_hp_loss":0,"event_name":"Living Wall","floor":14,"gold_loss":0,"cards_upgraded":["sneckomod:UnknownRareAttack"]}],"is_beta":false,"boss_relics":[],"items_purged_floors":[],"is_endless":false,"potions_floor_spawned":[3,5,8,11],"killed_by":"DF_ARCHETYPE_STREAMLINE","ascension_level":0}}