{"host":"ju1b3c4x8n2jtjm7","time":1614193821,"event":{"mods":["AchievementEnabler","BaseMod","Colored Map","Colored Powertips","Highlight Path","Minty Spire (QoL Compilation)","Quick Restart","Rare Cards Sparkle","Relic Stats","StSLib"],"gold_per_floor":[114,132,143,153,165,198,212,212,212],"floor_reached":8,"language":"ENG","playtime":556,"items_purged":[],"score":102,"play_id":"450f0f06-ade8-41a5-94df-9cb5395bf433","local_time":"20210224201021","is_ascension_mode":true,"campfire_choices":[],"circlet_count":0,"master_deck":["AscendersBane","Strike_G","Strike_G","Strike_G","Strike_G","Strike_G","Defend_G","Defend_G","Defend_G","Defend_G","Defend_G","Survivor","Neutralize","Blind","Dagger Throw","Eviscerate","Underhanded Strike","Storm of Steel","Prepared+1"],"relics":["Ring of the Snake","Toxic Egg 2"],"acts_visited":["Exordium"],"potions_floor_usage":[6],"damage_taken":[{"damage":0.0,"enemies":"Cultist","floor":1.0,"turns":4.0},{"damage":0.0,"enemies":"Small Slimes","floor":2.0,"turns":3.0},{"damage":6.0,"enemies":"2 Louse","floor":3.0,"turns":3.0},{"damage":0.0,"enemies":"Blue Slaver","floor":4.0,"turns":1.0},{"damage":2,"enemies":"Gremlin Gang","floor":5,"turns":5},{"damage":17,"enemies":"Gremlin Nob","floor":6,"turns":4},{"damage":31,"enemies":"Large Slime","floor":7,"turns":8},{"damage":12,"enemies":"3 Sentries","floor":8,"turns":2}],"seed_played":"-7453448876712001829","potions_obtained":[{"floor":1.0,"key":"CunningPotion"},{"floor":3.0,"key":"DistilledChaos"},{"floor":7,"key":"LiquidBronze"}],"is_trial":false,"path_per_floor":["M","M","M","M","M","E","M","E"],"character_chosen":"THE_SILENT","items_purchased":[],"campfire_rested":0,"item_purchase_floors":[],"current_hp_per_floor":[63,63,57,57,55,38,7,0,0],"gold":212,"neow_bonus":"RANDOM_COLORLESS","is_daily":false,"chose_seed":false,"campfire_upgraded":0,"win_rate":0.0,"timestamp":1614193821,"path_taken":["M","?","M","M","M","E","M","E"],"items_purchased_type":[],"build_version":"2020-12-22","purchased_purges":0,"victory":false,"max_hp_per_floor":[70,70,70,70,70,70,70,70,70],"relic_stats":{"counters":[8,30],"obtain_stats":[{"Toxic Egg 2":6,"Ring of the Snake":0},{"Toxic Egg 2":6,"Ring of the Snake":0},{"Toxic Egg 2":20,"Ring of the Snake":0}],"Ring of the Snake":[16]},"card_choices":[{"not_picked":["Enlightenment","Panacea"],"picked":"Blind","floor":0.0},{"not_picked":["Sucker Punch","Concentrate"],"picked":"Dagger Throw","floor":1.0},{"not_picked":["Accuracy","Footwork"],"picked":"Eviscerate","floor":2.0},{"not_picked":["Flechettes","Catalyst"],"picked":"Underhanded Strike","floor":3.0},{"not_picked":["Outmaneuver","Sucker Punch"],"picked":"Storm of Steel","floor":4.0},{"not_picked":["Flechettes","Endless Agony","Bouncing Flask"],"picked":"SKIP","floor":5},{"not_picked":["Quick Slash","Choke","Setup+1"],"picked":"SKIP","floor":6},{"not_picked":["Deadly Poison+1","Backflip+1"],"picked":"Prepared+1","floor":7}],"player_experience":539137,"relics_obtained":[{"floor":6,"key":"Toxic Egg 2"}],"event_choices":[],"is_beta":false,"boss_relics":[],"items_purged_floors":[],"is_endless":false,"potions_floor_spawned":[1,3,7],"killed_by":"3 Sentries","ascension_level":13}}