{"host":"e0rtortnmozl44qq","time":1614184001,"event":{"mods":["AchievementEnabler","Act Like it!","BaseMod","Better Third Choice","Colored Map","Downfall","Gensokyo","Hermit","Highlight Path","Marisa????????","Minty Spire (QoL Compilation)","Permanent Neow","Quick Restart","Remilia??????","Shop Mod","StSLib","SuperFastMode","The Cursed","The Jungle","The Senshi","The Servant 0.9.4"],"gold_per_floor":[219,219,237,164,181,214,214,249,249,249,26,42,117,117,117,219,219,233,243,243,258,258,258,258,258,310,310,3,21,21,39,39,138,138,152,152,152],"floor_reached":35,"language":"ENG","playtime":1589,"items_purged":[],"score":390,"play_id":"b32e2eb5-4ba7-4917-bb66-90f595505828","local_time":"20210224172641","is_ascension_mode":false,"campfire_choices":[{"data":"Slimebound:OozeBath","floor":10.0,"key":"SMITH"},{"data":"Slimebound:Strike_Slimebound","floor":15.0,"key":"PURGE"},{"data":"Slimebound:MassRepurpose","floor":23.0,"key":"SMITH"},{"data":"Slimebound:AcidTongue","floor":27,"key":"SMITH"},{"data":"Slimebound:Schlurp","floor":30,"key":"SMITH"},{"data":"Slimebound:RainOfGoop","floor":32,"key":"SMITH"}],"circlet_count":0,"master_deck":["Slimebound:Tackle","Slimebound:Defend_Slimebound","Slimebound:Defend_Slimebound","Slimebound:Defend_Slimebound","Slimebound:Split","Slimebound:CorrosiveSpit+1","Slimebound:SlimeTap","Slimebound:SplitBruiser+1","Slimebound:ProtectTheBoss","Slimebound:SplitBruiser","Slimebound:Equalize","Slimebound:OozeBath+1","Slimebound:RainOfGoop+1","Slimebound:LeechingTouch+1","Slimebound:MassRepurpose+1","Slimebound:AcidTongue+1","Slimebound:SplitMire+1","Slimebound:Schlurp+1","Slimebound:SamplingLick+1","Slimebound:SelfFormingGoo","Slimebound:ProtectTheBoss+1","Slimebound:MegaLick+1","Slimebound:DouseInSlime+1"],"relics":["Slimebound:AbsorbEndCombat","Peace Pipe","theSenshi:FeatherClipsRelic","Shuriken","Lee\u0027s Waffle","betterThird:NestCultRelic","theSenshi:SailorFukuRelic","Slimebound:AggressiveSlimeRelic","Toy Ornithopter","Astrolabe"],"acts_visited":["Exordium","TheCity","TheBeyond"],"potions_floor_usage":[29,29,35],"damage_taken":[{"damage":2.0,"enemies":"Jaw Worm","floor":1.0,"turns":6.0},{"damage":7.0,"enemies":"Cultist","floor":3.0,"turns":3.0},{"damage":3.0,"enemies":"2 Louse","floor":5.0,"turns":1.0},{"damage":32.0,"enemies":"3 Sentries","floor":6.0,"turns":6.0},{"damage":3.0,"enemies":"Gremlin Nob","floor":8.0,"turns":3.0},{"damage":12.0,"enemies":"Blue Slaver","floor":12.0,"turns":3.0},{"damage":45.0,"enemies":"Hexaghost","floor":16.0,"turns":8.0},{"damage":23.0,"enemies":"2 Thieves","floor":18.0,"turns":3.0},{"damage":17.0,"enemies":"Shell Parasite","floor":19.0,"turns":5.0},{"damage":24.0,"enemies":"Snake Plant","floor":21.0,"turns":3.0},{"damage":3,"enemies":"Centurion and Healer","floor":29,"turns":4},{"damage":33,"enemies":"Cultist and Chosen","floor":31,"turns":7},{"damage":61,"enemies":"Champ","floor":33,"turns":10},{"damage":76,"enemies":"3 Darklings","floor":35,"turns":8}],"seed_played":"1686265631837556449","potions_obtained":[{"floor":3.0,"key":"FearPotion"},{"floor":12.0,"key":"BlessingOfTheForge"},{"floor":16.0,"key":"Energy Potion"},{"floor":18.0,"key":"SteroidPotion"},{"floor":20.0,"key":"Slimebound:SpawnSlimePotion"},{"floor":20.0,"key":"DuplicationPotion"},{"floor":33,"key":"Block Potion"},{"floor":35,"key":"FearPotion"}],"is_trial":false,"path_per_floor":["M","?","M","$","M","E","?","E","T","R","$","M","?","?","R","B",null,"M","M","?","M","?","R","?","?","T","R","$","M","R","M","R","B",null,"M"],"character_chosen":"SLIMEBOUND","items_purchased":["Slimebound:ProtectTheBoss","Lee\u0027s Waffle","Slimebound:RainOfGoop","Slimebound:AggressiveSlimeRelic","Toy Ornithopter"],"campfire_rested":0,"item_purchase_floors":[4,11,11,28,28],"current_hp_per_floor":[65,70,63,63,62,32,32,35,35,35,77,73,73,58,58,39,77,74,73,73,57,43,43,43,43,43,43,43,68,68,53,53,14,82,25,25,25],"gold":152,"neow_bonus":"HUNDRED_GOLD","is_daily":false,"chose_seed":false,"campfire_upgraded":5,"win_rate":0.0,"timestamp":1614184001,"path_taken":["M","?","M","?","?","E","?","E","T","R","$","M","?","?","R","BOSS","M","M","?","?","?","R","?","?","T","R","$","M","R","M","R","BOSS","M"],"items_purchased_type":["Card","Relic","Card","Relic","Relic"],"build_version":"2020-12-22","purchased_purges":0,"victory":false,"max_hp_per_floor":[65,70,70,70,70,70,70,70,70,70,77,77,77,77,77,77,77,77,77,77,77,82,82,82,82,82,82,82,82,82,82,82,82,82,82,82,82],"card_choices":[{"not_picked":["Slimebound:ComboTackle","Slimebound:FinishingTackle"],"picked":"Slimebound:SlimeTap","floor":1.0},{"not_picked":["Slimebound:Grow","Slimebound:SpikyOuterGoop"],"picked":"Slimebound:SplitBruiser","floor":3.0},{"not_picked":["Slimebound:SlimeSpikes","Slimebound:SamplingLick"],"picked":"Slimebound:SplitBruiser","floor":5.0},{"not_picked":["Slimebound:LivingWall","Slimebound:Nibble"],"picked":"Slimebound:Equalize","floor":6.0},{"not_picked":["Slimebound:SplitMire","Slimebound:ComboTackle"],"picked":"Slimebound:OozeBath","floor":8.0},{"not_picked":["Slimebound:ForwardTackle","Slimebound:ItLooksTasty"],"picked":"Slimebound:LeechingTouch","floor":12.0},{"not_picked":["Slimebound:RallyTheTroops","Slimebound:Teamwork"],"picked":"Slimebound:MassRepurpose","floor":16.0},{"not_picked":["Slimebound:Prepare","Slimebound:SlimeBarrage"],"picked":"Slimebound:AcidTongue","floor":18.0},{"not_picked":["Slimebound:LeechingTouch","Slimebound:TongueLash"],"picked":"Slimebound:SplitMire+1","floor":19.0},{"not_picked":["Slimebound:SamplingLick","Slimebound:LeechingTouch","Slimebound:PressTheAttack"],"picked":"SKIP","floor":21.0},{"not_picked":["Slimebound:ComboTackle+1","Slimebound:SlimeTap+1"],"picked":"Slimebound:Schlurp","floor":29},{"not_picked":["Slimebound:Teamwork","Slimebound:ComboTackle"],"picked":"Slimebound:SamplingLick+1","floor":31},{"not_picked":["Slimebound:MassRepurpose","Slimebound:LeechLife"],"picked":"Slimebound:SelfFormingGoo","floor":33}],"player_experience":95782,"relics_obtained":[{"floor":6.0,"key":"Peace Pipe"},{"floor":8.0,"key":"theSenshi:FeatherClipsRelic"},{"floor":9.0,"key":"Shuriken"},{"floor":26,"key":"theSenshi:SailorFukuRelic"}],"event_choices":[{"damage_healed":0.0,"max_hp_gain":5.0,"max_hp_loss":0.0,"gold_gain":0.0,"event_name":"Big Fish","player_choice":"Donut","floor":2.0,"gold_loss":0.0,"damage_taken":0.0},{"damage_healed":0.0,"max_hp_gain":0.0,"max_hp_loss":0.0,"gold_gain":0.0,"event_name":"Living Wall","player_choice":"Grow","floor":7.0,"gold_loss":0.0,"damage_taken":0.0,"cards_upgraded":["Slimebound:CorrosiveSpit"]},{"damage_healed":73.0,"max_hp_gain":0.0,"max_hp_loss":77.0,"gold_gain":0.0,"event_name":"betterThird:BetterShining","player_choice":"Upgrade","floor":14.0,"gold_loss":0.0,"damage_taken":15.0,"cards_upgraded":["Slimebound:SplitBruiser","Slimebound:LeechingTouch"]},{"damage_healed":0.0,"max_hp_gain":0.0,"max_hp_loss":0.0,"gold_gain":0.0,"event_name":"Lab","player_choice":"Got Potions","floor":20.0,"gold_loss":0.0,"damage_taken":0.0},{"damage_healed":0.0,"max_hp_gain":5.0,"max_hp_loss":0.0,"gold_gain":0.0,"event_name":"Forgotten Altar","player_choice":"Shed Blood","floor":22.0,"gold_loss":0.0,"damage_taken":19.0},{"damage_healed":0.0,"max_hp_gain":0.0,"max_hp_loss":0.0,"gold_gain":0.0,"event_name":"betterThird:BetterNest","player_choice":"Madness","floor":24.0,"gold_loss":0.0,"damage_taken":0.0,"relics_obtained":["betterThird:NestCultRelic"]},{"damage_healed":0,"gold_gain":0,"player_choice":"Ignored","damage_taken":0,"max_hp_gain":0,"max_hp_loss":0,"event_name":"Cursed Tome","floor":25,"gold_loss":0}],"is_beta":false,"boss_relics":[{"not_picked":["Velvet Choker","Snecko Eye","Runic Pyramid"]},{"not_picked":["Fusion Hammer","Runic Dome"],"picked":"Astrolabe"}],"items_purged_floors":[],"is_endless":false,"potions_floor_spawned":[3,12,16,18,33,35],"killed_by":"3 Darklings","ascension_level":0}}