{"host":"vrsxkkch9ccrec7k","time":1614169370,"event":{"mods":["Act Like it!","BaseMod","Bestiary","Better Altar","Better Match","Better Note","Better Sensory Stone","Better Skull","Better Third Choice","Better Vampires","Downfall","Minty Spire (QoL Compilation)","Permanent Neow","Relic Stats","Spicy Shops","StSLib"],"gold_per_floor":[0,15,28,128,158,176,200,213,213,244,256,3,17,44,58,161,161,161,171,271,331,381,381,434,445,476,476,476,476],"floor_reached":27,"language":"ENG","playtime":1984,"items_purged":[],"score":368,"play_id":"9befc6c4-ff6c-4bb5-a5f3-b7ea0ff31a81","local_time":"20210224072250","is_ascension_mode":true,"campfire_choices":[{"data":"sneckomod:TailWhip","floor":1,"key":"SMITH"},{"data":"sneckomod:MasterEye","floor":9,"key":"SMITH"},{"data":"sneckomod:DangerNoodle","floor":18,"key":"SMITH"}],"circlet_count":0,"master_deck":["sneckomod:Strike","sneckomod:Defend","sneckomod:Defend","sneckomod:Defend","sneckomod:TailWhip+1","sneckomod:SnekBite","sneckomod:Unknown","sneckomod:Unknown","sneckomod:ImprovisedAttack","sneckomod:UnknownRareSkill","sneckomod:MasterEye+1","sneckomod:Nope","sneckomod:SlitherStrike","sneckomod:CheapStock","sneckomod:PureSnecko","sneckomod:UnknownDraw","sneckomod:QuickBite","sneckomod:MasterEye","sneckomod:DangerNoodle+1","CurseOfTheBell","sneckomod:Nope","sneckomod:SerpentMind","sneckomod:Nope+1","sneckomod:DangerNoodle+1","Heatsinks"],"relics":["sneckomod:SneckoSoul","Smiling Mask","PreservedInsect","sneckomod:BlankCard","Mummified Hand","Bag of Preparation","Calling Bell","bronze:BronzeIdol","Singing Bowl","Mango","downfall:CloakOfManyFaces","CultistMask","FaceOfCleric","NlothsMask","GremlinMask","SsserpentHead","Shuriken"],"acts_visited":["Exordium","TheCity"],"potions_floor_usage":[10,11,14,25,26,26],"damage_taken":[{"damage":1,"enemies":"Small Slimes","floor":2,"turns":3},{"damage":5,"enemies":"2 Louse","floor":3,"turns":3},{"damage":0,"enemies":"Jaw Worm","floor":6,"turns":3},{"damage":6,"enemies":"3 Louse","floor":8,"turns":2},{"damage":15,"enemies":"Gremlin Nob","floor":10,"turns":3},{"damage":3,"enemies":"Lots of Slimes","floor":11,"turns":2},{"damage":0,"enemies":"downfall:FleeingMerchant","floor":12,"turns":4},{"damage":4,"enemies":"Exordium Wildlife","floor":13,"turns":3},{"damage":5,"enemies":"3 Sentries","floor":14,"turns":3},{"damage":6,"enemies":"Gremlin Gang","floor":15,"turns":2},{"damage":21,"enemies":"IC_STATUS_ARCHETYPE","floor":16,"turns":5},{"damage":11,"enemies":"downfall:LooterAlt2","floor":19,"turns":2},{"damage":14,"enemies":"downfall:FaceTrader","floor":20,"turns":4},{"damage":0,"enemies":"Chosen","floor":21,"turns":8},{"damage":10,"enemies":"Snake Plant","floor":25,"turns":4},{"damage":59,"enemies":"Slavers","floor":26,"turns":4},{"damage":8,"enemies":"Snecko","floor":27,"turns":2}],"seed_played":"-2693264057197152601","potions_obtained":[{"floor":3,"key":"SkillPotion"},{"floor":6,"key":"SkillPotion"},{"floor":11,"key":"BlessingOfTheForge"},{"floor":13,"key":"PowerPotion"},{"floor":15,"key":"Weak Potion"},{"floor":16,"key":"ColorlessPotion"},{"floor":20,"key":"Block Potion"},{"floor":26,"key":"Strength Potion"}],"is_trial":false,"path_per_floor":["R","M","M","?","?","M","T","M","R","E","M","$","M","E","M","B",null,"R","M","?","M","?","R","T","M","E","M"],"character_chosen":"THE_SNECKO","items_purchased":["Mummified Hand"],"campfire_rested":0,"item_purchase_floors":[12],"current_hp_per_floor":[81,80,75,75,75,75,75,69,69,54,51,51,47,42,36,15,85,85,74,67,68,68,68,68,61,5,0,0,0],"gold":476,"neow_bonus":"TRANSFORM_TWO_CARDS","is_daily":false,"chose_seed":false,"campfire_upgraded":3,"win_rate":0.0,"timestamp":1614169370,"path_taken":["R","M","M","?","?","?","T","M","R","E","M","$","M","E","M","BOSS","R","M","?","?","?","R","T","M","E","M"],"items_purchased_type":["Relic"],"build_version":"2020-12-22","purchased_purges":0,"victory":false,"max_hp_per_floor":[90,90,90,90,90,90,90,90,90,90,90,90,90,90,90,90,104,104,104,104,105,105,105,105,108,111,111,111,111],"relic_stats":{"SsserpentHead":100,"Singing Bowl":4,"FaceOfCleric":3,"counters":[17,57],"Mummified Hand":[46],"Shuriken":[1],"PreservedInsect":244,"Bag of Preparation":[16],"Smiling Mask":0,"obtain_stats":[{"Singing Bowl":17,"sneckomod:BlankCard":10,"Mango":17,"GremlinMask":20,"PreservedInsect":7,"Bag of Preparation":14,"sneckomod:SneckoSoul":0,"Smiling Mask":5,"bronze:BronzeIdol":17,"Calling Bell":17,"SsserpentHead":20,"FaceOfCleric":20,"Mummified Hand":12,"Shuriken":26,"CultistMask":20,"downfall:CloakOfManyFaces":20,"NlothsMask":20},{"Singing Bowl":11,"sneckomod:BlankCard":5,"Mango":11,"GremlinMask":13,"PreservedInsect":3,"Bag of Preparation":9,"sneckomod:SneckoSoul":0,"Smiling Mask":2,"bronze:BronzeIdol":11,"Calling Bell":11,"SsserpentHead":13,"FaceOfCleric":13,"Mummified Hand":7,"Shuriken":16,"CultistMask":13,"downfall:CloakOfManyFaces":13,"NlothsMask":13},{"Singing Bowl":33,"sneckomod:BlankCard":14,"Mango":33,"GremlinMask":39,"PreservedInsect":9,"Bag of Preparation":26,"sneckomod:SneckoSoul":0,"Smiling Mask":6,"bronze:BronzeIdol":33,"Calling Bell":33,"SsserpentHead":39,"FaceOfCleric":39,"Mummified Hand":20,"Shuriken":55,"CultistMask":39,"downfall:CloakOfManyFaces":39,"NlothsMask":39}]},"card_choices":[{"not_picked":["sneckomod:ImprovisedAttack","sneckomod:Unknown1Cost"],"picked":"sneckomod:MasterEye","floor":2},{"not_picked":["sneckomod:UnknownColorless","sneckomod:SerpentIdol","sneckomod:Unknown1Cost"],"picked":"SKIP","floor":3},{"not_picked":["sneckomod:UnknownCommonAttack","sneckomod:DiceBlock"],"picked":"sneckomod:Nope","floor":6},{"not_picked":["sneckomod:RainOfDice","sneckomod:IronFang"],"picked":"sneckomod:SlitherStrike","floor":8},{"not_picked":["sneckomod:DiceCrush","sneckomod:Memorize"],"picked":"sneckomod:CheapStock","floor":10},{"not_picked":["sneckomod:SlitherStrike","sneckomod:DiceBoulder"],"picked":"sneckomod:PureSnecko","floor":11},{"not_picked":["sneckomod:Cheat","sneckomod:DiceBlock"],"picked":"sneckomod:UnknownDraw","floor":12},{"not_picked":["sneckomod:IronFang","sneckomod:RainOfDice"],"picked":"sneckomod:QuickBite","floor":13},{"not_picked":["sneckomod:SerpentIdol","sneckomod:QuickMove"],"picked":"sneckomod:UnknownUncommonPower","floor":14},{"not_picked":["sneckomod:QuickBite","sneckomod:ImprovisedGuard"],"picked":"sneckomod:MasterEye","floor":15},{"not_picked":["sneckomod:QuickBite","sneckomod:UnknownCommonAttack","sneckomod:UnknownCommonSkill"],"picked":"SKIP","floor":15},{"not_picked":["sneckomod:Transmogrify","sneckomod:GlitteringGambit"],"picked":"sneckomod:DangerNoodle","floor":16},{"not_picked":["sneckomod:SoulRoll","sneckomod:UnknownClassHEXA_GHOST_PURPLE"],"picked":"sneckomod:Nope","floor":19},{"not_picked":["sneckomod:UnknownWeak","sneckomod:UnknownStrength+1"],"picked":"sneckomod:SerpentMind","floor":20},{"not_picked":["sneckomod:SoulRoll","sneckomod:RainOfDice+1"],"picked":"sneckomod:Nope+1","floor":21},{"not_picked":["sneckomod:IronFang","sneckomod:UnknownClassRED+1","sneckomod:MixItUp+1"],"picked":"Singing Bowl","floor":25},{"not_picked":["sneckomod:UnknownBlock","sneckomod:Nope","sneckomod:UnknownDraw+1"],"picked":"Singing Bowl","floor":26}],"player_experience":2014806,"relics_obtained":[{"floor":7,"key":"PreservedInsect"},{"floor":10,"key":"sneckomod:BlankCard"},{"floor":14,"key":"Bag of Preparation"},{"floor":17,"key":"bronze:BronzeIdol"},{"floor":17,"key":"Singing Bowl"},{"floor":17,"key":"Mango"},{"floor":20,"key":"downfall:CloakOfManyFaces"},{"floor":26,"key":"Shuriken"}],"event_choices":[],"is_beta":false,"boss_relics":[{"not_picked":["Astrolabe","Philosopher\u0027s Stone"],"picked":"Calling Bell"}],"items_purged_floors":[],"is_endless":false,"potions_floor_spawned":[3,6,11,13,15,16,20,26],"killed_by":"Snecko","ascension_level":8}}