{"host":"fuszjwm6fqgjjp4d","time":1614138995,"event":{"mods":["BaseMod","Colored Map","Minty Spire (QoL Compilation)","Permanent Neow","Relic Sorter","Relic Stats","StSLib"],"gold_per_floor":[121,144,172,172,201,244,244,285,285,285,303,303,331,11,11,11,11],"floor_reached":16,"language":"ENG","playtime":513,"items_purged":["Strike_R"],"score":228,"play_id":"ef8f9c02-d627-473f-af4e-14da6a89ebf3","local_time":"20210223215635","is_ascension_mode":true,"campfire_choices":[{"data":"Spot Weakness","floor":7.0,"key":"SMITH"},{"data":"Whirlwind","floor":15.0,"key":"SMITH"}],"circlet_count":0,"master_deck":["AscendersBane","Strike_R","Strike_R","Strike_R","Strike_R","Defend_R","Defend_R","Defend_R","Defend_R","Bash","Clothesline","Feel No Pain","Warcry","Flame Barrier","Spot Weakness+1","Dropkick","Whirlwind+1","Inflame"],"relics":["Burning Blood","CeramicFish","Matryoshka","Vajra","Ancient Tea Set","StrikeDummy","CultistMask","OrangePellets"],"acts_visited":["Exordium"],"potions_floor_usage":[16],"damage_taken":[{"damage":6.0,"enemies":"Cultist","floor":1.0,"turns":4.0},{"damage":4.0,"enemies":"Small Slimes","floor":2.0,"turns":4.0},{"damage":8.0,"enemies":"Jaw Worm","floor":3.0,"turns":4.0},{"damage":0.0,"enemies":"Gremlin Gang","floor":4.0,"turns":1.0},{"damage":15.0,"enemies":"Large Slime","floor":5.0,"turns":6.0},{"damage":22.0,"enemies":"3 Sentries","floor":6.0,"turns":18.0},{"damage":20.0,"enemies":"Lagavulin","floor":8.0,"turns":7.0},{"damage":12.0,"enemies":"3 Louse","floor":11.0,"turns":4.0},{"damage":14.0,"enemies":"2 Fungi Beasts","floor":13.0,"turns":5.0},{"damage":26,"enemies":"The Guardian","floor":16,"turns":4}],"seed_played":"-4404524780828417797","potions_obtained":[{"floor":1.0,"key":"SmokeBomb"},{"floor":2.0,"key":"Swift Potion"},{"floor":6.0,"key":"ColorlessPotion"},{"floor":8.0,"key":"FearPotion"},{"floor":11.0,"key":"Swift Potion"}],"is_trial":false,"path_per_floor":["M","M","M","M","M","E","R","E","T","?","M","?","M","$","R","B"],"character_chosen":"IRONCLAD","items_purchased":["Inflame","OrangePellets"],"campfire_rested":0,"item_purchase_floors":[14,14],"current_hp_per_floor":[68,70,68,74,65,49,49,35,35,40,34,34,26,26,26,0,0],"gold":11,"neow_bonus":"RANDOM_COMMON_RELIC","is_daily":false,"chose_seed":false,"campfire_upgraded":2,"win_rate":0.0,"timestamp":1614138995,"path_taken":["M","M","M","M","?","E","R","E","T","?","M","?","M","$","R","BOSS"],"items_purchased_type":["Card","Relic"],"build_version":"2020-12-22","purchased_purges":1,"victory":false,"max_hp_per_floor":[75,75,75,75,75,75,75,75,75,80,80,80,80,80,80,80,80],"relic_stats":{"OrangePellets":[0],"counters":[10,57],"CeramicFish":72,"obtain_stats":[{"OrangePellets":14,"Matryoshka":6,"CeramicFish":0,"Vajra":8,"CultistMask":12,"Ancient Tea Set":9,"StrikeDummy":9,"Burning Blood":0},{"OrangePellets":9,"Matryoshka":6,"CeramicFish":0,"Vajra":7,"CultistMask":8,"Ancient Tea Set":7,"StrikeDummy":7,"Burning Blood":0},{"OrangePellets":53,"Matryoshka":37,"CeramicFish":0,"Vajra":44,"CultistMask":48,"Ancient Tea Set":44,"StrikeDummy":44,"Burning Blood":0}],"Burning Blood":54},"card_choices":[{"not_picked":["Twin Strike","Wild Strike"],"picked":"Clothesline","floor":1.0},{"not_picked":["Second Wind","Warcry"],"picked":"Feel No Pain","floor":2.0},{"not_picked":["Anger","Rupture"],"picked":"Warcry","floor":3.0},{"not_picked":["Intimidate","Clash"],"picked":"Flame Barrier","floor":5.0},{"not_picked":["Clash","Pummel"],"picked":"Spot Weakness","floor":6.0},{"not_picked":["Seeing Red","Flex"],"picked":"Dropkick","floor":8.0},{"not_picked":["Sentinel","Rampage","Clash"],"picked":"SKIP","floor":11.0},{"not_picked":["Rupture","Iron Wave"],"picked":"Whirlwind","floor":13.0}],"player_experience":1523202,"relics_obtained":[{"floor":6.0,"key":"Matryoshka"},{"floor":8.0,"key":"Vajra"},{"floor":9.0,"key":"Ancient Tea Set"},{"floor":9.0,"key":"StrikeDummy"}],"event_choices":[{"damage_healed":0.0,"max_hp_gain":5.0,"max_hp_loss":0.0,"gold_gain":0.0,"event_name":"Big Fish","player_choice":"Donut","floor":10.0,"gold_loss":0.0,"damage_taken":0.0},{"damage_healed":0.0,"max_hp_gain":0.0,"max_hp_loss":0.0,"gold_gain":0.0,"event_name":"FaceTrader","player_choice":"Trade","floor":12.0,"gold_loss":0.0,"damage_taken":0.0,"relics_obtained":["CultistMask"]}],"is_beta":false,"boss_relics":[],"items_purged_floors":[14],"is_endless":false,"potions_floor_spawned":[1,2,6,8,11],"killed_by":"The Guardian","ascension_level":20}}