{"host":"xnjcin1g6gswdgtt","time":1614186505,"event":{"mods":["2.2 Compatiblity","Act Like it!","Arknights","Aspiration","Astrologer","BaseMod","Beaked The Cultist","Better Altar","Better Match","Better Note","Better Sensory Stone","Better Skull","Better Third Choice","Better Vampires","BetterRewards","Bossed Relics","Card Forge","CatGirl Mod","ChefMod","Colored Map","Colored Powertips","Conspire","Dota2Spire","Downfall","Duelist Mod","Elementarium","Energized Spire","Friendly Minions","Gold Saver","Gremlin Mod","GungeonMod","Hero for Fun","Highlight Path","Hubris","Jedi Mod","JesterMod","Marisa????????","Marked Mod","Menagerie","Minty Spire (QoL Compilation)","Pale of the Ancients","QueenMod","Quick Restart","Rare Cards Sparkle","Relic Stats","Reliquary","Replay The Spire","Robot Space Explorer","Ruina","Shade Mod","Shapeshifter Mod","Shop Mod","Small Relic Pack","Smile Girya","Spicy Shops","StSLib","The Alterego","The Animator","The Blue Laboratory","The Clintock","The Construct","The Cursed","The Death Knight","The Disciple","The Dragon Tamer","The Forsaken","The Hierophant","The Marked","The Mystic","The Necromancer","The Poker Player","The Runesmith","The Saiyan","The Servant 0.9.4","The Showman","The Wild Card","TheBandit","TheSwordswoman","TheVacant","Trackpad","Yuri Mod","??????REMEMod"],"gold_per_floor":[358,76,135,153,153,153,202,235,235,273,52,65,65,65,65,65,65],"floor_reached":16,"language":"ENG","playtime":3405,"items_purged":[],"score":156,"play_id":"5ac31057-e850-4518-8af9-76078ba36231","local_time":"20210224110825","is_ascension_mode":false,"campfire_choices":[{"floor":6,"key":"RECALL"}],"circlet_count":0,"master_deck":["wariomod:Step+1","wariomod:Leap+1","theDuelist:RainbowMedicine+4","wariomod:DoubleDash+1","wariomod:BodyBlock+1","wariomod:NullJump+1","wariomod:EndlessBlast+1","wariomod:DonateDraw+1","wariomod:OctoJump+1","Flash of Steel+1","wariomod:SimpleShield+1","wariomod:Bombshield+1","wariomod:BoomBoom+1","wariomod:Hopshield+1","wariomod:AwfulLook+1","wariomod:BlastDash+1","wariomod:BodyBlock+1","wariomod:GreaterGuard+1"],"relics":["wariomod:TheHat","Hammer of Thor","Seething Fire","Anvil of the Gods","REME_ComplimentaryCards","BargainBundle","Golden Idol","hubris:SlimyHat","DemoMod:GundromedaStrain","DemoMod:ClearGuonStone","DemoMod:Metronome","reliquary:Firecrackers"],"acts_visited":["Exordium"],"potions_floor_usage":[],"damage_taken":[{"damage":0,"enemies":"Jaw Worm","floor":1,"turns":2},{"damage":0,"enemies":"ats:Genji","floor":4,"turns":2},{"damage":0,"enemies":"Lagavulin","floor":8,"turns":4},{"damage":0,"enemies":"Gremlin Nob","floor":10,"turns":3},{"damage":8,"enemies":"conspire:RoseBush","floor":12,"turns":2},{"damage":15,"enemies":"The Guardian","floor":16,"turns":5}],"seed_played":"39463352407548171","potions_obtained":[{"floor":1,"key":"Fire Potion"},{"floor":10,"key":"blueLaboratory:CorrosionFlask"},{"floor":12,"key":"Milkshake"}],"is_trial":false,"path_per_floor":["M","$","?","M","?","R","T","E","T","E","$","M","?","?","R_BF","B"],"character_chosen":"THE_BANDIT","items_purchased":["BargainBundle","wariomod:BodyBlock","wariomod:NullJump","wariomod:EndlessBlast","wariomod:DonateDraw","wariomod:OctoJump","Flash of Steel","wariomod:BoomBoom","wariomod:Hopshield","wariomod:AwfulLook","wariomod:BlastDash"],"campfire_rested":0,"item_purchase_floors":[2,2,2,2,2,2,2,11,11,11,11],"current_hp_per_floor":[88,88,88,88,81,81,81,81,81,81,81,73,73,14,14,0,0],"gold":65,"neow_bonus":"TEN_PERCENT_HP_BONUS","is_daily":false,"chose_seed":false,"campfire_upgraded":0,"win_rate":0.0,"timestamp":1614186505,"path_taken":["M","$","?","M","?","R","?","E","T","E","$","M","?","?","R_BF","BOSS"],"items_purchased_type":["Relic","Card","Card","Card","Card","Card","Card","Card","Card","Card","Card"],"build_version":"2020-12-22","purchased_purges":0,"victory":false,"max_hp_per_floor":[88,88,88,88,81,81,81,81,81,81,81,81,81,81,81,81,81],"relic_stats":{"counters":[6,18],"Golden Idol":18,"obtain_stats":[{"BargainBundle":2,"Golden Idol":5,"wariomod:TheHat":0,"reliquary:Firecrackers":14,"Hammer of Thor":0,"DemoMod:GlassGuonStoneRelic":1,"hubris:SlimyHat":7,"Seething Fire":0,"DemoMod:GundromedaStrain":8,"Anvil of the Gods":0,"DemoMod:Metronome":14,"DemoMod:ClearGuonStone":10,"REME_ComplimentaryCards":0},{"BargainBundle":1,"Golden Idol":2,"wariomod:TheHat":0,"reliquary:Firecrackers":5,"Hammer of Thor":0,"DemoMod:GlassGuonStoneRelic":1,"hubris:SlimyHat":2,"Seething Fire":0,"DemoMod:GundromedaStrain":3,"Anvil of the Gods":0,"DemoMod:Metronome":5,"DemoMod:ClearGuonStone":4,"REME_ComplimentaryCards":0},{"BargainBundle":2,"Golden Idol":4,"wariomod:TheHat":0,"reliquary:Firecrackers":13,"Hammer of Thor":0,"DemoMod:GlassGuonStoneRelic":2,"hubris:SlimyHat":4,"Seething Fire":0,"DemoMod:GundromedaStrain":8,"Anvil of the Gods":0,"DemoMod:Metronome":13,"DemoMod:ClearGuonStone":11,"REME_ComplimentaryCards":0}]},"card_choices":[{"not_picked":["wariomod:HappyHop","wariomod:Boomsmack"],"picked":"wariomod:DoubleDash","floor":1},{"not_picked":["wariomod:EndlessBlast","wariomod:DisarmingMoves"],"picked":"wariomod:SimpleShield","floor":4},{"not_picked":["wariomod:Game","wariomod:GreaterGuard","wariomod:CursedSpaces"],"picked":"SKIP","floor":8},{"not_picked":["wariomod:TempestBlasts","wariomod:ShipSmash"],"picked":"wariomod:Bombshield","floor":10},{"not_picked":["wariomod:BoomBoom","wariomod:SpikeSlash"],"picked":"wariomod:BodyBlock","floor":12}],"player_experience":250384,"relics_obtained":[{"floor":7,"key":"hubris:SlimyHat"},{"floor":8,"key":"DemoMod:GundromedaStrain"},{"floor":10,"key":"DemoMod:ClearGuonStone"}],"event_choices":[{"damage_healed":0,"gold_gain":59,"player_choice":"Gained Gold","damage_taken":0,"max_hp_gain":0,"max_hp_loss":0,"event_name":"Golden Wing","floor":3,"gold_loss":0},{"damage_healed":0,"gold_gain":0,"player_choice":"Lose Max HP","damage_taken":0,"relics_obtained":["Golden Idol"],"max_hp_gain":0,"max_hp_loss":7,"event_name":"Golden Idol","floor":5,"gold_loss":0},{"damage_healed":0,"gold_gain":0,"cards_transformed":["wariomod:NullJump"],"player_choice":"Change","damage_taken":0,"max_hp_gain":0,"max_hp_loss":0,"event_name":"Living Wall","floor":13,"gold_loss":0,"cards_obtained":["wariomod:TempestBlasts"]},{"damage_healed":0,"gold_gain":1,"player_choice":"Relic Relic ","damage_taken":59,"max_hp_gain":0,"max_hp_loss":0,"event_name":"betterThird:BetterScrap","floor":14,"gold_loss":0,"cards_obtained":["jedi:poisonivy"]}],"is_beta":false,"boss_relics":[],"items_purged_floors":[],"is_endless":false,"potions_floor_spawned":[1,10,12],"killed_by":"The Guardian","ascension_level":0}}