{"host":"q8ewzd1tf4mqkgtb","time":1614153893,"event":{"mods":["Ascension Unlocker","BaseMod","Colored Map","Faster Ascension Climbing","Minty Spire (QoL Compilation)","Relic Stats","StSLib","UnlockEverythingMod"],"gold_per_floor":[15,28,43,43,43,43,43,43],"floor_reached":7,"language":"ENG","playtime":1102,"items_purged":[],"score":82,"play_id":"c5992cbe-7d53-4244-a5ac-967d317939f2","local_time":"20210224020453","is_ascension_mode":true,"campfire_choices":[{"data":"Bash","floor":6,"key":"SMITH"}],"circlet_count":0,"master_deck":["AscendersBane","Strike_R","Strike_R","Strike_R","Strike_R","Strike_R","Defend_R","Defend_R+1","Defend_R","Defend_R","Bash+1","Reaper","Dual Wield+1","Flex","Disarm"],"relics":["Burning Blood","CeramicFish"],"acts_visited":["Exordium"],"potions_floor_usage":[3],"damage_taken":[{"damage":12,"enemies":"Small Slimes","floor":1,"turns":5},{"damage":20,"enemies":"Jaw Worm","floor":2,"turns":8},{"damage":1,"enemies":"Cultist","floor":3,"turns":3},{"damage":48,"enemies":"Lagavulin","floor":7,"turns":8}],"seed_played":"-5387985328047550041","potions_obtained":[{"floor":1,"key":"DuplicationPotion"},{"floor":2,"key":"FearPotion"}],"is_trial":false,"path_per_floor":["M","M","M","?","?","R","E"],"character_chosen":"IRONCLAD","items_purchased":[],"campfire_rested":0,"item_purchase_floors":[],"current_hp_per_floor":[66,62,75,64,41,41,0,0],"gold":43,"neow_bonus":"THREE_RARE_CARDS","is_daily":false,"chose_seed":false,"campfire_upgraded":1,"win_rate":0.0,"timestamp":1614153893,"path_taken":["M","M","M","?","?","R","E"],"items_purchased_type":[],"build_version":"2020-12-22","purchased_purges":0,"victory":false,"max_hp_per_floor":[75,75,75,75,75,75,75,75],"relic_stats":{"counters":[4,24],"CeramicFish":0,"obtain_stats":[{"CeramicFish":4,"Burning Blood":0},{"CeramicFish":3,"Burning Blood":0},{"CeramicFish":16,"Burning Blood":0}],"Burning Blood":14},"card_choices":[{"not_picked":["Bludgeon","Fiend Fire"],"picked":"Reaper","floor":0},{"not_picked":["Whirlwind","Blood for Blood"],"picked":"Dual Wield","floor":1},{"not_picked":["Fire Breathing","Sentinel"],"picked":"Flex","floor":2},{"not_picked":["Body Slam","Havoc"],"picked":"Disarm","floor":3}],"player_experience":573178,"relics_obtained":[],"event_choices":[{"damage_healed":0,"gold_gain":0,"player_choice":"Success","damage_taken":11,"relics_obtained":["CeramicFish"],"max_hp_gain":0,"max_hp_loss":0,"event_name":"Scrap Ooze","floor":4,"gold_loss":0},{"damage_healed":0,"gold_gain":0,"player_choice":"Entered Light","damage_taken":23,"max_hp_gain":0,"max_hp_loss":0,"event_name":"Shining Light","floor":5,"gold_loss":0,"cards_upgraded":["Dual Wield","Defend_R"]}],"is_beta":false,"boss_relics":[],"items_purged_floors":[],"is_endless":false,"potions_floor_spawned":[1,2],"killed_by":"Lagavulin","ascension_level":20}}