{"host":"xc18ixkpjvqrt8st","time":1614138870,"event":{"mods":["Act Like it!","BaseMod","Better Match","Better Third Choice","Conspire","Hallownest","Hermit","Hubris","Jorbs\u0027s Wanderer Trilogy","Minty Spire (QoL Compilation)","Reliquary","Robot Space Explorer","Shade Mod","Shop Mod","Spicy Shops","Spire Arcade","StSLib","The Animator","The Jungle","The Sage"],"gold_per_floor":[118,118,118,136,164,199,41,41,41,41,53,77,120,142,142,242,242,258,256,29,29,43,70,70,70,70,70,70,20,38,0,0,0,0],"floor_reached":33,"language":"ENG","playtime":1448,"items_purged":[],"score":303,"play_id":"cde2385b-0d70-434c-a28d-e68e81f651ec","local_time":"20210223215430","is_ascension_mode":true,"campfire_choices":[{"floor":8,"key":"RECALL"},{"floor":15,"key":"REST"},{"floor":25,"key":"REST"},{"floor":28,"key":"REST"},{"data":"sagemod:Armor_Brew","floor":32,"key":"SMITH"}],"circlet_count":0,"master_deck":["animator:Strike_AccelWorld","animator:Defend_AccelWorld","animator:Strike+1","animator:Strike","animator:Strike","animator:Defend","animator:Defend","animator:Defend","animator:Kuroyukihime+1","animator:LimeBell","animator:DolaSchwi","animator:Kaijin","animator:TukaLunaMarceau","animator:MisaKurobane","animator:KrulTepes","animator:Vesta","animator:Shuna","animator:Konayuki","animator:Witch","animator:SwordMaiden","animator:UneriGinkaku","animator:DwarfShaman","animator:Aisha","animator:Shuna","animator:HiiragiShinya","animator:Hakurou","sagemod:Armor_Brew+1"],"relics":["animator:LivingPicture","animator:TheMissingPiece","NeowsBlessing","Champion Belt","reliquary:PrincelyHelmet","Blood Vial","Centennial Puzzle","PrismaticShard","reliquary:Stiletto","hubris:Icosahedron","reliquary:Knoch"],"acts_visited":["Exordium","TheCity"],"potions_floor_usage":[6,6,13,16,16,22,23,23,23,30,33,33],"damage_taken":[{"damage":0,"enemies":"Cultist","floor":1,"turns":1},{"damage":0,"enemies":"Jaw Worm","floor":4,"turns":1},{"damage":0,"enemies":"Small Slimes","floor":5,"turns":1},{"damage":19,"enemies":"Lagavulin","floor":6,"turns":6},{"damage":5,"enemies":"Exordium Thugs","floor":11,"turns":5},{"damage":5,"enemies":"3 Louse","floor":12,"turns":3},{"damage":4,"enemies":"3 Sentries","floor":13,"turns":7},{"damage":1,"enemies":"Looter","floor":14,"turns":4},{"damage":15,"enemies":"Slime Boss","floor":16,"turns":8},{"damage":48,"enemies":"conspire:FuzzyDice","floor":18,"turns":7},{"damage":9,"enemies":"2 Thieves","floor":19,"turns":4},{"damage":9,"enemies":"Chosen and Byrds","floor":22,"turns":6},{"damage":2,"enemies":"Book of Stabbing","floor":23,"turns":4},{"damage":9,"enemies":"conspire:HollyBat","floor":30,"turns":7},{"damage":63,"enemies":"Collector","floor":33,"turns":12}],"seed_played":"7969670614071557090","potions_obtained":[{"floor":1,"key":"FearPotion"},{"floor":3,"key":"animator:GrowthPotion"},{"floor":3,"key":"Block Potion"},{"floor":3,"key":"AttackPotion"},{"floor":12,"key":"Block Potion"},{"floor":14,"key":"BlessingOfTheForge"},{"floor":16,"key":"Ancient Potion"},{"floor":18,"key":"Block Potion"},{"floor":22,"key":"DuplicationPotion"},{"floor":23,"key":"AttackPotion"}],"is_trial":false,"path_per_floor":["M","?","?","M","M","E","$","R","T","?","M","M","E","M","R","B",null,"M","M","$","?","M","E","?","R","T","$","R","?","M","?","R","B"],"character_chosen":"THE_ANIMATOR","items_purchased":["animator:MisaKurobane","animator:KrulTepes","PrismaticShard","animator:Aisha","animator:Shuna"],"campfire_rested":3,"item_purchase_floors":[7,7,20,20,20],"current_hp_per_floor":[66,66,66,66,66,47,47,47,47,52,48,43,39,40,60,48,68,21,14,14,14,7,8,8,29,29,29,50,50,61,61,61,0,0],"gold":0,"neow_bonus":"THREE_ENEMY_KILL","is_daily":false,"chose_seed":false,"campfire_upgraded":1,"win_rate":0.0,"timestamp":1614138870,"path_taken":["M","?","?","M","?","E","$","R","T","?","?","M","E","M","R","BOSS","M","M","$","?","M","E","?","R","T","$","R","?","?","?","R","BOSS"],"items_purchased_type":["Card","Card","Relic","Card","Card"],"build_version":"2020-12-22","purchased_purges":0,"victory":false,"max_hp_per_floor":[66,66,66,66,66,66,66,66,66,66,67,67,67,67,67,68,68,69,69,69,69,69,70,70,70,70,70,70,70,70,70,70,70,70],"card_choices":[{"not_picked":["animator:Laby","animator:ChlammyZell"],"picked":"animator:DolaSchwi","floor":1},{"not_picked":["animator:Mikaela","animator:Ain"],"picked":"animator:Kuribayashi","floor":4},{"not_picked":["animator:Chung","animator:Mitsuba"],"picked":"animator:Kaijin","floor":5},{"not_picked":["animator:Kuribayashi","animator:Tyuule"],"picked":"animator:TukaLunaMarceau","floor":6},{"not_picked":["animator:Elsword","animator:TukaLunaMarceau"],"picked":"animator:Vesta","floor":11},{"not_picked":["animator:Lu","animator:Souei"],"picked":"animator:Shuna","floor":12},{"not_picked":["animator:DolaStephanie","animator:Shinoa"],"picked":"animator:Konayuki","floor":13},{"not_picked":["animator:Spearman","animator:Priestess"],"picked":"animator:Witch","floor":14},{"not_picked":["animator:PinaCoLada","animator:GoblinSlayer"],"picked":"animator:SwordMaiden","floor":16},{"not_picked":["animator:Yoichi","animator:Shion"],"picked":"animator:UneriGinkaku","floor":18},{"not_picked":["animator:Kuribayashi","animator:Lu+1"],"picked":"animator:DwarfShaman","floor":19},{"not_picked":["Shade:ExtraLimbs","sagemod:Flight_Feint"],"picked":"animator:HiiragiShinya","floor":22},{"not_picked":["animator:Kaijin","animator:Shion"],"picked":"animator:Hakurou","floor":23},{"not_picked":["animator:SilverFang+1","animator:EmiyaShirou"],"picked":"sagemod:Armor_Brew","floor":30}],"player_experience":680916,"relics_obtained":[{"floor":6,"key":"Champion Belt"},{"floor":9,"key":"reliquary:PrincelyHelmet"},{"floor":13,"key":"Blood Vial"},{"floor":13,"key":"Centennial Puzzle"},{"floor":23,"key":"reliquary:Stiletto"},{"floor":26,"key":"reliquary:Knoch"}],"event_choices":[{"damage_healed":0,"gold_gain":0,"player_choice":"Grow","damage_taken":0,"max_hp_gain":0,"max_hp_loss":0,"event_name":"Living Wall","floor":2,"gold_loss":0,"cards_upgraded":["animator:Kuroyukihime"]},{"damage_healed":0,"gold_gain":0,"player_choice":"Got Potions","damage_taken":0,"max_hp_gain":0,"max_hp_loss":0,"event_name":"Lab","floor":3,"gold_loss":0},{"cards_removed":["animator:Kuribayashi"],"damage_healed":5,"gold_gain":0,"player_choice":"Offered Common","damage_taken":0,"max_hp_gain":0,"max_hp_loss":0,"event_name":"Bonfire Elementals","floor":10,"gold_loss":0},{"cards_removed":["animator:Kuribayashi"],"damage_healed":5,"gold_gain":0,"player_choice":"Offered Special","damage_taken":0,"max_hp_gain":0,"max_hp_loss":0,"event_name":"Bonfire Elementals","floor":10,"gold_loss":0},{"damage_healed":0,"gold_gain":0,"player_choice":"Leave","damage_taken":0,"max_hp_gain":0,"max_hp_loss":0,"event_name":"conspire:Investor","floor":21,"gold_loss":0},{"damage_healed":0,"gold_gain":0,"player_choice":"Bet on Owner","damage_taken":0,"max_hp_gain":0,"max_hp_loss":0,"event_name":"The Joust","floor":29,"gold_loss":50},{"damage_healed":0,"gold_gain":0,"player_choice":"Paid Fearfully","damage_taken":0,"max_hp_gain":0,"max_hp_loss":0,"event_name":"Masked Bandits","floor":31,"gold_loss":38}],"is_beta":false,"boss_relics":[{"not_picked":["reliquary:KinkedSpring","Pandora\u0027s Box","Coffee Dripper"]}],"items_purged_floors":[],"is_endless":false,"potions_floor_spawned":[1,12,14,16,18,22,23],"killed_by":"Collector","ascension_level":2}}