{"host":"gaqyve1328ta0etl","time":1614161754,"event":{"mods":["BaseMod","Colored Map","Colored Powertips","Duelist Mod","Googly Eyes","Hero for Fun","Minty Spire (QoL Compilation)","Shop Mod","StSLib","SuperFastMode","The Hierophant","The Runesmith"],"gold_per_floor":[145,145,165,5,5,31,31,66,140,140,150,167,167,192,192,269,269,288,288,38,57,57,57,84,84,84,109,109,121,137,148,148,221,221,240,70,115,135,135,135,165,165,165,165,216,216,251,266,266,266,266],"floor_reached":52,"language":"ENG","playtime":2193,"items_purged":["theDuelist:Sparks","theDuelist:CastleWalls","theDuelist:BeaverWarrior"],"score":2532,"play_id":"378d16d3-cd7c-491e-ac35-a01629d73186","local_time":"20210224021554","is_ascension_mode":true,"campfire_choices":[{"data":"theDuelist:RainbowNeos","floor":7.0,"key":"SMITH"},{"data":"theDuelist:RainbowNeos","floor":10.0,"key":"SMITH"},{"data":"theDuelist:DoubleTool","floor":13.0,"key":"SMITH"},{"data":"theDuelist:DoubleTool","floor":15.0,"key":"SMITH"},{"floor":23.0,"key":"REST"},{"floor":28.0,"key":"REST"},{"data":"theDuelist:SwordsConcealing","floor":32.0,"key":"SMITH"},{"data":"theDuelist:RainbowKuriboh","floor":40.0,"key":"SMITH"},{"data":"theDuelist:ImperialOrder","floor":42.0,"key":"SMITH"},{"data":"theDuelist:Reinforcements","floor":44.0,"key":"SMITH"},{"data":"theDuelist:PineappleBlast","floor":46.0,"key":"SMITH"},{"data":"theDuelist:MillenniumShield","floor":49,"key":"SMITH"}],"circlet_count":0,"master_deck":["AscendersBane","theDuelist:RainbowKuriboh+1","theDuelist:DoubleTool+1","theDuelist:KamionTimelord+1","theDuelist:VendreadCharge+1","theDuelist:FinalFlame","theDuelist:ImperialOrder+1","theDuelist:Hinotama","theDuelist:Eva","theDuelist:BerserkerCrush","theDuelist:DoubleTool+1","theDuelist:RainbowNeos+1","theDuelist:SwordsConcealing+1","theDuelist:PineappleBlast+1","theDuelist:MillenniumShield+1","theDuelist:Eva","theDuelist:Reinforcements+1","theDuelist:HappyLover","theDuelist:RainbowNeos+1","theDuelist:GiantSoldier","theDuelist:GiantSoldier","theDuelist:ScrapFactory","theDuelist:AssaultArmor"],"relics":["theDuelist:MillenniumPuzzle","theDuelist:CardPoolRelic","theDuelist:CardPoolBasicRelic","theDuelist:BoosterPackPoolRelic","theDuelist:CardPoolAddRelic","theDuelist:CardPoolMinusRelic","theDuelist:CardPoolSaveRelic","theDuelist:CardPoolOptionsRelic","NeowsBlessing","theDuelist:DuelistOrichalcum","HornCleat","Boot","Pantograph","Self Forming Clay","Cursed Key","theDuelist:MillenniumArmor","Dead Branch","theDuelist:MillenniumKey","Torii","FossilizedHelix","Runesmith:Locket","Calipers","Prayer Wheel","Incense Burner","Pocketwatch","Sundial"],"acts_visited":["Exordium","TheCity","TheBeyond"],"potions_floor_usage":[51],"damage_taken":[{"damage":0.0,"enemies":"Jaw Worm","floor":1.0,"turns":1.0},{"damage":0.0,"enemies":"Cultist","floor":3.0,"turns":1.0},{"damage":0.0,"enemies":"Lagavulin","floor":6.0,"turns":1.0},{"damage":6.0,"enemies":"3 Sentries","floor":8.0,"turns":7.0},{"damage":0.0,"enemies":"Small Slimes","floor":11.0,"turns":3.0},{"damage":0.0,"enemies":"Exordium Thugs","floor":12.0,"turns":3.0},{"damage":0.0,"enemies":"Gremlin Nob","floor":14.0,"turns":3.0},{"damage":36.0,"enemies":"Slime Boss","floor":16.0,"turns":18.0},{"damage":0.0,"enemies":"3 Byrds","floor":18.0,"turns":3.0},{"damage":0.0,"enemies":"2 Thieves","floor":19.0,"turns":1.0},{"damage":6.0,"enemies":"Cultist and Chosen","floor":21.0,"turns":7.0},{"damage":5.0,"enemies":"theDuelist:KaibaA2","floor":24.0,"turns":6.0},{"damage":11.0,"enemies":"Book of Stabbing","floor":27.0,"turns":5.0},{"damage":0.0,"enemies":"Snake Plant","floor":29.0,"turns":4.0},{"damage":0.0,"enemies":"Snecko","floor":30.0,"turns":7.0},{"damage":0.0,"enemies":"Centurion and Healer","floor":31.0,"turns":5.0},{"damage":0.0,"enemies":"Collector","floor":33.0,"turns":7.0},{"damage":16.0,"enemies":"3 Darklings","floor":35.0,"turns":5.0},{"damage":0.0,"enemies":"3 Darklings","floor":37.0,"turns":5.0},{"damage":0.0,"enemies":"Orb Walker","floor":38.0,"turns":3.0},{"damage":0.0,"enemies":"Reptomancer","floor":41.0,"turns":6.0},{"damage":0.0,"enemies":"Reptomancer","floor":45.0,"turns":6.0},{"damage":0.0,"enemies":"Giant Head","floor":47.0,"turns":7.0},{"damage":0,"enemies":"Writhing Mass","floor":48,"turns":6},{"damage":0,"enemies":"Awakened One","floor":50,"turns":14},{"damage":0,"enemies":"Donu and Deca","floor":51,"turns":8}],"seed_played":"8606052488791654638","potions_obtained":[{"floor":3.0,"key":"SmokeBomb"},{"floor":8.0,"key":"SkillPotion"},{"floor":14.0,"key":"theDuelist:SummonArmorPotion"},{"floor":24.0,"key":"theDuelist:LavaBottle"},{"floor":27.0,"key":"EssenceOfSteel"},{"floor":30.0,"key":"Dexterity Potion"},{"floor":33.0,"key":"Strength Potion"},{"floor":38.0,"key":"SpeedPotion"}],"is_trial":false,"path_per_floor":["M","?","M","$","?","E","R","E","T","R","M","M","R","E","R","B",null,"M","M","$","M","?","R","E","?","T","E","R","M","M","M","R","B",null,"M","$","?","M","?","R","E","R","T","R","?","R","E","M","R","B","B",null],"character_chosen":"THE_DUELIST","items_purchased":["theDuelist:RainbowNeos","theDuelist:Eva","theDuelist:MillenniumShield","theDuelist:ImperialOrder"],"campfire_rested":2,"item_purchase_floors":[4,4,20,36],"current_hp_per_floor":[63,63,63,63,55,55,55,49,49,49,49,49,49,49,49,34,61,61,61,61,55,35,57,52,52,52,41,63,63,63,63,63,75,75,59,59,59,59,59,59,59,59,59,59,59,59,59,59,59,75,75],"gold":266,"neow_bonus":"THREE_ENEMY_KILL","is_daily":false,"chose_seed":false,"campfire_upgraded":10,"win_rate":0.0,"timestamp":1614161754,"path_taken":["M","?","M","?","?","E","R","E","T","R","?","M","R","E","R","BOSS","M","?","$","M","?","R","E","?","T","E","R","M","M","M","R","BOSS","M","$","?","?","?","R","E","R","T","R","?","R","E","M","R","BOSS","BOSS"],"items_purchased_type":["Card","Card","Card","Card"],"build_version":"2020-12-22","purchased_purges":3,"victory":true,"max_hp_per_floor":[70,70,70,70,70,70,70,70,70,70,70,70,70,70,70,70,70,70,70,70,70,75,75,75,75,75,75,75,75,75,75,75,75,75,75,75,75,75,75,75,75,75,75,75,75,75,75,75,75,75,75],"card_choices":[{"not_picked":["theDuelist:BigFire","theDuelist:MeteorDestruction","theDuelist:SpellShatteringArrow","theDuelist:VendreadCharge"],"picked":"theDuelist:RainbowNeos","floor":1.0},{"not_picked":["theDuelist:RainbowNeos","theDuelist:SangaEarth","theDuelist:BigKoala","theDuelist:Tuningware"],"picked":"theDuelist:Eva","floor":3.0},{"not_picked":["theDuelist:CombinationAttack","theDuelist:CoreBlaster","theDuelist:PowerKaishin","theDuelist:WhiteMagicalHat","theDuelist:BreakDraw"],"picked":"SKIP","floor":6.0},{"not_picked":["theDuelist:CombinationAttack","theDuelist:MeteorDestruction","theDuelist:DarkBurningAttack","theDuelist:Downbeat","theDuelist:ScrapFactory"],"picked":"SKIP","floor":8.0},{"not_picked":["theDuelist:SpellShatteringArrow","theDuelist:Eva","theDuelist:FairyBox","theDuelist:Sangan"],"picked":"theDuelist:DoubleTool","floor":11.0},{"not_picked":["theDuelist:AncientGearFist","theDuelist:BigFire","theDuelist:Downbeat","theDuelist:GiantTrunade","theDuelist:LightningVortex"],"picked":"SKIP","floor":12.0},{"not_picked":["theDuelist:RainbowNeos","theDuelist:Invigoration","theDuelist:WormApocalypse","theDuelist:WhiteMagicalHat"],"picked":"theDuelist:DoubleTool","floor":14.0},{"not_picked":["theDuelist:InstantFusion","theDuelist:LightLaser","theDuelist:Raigeki","theDuelist:SwordsRevealing"],"picked":"theDuelist:PineappleBlast","floor":16.0},{"not_picked":["theDuelist:RainbowNeos","theDuelist:Tuningware+1","theDuelist:WhiteMagicalHat","theDuelist:Hinotama","theDuelist:UnderworldCannon"],"picked":"SKIP","floor":18.0},{"not_picked":["theDuelist:RainbowNeos","theDuelist:BigFire","theDuelist:CombinationAttack","theDuelist:Hinotama","theDuelist:BerserkerCrush+1"],"picked":"SKIP","floor":21.0},{"not_picked":["theDuelist:DoubleTool","theDuelist:WormApocalypse","theDuelist:Tuningware","theDuelist:SwordDeepSeated+1","theDuelist:UnderworldCannon"],"picked":"SKIP","floor":24.0},{"not_picked":["theDuelist:MillenniumShield","theDuelist:YamiForm"],"picked":"theDuelist:KamionTimelord+1","floor":27.0},{"not_picked":["theDuelist:RainbowNeos","theDuelist:CombinationAttack","theDuelist:Hinotama+1","theDuelist:SpellShatteringArrow","theDuelist:BreakDraw"],"picked":"SKIP","floor":29.0},{"not_picked":["theDuelist:SpellShatteringArrow","theDuelist:Invigoration","theDuelist:Eva","theDuelist:PowerKaishin","theDuelist:BreakDraw"],"picked":"SKIP","floor":30.0},{"not_picked":["theDuelist:SpellShatteringArrow","theDuelist:Invigoration","theDuelist:Tuningware","theDuelist:SpiritHarp"],"picked":"theDuelist:Reinforcements","floor":31.0},{"not_picked":["theDuelist:LegendHeart","theDuelist:RainbowNeos+1","theDuelist:LegendarySword","theDuelist:MiraculousDescent"],"picked":"theDuelist:VendreadCharge+1","floor":35.0},{"not_picked":["theDuelist:BigKoala","theDuelist:PowerWall","theDuelist:SolarWindJammer+1","theDuelist:PotDuality"],"picked":"theDuelist:HappyLover","floor":37.0},{"not_picked":["theDuelist:Eva+1","theDuelist:KamionTimelord","theDuelist:RainbowNeos","theDuelist:RainbowOverdragon"],"picked":"theDuelist:RainbowKuriboh","floor":38.0},{"not_picked":["theDuelist:CrossAttack+1","theDuelist:CrystalRaigeki","theDuelist:PsychicShockwave+1","theDuelist:FeatherShot"],"picked":"theDuelist:BerserkerCrush","floor":41.0},{"not_picked":["theDuelist:ScrapFactory","theDuelist:CircleFireKings","theDuelist:PineappleBlast+1","theDuelist:DarkBurningMagic"],"picked":"theDuelist:AssaultArmor","floor":47.0},{"not_picked":["theDuelist:ClearKuriboh","theDuelist:RainbowBridge","theDuelist:PowerGiant+1","theDuelist:Electrowhip","theDuelist:BattleguardKing"],"picked":"SKIP","floor":48},{"not_picked":["theDuelist:CombinationAttack+1","theDuelist:OnslaughtFireKings+1","theDuelist:SpiritHarp","theDuelist:SpellShatteringArrow","theDuelist:ScrapFactory"],"picked":"SKIP","floor":48}],"player_experience":2249643,"relics_obtained":[{"floor":6.0,"key":"HornCleat"},{"floor":8.0,"key":"Boot"},{"floor":9.0,"key":"Pantograph"},{"floor":14.0,"key":"Self Forming Clay"},{"floor":24.0,"key":"theDuelist:MillenniumArmor"},{"floor":27.0,"key":"Dead Branch"},{"floor":37.0,"key":"Torii"},{"floor":37.0,"key":"FossilizedHelix"},{"floor":37.0,"key":"Runesmith:Locket"},{"floor":41.0,"key":"Calipers"},{"floor":45.0,"key":"Prayer Wheel"},{"floor":45.0,"key":"Incense Burner"},{"floor":45.0,"key":"Pocketwatch"},{"floor":47.0,"key":"Sundial"}],"event_choices":[{"damage_healed":0.0,"max_hp_gain":0.0,"max_hp_loss":0.0,"gold_gain":0.0,"event_name":"Card Trader","player_choice":"Traded Sparks for Hinotama","duelist":true,"floor":2.0,"gold_loss":0.0,"damage_taken":0.0},{"damage_healed":0.0,"max_hp_gain":0.0,"max_hp_loss":0.0,"gold_gain":0.0,"event_name":"Aknamkanon\u0027s Tomb","player_choice":"Dig - random Duelist relic","duelist":true,"floor":5.0,"gold_loss":0.0,"damage_taken":0.0},{"damage_healed":0.0,"max_hp_gain":5.0,"max_hp_loss":0.0,"gold_gain":0.0,"event_name":"Forgotten Altar","player_choice":"Shed Blood","floor":22.0,"gold_loss":0.0,"damage_taken":25.0},{"damage_healed":0.0,"max_hp_gain":0.0,"max_hp_loss":0.0,"gold_gain":0.0,"cards_transformed":["theDuelist:CastleWalls","theDuelist:BeaverWarrior"],"event_name":"Drug Dealer","player_choice":"Became Test Subject","floor":25.0,"gold_loss":0.0,"damage_taken":0.0,"cards_obtained":["theDuelist:BreakDraw","theDuelist:SwordsConcealing"]},{"damage_healed":0.0,"max_hp_gain":0.0,"max_hp_loss":0.0,"gold_gain":0.0,"event_name":"Battle City","player_choice":"Fight","duelist":true,"floor":37.0,"gold_loss":0.0,"damage_taken":0.0},{"cards_removed":["theDuelist:BreakDraw"],"damage_healed":0.0,"max_hp_gain":0.0,"max_hp_loss":0.0,"gold_gain":0.0,"event_name":"Falling","player_choice":"Removed Attack","floor":39.0,"gold_loss":0.0,"damage_taken":0.0},{"damage_healed":0.0,"max_hp_gain":0.0,"max_hp_loss":0.0,"gold_gain":0.0,"event_name":"Battle City","player_choice":"Fight","duelist":true,"floor":45.0,"gold_loss":0.0,"damage_taken":0.0}],"is_beta":false,"boss_relics":[{"not_picked":["HoveringKite","Empty Cage"],"picked":"Cursed Key"},{"not_picked":["Tiny House","Runic Pyramid"],"picked":"theDuelist:MillenniumKey"}],"items_purged_floors":[4,20,36],"is_endless":false,"potions_floor_spawned":[3,8,14,16,24,27,30,33,35,38,45],"ascension_level":20}}