{"host":"5m2js577gj4e7pak","time":1614209852,"event":{"mods":["AchievementEnabler","Act Like it!","BaseMod","Better Match","Better Note","Better Third Choice","BetterRewards","Colored Map","Colored Powertips","Highlight Path","Library of Ruina","Library of Ruina Extra","Minty Spire (QoL Compilation)","Quick Restart","Remove Card Discount Mod","Ruina","Shop Mod","Spicy Shops","StSLib"],"gold_per_floor":[115,115,75,92,92,92,124,136,163,192,41,59,79,90,90,192,192,202,2,2,16,29,29,59,59,59,89,105,22,42,58,58,58,58],"floor_reached":33,"language":"ENG","playtime":1214,"items_purged":["LightAttack","LightAttack","LightDefense","LightDefense","DaringDecision","NonstopAssault","Dodge","LightAttack+1","WillOfThePrescript","BiAn","TheArtOfRapidSteps"],"score":444,"play_id":"c202f5f9-6bfd-4ea1-a56e-405506a68cc5","local_time":"20210225003732","is_ascension_mode":true,"campfire_choices":[{"data":"EnergyCycle","floor":6,"key":"SMITH"},{"data":"Faith","floor":15,"key":"SMITH"},{"data":"FocusedStrikes","floor":23,"key":"SMITH"},{"data":"EnergyCycle","floor":32,"key":"SMITH"}],"circlet_count":0,"master_deck":["ChargeAndCover+1","FocusedStrikes+1","EnergyCycle+1","Leap_lor","ICanCookAnything","CleanUp","Faith+1","BulkyImpact","RulesOfTheBackstreets","EnergyCycle+1","FaintMemories+1","GrazeTheGrass+1","TrashDisposal","HighKick","SomberProcuration","FrontalAssault+1","Leap_lor","WildCard","ScratchThat","AGoldenOpportunity+1","BoundaryOfDeath"],"relics":["PageOfLibrarian","NeowsBlessing","betterThird:SlimedRelic","Omamori","Potion Belt","Centennial Puzzle","PageOfSpiderBud","Philosopher\u0027s Stone","Membership Card","Blood Vial","Prayer Wheel","InkBottle","Bag of Preparation"],"acts_visited":["Exordium","TheCity"],"potions_floor_usage":[10,10,24,24,33,33,33],"damage_taken":[{"damage":0,"enemies":"2 Louse","floor":1,"turns":1},{"damage":0,"enemies":"Small Slimes","floor":4,"turns":1},{"damage":0,"enemies":"Lagavulin","floor":7,"turns":1},{"damage":1,"enemies":"Jaw Worm","floor":8,"turns":2},{"damage":0,"enemies":"Gremlin Nob","floor":10,"turns":2},{"damage":12,"enemies":"Blue Slaver","floor":12,"turns":2},{"damage":9,"enemies":"Exordium Wildlife","floor":13,"turns":3},{"damage":4,"enemies":"2 Fungi Beasts","floor":14,"turns":4},{"damage":38,"enemies":"The Guardian","floor":16,"turns":8},{"damage":26,"enemies":"2 Thieves","floor":18,"turns":4},{"damage":0,"enemies":"Spheric Guardian","floor":21,"turns":3},{"damage":12,"enemies":"Centurion and Healer","floor":22,"turns":5},{"damage":0,"enemies":"Gremlin Leader","floor":24,"turns":4},{"damage":9,"enemies":"Slavers","floor":27,"turns":4},{"damage":5,"enemies":"Sentry and Sphere","floor":28,"turns":5},{"damage":2,"enemies":"Cultist and Chosen","floor":30,"turns":3},{"damage":0,"enemies":"Shelled Parasite and Fungi","floor":31,"turns":2},{"damage":66,"enemies":"RedHoodMercenary","floor":33,"turns":6}],"seed_played":"-4811739526873247944","potions_obtained":[{"floor":1,"key":"SteroidPotion"},{"floor":8,"key":"AttackPotion"},{"floor":12,"key":"SteroidPotion"},{"floor":13,"key":"SpeedPotion"},{"floor":16,"key":"DistilledChaos"},{"floor":22,"key":"SneckoOil"},{"floor":24,"key":"FearPotion"},{"floor":27,"key":"Energy Potion"},{"floor":28,"key":"LiquidMemories"}],"is_trial":false,"path_per_floor":["M","?","?","M","?","R","E","M","T","E","$","M","M","M","R","B",null,"M","$","?","M","M","R","E","?","T","E","M","$","M","M","R","B"],"character_chosen":"Librarian","items_purchased":["PageOfSpiderBud","Faith","Membership Card","EnergyCycle","BiAn","Bag of Preparation"],"campfire_rested":0,"item_purchase_floors":[11,11,19,19,19,29],"current_hp_per_floor":[60,60,49,49,36,36,36,39,39,44,44,39,40,46,46,15,63,43,43,30,33,35,35,58,58,58,70,78,78,71,68,68,16,16],"gold":58,"neow_bonus":"THREE_ENEMY_KILL","is_daily":false,"chose_seed":false,"campfire_upgraded":4,"win_rate":0.0,"timestamp":1614209852,"path_taken":["M","?","?","M","?","R","E","M","T","E","?","?","M","M","R","BOSS","M","$","?","M","M","R","E","?","T","E","M","$","M","M","R","BOSS"],"items_purchased_type":["Relic","Card","Relic","Card","Card","Relic"],"build_version":"2020-12-22","purchased_purges":11,"victory":false,"max_hp_per_floor":[70,70,70,65,65,65,68,63,63,77,77,63,65,84,77,63,63,71,71,76,84,207,83,84,84,84,80,83,83,71,68,83,83,83],"card_choices":[{"not_picked":["GuardingStance","Parry","FieryDragonSlash","CoordinatedAssault","AsThePrescriptOrders","Pound","GuidanceOfTheGears","Standoff"],"picked":"EnergyCycle","floor":1},{"not_picked":["StructuralAnalysis","ViolentFlame","SnakesPrey","FierceCharge","Diversion","SmokingPipe","SuanNi","Standoff"],"picked":"Leap_lor","floor":4},{"not_picked":["EnergyCycle","DesperateStruggle","SharpSwipe","ConcentratedFire","IllEndYou","Preparation","CrackOfDawn","UpbeatPerformance"],"picked":"ICanCookAnything","floor":7},{"not_picked":["FeelinGood","Decapitation","TendonChords","Crush","SinglePointStab","Slice_lor","ViolentFlame","CoordinatedAssault"],"picked":"NonstopAssault","floor":8},{"not_picked":["Outburst","CoordinatedAssault","TraceOfFumes","FieryWaltz","SkitterAway","EndlessBattle","BlowItUp","BackstreetsDash"],"picked":"CleanUp","floor":10},{"not_picked":["VioletBlade","GuardingStance","ClassAndRespect","BindingChains","SerpentSwordTechnique","Quickness","RipSpace","WillOfThePrescript"],"picked":"BulkyImpact","floor":12},{"not_picked":["Standoff","Thrust","Reload","FleetEdge","Juggling","HiddenBlade","EnergyStrike","StrikeDown"],"picked":"RulesOfTheBackstreets","floor":13},{"not_picked":["MultiBlock","Thrust","Parry","AsThePrescriptOrders","Parry2","SpearedSweep","HandleRequest","TimeForALittleTest"],"picked":"WillOfThePrescript","floor":14},{"not_picked":["Deflect_lor","Tttonst"],"picked":"DaringDecision","floor":16},{"not_picked":["Decapitation","EnergyStrike+1","GuardingStance","SerpentSwordTechnique","AsThePrescriptOrders+1","Pound","DefenseOrder","CircusKnives","DarkCloud"],"picked":"SKIP","floor":18},{"not_picked":["SuppressingShot","FrontalAssault","RhinoRam","HardRehearsal+1","Parry2","SmokingPipe","Wallop_lor+1","WildCard"],"picked":"FaintMemories+1","floor":21},{"not_picked":["SnakesPrey+1","FleetEdge","ProselytesBlade+1","Wallop_lor","EnergyBeam","FrontalAssault+1","PinpointShot","SteelKnuckles"],"picked":"GrazeTheGrass+1","floor":22},{"not_picked":["Parry","Pound","BackstreetsDash","SunsetBlade+1","MultiBlock","WildCard","Diversion","Faith"],"picked":"TrashDisposal","floor":24},{"not_picked":["UnavoidableGaze","Eliminate","WrathOfTorment+1","SerpentSwordTechnique","StrikeDown+1","SnakesPrey","GoinFirst","NonstopAssault+1"],"picked":"SomberProcuration","floor":27},{"not_picked":["GuidanceOfTheGears","MultiHit","Parry2","SnakesPrey","FeatherShield","SilentMist","DriedUp","Standoff"],"picked":"FrontalAssault+1","floor":28},{"not_picked":["Quickness","BulkyImpact","GaleKick+1","Castigation","StartinOutLightly","DarkCloud","ToOvercomeCrisis","SharpSwipe"],"picked":"Leap_lor","floor":28},{"not_picked":["Execute_lor","Commandeering","SunsetBlade","EnergyStrike","HiddenBlade+1","EnergyCycle+1","DefenseOrder","Unlock1"],"picked":"WildCard","floor":30},{"not_picked":["Wallop_lor+1","PuppetBlockade","AsThePrescriptOrders+1","StayCalm","MultiHit+1","DefenseOrder","BackAttack","Endure+1"],"picked":"ScratchThat","floor":30},{"not_picked":["PreemptiveStrike","Unlock1","Zzzzzap","DimensionalRift","SerpentineBarrier","Parry","FierceCharge","BindingChains"],"picked":"AGoldenOpportunity+1","floor":31},{"not_picked":["DimensionalRift","HighKick","NonstopAssault","UpbeatPerformance","ProselytesBlade","StartinOutLightly","Reload","QuickSuppression"],"picked":"BoundaryOfDeath","floor":31}],"player_experience":24899,"relics_obtained":[{"floor":7,"key":"Omamori"},{"floor":9,"key":"Potion Belt"},{"floor":10,"key":"Centennial Puzzle"},{"floor":24,"key":"Blood Vial"},{"floor":26,"key":"Prayer Wheel"},{"floor":27,"key":"InkBottle"}],"event_choices":[{"damage_healed":0,"gold_gain":0,"player_choice":"Leave","damage_taken":0,"max_hp_gain":0,"max_hp_loss":0,"event_name":"The Cleric","floor":2,"gold_loss":0},{"damage_healed":0,"gold_gain":0,"player_choice":"Slimed","damage_taken":11,"max_hp_gain":0,"max_hp_loss":0,"event_name":"betterThird:BetterGoop","floor":3,"gold_loss":40},{"damage_healed":49,"gold_gain":0,"player_choice":"Upgrade","damage_taken":13,"max_hp_gain":0,"max_hp_loss":65,"event_name":"betterThird:BetterShining","floor":5,"gold_loss":0,"cards_upgraded":["ChargeAndCover","LightAttack"]},{"damage_healed":0,"gold_gain":0,"player_choice":"Shed Blood","damage_taken":18,"max_hp_gain":5,"max_hp_loss":0,"event_name":"Forgotten Altar","floor":20,"gold_loss":0},{"damage_healed":0,"gold_gain":0,"cards_transformed":["LightDefense","LightDefense"],"player_choice":"Became Test Subject","damage_taken":0,"max_hp_gain":0,"max_hp_loss":0,"event_name":"Drug Dealer","floor":25,"gold_loss":0,"cards_obtained":["HighKick","TheArtOfRapidSteps"]}],"is_beta":false,"boss_relics":[{"not_picked":["SacredBark","Runic Pyramid"],"picked":"Philosopher\u0027s Stone"}],"items_purged_floors":[19,19,19,19,19,19,29,29,29,29,29],"is_endless":false,"potions_floor_spawned":[1,8,12,13,16,22,24,27,28,31],"killed_by":"RedHoodMercenary","ascension_level":1}}