{"host":"qrfkyfrpo74atslb","time":1614164741,"event":{"mods":["Astrologer","Bartender","BaseMod","Beaked The Cultist","Better Note","Better Third Choice","CapriCore","Colored Map","Colored Powertips","Conspire","DeckTracker","Downfall","GungeonMod","Hermit","Hero for Fun","Hubris","Koishi","LagranYue(???·?)","Mad Scientist","Marisa????????","Minty Spire (QoL Compilation)","Prisma Mod","Reimu??????","Remilia??????","StSLib","The Administrix","The Alterego","The Bladedancer","The Cursed","The Gatherer","The Immortal","The Mystic","The Necromancer","The Runesmith","The Servant 0.9.4","The Wild Card","TheSwordswoman","WarShipGirlsR/????R mod","Yakumo Yukari mod","Yuyuko"],"gold_per_floor":[109,124,124,143,153,184,196,196,196,206,206,239,239,269,269,366,366,386,10,10,41,41,41,55,55,55],"floor_reached":25,"language":"ENG","playtime":1049,"items_purged":[],"score":238,"play_id":"dc6126ec-b31f-4b0f-a436-0380c8c5af76","local_time":"20210225000541","is_ascension_mode":false,"campfire_choices":[{"floor":8,"key":"REST"},{"data":"Summon_Lich","floor":11,"key":"SMITH"},{"floor":15,"key":"REST"},{"floor":23,"key":"REST"}],"circlet_count":0,"master_deck":["Strike_W","Strike_W","Strike_W","Defend_W","Defend_W","Defend_W","Defend_W","Negative_Energy_Arrows","Bone_Wall","Shade_Step","Summon_Lich+1","Blasphemy+1","Consume_Illness","Skeleton_Dragon","Blood_Is_Power","Necrotic_Claws","Blood_Curse","Slay_Living","Negative_Energy_Burst+1","Summon_Vampire_Lady","Life_Drain+1","Summon_Lich","conspire:SpireCoStock","Negative_Energy_Sphere+1","Bone_Armory+1"],"relics":["Vampire_Amulet","LagranYue:RandomDrawCardRelic","NeowsBlessing","Ancient Tea Set","LagranYue:MagicReflectiveArmorRelic","DemoMod:Bottle","hubris:ToyBattleship","Oddly Smooth Stone","Molten Egg 2","Black Star","InkBottle"],"acts_visited":["Exordium","TheCity"],"potions_floor_usage":[6,12,14,16,18,21,21,25],"damage_taken":[{"damage":0,"enemies":"Small Slimes","floor":1,"turns":1},{"damage":0,"enemies":"Jaw Worm","floor":2,"turns":1},{"damage":0,"enemies":"2 Louse","floor":4,"turns":2},{"damage":4,"enemies":"2 Fungi Beasts","floor":5,"turns":3},{"damage":30,"enemies":"3 Sentries","floor":6,"turns":7},{"damage":38,"enemies":"Lots of Slimes","floor":7,"turns":5},{"damage":2,"enemies":"Large Slime","floor":10,"turns":4},{"damage":22,"enemies":"Lagavulin","floor":12,"turns":5},{"damage":33,"enemies":"conspire:MimicChest","floor":14,"turns":6},{"damage":36,"enemies":"The Guardian","floor":16,"turns":10},{"damage":35,"enemies":"Shell Parasite","floor":18,"turns":5},{"damage":42,"enemies":"2 Thieves","floor":21,"turns":4},{"damage":31,"enemies":"Snake Plant","floor":24,"turns":5},{"damage":34,"enemies":"Sentry and Sphere","floor":25,"turns":3}],"seed_played":"-5893427728237005002","potions_obtained":[{"floor":1,"key":"DuplicationPotion"},{"floor":2,"key":"sneckomod:MuddlingPotion"},{"floor":5,"key":"LiquidBronze"},{"floor":6,"key":"FearPotion"},{"floor":12,"key":"FairyPotion"},{"floor":16,"key":"Regen Potion"},{"floor":18,"key":"SkillPotion"},{"floor":24,"key":"sneckomod:MuddlingPotion"}],"is_trial":false,"path_per_floor":["M","M","?","M","M","E","M","R","T","M","R","E","T","?","R","B",null,"M","$","?","M","?","R","M","M"],"character_chosen":"NECROMANCER","items_purchased":["Summon_Lich","InkBottle","Block Potion"],"campfire_rested":3,"item_purchase_floors":[19,19,19],"current_hp_per_floor":[75,75,61,65,65,41,16,38,38,43,43,29,29,24,46,12,75,67,67,67,29,29,51,31,0,0],"gold":55,"neow_bonus":"THREE_ENEMY_KILL","is_daily":false,"chose_seed":false,"campfire_upgraded":1,"win_rate":0.0,"timestamp":1614164741,"path_taken":["M","M","?","M","M","E","M","R","T","M","R","E","?","?","R","BOSS","M","$","?","M","?","R","M","M"],"items_purchased_type":["Card","Relic","Potion"],"build_version":"2020-12-22","purchased_purges":0,"victory":false,"max_hp_per_floor":[75,75,75,75,75,75,75,75,75,75,75,75,75,75,75,75,75,75,75,75,75,75,75,75,75,75],"card_choices":[{"not_picked":["Blood_Curse","Shackles_Of_Pain"],"picked":"Shade_Step","floor":1},{"not_picked":["Life_Drain","Negative_Energy_Burst"],"picked":"Summon_Lich","floor":2},{"not_picked":["Negative_Energy_Javelin","Stop_Heart"],"picked":"Consume_Illness","floor":4},{"not_picked":["Whirlwind_of_Bones","Negative_Energy_Shield"],"picked":"Skeleton_Dragon","floor":5},{"not_picked":["Scare","Strike_from_Beyond"],"picked":"Blood_Is_Power","floor":6},{"not_picked":["Exploit","Shackles_Of_Pain"],"picked":"Necrotic_Claws","floor":7},{"not_picked":["Blood_Shield","Negative_Energy_Javelin"],"picked":"Blood_Curse","floor":10},{"not_picked":["Scare","Negative_Energy_Shield"],"picked":"Slay_Living","floor":12},{"not_picked":["Negative_Energy_Shield","Consume_Illness"],"picked":"Negative_Energy_Burst+1","floor":14},{"not_picked":["Skeleton_Dragon","Negative_Energy_Bomb+1"],"picked":"Summon_Vampire_Lady","floor":16},{"not_picked":["Toxic_Smoke_Screen","Negative_Energy_Mist"],"picked":"Life_Drain+1","floor":18},{"not_picked":["Bone_Spikes+1","Plague_Bolt+1"],"picked":"Negative_Energy_Sphere+1","floor":21},{"not_picked":["Shackles_Of_Pain","Life_Tap"],"picked":"Bone_Armory+1","floor":24}],"player_experience":135177,"relics_obtained":[{"floor":6,"key":"LagranYue:MagicReflectiveArmorRelic"},{"floor":9,"key":"DemoMod:Bottle"},{"floor":12,"key":"hubris:ToyBattleship"},{"floor":13,"key":"Oddly Smooth Stone"},{"floor":14,"key":"Molten Egg 2"}],"event_choices":[{"cards_removed":["Summon_Lich"],"damage_healed":0,"gold_gain":0,"player_choice":"Take \u0026 Give","damage_taken":0,"max_hp_gain":0,"max_hp_loss":0,"event_name":"betterNote:BetterNote","floor":20,"gold_loss":0,"cards_obtained":["conspire:SpireCoStock"]},{"cards_removed":["Strike_W"],"damage_healed":0,"gold_gain":0,"player_choice":"Elegance","damage_taken":0,"max_hp_gain":0,"max_hp_loss":0,"event_name":"betterThird:BetterWriting","floor":22,"gold_loss":0}],"is_beta":false,"boss_relics":[{"not_picked":["LagranYue:ContractPerformanceRelic","conspire:SeveredTorchhead"],"picked":"Black Star"}],"items_purged_floors":[],"is_endless":false,"potions_floor_spawned":[1,2,5,6,12,16,18,24],"killed_by":"Sentry and Sphere","ascension_level":0}}