{"host":"yp3213dt42p7qr93","time":1614182825,"event":{"mods":["AchievementEnabler","BaseMod","Minty Spire (QoL Compilation)","Relic Stats"],"gold_per_floor":[112,132,151,2,13,46,61,61,61,88,88,117,137,137,137,237,237,249,277,277,79,98,98,126,126,153,179,179,193,222,237,237,338,338,353,14,31,31,31,31,60,60,60,71,71,94,126,126,126,126,126,126,40,65,65,65],"floor_reached":55,"language":"ENG","playtime":6249,"items_purged":["Strike_G","Strike_G","Strike_G"],"score":986,"play_id":"91d18e8f-5a45-4fdd-97d0-bc96527668ae","local_time":"20210224110705","is_ascension_mode":true,"campfire_choices":[{"data":"Deadly Poison","floor":8.0,"key":"SMITH"},{"floor":11.0,"key":"REST"},{"floor":15.0,"key":"REST"},{"data":"After Image","floor":23.0,"key":"SMITH"},{"floor":25.0,"key":"REST"},{"floor":32.0,"key":"REST"},{"data":"1","floor":40.0,"key":"LIFT"},{"data":"2","floor":42.0,"key":"LIFT"},{"data":"3","floor":45.0,"key":"LIFT"},{"floor":49.0,"key":"RECALL"},{"data":"Noxious Fumes","floor":52.0,"key":"SMITH"}],"circlet_count":0,"master_deck":["Strike_G","Strike_G","Defend_G","Defend_G+1","Defend_G+1","Defend_G","Defend_G","Survivor","Neutralize","Doppelganger","Dagger Spray","All Out Attack","Deadly Poison+1","Predator","Dagger Throw","Poisoned Stab","After Image+1","Malaise","Concentrate","Prepared+1","Blade Dance","Noxious Fumes","Blade Dance+1","Noxious Fumes+1","Die Die Die","PiercingWail","Flechettes+1","Calculated Gamble","Blur+1","After Image","Footwork+1","Pain","Tools of the Trade+1","Purity","Accuracy+1"],"relics":["Ring of the Snake","Lantern","Smiling Mask","Kunai","Tiny Chest","TungstenRod","War Paint","Runic Pyramid","Red Mask","Orrery","Art of War","Regal Pillow","WingedGreaves","Pocketwatch","MealTicket","SlaversCollar","Girya","WarpedTongs","Frozen Egg 2","Centennial Puzzle","Pantograph","Happy Flower"],"acts_visited":["TheEnding"],"potions_floor_usage":[55],"damage_taken":[{"damage":2.0,"enemies":"2 Louse","floor":1.0,"turns":3.0},{"damage":0.0,"enemies":"Small Slimes","floor":2.0,"turns":3.0},{"damage":2.0,"enemies":"Jaw Worm","floor":3.0,"turns":5.0},{"damage":4.0,"enemies":"Blue Slaver","floor":5.0,"turns":6.0},{"damage":17.0,"enemies":"Lagavulin","floor":6.0,"turns":6.0},{"damage":7.0,"enemies":"Exordium Thugs","floor":7.0,"turns":5.0},{"damage":18.0,"enemies":"Gremlin Nob","floor":10.0,"turns":3.0},{"damage":16.0,"enemies":"Lagavulin","floor":12.0,"turns":7.0},{"damage":8.0,"enemies":"Large Slime","floor":13.0,"turns":4.0},{"damage":15.0,"enemies":"Hexaghost","floor":16.0,"turns":11.0},{"damage":2.0,"enemies":"Chosen","floor":18.0,"turns":7.0},{"damage":14.0,"enemies":"Masked Bandits","floor":19.0,"turns":6.0},{"damage":2.0,"enemies":"Shell Parasite","floor":22.0,"turns":6.0},{"damage":29.0,"enemies":"Gremlin Leader","floor":24.0,"turns":7.0},{"damage":22.0,"enemies":"Slavers","floor":27.0,"turns":4.0},{"damage":4.0,"enemies":"Cultist and Chosen","floor":29.0,"turns":5.0},{"damage":3.0,"enemies":"Gremlin Leader","floor":30.0,"turns":7.0},{"damage":0.0,"enemies":"Chosen and Byrds","floor":31.0,"turns":5.0},{"damage":3.0,"enemies":"Automaton","floor":33.0,"turns":11.0},{"damage":0.0,"enemies":"3 Shapes","floor":35.0,"turns":5.0},{"damage":11.0,"enemies":"3 Darklings","floor":37.0,"turns":4.0},{"damage":0.0,"enemies":"Nemesis","floor":41.0,"turns":7.0},{"damage":2.0,"enemies":"Writhing Mass","floor":44.0,"turns":7.0},{"damage":0.0,"enemies":"Giant Head","floor":47.0,"turns":10.0},{"damage":48.0,"enemies":"Awakened One","floor":50.0,"turns":14.0},{"damage":50.0,"enemies":"Shield and Spear","floor":54.0,"turns":7.0},{"damage":45,"enemies":"The Heart","floor":55,"turns":9}],"seed_played":"-3594895723671851863","potions_obtained":[{"floor":2.0,"key":"Strength Potion"},{"floor":3.0,"key":"SkillPotion"},{"floor":7.0,"key":"Energy Potion"},{"floor":13.0,"key":"Energy Potion"},{"floor":16.0,"key":"Ancient Potion"},{"floor":22.0,"key":"FearPotion"},{"floor":27.0,"key":"Explosive Potion"},{"floor":29.0,"key":"CunningPotion"},{"floor":31.0,"key":"EntropicBrew"},{"floor":41.0,"key":"Block Potion"}],"is_trial":false,"path_per_floor":["M","M","M","$","M","E","M","R","T","E","R","E","M","?","R","B",null,"M","?","?","$","M","R","E","R","T","E","T","M","E","M","R","B",null,"M","$","M","?","$","R","E","R","T","M","R","T","E","?","R","B",null,"R","$","E","B"],"character_chosen":"THE_SILENT","items_purchased":["Lantern","Orrery","Girya","Accuracy+1"],"campfire_rested":4,"item_purchase_floors":[4,21,36,53],"current_hp_per_floor":[68,68,66,66,62,45,38,38,38,20,41,25,17,8,29,14,70,68,54,54,54,52,52,23,44,44,22,22,18,15,15,51,48,70,70,70,59,59,70,70,70,70,70,68,68,68,68,68,68,22,70,70,70,20,0,0],"gold":65,"neow_bonus":"ONE_RANDOM_RARE_CARD","is_daily":false,"chose_seed":false,"campfire_upgraded":3,"win_rate":0.0,"timestamp":1614182825,"path_taken":["M","M","M","$","M","E","M","R","T","E","R","E","M","?","R","BOSS","M","?","?","$","M","R","E","R","T","E","?","?","E","M","R","BOSS","M","$","M","?","?","R","E","R","T","M","R","?","E","?","R","BOSS","R","$","E","BOSS"],"items_purchased_type":["Relic","Relic","Relic","Card"],"build_version":"2020-12-22","purchased_purges":3,"victory":false,"max_hp_per_floor":[70,70,70,70,70,70,70,70,70,70,70,70,70,70,70,70,70,70,70,70,70,70,70,70,70,70,70,70,70,70,70,70,70,70,70,70,70,70,70,70,70,70,70,70,70,70,70,70,70,70,70,70,70,70,70,70],"relic_stats":{"Regal Pillow":0,"Happy Flower":[3],"counters":[4,40],"War Paint":[],"Smiling Mask":75,"WarpedTongs":[40],"Centennial Puzzle":[9],"Pantograph":27,"Tiny Chest":1,"MealTicket":0,"Art of War":[4],"Kunai":[28],"obtain_stats":[{"Girya":0,"Lantern":0,"Regal Pillow":0,"Happy Flower":54,"War Paint":0,"Frozen Egg 2":0,"Smiling Mask":0,"WarpedTongs":0,"SlaversCollar":0,"Centennial Puzzle":46,"Pantograph":47,"Orrery":0,"Tiny Chest":0,"MealTicket":0,"WingedGreaves":0,"Red Mask":0,"Art of War":0,"Kunai":0,"TungstenRod":0,"Ring of the Snake":0,"Runic Pyramid":0,"Pocketwatch":0},{"Girya":0,"Lantern":0,"Regal Pillow":0,"Happy Flower":3,"War Paint":0,"Frozen Egg 2":0,"Smiling Mask":0,"WarpedTongs":0,"SlaversCollar":0,"Centennial Puzzle":0,"Pantograph":1,"Orrery":0,"Tiny Chest":0,"MealTicket":0,"WingedGreaves":0,"Red Mask":0,"Art of War":0,"Kunai":0,"TungstenRod":0,"Ring of the Snake":0,"Runic Pyramid":0,"Pocketwatch":0},{"Girya":0,"Lantern":0,"Regal Pillow":0,"Happy Flower":31,"War Paint":0,"Frozen Egg 2":0,"Smiling Mask":0,"WarpedTongs":0,"SlaversCollar":0,"Centennial Puzzle":0,"Pantograph":10,"Orrery":0,"Tiny Chest":0,"MealTicket":0,"WingedGreaves":0,"Red Mask":0,"Art of War":0,"Kunai":0,"TungstenRod":0,"Ring of the Snake":0,"Runic Pyramid":0,"Pocketwatch":0}],"TungstenRod":35,"Ring of the Snake":[8],"Pocketwatch":[9]},"card_choices":[{"not_picked":["Flying Knee","Slice"],"picked":"Dagger Spray","floor":1.0},{"not_picked":["Underhanded Strike","Cloak And Dagger"],"picked":"All Out Attack","floor":2.0},{"not_picked":["Backflip","Doppelganger","Terror"],"picked":"SKIP","floor":3.0},{"not_picked":["Cloak And Dagger","Blade Dance"],"picked":"Deadly Poison","floor":5.0},{"not_picked":["Riddle With Holes","Backflip","Cloak And Dagger"],"picked":"SKIP","floor":6.0},{"not_picked":["Finisher","Cloak And Dagger"],"picked":"Predator","floor":7.0},{"not_picked":["Finisher","Cloak And Dagger"],"picked":"Dagger Throw","floor":10.0},{"not_picked":["Blur","Choke"],"picked":"Poisoned Stab","floor":12.0},{"not_picked":["Sucker Punch","Slice"],"picked":"After Image","floor":13.0},{"not_picked":["Unload","Bullet Time"],"picked":"Malaise","floor":16.0},{"not_picked":["Bouncing Flask","Riddle With Holes"],"picked":"Concentrate","floor":18.0},{"not_picked":["Expertise","Cloak And Dagger+1"],"picked":"Prepared+1","floor":19.0},{"not_picked":["Cloak And Dagger","Concentrate"],"picked":"Noxious Fumes","floor":21.0},{"not_picked":["Concentrate","Terror"],"picked":"Blade Dance+1","floor":21.0},{"not_picked":["Deflect","Choke"],"picked":"Noxious Fumes","floor":21.0},{"not_picked":["Poisoned Stab+1","Finisher"],"picked":"Die Die Die","floor":21.0},{"not_picked":["Flying Knee+1","Leg Sweep"],"picked":"PiercingWail","floor":22.0},{"not_picked":["Blade Dance","Poisoned Stab+1"],"picked":"Flechettes+1","floor":24.0},{"not_picked":["Slice","Dagger Throw","Well Laid Plans"],"picked":"SKIP","floor":27.0},{"not_picked":["Sucker Punch+1","Dagger Throw"],"picked":"Calculated Gamble","floor":29.0},{"not_picked":["Flying Knee","Accuracy"],"picked":"Blur+1","floor":30.0},{"not_picked":["Bane+1","Predator+1","Dagger Throw"],"picked":"SKIP","floor":31.0},{"not_picked":["Grand Finale","Malaise"],"picked":"After Image","floor":33.0},{"not_picked":["Choke","Flying Knee+1","Dagger Spray+1"],"picked":"SKIP","floor":35.0},{"not_picked":["Flying Knee","Bane+1"],"picked":"Footwork+1","floor":37.0},{"not_picked":["Prepared+1","Slice+1","Backflip"],"picked":"SKIP","floor":41.0},{"not_picked":["Dagger Spray+1","Reflex+1","Riddle With Holes+1"],"picked":"SKIP","floor":44.0},{"not_picked":["Deflect+1","Poisoned Stab+1"],"picked":"Tools of the Trade+1","floor":47.0},{"not_picked":["Metamorphosis","Transmutation"],"picked":"Purity","floor":48.0},{"not_picked":["Flying Knee","Dagger Spray+1","Blur+1"],"picked":"SKIP","floor":54.0}],"player_experience":118697,"relics_obtained":[{"floor":6.0,"key":"Smiling Mask"},{"floor":9.0,"key":"Kunai"},{"floor":10.0,"key":"Tiny Chest"},{"floor":12.0,"key":"TungstenRod"},{"floor":19.0,"key":"Red Mask"},{"floor":24.0,"key":"Art of War"},{"floor":26.0,"key":"Regal Pillow"},{"floor":27.0,"key":"WingedGreaves"},{"floor":28.0,"key":"Pocketwatch"},{"floor":30.0,"key":"MealTicket"},{"floor":41.0,"key":"Frozen Egg 2"},{"floor":46.0,"key":"Centennial Puzzle"},{"floor":47.0,"key":"Pantograph"},{"floor":54.0,"key":"Happy Flower"}],"event_choices":[{"damage_healed":0.0,"max_hp_gain":0.0,"max_hp_loss":0.0,"gold_gain":0.0,"event_name":"Scrap Ooze","player_choice":"Success","floor":14.0,"gold_loss":0.0,"damage_taken":12.0,"relics_obtained":["War Paint"]},{"damage_healed":0.0,"max_hp_gain":0.0,"max_hp_loss":0.0,"gold_gain":0.0,"event_name":"Masked Bandits","player_choice":"Fought Bandits","floor":19.0,"gold_loss":0.0,"damage_taken":0.0},{"damage_healed":0.0,"max_hp_gain":0.0,"max_hp_loss":0.0,"gold_gain":0.0,"event_name":"The Library","player_choice":"Read","floor":20.0,"gold_loss":0.0,"damage_taken":0.0,"cards_obtained":["Blade Dance"]},{"damage_healed":0.0,"max_hp_gain":0.0,"max_hp_loss":0.0,"gold_gain":0.0,"event_name":"Accursed Blacksmith","player_choice":"Rummage","floor":38.0,"gold_loss":0.0,"damage_taken":0.0,"relics_obtained":["WarpedTongs"],"cards_obtained":["Pain"]},{"damage_healed":0.0,"max_hp_gain":0.0,"max_hp_loss":0.0,"gold_gain":0.0,"event_name":"SensoryStone","player_choice":"Memory 1","floor":48.0,"gold_loss":0.0,"damage_taken":0.0}],"is_beta":false,"boss_relics":[{"not_picked":["Busted Crown","Sozu"],"picked":"Runic Pyramid"},{"not_picked":["Velvet Choker","Astrolabe"],"picked":"SlaversCollar"}],"items_purged_floors":[21,36,53],"is_endless":false,"potions_floor_spawned":[2,3,7,13,16,22,27,29,31,37,41],"killed_by":"The Heart","ascension_level":4}}