{"host":"f76kcizrccta30ww","time":1614153415,"event":{"mods":["Act Like it!","Aspiration","BaseMod","Gensokyo","Marisa£®ÏF”Í°°ƒß¿Ì…≥£©","Minty Spire (QoL Compilation)","Pale of the Ancients","Replay The Spire","Shop Mod","StSLib","TestMod"],"gold_per_floor":[126,201,224,3,29,29,87,118,118,27,79,105,15,78,136,306,306,329,371,70,166,12,149,109,194,217,317,367,441,613,93,93,395,395,485,213,213,309,550,667,742,978,1001,1228,1288,1288,1409,1459,1459,1605,1757,1911,1965,994,994,1261,1261,249,249,436],"floor_reached":61,"language":"ZHS","playtime":7962,"items_purged":["Doubt","Pain","Strike_G"],"score":2099,"play_id":"97a83928-ca35-44dd-81e0-14416faa7fe0","local_time":"20210224155655","is_ascension_mode":true,"campfire_choices":[{"data":"Neutralize","floor":6,"key":"SMITH"},{"floor":32,"key":"RECALL"},{"data":"Enlightenment","floor":46,"key":"SMITH"},{"data":"Footwork","floor":49,"key":"SMITH"},{"data":"ReplayTheSpireMod:Scrap Shanks","floor":55,"key":"SMITH"},{"data":"Replay:Bag of Tricks","floor":57,"key":"SMITH"}],"circlet_count":0,"master_deck":["Strike_G+2","Strike_G","Strike_G","Strike_G+2","Defend_G","Defend_G","Defend_G","Defend_G","Defend_G","Survivor","Neutralize+1","Prepared","Acrobatics","Heel Hook","Blade Dance+1","Dash","Escape Plan","Underhanded Strike+1","Prepared+1","Footwork+1","Backflip","Doppelganger+1","Hidden Blade","Dagger Spray+1","Footwork","Blade Dance","Die Die Die+1","Poisoned Stab+1","Cloak And Dagger","Night Terror","Backstab+1","Blade Dance+1","Hidden Blade","ReplayTheSpireMod:From All Sides+1","Searing Blow+1","Escape Plan","Dagger Spray+1","ReplayTheSpireMod:Scrap Shanks+1","Quick Slash+1","Adrenaline","Slice+1","Underhanded Strike+1","Tactician+1","Underhanded Strike+1","Slice+1","Envenom","Backflip+1","Enlightenment+1","Backstab+1","Concentrate+1","Accuracy+1","Acrobatics","ReplayTheSpireMod:Speed Training","Dagger Throw+1","Acrobatics+1","Escape Plan+1","Footwork+1","Caltrops+1","Crippling Poison+1","Deflect","Slice+1","Bouncing Flask+1","Envenom","Apotheosis","Replay:Bag of Tricks+1","Escape Plan+1","Riddle With Holes+1","Deadly Poison"],"relics":["Ring of the Serpent","testmod-TestBox","testmod-Acrobat","testmod-DeterminationOfClimber","MerchantsRug","Molten Egg 2","aspiration:ChemicalBlood","ReplayTheSpireMod:CursedCoin","Blood Vial","testmod-InfectionSource","Replay:M_SmolderingBlood","Replay:Ringing Soul","aspiration:VileToxins","Chemical X","Anchor","Sundial","testmod-CardMagician","WarpedTongs","Snack Pack","aspiration:SeaSaltIceCream","testmod-Justice","testmod-LifeArmor","Simple Rune","paleoftheancients:Timepiece","paleoftheancients:KeyRelic","Spirit Poop","DollysMirror","Du-Vu Doll","Replay:Accelerometer","paleoftheancients:SoulOfTheHexaghost","testmod-FatalChain","testmod-AssaultLearning","Strange Spoon"],"acts_visited":["Exordium","TheCity","TheBeyond","paleoftheancients:PaleOfTheAncients"],"potions_floor_usage":[42,60,60],"damage_taken":[{"damage":0,"enemies":"Jaw Worm","floor":1,"turns":6},{"damage":0,"enemies":"Cultist","floor":3,"turns":4},{"damage":0,"enemies":"2 Louse","floor":5,"turns":2},{"damage":0,"enemies":"Lagavulin","floor":7,"turns":3},{"damage":0,"enemies":"Exordium Thugs","floor":8,"turns":2},{"damage":0,"enemies":"Gremlin Nob","floor":11,"turns":1},{"damage":0,"enemies":"Exordium Wildlife","floor":12,"turns":1},{"damage":10,"enemies":"3 Sentries","floor":14,"turns":2},{"damage":0,"enemies":"Hexaghost","floor":16,"turns":2},{"damage":0,"enemies":"3 Byrds","floor":18,"turns":1},{"damage":0,"enemies":"Shell Parasite","floor":19,"turns":1},{"damage":0,"enemies":"Centurion and Healer","floor":21,"turns":2},{"damage":0,"enemies":"Gremlin Leader","floor":23,"turns":2},{"damage":0,"enemies":"Sentry and Sphere","floor":25,"turns":1},{"damage":0,"enemies":"Replay:Snechameleon","floor":27,"turns":1},{"damage":0,"enemies":"Snake Plant","floor":28,"turns":1},{"damage":0,"enemies":"Cultist and Chosen","floor":29,"turns":1},{"damage":0,"enemies":"Book of Stabbing","floor":30,"turns":1},{"damage":0,"enemies":"Champ","floor":33,"turns":2},{"damage":0,"enemies":"3 Shapes","floor":35,"turns":1},{"damage":18,"enemies":"Orb Walker","floor":38,"turns":1},{"damage":17,"enemies":"Maw","floor":39,"turns":1},{"damage":17,"enemies":"Giant Head","floor":40,"turns":1},{"damage":7,"enemies":"Writhing Mass","floor":41,"turns":1},{"damage":0,"enemies":"Reptomancer","floor":42,"turns":2},{"damage":5,"enemies":"Giant Head","floor":44,"turns":1},{"damage":2,"enemies":"4 Shapes","floor":45,"turns":1},{"damage":0,"enemies":"Nemesis","floor":47,"turns":1},{"damage":1,"enemies":"3 Darklings","floor":48,"turns":1},{"damage":16,"enemies":"Replay:Hell Engine","floor":50,"turns":1},{"damage":6,"enemies":"Replay:Hell Engine","floor":51,"turns":1},{"damage":2,"enemies":"Replay:Hell Engine","floor":52,"turns":1},{"damage":0,"enemies":"Replay:Hell Engine","floor":56,"turns":6},{"damage":0,"enemies":"paleoftheancients:N","floor":60,"turns":2}],"seed_played":"4286046450000454209","potions_obtained":[{"floor":5,"key":"Elixir"},{"floor":7,"key":"Adrenaline Potion"},{"floor":8,"key":"Fire Potion"},{"floor":11,"key":"Strength Potion"},{"floor":16,"key":"SpeedPotion"},{"floor":19,"key":"LiquidBronze"},{"floor":23,"key":"Venom Potion"},{"floor":25,"key":"SteroidPotion"},{"floor":30,"key":"DuplicationPotion"},{"floor":33,"key":"Poison Potion"},{"floor":38,"key":"Elixir"},{"floor":40,"key":"FearPotion"},{"floor":42,"key":"ColorlessPotion"},{"floor":48,"key":"Ancient Potion"}],"is_trial":false,"path_per_floor":["M","?","M","$","M","R","E","M","T","$","E","M","$","E","R","B",null,"M","M","$","M","$","E","?","M","T","E","M","M","E","$","R","B",null,"M","$","?","M","M","E","M","E","T","E","M","R","E","M","R","B","M","M","?","$","R","M","R","$","?","B",null],"character_chosen":"THE_SILENT","items_purchased":["MerchantsRug","Heel Hook","Underhanded Strike+1","Prepared","Footwork","ReplayTheSpireMod:CursedCoin","Hidden Blade","Dagger Spray+1","Footwork","testmod-InfectionSource","Night Terror","Backstab+1","aspiration:Nostalgia","ReplayTheSpireMod:Scrap Shanks","Chemical X","Anchor","Sundial","Quick Slash+1","Underhanded Strike+1","Orrery","Backflip+1","Enlightenment","Bouncing Flask+1","DollysMirror","Apotheosis","Du-Vu Doll","Replay:Accelerometer","Escape Plan+1","Riddle With Holes+1","testmod-FatalChain","testmod-AssaultLearning","Strange Spoon","Deadly Poison","FairyPotion"],"campfire_rested":0,"item_purchase_floors":[4,4,10,10,10,13,13,13,13,20,20,20,22,31,31,31,31,31,36,36,36,36,54,54,54,54,54,58,58,58,58,58,58,58],"current_hp_per_floor":[70,63,66,66,68,68,70,70,70,70,70,70,70,70,70,70,70,70,70,70,70,70,73,73,76,76,79,79,82,85,88,88,91,91,94,97,100,103,106,109,109,115,115,118,121,121,124,126,126,127,130,133,103,106,106,142,142,145,145,145],"gold":436,"neow_bonus":"RANDOM_COMMON_RELIC","is_daily":false,"chose_seed":false,"campfire_upgraded":5,"win_rate":0.0,"timestamp":1614153415,"path_taken":["M","?","M","$","?","R","E","M","T","?","E","M","$","E","R","BOSS","M","M","$","M","$","E","?","M","T","E","M","M","E","?","R","BOSS","M","$","?","M","M","E","?","E","T","E","M","R","E","M","R","BOSS","M","M","?","$","R","M","R","$","?","BOSS"],"items_purchased_type":["Relic","Card","Card","Card","Card","Relic","Card","Card","Card","Relic","Card","Card","Relic","Card","Relic","Relic","Relic","Card","Card","Relic","Card","Card","Card","Relic","Card","Relic","Relic","Card","Card","Relic","Relic","Relic","Card","Potion"],"build_version":"2020-12-22","purchased_purges":3,"victory":true,"max_hp_per_floor":[70,70,70,70,70,70,70,70,70,70,70,70,70,70,70,70,70,70,70,70,70,70,73,73,76,76,79,79,82,85,88,88,91,91,94,97,100,103,106,109,112,115,115,118,121,121,124,127,127,127,130,133,136,139,139,142,142,145,145,145],"card_choices":[{"not_picked":["Outmaneuver","Flying Knee"],"picked":"Prepared","floor":1},{"not_picked":["Well Laid Plans","Catalyst"],"picked":"Acrobatics","floor":3},{"not_picked":["Blur","Bane"],"picked":"Blade Dance","floor":5},{"not_picked":["Dodge and Roll","ReplayTheSpireMod:Shiv Toss"],"picked":"Dash","floor":7},{"not_picked":["Dodge and Roll","Prepared"],"picked":"Escape Plan","floor":8},{"not_picked":["Catalyst","ReplayTheSpireMod:The Works"],"picked":"Backflip","floor":11},{"not_picked":["Acrobatics","Dodge and Roll"],"picked":"Doppelganger","floor":12},{"not_picked":["ReplayTheSpireMod:The Works","Quick Slash+1"],"picked":"Blade Dance","floor":14},{"not_picked":["Wraith Form v2","Bullet Time"],"picked":"Die Die Die+1","floor":16},{"not_picked":["Quick Slash+1","ReplayTheSpireMod:Exploit Weakness"],"picked":"Poisoned Stab+1","floor":18},{"not_picked":["All Out Attack+1","Accuracy"],"picked":"Cloak And Dagger","floor":19},{"not_picked":["Dagger Spray+1","Slice+1"],"picked":"Blade Dance+1","floor":21},{"not_picked":["Outmaneuver","Swivel"],"picked":"Hidden Blade","floor":23},{"not_picked":["WreathOfFlame","Sneak Up+1"],"picked":"ReplayTheSpireMod:From All Sides+1","floor":25},{"not_picked":["Bane+1","Masterful Stab+1"],"picked":"Searing Blow+1","floor":27},{"not_picked":["ReplayTheSpireMod:The Works","ReplayTheSpireMod:Tripwire","BowlingBash+1"],"picked":"SKIP","floor":28},{"not_picked":["Deadly Poison","Masterful Stab+1"],"picked":"Escape Plan","floor":29},{"not_picked":["Predator+1","Bane+1"],"picked":"Dagger Spray+1","floor":30},{"not_picked":["Atom Bomb+1","Doppelganger"],"picked":"Adrenaline","floor":33},{"not_picked":["Acrobatics+1","Flying Knee+1"],"picked":"Slice+1","floor":35},{"not_picked":["Dagger Spray+1","Hidden Blade"],"picked":"Tactician+1","floor":36},{"not_picked":["Predator+1","Cloak And Dagger"],"picked":"Underhanded Strike+1","floor":36},{"not_picked":["Bane+1","Dagger Spray+1"],"picked":"Slice+1","floor":36},{"not_picked":["Acrobatics+1","Masterful Stab+1"],"picked":"Envenom","floor":36},{"not_picked":["Tactician+1","Slice+1"],"picked":"Backstab+1","floor":38},{"not_picked":["Deflect","Bane+1"],"picked":"Concentrate+1","floor":39},{"not_picked":["Underhanded Strike+1","ReplayTheSpireMod:Scrap Shanks+1"],"picked":"Accuracy+1","floor":40},{"not_picked":["Deflect+1","Cloak And Dagger"],"picked":"Acrobatics","floor":41},{"not_picked":["Reflex","Grand Finale+1"],"picked":"ReplayTheSpireMod:Speed Training","floor":42},{"not_picked":["Dagger Spray+1","ReplayTheSpireMod:Exploit Weakness+1"],"picked":"Dagger Throw+1","floor":44},{"not_picked":["Prepared+1","Slice+1"],"picked":"Acrobatics+1","floor":45},{"not_picked":["Well Laid Plans+1","Dagger Throw+1"],"picked":"Escape Plan","floor":47},{"not_picked":["Cloak And Dagger","Deflect"],"picked":"Footwork+1","floor":48},{"not_picked":["Replay:Poison Smokescreen","Tactician+1"],"picked":"Caltrops+1","floor":51},{"not_picked":["Sucker Punch+1","Acrobatics+1"],"picked":"Crippling Poison+1","floor":52},{"not_picked":["Night Terror","Hidden Blade+1"],"picked":"Deflect","floor":53},{"not_picked":["Bane+1","Poisoned Stab+1"],"picked":"Slice+1","floor":53},{"not_picked":["Deflect+1","Bane+1"],"picked":"Replay:Bag of Tricks","floor":56}],"player_experience":65323,"relics_obtained":[{"floor":7,"key":"testmod-TurbochargingSystem"},{"floor":9,"key":"Molten Egg 2"},{"floor":11,"key":"aspiration:ChemicalBlood"},{"floor":14,"key":"Blood Vial"},{"floor":23,"key":"Replay:Ringing Soul"},{"floor":27,"key":"Replay:Bottled Snecko"},{"floor":30,"key":"aspiration:VileToxins"},{"floor":40,"key":"Snack Pack"},{"floor":42,"key":"aspiration:SeaSaltIceCream"},{"floor":43,"key":"Whetstone"},{"floor":44,"key":"testmod-LifeArmor"},{"floor":47,"key":"Simple Rune"},{"floor":53,"key":"War Paint"},{"floor":56,"key":"paleoftheancients:SoulOfTheHexaghost"}],"event_choices":[{"damage_healed":0,"gold_gain":75,"player_choice":"Touch","damage_taken":7,"max_hp_gain":0,"max_hp_loss":0,"event_name":"FaceTrader","floor":2,"gold_loss":0},{"damage_healed":0,"gold_gain":0,"player_choice":"Upgraded Two","damage_taken":0,"max_hp_gain":0,"max_hp_loss":0,"event_name":"Designer","floor":24,"gold_loss":40,"cards_upgraded":["Doppelganger","Prepared"]},{"damage_healed":0,"gold_gain":0,"player_choice":"Rummage","damage_taken":0,"relics_obtained":["WarpedTongs"],"max_hp_gain":0,"max_hp_loss":0,"event_name":"Accursed Blacksmith","floor":37,"gold_loss":0,"cards_obtained":["Pain"]}],"is_beta":false,"boss_relics":[{"not_picked":["Snecko Scales","testmod-EnergyCheck"],"picked":"Ring of the Serpent"},{"not_picked":["testmod-Nine","Astrolabe"],"picked":"testmod-CardMagician"}],"items_purged_floors":[13,54,58],"is_endless":false,"potions_floor_spawned":[5,7,8,11,16,19,23,25,30,33,38,40,42,44,48],"ascension_level":3}}