{"host":"4kmvpqjeiacgn1pr","time":1614173629,"event":{"mods":["A Penny For Your Troubles","AchievementEnabler","AlwaysNeverKeys","Aspiration","BaseMod","Bestiary","Better Altar","Better Match","Better Note","Better Sensory Stone","Better Skull","Better Third Choice","Better Vampires","BetterRewards","Colored Map","Colored Powertips","Conspire","Curses Come First","Downfall","Halation","Highlight Path","Infinite Spire","Minty Spire (QoL Compilation)","Permanent Neow","Quick Restart","Rare Cards Sparkle","Relic Sorter","Relic Stats","Replay The Spire","Reworked Bosses","Shop Mod","Smile Girya","Spicy Shops","Spikes Relics","StSLib","Waifu the Spire"],"gold_per_floor":[119,119,119,130,130,130,130,130,144,144,167,167,207,227,240,0,0,123,123,146,170,170,193,206,237,237,280,331,82,102,102,116,129,129,252,252,270,24,72,72,92,155,173,173,198,200,200,220,220,255,255,260],"floor_reached":53,"language":"ENG","playtime":3527,"items_purged":["Spreading Infection"],"score":900,"play_id":"dad3e5a6-046f-4cee-af05-6575bbe3d90a","local_time":"20210224083349","is_ascension_mode":false,"campfire_choices":[{"data":"Guardian:TwinSlam","floor":8,"key":"SMITH"},{"data":"Guardian:PiercingHide","floor":10,"key":"SMITH"},{"data":"ReplayTheSpireMod:Book of Names","floor":17,"key":"SMITH"},{"data":"ReplayTheSpireMod:??????????????????????","floor":26,"key":"SMITH"},{"floor":34,"key":"REST"},{"data":"downfall:Aged","floor":44,"key":"PURGE"},{"data":"infinitespire:Gouge","floor":49,"key":"SMITH"},{"data":"Guardian:ConstructionForm","floor":51,"key":"SMITH"}],"circlet_count":0,"master_deck":["conspire:GhostlyStrike","conspire:GhostlyStrike+1","conspire:GhostlyStrike","conspire:GhostlyStrike+1","conspire:GhostlyDefend","conspire:GhostlyDefend","conspire:GhostlyDefend","conspire:GhostlyDefend","Guardian:CurlUp","Guardian:TwinSlam+1","Guardian:ArmoredProtocol","Guardian:BronzeArmor","ReplayTheSpireMod:Book of Names+1","Guardian:PiercingHide+1","Guardian:BronzeOrb","Guardian:ConstructionForm+1","Guardian:DecasProtection","Guardian:CrystalBeam+1","Guardian:RollAttack","Guardian:ExploitGems","downfall:Icky","Delirium","Guardian:PrismaticBarrier+1","ReplayTheSpireMod:??????????????????????+1","infinitespire:Gouge+1","Guardian:TemporalStrike+1","Guardian:TimeCapacitor+1","Guardian:SentryBeam+1","Guardian:TemporalStrike","Guardian:RevengeProtocol+1","Guardian:ShieldCharger+1","Guardian:Repulse+1","Guardian:ArmoredProtocol+1","Guardian:Reroute","Guardian:AncientConstruct+1","CurseOfTheBell","Sadistic Nature+1","Guardian:FloatingOrbs+1","Guardian:Reroute+1","Guardian:TemporalStrike","Guardian:Clone+1","Parasite","Guardian:TimeCapacitor+1","Guardian:Planning+1","Madness+1","Madness+1","Guardian:SpikerProtocol+1"],"relics":["Guardian:ModeShifter","Prayer Wheel","halation:EternalFortune","Whetstone","Golden Idol","Lantern","conspire:TreasureMap","Replay:Ancient Bell","Blood Vial","Frozen Egg 2","conspire:GlowingRock","Bag of Preparation","halation:KoshaPiece","Tiny Chest","Blue Doll","Replay:Rubber Ducky","Toxic Egg 2","Calling Bell","TungstenRod","infinitespire:Midas Blood","ReplayTheSpireMod:TigerMarble","Membership Card","Toy Ornithopter","Guardian:StasisEgg","Peace Pipe","Replay:Baseball","BrokenLever","halation:PromiseList"],"acts_visited":["Exordium","TheCity","TheBeyond"],"potions_floor_usage":[13,18,18,25,30,30,52,52],"damage_taken":[{"damage":1,"enemies":"Jaw Worm","floor":1,"turns":6},{"damage":0,"enemies":"Small Slimes","floor":4,"turns":4},{"damage":1,"enemies":"2 Louse","floor":9,"turns":2},{"damage":9,"enemies":"3 Sentries","floor":13,"turns":4},{"damage":0,"enemies":"Blue Slaver","floor":14,"turns":3},{"damage":8,"enemies":"Red Slaver","floor":15,"turns":2},{"damage":8,"enemies":"Fading Forest","floor":18,"turns":11},{"damage":11,"enemies":"3 Byrds","floor":20,"turns":4},{"damage":0,"enemies":"Spheric Guardian","floor":23,"turns":1},{"damage":16,"enemies":"Centurion and Healer","floor":24,"turns":7},{"damage":29,"enemies":"Gremlin Leader","floor":25,"turns":9},{"damage":17,"enemies":"Book of Stabbing","floor":27,"turns":5},{"damage":14,"enemies":"Snecko","floor":30,"turns":4},{"damage":0,"enemies":"Snake Plant","floor":32,"turns":4},{"damage":0,"enemies":"3 Cultists","floor":33,"turns":6},{"damage":0,"enemies":"conspire:MysteriousRune","floor":35,"turns":8},{"damage":0,"enemies":"3 Shapes","floor":37,"turns":4},{"damage":0,"enemies":"Orb Walker","floor":41,"turns":6},{"damage":0,"enemies":"Mind Bloom Boss Battle","floor":42,"turns":5},{"damage":19,"enemies":"Writhing Mass","floor":43,"turns":7},{"damage":0,"enemies":"Spire Growth","floor":48,"turns":5},{"damage":6,"enemies":"R_Hoarder","floor":50,"turns":7},{"damage":12,"enemies":"infinitespire:MassOfShapes","floor":52,"turns":10}],"seed_played":"-8105851056366079693","potions_obtained":[{"floor":9,"key":"champ:CounterPotion"},{"floor":13,"key":"EssenceOfSteel"},{"floor":15,"key":"sneckomod:MuddlingPotion"},{"floor":18,"key":"sneckomod:MuddlingPotion"},{"floor":20,"key":"SkillPotion"},{"floor":25,"key":"champ:CounterPotion"},{"floor":27,"key":"EssenceOfSteel"},{"floor":35,"key":"hexamod:SoulburnPotion"},{"floor":43,"key":"Elixir"}],"is_trial":false,"path_per_floor":["M","?","?","M","PTL","PTL","?","R","M","R","T","?","E","M","M","$","R","B",null,"M","T","AVR","M","M","E","R","E","T","$","M","?","M","M","R_BF","B",null,"M","$","T","?","M","?","M","R","T","?","T","M","R","E","R","B",null],"character_chosen":"GUARDIAN","items_purchased":["conspire:TreasureMap","Guardian:CrystalBeam+1","Guardian:RollAttack","Toxic Egg 2","Membership Card","Sadistic Nature+1","Guardian:FloatingOrbs+1"],"campfire_rested":1,"item_purchase_floors":[16,16,16,29,38,38,38],"current_hp_per_floor":[55,58,38,38,38,38,38,38,37,37,37,37,28,28,20,20,20,30,77,66,66,66,68,57,30,30,15,15,15,3,11,13,15,39,44,83,84,84,84,84,84,84,68,68,68,58,58,60,60,59,59,59],"gold":260,"neow_bonus":"ONE_RARE_RELIC","is_daily":false,"chose_seed":false,"campfire_upgraded":6,"win_rate":0.0,"timestamp":1614173629,"path_taken":["M","?","?","M","PTL","PTL","?","R","M","R","T","?","E","M","?","?","R","BOSS","M","?","AVR","M","M","E","R","E","T","?","M","?","M","?","R_BF","BOSS","M","$","?","?","M","?","M","R","T","?","?","M","R","E","R","BOSS"],"items_purchased_type":["Relic","Card","Card","Relic","Relic","Card","Card"],"build_version":"2020-12-22","purchased_purges":1,"victory":true,"max_hp_per_floor":[80,83,83,83,83,83,83,83,83,83,83,77,77,77,77,77,77,77,77,77,77,77,77,80,80,80,80,80,80,80,80,80,80,80,83,83,84,84,84,84,84,84,87,87,87,87,87,87,87,90,90,90],"relic_stats":{"Blood Vial":22,"Peace Pipe":1,"counters":[23,123],"Golden Idol":138,"Prayer Wheel":15,"Tiny Chest":2,"Bag of Preparation":[30],"Whetstone":["conspire:GhostlyStrike","conspire:GhostlyStrike"],"obtain_stats":[{"Lantern":13,"Guardian:StasisEgg":40,"Blue Doll":27,"BrokenLever":47,"Bag of Preparation":21,"Whetstone":11,"Replay:Rubber Ducky":28,"Blood Vial":19,"conspire:GlowingRock":19,"Prayer Wheel":0,"Tiny Chest":25,"halation:KoshaPiece":22,"halation:PromiseList":50,"Toxic Egg 2":29,"conspire:TreasureMap":16,"Golden Idol":12,"Guardian:ModeShifter":0,"Replay:Ancient Bell":19,"Frozen Egg 2":19,"Calling Bell":36,"Peace Pipe":42,"Replay:Baseball":45,"halation:EternalFortune":2,"ReplayTheSpireMod:TigerMarble":36,"Membership Card":38,"TungstenRod":36,"Toy Ornithopter":39,"infinitespire:Midas Blood":36},{"Lantern":4,"Guardian:StasisEgg":17,"Blue Doll":12,"BrokenLever":20,"Bag of Preparation":8,"Whetstone":3,"Replay:Rubber Ducky":12,"Blood Vial":7,"conspire:GlowingRock":7,"Prayer Wheel":0,"Tiny Chest":11,"halation:KoshaPiece":8,"halation:PromiseList":22,"Toxic Egg 2":12,"conspire:TreasureMap":6,"Golden Idol":3,"Guardian:ModeShifter":0,"Replay:Ancient Bell":7,"Frozen Egg 2":7,"Calling Bell":16,"Peace Pipe":19,"Replay:Baseball":20,"halation:EternalFortune":1,"ReplayTheSpireMod:TigerMarble":16,"Membership Card":17,"TungstenRod":16,"Toy Ornithopter":17,"infinitespire:Midas Blood":16},{"Lantern":16,"Guardian:StasisEgg":83,"Blue Doll":57,"BrokenLever":101,"Bag of Preparation":36,"Whetstone":12,"Replay:Rubber Ducky":57,"Blood Vial":32,"conspire:GlowingRock":32,"Prayer Wheel":0,"Tiny Chest":52,"halation:KoshaPiece":36,"halation:PromiseList":113,"Toxic Egg 2":57,"conspire:TreasureMap":21,"Golden Idol":12,"Guardian:ModeShifter":0,"Replay:Ancient Bell":32,"Frozen Egg 2":32,"Calling Bell":79,"Peace Pipe":94,"Replay:Baseball":101,"halation:EternalFortune":6,"ReplayTheSpireMod:TigerMarble":79,"Membership Card":83,"TungstenRod":79,"Toy Ornithopter":83,"infinitespire:Midas Blood":79}],"TungstenRod":6,"Toy Ornithopter":10},"card_choices":[{"not_picked":["Guardian:Harden","Guardian:Gem_Lightblue"],"picked":"Guardian:ArmoredProtocol","floor":1},{"not_picked":["Guardian:TimeCapacitor","Guardian:FloatingOrbs"],"picked":"Guardian:BronzeArmor","floor":1},{"not_picked":["infinitespire:TheBestDefense","infinitespire:NeuralNetwork"],"picked":"ReplayTheSpireMod:Book of Names","floor":3},{"not_picked":["Guardian:Clone","Guardian:BronzeArmor"],"picked":"Guardian:Gem_Synthetic","floor":4},{"not_picked":["Guardian:RollAttack","Guardian:Incinerate"],"picked":"Guardian:Gem_Red","floor":4},{"not_picked":["Guardian:PolyBeam","Guardian:Gem_Red"],"picked":"Guardian:Gem_Fragmented","floor":9},{"not_picked":["Guardian:Gem_Green","Guardian:VentSteam"],"picked":"Guardian:PiercingHide","floor":9},{"not_picked":["Guardian:Gem_Lightblue","Guardian:Suspension"],"picked":"Guardian:BronzeOrb","floor":13},{"not_picked":["Guardian:CrystalBeam","Guardian:Gem_Fragmented"],"picked":"Guardian:ConstructionForm","floor":14},{"not_picked":["Guardian:VentSteam","Guardian:Planning"],"picked":"Guardian:Gem_Lightblue","floor":14},{"not_picked":["Guardian:Reroute","Guardian:ShieldCharger"],"picked":"Guardian:DecasProtection","floor":15},{"not_picked":["Guardian:CrystalBeam","Guardian:Gem_Green"],"picked":"Guardian:Gem_Red","floor":15},{"not_picked":["Guardian:StasisField","Guardian:FastForward"],"picked":"Guardian:ExploitGems","floor":18},{"not_picked":["ReplayTheSpireMod:Doomed","Languid"],"picked":"Spreading Infection","floor":19},{"not_picked":["Delirium","conspire:Blindness"],"picked":"downfall:Icky","floor":19},{"not_picked":["Overencumbered","downfall:Bewildered"],"picked":"Delirium","floor":19},{"not_picked":["Guardian:ShieldCharger","Guardian:BronzeArmor"],"picked":"Guardian:PrismaticBarrier+1","floor":20},{"not_picked":["Guardian:PrimingBeam","Guardian:RefractedBeam+1"],"picked":"Guardian:Gem_Green","floor":20},{"not_picked":["Guardian:Planning","Guardian:TimeCapacitor+1"],"picked":"Guardian:TemporalStrike+1","floor":23},{"not_picked":["Guardian:GuardianWhirl","Guardian:WalkerClaw+1"],"picked":"Guardian:TimeCapacitor+1","floor":23},{"not_picked":["Guardian:GuardianWhirl","Guardian:Harden+1"],"picked":"Guardian:SentryBeam+1","floor":24},{"not_picked":["Guardian:Gem_Red","Guardian:DecasProtection"],"picked":"Guardian:TemporalStrike","floor":24},{"not_picked":["Guardian:Emergency","Guardian:PrismaticBeam"],"picked":"Guardian:RevengeProtocol+1","floor":25},{"not_picked":["Guardian:WalkerClaw","Guardian:CrystalBeam"],"picked":"Guardian:Gem_Lightblue","floor":27},{"not_picked":["Guardian:BronzeArmor+1","Guardian:ChargeCore+1"],"picked":"Guardian:ShieldCharger+1","floor":30},{"not_picked":["Guardian:Gem_Blue","Guardian:Gem_White"],"picked":"Guardian:Repulse+1","floor":30},{"not_picked":["Guardian:Gem_White","Guardian:VentSteam+1"],"picked":"Guardian:Gem_Crimson","floor":32},{"not_picked":["Guardian:CrystalBeam","Guardian:Reroute"],"picked":"Guardian:ArmoredProtocol+1","floor":32},{"not_picked":["Guardian:PrimingBeam+1","Guardian:ShieldCharger+1"],"picked":"Guardian:Reroute","floor":33},{"not_picked":["Guardian:Planning+1","Guardian:TimeCapacitor+1"],"picked":"Guardian:Gem_Purple","floor":33},{"not_picked":["Guardian:HyperBeam_Guardian","Guardian:StasisStrike"],"picked":"Guardian:AncientConstruct+1","floor":35},{"not_picked":["Guardian:PolyBeam","Guardian:TemporalStrike"],"picked":"Guardian:Gem_Purple","floor":37},{"not_picked":["Guardian:Incinerate","Guardian:PolyBeam+1"],"picked":"Guardian:Gem_Cyan","floor":37},{"not_picked":["Guardian:BodySlam+1","Guardian:TemporalShield+1"],"picked":"Guardian:Reroute+1","floor":41},{"not_picked":["Guardian:Gem_Cyan","Guardian:CrystalBeam"],"picked":"Guardian:TemporalStrike","floor":41},{"not_picked":["Guardian:PolyBeam","Guardian:Suspension+1"],"picked":"Guardian:Clone+1","floor":42},{"not_picked":["Guardian:Reroute+1","Guardian:RefractedBeam+1"],"picked":"Guardian:TimeCapacitor+1","floor":43},{"not_picked":["Guardian:TemporalShield+1","Guardian:VentSteam+1"],"picked":"Guardian:Planning+1","floor":43},{"not_picked":["Guardian:ShieldCharger+1","Guardian:Gem_Blue"],"picked":"Guardian:Gem_Yellow","floor":48},{"not_picked":["Guardian:BronzeArmor+1","Guardian:RefractedBeam"],"picked":"Guardian:SpikerProtocol+1","floor":48},{"not_picked":["Guardian:Clone+1","Guardian:PrismaticBarrier+1"],"picked":"Guardian:Gem_Crimson","floor":50}],"player_experience":513057,"relics_obtained":[{"floor":11,"key":"Whetstone"},{"floor":13,"key":"Lantern"},{"floor":21,"key":"Bag of Preparation"},{"floor":24,"key":"halation:EternalFortune"},{"floor":25,"key":"Tiny Chest"},{"floor":27,"key":"Blue Doll"},{"floor":28,"key":"Replay:Rubber Ducky"},{"floor":35,"key":"halation:EternalFortune"},{"floor":36,"key":"TungstenRod"},{"floor":36,"key":"infinitespire:Midas Blood"},{"floor":36,"key":"ReplayTheSpireMod:TigerMarble"},{"floor":39,"key":"Toy Ornithopter"},{"floor":42,"key":"Peace Pipe"},{"floor":43,"key":"halation:EternalFortune"},{"floor":45,"key":"Replay:Baseball"},{"floor":47,"key":"BrokenLever"},{"floor":50,"key":"halation:EternalFortune"},{"floor":50,"key":"halation:PromiseList"}],"event_choices":[{"damage_healed":0,"gold_gain":0,"player_choice":"Agree","damage_taken":0,"max_hp_gain":0,"max_hp_loss":0,"event_name":"conspire:LoneGhost","floor":7,"gold_loss":0},{"damage_healed":0,"gold_gain":0,"player_choice":"Lose Max HP","damage_taken":0,"relics_obtained":["Golden Idol"],"max_hp_gain":0,"max_hp_loss":6,"event_name":"Golden Idol","floor":12,"gold_loss":0},{"damage_healed":0,"gold_gain":0,"player_choice":"Fight","damage_taken":0,"max_hp_gain":0,"max_hp_loss":0,"event_name":"MindBloom","floor":42,"gold_loss":0},{"damage_healed":0,"gold_gain":0,"player_choice":"Embrace Madness","damage_taken":11,"max_hp_gain":0,"max_hp_loss":0,"event_name":"Winding Halls","floor":46,"gold_loss":0,"cards_obtained":["Madness","Madness"]}],"is_beta":false,"boss_relics":[{"not_picked":["ChewingGum","aspiration:IroncladSkillbook"],"picked":"Replay:Ancient Bell"},{"not_picked":["Smiling Mask","Potion Belt"],"picked":"Blood Vial"},{"not_picked":["infinitespire:FocusingShard","Quantum Egg"],"picked":"Frozen Egg 2"},{"not_picked":["Mango","StoneCalendar"],"picked":"conspire:GlowingRock"},{"not_picked":["aspiration:PoetsPen_weak","SacredBark"],"picked":"Calling Bell"}],"items_purged_floors":[22],"is_endless":false,"potions_floor_spawned":[9,13,15,18,20,25,27,35,43,48],"ascension_level":0}}