{"host":"whyfdmrq1ty0e9zp","time":1614180100,"event":{"mods":["Act Like it!","BaseMod","Colored Map","Colored Powertips","Conspire","Energized Spire","Gensokyo","Marisa（F雨　魔理沙）","Minty Spire (QoL Compilation)","MostiFishMod","Prisma Mod","Quick Restart","Relic Filter Mod","Relic Stats","Reliquary","Remilia（蕾米莉亚）","Replay The Spire","StSLib","TestMod","The Servant 0.9.4","【遗物卡牌】REMEMod","残留之物"],"gold_per_floor":[113,133,133,145,145,145,164,175,175,175,175,22,22,53,53,148,148,165,179,25,36,36,36,71,71,95,130,144,144,21,47,47,150,150,168,168,168],"floor_reached":38,"language":"ZHS","playtime":1444,"items_purged":["PlaceholderMod:BaseStrike","PlaceholderMod:BaseStrike","PlaceholderMod:TriggerStrike"],"score":864,"play_id":"84d3e015-0540-4a96-ac73-d843b3412a3d","local_time":"20210224232140","is_ascension_mode":true,"campfire_choices":[{"data":"PlaceholderMod:DiffusionChemical","floor":6,"key":"SMITH"},{"data":"PlaceholderMod:DiffusionPoison","floor":11,"key":"SMITH"},{"data":"PlaceholderMod:Crystal","floor":15,"key":"SMITH"},{"data":"PlaceholderMod:DirectingGroup","floor":23,"key":"SMITH"},{"data":"PlaceholderMod:Stable","floor":32,"key":"SMITH"}],"circlet_count":0,"master_deck":["PlaceholderMod:BaseDefend","PlaceholderMod:BaseDefend","PlaceholderMod:BaseDefend","PlaceholderMod:Crystal+1","PlaceholderMod:ParasiteChange","PlaceholderMod:DiffusionPoison+1","PlaceholderMod:DiffusionChemical+1","PlaceholderMod:CycleAttack","PlaceholderMod:InnerStable","PlaceholderMod:ReactionCatalyze","PlaceholderMod:ConsolidateHit+1","PlaceholderMod:SeverePoisonStrike","PlaceholderMod:DirectingGroup+1","PlaceholderMod:Hyperplasia+1","PlaceholderMod:HardStinger","PlaceholderMod:Stable+1","CurseOfTheBell","PlaceholderMod:ChainPoly","PlaceholderMod:FinalSpray","PlaceholderMod:PoisonBlast+1"],"relics":["PlaceholderMod:Tancle","testmod-TestBox","DaveBox","REME_ComplimentaryCards","ShadowXiaoBlade","testmod-Temperance","NeowsBlessing","SynthV:TestCard","Ring of Fangs","Ring of Peace","testmod-CasingShield","Onion Ring","Divine Protection","Girya","FeatherPendant","Smiling Mask","conspire:DeflatedDodgeball","Nunchaku","Iron Hammer","Bag of Preparation","reliquary:PurpleTingedLeaf","SentryEyes","Calipers","Empty Cage"],"acts_visited":["Exordium","TheCity","TheBeyond"],"potions_floor_usage":[16,37,37],"damage_taken":[{"damage":0,"enemies":"conspire:RoseBush","floor":1,"turns":1},{"damage":0,"enemies":"Cultist","floor":2,"turns":1},{"damage":0,"enemies":"Small Slimes","floor":4,"turns":1},{"damage":0,"enemies":"conspire:2 RoseBushes","floor":7,"turns":5},{"damage":0,"enemies":"Looter","floor":8,"turns":3},{"damage":0,"enemies":"3 Sentries","floor":14,"turns":4},{"damage":0,"enemies":"Fading Forest","floor":16,"turns":11},{"damage":0,"enemies":"3 Byrds","floor":18,"turns":2},{"damage":0,"enemies":"Shell Parasite","floor":19,"turns":4},{"damage":0,"enemies":"Snecko","floor":21,"turns":2},{"damage":0,"enemies":"REME_1_Revenger","floor":24,"turns":3},{"damage":0,"enemies":"Gremlin Leader","floor":27,"turns":3},{"damage":0,"enemies":"Snake Plant","floor":28,"turns":2},{"damage":0,"enemies":"conspire:SneckoGhost","floor":31,"turns":3},{"damage":0,"enemies":"Pondfish","floor":33,"turns":4},{"damage":0,"enemies":"Orb Walker","floor":35,"turns":2},{"damage":0,"enemies":"Replay:Hell Engine","floor":37,"turns":4}],"seed_played":"3707616784068714457","potions_obtained":[{"floor":1,"key":"Elixir"},{"floor":2,"key":"SkillPotion"},{"floor":14,"key":"LifebloodPotion"},{"floor":18,"key":"BlessingOfTheForge"}],"is_trial":false,"path_per_floor":["M","M","?","M","?","R","M","M","T","T","R","$","?","E","R","B",null,"M","M","$","M","?","R","E","?","T","E","M","?","$","E","R","B",null,"M","?","B",null],"character_chosen":"THE_PLACEHOLDER","items_purchased":["PlaceholderMod:InnerStable","PlaceholderMod:DirectingGroup","PlaceholderMod:ChainPoly"],"campfire_rested":0,"item_purchase_floors":[12,20,30],"current_hp_per_floor":[78,78,78,78,78,78,78,78,78,78,78,78,71,71,71,78,78,78,78,78,78,78,78,78,63,63,63,63,63,63,65,65,73,83,83,83,83],"gold":168,"neow_bonus":"THREE_ENEMY_KILL","is_daily":false,"chose_seed":false,"campfire_upgraded":5,"win_rate":0.0,"timestamp":1614180100,"path_taken":["M","M","?","?","?","R","M","M","T","?","R","$","?","E","R","BOSS","M","M","$","M","?","R","E","?","T","E","M","?","$","E","R","BOSS","M","?","BOSS"],"items_purchased_type":["Card","Card","Card"],"build_version":"2020-12-22","purchased_purges":3,"victory":true,"max_hp_per_floor":[78,78,78,78,78,78,78,78,78,78,78,78,78,78,78,78,78,78,78,78,78,78,78,78,83,83,83,83,83,83,83,83,83,83,83,83,83],"relic_stats":{"Nunchaku":[2],"counters":[17,55],"Bag of Preparation":[8],"Smiling Mask":75,"obtain_stats":[{"PlaceholderMod:Tancle":0,"Divine Protection":13,"Calipers":31,"DaveBox":0,"testmod-Temperance":0,"Bag of Preparation":29,"Smiling Mask":22,"Empty Cage":34,"testmod-CasingShield":9,"Nunchaku":26,"Ring of Fangs":5,"Ring of Peace":5,"Iron Hammer":27,"Girya":14,"testmod-TestBox":0,"NeowsBlessing":0,"ShadowXiaoBlade":0,"Calling Bell":29,"SynthV:TestCard":1,"FeatherPendant":17,"SentryEyes":29,"Onion Ring":10,"conspire:DeflatedDodgeball":24,"reliquary:PurpleTingedLeaf":29,"REME_ComplimentaryCards":0},{"PlaceholderMod:Tancle":0,"Divine Protection":5,"Calipers":14,"DaveBox":0,"testmod-Temperance":0,"Bag of Preparation":13,"Smiling Mask":10,"Empty Cage":15,"testmod-CasingShield":5,"Nunchaku":11,"Ring of Fangs":3,"Ring of Peace":3,"Iron Hammer":12,"Girya":6,"testmod-TestBox":0,"NeowsBlessing":0,"ShadowXiaoBlade":0,"Calling Bell":13,"SynthV:TestCard":1,"FeatherPendant":7,"SentryEyes":13,"Onion Ring":5,"conspire:DeflatedDodgeball":11,"reliquary:PurpleTingedLeaf":13,"REME_ComplimentaryCards":0},{"PlaceholderMod:Tancle":0,"Divine Protection":11,"Calipers":45,"DaveBox":0,"testmod-Temperance":0,"Bag of Preparation":42,"Smiling Mask":34,"Empty Cage":49,"testmod-CasingShield":11,"Nunchaku":37,"Ring of Fangs":3,"Ring of Peace":3,"Iron Hammer":40,"Girya":15,"testmod-TestBox":0,"NeowsBlessing":0,"ShadowXiaoBlade":0,"Calling Bell":42,"SynthV:TestCard":1,"FeatherPendant":26,"SentryEyes":42,"Onion Ring":11,"conspire:DeflatedDodgeball":37,"reliquary:PurpleTingedLeaf":42,"REME_ComplimentaryCards":0}]},"card_choices":[{"not_picked":["PlaceholderMod:PoisonAbsorb","PlaceholderMod:Break"],"picked":"PlaceholderMod:ParasiteChange","floor":1},{"not_picked":["PlaceholderMod:TriggerStrike","PlaceholderMod:AttackAsDefend","PlaceholderMod:Corrosion","PlaceholderMod:NearChange"],"picked":"PlaceholderMod:DiffusionPoison","floor":2},{"not_picked":["PlaceholderMod:MultipleOxi","PlaceholderMod:ProliferateStrike","PlaceholderMod:Sweep","PlaceholderMod:HardStrike"],"picked":"PlaceholderMod:DiffusionChemical","floor":4},{"not_picked":["PlaceholderMod:AttackAsDefend","PlaceholderMod:ProliferateStrike","PlaceholderMod:SubstitutionNucleophilic1","PlaceholderMod:ThreeBenzyolStart","PlaceholderMod:HornyBlast"],"picked":"SKIP","floor":7},{"not_picked":["PlaceholderMod:ConsolidateHit","PlaceholderMod:Crystallization","PlaceholderMod:DiffusionChemical","PlaceholderMod:PoisonAbsorb"],"picked":"PlaceholderMod:CycleAttack","floor":8},{"not_picked":["PlaceholderMod:Turn","PlaceholderMod:SprayAttack","PlaceholderMod:PoisonExcitation","PlaceholderMod:AttackAsDefend"],"picked":"PlaceholderMod:TriggerStrike","floor":14},{"not_picked":["PlaceholderMod:PericyclicReaction","PlaceholderMod:AbsorbTouch","PlaceholderMod:CorePoison","PlaceholderMod:BlastSpray"],"picked":"PlaceholderMod:ReactionCatalyze","floor":16},{"not_picked":["PlaceholderMod:SeverePoisonStrike","PlaceholderMod:DiffusionChemical","PlaceholderMod:StrongAcid","PlaceholderMod:Polyp"],"picked":"PlaceholderMod:ConsolidateHit+1","floor":18},{"not_picked":["PlaceholderMod:PoisonExcitation","PlaceholderMod:TriggerStrike","PlaceholderMod:HornyBlast","PlaceholderMod:Break+1"],"picked":"PlaceholderMod:SeverePoisonStrike","floor":19},{"not_picked":["PlaceholderMod:Turn","PlaceholderMod:SprayAttack+1","PlaceholderMod:SelectReaction","PlaceholderMod:AttackAsDefend+1","PlaceholderMod:ProliferateStrike"],"picked":"SKIP","floor":21},{"not_picked":["PlaceholderMod:StrongAcid","PlaceholderMod:TriggerStrike","PlaceholderMod:Eat","PlaceholderMod:DirectingGroup+1"],"picked":"PlaceholderMod:Hyperplasia+1","floor":24},{"not_picked":["PlaceholderMod:PoisonExcitation+1","PlaceholderMod:HardStrike","PlaceholderMod:DiffusionChemical+1","PlaceholderMod:ParasiteChange"],"picked":"PlaceholderMod:HardStinger","floor":27},{"not_picked":["PlaceholderMod:SprayAttack","PlaceholderMod:AngryAttack","PlaceholderMod:CycleAttack","PlaceholderMod:Hard+1"],"picked":"PlaceholderMod:Stable","floor":28},{"not_picked":["PlaceholderMod:AngryAttack+1","PlaceholderMod:EnergyAbsorb+1","PlaceholderMod:ParasiteChange","PlaceholderMod:ConsolidateHit","PlaceholderMod:Internalization+1"],"picked":"SKIP","floor":31},{"not_picked":["PlaceholderMod:HornyCollision","PlaceholderMod:InnerSoften","PlaceholderMod:PericyclicReaction","PlaceholderMod:DiffusionPoison"],"picked":"PlaceholderMod:FinalSpray","floor":33},{"not_picked":["PlaceholderMod:SpinBlade+1","PlaceholderMod:OHStrongAttack+1","PlaceholderMod:EnergyAbsorb","PlaceholderMod:EvolutionSpray+1"],"picked":"PlaceholderMod:PoisonBlast+1","floor":35}],"player_experience":523628,"relics_obtained":[{"floor":1,"key":"SynthV:TestCard"},{"floor":5,"key":"Ring of Fangs"},{"floor":5,"key":"Ring of Peace"},{"floor":9,"key":"testmod-CasingShield"},{"floor":10,"key":"Onion Ring"},{"floor":14,"key":"Girya"},{"floor":24,"key":"conspire:DeflatedDodgeball"},{"floor":26,"key":"Nunchaku"},{"floor":27,"key":"Iron Hammer"},{"floor":29,"key":"Bag of Preparation"},{"floor":29,"key":"reliquary:PurpleTingedLeaf"},{"floor":29,"key":"SentryEyes"},{"floor":31,"key":"Calipers"}],"event_choices":[{"cards_removed":["PlaceholderMod:BaseStrike"],"damage_healed":0,"gold_gain":0,"player_choice":"Purged","damage_taken":0,"max_hp_gain":0,"max_hp_loss":0,"event_name":"Purifier","floor":3,"gold_loss":0},{"damage_healed":0,"gold_gain":0,"player_choice":"Success","damage_taken":7,"relics_obtained":["Divine Protection"],"max_hp_gain":0,"max_hp_loss":0,"event_name":"Scrap Ooze","floor":13,"gold_loss":0},{"damage_healed":0,"gold_gain":0,"player_choice":"Shed Blood","damage_taken":20,"max_hp_gain":5,"max_hp_loss":0,"event_name":"Forgotten Altar","floor":25,"gold_loss":0},{"damage_healed":0,"gold_gain":0,"player_choice":"Swap Relic","damage_taken":0,"relics_obtained":["Calling Bell"],"max_hp_gain":0,"max_hp_loss":0,"event_name":"给自己的盒子","floor":29,"relics_lost":["Calling Bell"],"gold_loss":0},{"damage_healed":0,"gold_gain":0,"player_choice":"Took Portal","damage_taken":0,"max_hp_gain":0,"max_hp_loss":0,"event_name":"SecretPortal","floor":36,"gold_loss":0}],"is_beta":false,"boss_relics":[{"not_picked":["Painkiller Herb","Snecko Eye"],"picked":"FeatherPendant"},{"not_picked":["GuanYuAspect","energizedSpire:SpiderWeb"],"picked":"Empty Cage"}],"items_purged_floors":[12,20,30],"is_endless":false,"potions_floor_spawned":[1,2,14,18,19,21,28,31],"ascension_level":1}}