{"host":"yq9izw6r1wt570l5","time":1614192811,"event":{"mods":["AchievementEnabler","BaseMod","BetterRewards","Colored Powertips","Downfall","Hermit","Infinite Spire","Jorbs\u0027s Wanderer Trilogy","Minty Spire (QoL Compilation)","Replay The Spire","StSLib","The Bladedancer","The Cursed","The Runesmith"],"gold_per_floor":[113,113,126,143,157,189,203,203,203,233,248,248,248],"floor_reached":12,"language":"ENG","playtime":1262,"items_purged":[],"score":117,"play_id":"4e2b8982-6a2f-47f5-8b29-b8433f5d628e","local_time":"20210224155331","is_ascension_mode":false,"campfire_choices":[],"circlet_count":0,"master_deck":["stsjorbsmod:ForbiddenGrimoire+1","stsjorbsmod:Strike_Wanderer","stsjorbsmod:Strike_Wanderer","stsjorbsmod:Strike_Wanderer","stsjorbsmod:Strike_Wanderer","stsjorbsmod:Defend_Wanderer+1","stsjorbsmod:Defend_Wanderer","stsjorbsmod:Defend_Wanderer","stsjorbsmod:Defend_Wanderer","stsjorbsmod:FreshAdventure","stsjorbsmod:EyeOfTheStorm+1","stsjorbsmod:FindFamiliar","stsjorbsmod:Feast","stsjorbsmod:UnseenServant","stsjorbsmod:MagicMirror","stsjorbsmod:Prepare"],"relics":["stsjorbsmod:GrimoireRelic","infinitespire:Beetle Shell","stsjorbsmod:AlchemistsFireRelic","Eternal Feather"],"acts_visited":["Exordium"],"potions_floor_usage":[5,12,12],"damage_taken":[{"damage":1,"enemies":"Cultist","floor":1,"turns":3},{"damage":6,"enemies":"Jaw Worm","floor":3,"turns":5},{"damage":5,"enemies":"Small Slimes","floor":4,"turns":4},{"damage":19,"enemies":"Exordium Thugs","floor":5,"turns":6},{"damage":13,"enemies":"Lagavulin","floor":6,"turns":6},{"damage":6,"enemies":"3 Louse","floor":7,"turns":4},{"damage":32,"enemies":"3 Sentries","floor":10,"turns":7},{"damage":21,"enemies":"Large Slime","floor":11,"turns":7}],"seed_played":"1142927319670719222","potions_obtained":[{"floor":1,"key":"EssenceOfSteel"},{"floor":5,"key":"Ancient Potion"},{"floor":11,"key":"SpeedPotion"}],"is_trial":false,"path_per_floor":["M","?","M","M","M","E","M","T","T","E","M","E"],"character_chosen":"WANDERER","items_purchased":[],"campfire_rested":0,"item_purchase_floors":[],"current_hp_per_floor":[68,73,69,69,59,54,54,54,54,22,3,0,0],"gold":248,"neow_bonus":"RANDOM_EVENT","is_daily":false,"chose_seed":false,"campfire_upgraded":0,"win_rate":0.0,"timestamp":1614192811,"path_taken":["M","?","M","M","M","E","M","?","T","E","M","E"],"items_purchased_type":[],"build_version":"2020-12-22","purchased_purges":0,"victory":false,"max_hp_per_floor":[68,73,73,75,79,81,83,83,83,83,85,85,85],"card_choices":[{"not_picked":["stsjorbsmod:ChatteringStrike","stsjorbsmod:Hurt","stsjorbsmod:TollTheDead"],"picked":"SKIP","floor":1},{"not_picked":["stsjorbsmod:ColorSpray","stsjorbsmod:ParryingBlow"],"picked":"stsjorbsmod:FindFamiliar","floor":3},{"not_picked":["stsjorbsmod:Mending","stsjorbsmod:ChainLightning"],"picked":"stsjorbsmod:Feast","floor":4},{"not_picked":["stsjorbsmod:Hibernate","stsjorbsmod:DoubleCheck"],"picked":"stsjorbsmod:UnseenServant","floor":5},{"not_picked":["stsjorbsmod:FlameWard","stsjorbsmod:SchoolsOfMagic","stsjorbsmod:Mending"],"picked":"SKIP","floor":6},{"not_picked":["stsjorbsmod:Firebolt","stsjorbsmod:TrueStrike","stsjorbsmod:UnseenServant"],"picked":"SKIP","floor":7},{"not_picked":["stsjorbsmod:MistyStep","stsjorbsmod:ColorSpray"],"picked":"stsjorbsmod:MagicMirror","floor":10},{"not_picked":["stsjorbsmod:TrueStrike","stsjorbsmod:Firebolt"],"picked":"stsjorbsmod:Prepare","floor":11}],"player_experience":98689,"relics_obtained":[{"floor":6,"key":"infinitespire:Beetle Shell"},{"floor":8,"key":"stsjorbsmod:AlchemistsFireRelic"},{"floor":10,"key":"Eternal Feather"}],"event_choices":[{"damage_healed":0,"gold_gain":0,"player_choice":"Grow","damage_taken":0,"max_hp_gain":0,"max_hp_loss":0,"event_name":"Living Wall","floor":0,"gold_loss":0,"cards_upgraded":["stsjorbsmod:EyeOfTheStorm"]},{"damage_healed":0,"gold_gain":0,"player_choice":"Donut","damage_taken":0,"max_hp_gain":5,"max_hp_loss":0,"event_name":"Big Fish","floor":2,"gold_loss":0}],"is_beta":false,"boss_relics":[],"items_purged_floors":[],"is_endless":false,"potions_floor_spawned":[1,5,11],"killed_by":"Lagavulin","ascension_level":0}}