{"host":"9kesdg97wkrx2bva","time":1614145729,"event":{"mods":["AchievementEnabler","BaseMod","Colored Map","GifTheSpireLib","Infinite Spire","Minty Spire (QoL Compilation)","Replay The Spire","StSLib"],"gold_per_floor":[116,135,60,70,70,98,98,132,187,187,0,19,19,37,37,111,111,130,109,109,125,125,154,154,181,181,196,228,228,242,222,222,297,297,312,98,141,157,0,0,10,35,35,59,59,59,59,72,72,151,151,163,162,212,219,219,219,219,219,246,246,262,287,308,319,319,396,396,405,243,259,259,259,259,233,233,259,271,283,295,294,299,311,387,399,409,421,442,478,490,502,531,547,559,592,559,561,570,582,594,620,632,645,657,669,367,378,378,400,400,400,420,424,438,453,473,473,515,515,522,528,359,359,359,386,386,409,409,440,447,441,441,442,442,511,511,524,519,519,519,80,90,90,111,136,136,136,126,178,178,173,173,173,125,125,125,125,152,189],"floor_reached":160,"language":"ENG","playtime":11416,"items_purged":["Strike_G","Strike_G","Strike_G","Strike_G","Strike_G"],"score":7850,"play_id":"1d0f3d48-6fa2-40b0-a6df-85e63af40b66","local_time":"20210223234849","is_ascension_mode":true,"campfire_choices":[{"floor":7.0,"key":"REST"},{"data":"Bouncing Flask","floor":13.0,"key":"SMITH"},{"data":"Footwork","floor":15.0,"key":"SMITH"},{"floor":24.0,"key":"REST"},{"floor":29.0,"key":"REST"},{"floor":32.0,"key":"REST"},{"floor":40.0,"key":"REST"},{"floor":47.0,"key":"REST"},{"data":"infinitespire:Collect","floor":57.0,"key":"SMITH"},{"data":"Catalyst","floor":66.0,"key":"SMITH"},{"floor":74.0,"key":"RECALL"},{"floor":134.0,"key":"DIG"}],"circlet_count":0,"master_deck":["AscendersBane","Defend_G","Defend_G","Defend_G+2","Defend_G+2","Survivor","Neutralize+1","Crippling Poison","Bouncing Flask+1","ReplayTheSpireMod:Speed Training+1","Well Laid Plans","Footwork+1","Calculated Gamble","Prepared","Bullet Time","Poisoned Stab+1","infinitespire:Collect+1","Catalyst+1","Footwork+1","PiercingWail+1","Replay:Poison Smokescreen","Wraith Form v2+1","Catalyst+1","Caltrops+1","Corpse Explosion","infinitespire:Oblivion","Catalyst","After Image+1","Footwork+1","Pot Of Greed","Pot Of Greed","Deadly Poison","Footwork+1","Mayhem+1","Footwork+1","Envenom+1","Pot Of Greed"],"relics":["Ring of the Snake","Shuriken","ReplayTheSpireMod:TigerMarble","Lantern","Black Star","Omamori","Frozen Egg 2","Replay:Bottled Steam","Mummified Hand","Durian","Gremlin Horn","Paper Crane","Replay:Rubber Ducky","Snecko Heart","infinitespire:EmpoweringShard","Red Mask","Garlic","Singing Bowl","Darkstone Periapt","Tiny Chest","Anchor","Coffee Dripper","Quantum Egg","infinitespire:CheckeredPen","Golden Idol","Vajra","infinitespire:Satchel","Orichalcum","Replay:Baseball","PreservedInsect","Happy Flower","Fusion Hammer","Blue Doll","Cauldron","MawBank","SacredBark","OrangePellets","Grinning Jar","ReplayTheSpireMod:Lightbulb","Simple Rune","Replay:Bandana","Snake Skull","Gremlin Food","Abe\u0027s Treasure","infinitespire:BottledMercury","Juzu Bracelet","Odd Mushroom","Bag of Marbles","Blood Vial","NlothsMask","Bag of Preparation","TungstenRod","Empty Cage","Replay:Mystery Machine","MutagenicStrength","infinitespire:Lychee Nut","Divine Protection","MealTicket","ReplayTheSpireMod:Ninjato","ReplayFunnel","Bottled Tornado","StrikeDummy","Busted Crown","infinitespire:WardingShard","Whetstone","Replay:Wax Seal","infinitespire:Lucky Rock","Regal Pillow","Ancient Tea Set","Bronze Scales","infinitespire:Beetle Shell","Replay:Grab Bag","Philosopher\u0027s Stone","infinitespire:Cupcake","Calling Bell","Pet Ghost","infinitespire:FocusingShard","FossilizedHelix","Toy Ornithopter","War Paint"],"acts_visited":["Exordium","TheCity","TheBeyond","Exordium","TheCity","TheBeyond","Exordium","TheCity","TheBeyond","TheEnding"],"potions_floor_usage":[159],"damage_taken":[{"damage":0.0,"enemies":"Cultist","floor":1.0,"turns":4.0},{"damage":7.0,"enemies":"Small Slimes","floor":2.0,"turns":5.0},{"damage":4.0,"enemies":"Jaw Worm","floor":4.0,"turns":4.0},{"damage":38.0,"enemies":"3 Sentries","floor":6.0,"turns":16.0},{"damage":22.0,"enemies":"Lagavulin","floor":8.0,"turns":7.0},{"damage":8.0,"enemies":"Lots of Slimes","floor":12.0,"turns":5.0},{"damage":1.0,"enemies":"Looter","floor":14.0,"turns":3.0},{"damage":6.0,"enemies":"The Guardian","floor":16.0,"turns":8.0},{"damage":8.0,"enemies":"Spheric Guardian","floor":18.0,"turns":5.0},{"damage":5.0,"enemies":"2 Thieves","floor":19.0,"turns":5.0},{"damage":11.0,"enemies":"Snake Plant","floor":21.0,"turns":6.0},{"damage":43.0,"enemies":"Gremlin Leader","floor":23.0,"turns":12.0},{"damage":5.0,"enemies":"Nightmare","floor":25.0,"turns":7.0},{"damage":7.0,"enemies":"3 Cultists","floor":27.0,"turns":6.0},{"damage":12.0,"enemies":"Gremlin Leader","floor":28.0,"turns":7.0},{"damage":6.0,"enemies":"Centurion and Healer","floor":30.0,"turns":5.0},{"damage":4.0,"enemies":"Collector","floor":33.0,"turns":9.0},{"damage":6.0,"enemies":"3 Shapes","floor":35.0,"turns":3.0},{"damage":2.0,"enemies":"3 Darklings","floor":38.0,"turns":8.0},{"damage":35.0,"enemies":"Sphere and 2 Shapes","floor":41.0,"turns":5.0},{"damage":0.0,"enemies":"R_Hoarder","floor":42.0,"turns":6.0},{"damage":0.0,"enemies":"Maw","floor":48.0,"turns":6.0},{"damage":45.0,"enemies":"Donu and Deca","floor":50.0,"turns":13.0},{"damage":0.0,"enemies":"2 Louse","floor":52.0,"turns":2.0},{"damage":0.0,"enemies":"Small Slimes","floor":53.0,"turns":4.0},{"damage":0.0,"enemies":"Lagavulin Event","floor":54.0,"turns":2.0},{"damage":0.0,"enemies":"Jaw Worm","floor":55.0,"turns":1.0},{"damage":0.0,"enemies":"3 Sentries","floor":62.0,"turns":5.0},{"damage":0.0,"enemies":"Gremlin Nob","floor":64.0,"turns":3.0},{"damage":0.0,"enemies":"Exordium Thugs","floor":65.0,"turns":2.0},{"damage":0.0,"enemies":"The Guardian","floor":67.0,"turns":5.0},{"damage":0.0,"enemies":"3 Byrds","floor":69.0,"turns":2.0},{"damage":0.0,"enemies":"Spheric Guardian","floor":71.0,"turns":2.0},{"damage":0.0,"enemies":"Snecko","floor":80.0,"turns":4.0},{"damage":8.0,"enemies":"Centurion and Healer","floor":81.0,"turns":5.0},{"damage":11.0,"enemies":"3 Cultists","floor":82.0,"turns":5.0},{"damage":30.0,"enemies":"Collector","floor":84.0,"turns":5.0},{"damage":0.0,"enemies":"3 Darklings","floor":86.0,"turns":4.0},{"damage":0.0,"enemies":"Orb Walker","floor":88.0,"turns":3.0},{"damage":0.0,"enemies":"Giant Head","floor":92.0,"turns":4.0},{"damage":0.0,"enemies":"4 Shapes","floor":93.0,"turns":2.0},{"damage":0.0,"enemies":"R_Hoarder","floor":95.0,"turns":4.0},{"damage":0.0,"enemies":"Transient","floor":96.0,"turns":6.0},{"damage":0.0,"enemies":"Sphere and 2 Shapes","floor":97.0,"turns":4.0},{"damage":0.0,"enemies":"3 Darklings","floor":98.0,"turns":3.0},{"damage":50.0,"enemies":"Awakened One","floor":101.0,"turns":11.0},{"damage":0.0,"enemies":"Jaw Worm","floor":103.0,"turns":2.0},{"damage":0.0,"enemies":"The Mushroom Lair","floor":107.0,"turns":3.0},{"damage":0.0,"enemies":"Lagavulin","floor":109.0,"turns":3.0},{"damage":0.0,"enemies":"3 Sentries","floor":112.0,"turns":2.0},{"damage":0.0,"enemies":"2 Louse","floor":113.0,"turns":2.0},{"damage":0.0,"enemies":"Small Slimes","floor":114.0,"turns":2.0},{"damage":0.0,"enemies":"Looter","floor":115.0,"turns":1.0},{"damage":0.0,"enemies":"3 Louse","floor":116.0,"turns":1.0},{"damage":0.0,"enemies":"Fading Forest","floor":118.0,"turns":6.0},{"damage":0.0,"enemies":"Chosen","floor":120.0,"turns":3.0},{"damage":0.0,"enemies":"Shell Parasite","floor":121.0,"turns":2.0},{"damage":0.0,"enemies":"Chosen and Byrds","floor":123.0,"turns":2.0},{"damage":0.0,"enemies":"Gremlin Leader","floor":125.0,"turns":3.0},{"damage":0.0,"enemies":"Book of Stabbing","floor":129.0,"turns":2.0},{"damage":0.0,"enemies":"3 Cultists","floor":130.0,"turns":4.0},{"damage":0.0,"enemies":"Shelled Parasite and Fungi","floor":131.0,"turns":3.0},{"damage":0.0,"enemies":"Snake Plant","floor":133.0,"turns":2.0},{"damage":0.0,"enemies":"Champ","floor":135.0,"turns":4.0},{"damage":0.0,"enemies":"Orb Walker","floor":137.0,"turns":2.0},{"damage":0.0,"enemies":"3 Shapes","floor":138.0,"turns":3.0},{"damage":0.0,"enemies":"R_Hoarder","floor":142.0,"turns":4.0},{"damage":0.0,"enemies":"Giant Head","floor":144.0,"turns":4.0},{"damage":0.0,"enemies":"Spire Growth","floor":148.0,"turns":3.0},{"damage":0.0,"enemies":"Transient","floor":151.0,"turns":4.0},{"damage":97,"enemies":"infinitespire:LordOfFortification","floor":154,"turns":12},{"damage":0,"enemies":"Shield and Spear","floor":158,"turns":3},{"damage":0,"enemies":"The Heart","floor":159,"turns":7}],"seed_played":"-6116999052959871331","potions_obtained":[{"floor":8.0,"key":"FearPotion"},{"floor":12.0,"key":"Weak Potion"},{"floor":18.0,"key":"Fire Potion"},{"floor":19.0,"key":"Dexterity Potion"},{"floor":28.0,"key":"Fire Potion"},{"floor":30.0,"key":"DistilledChaos"},{"floor":38.0,"key":"Adrenaline Potion"},{"floor":48.0,"key":"FearPotion"},{"floor":50.0,"key":"GamblersBrew"},{"floor":53.0,"key":"AttackPotion"},{"floor":67.0,"key":"CultistPotion"},{"floor":69.0,"key":"Toxic Potion"},{"floor":81.0,"key":"Weak Potion"},{"floor":88.0,"key":"Explosive Potion"},{"floor":93.0,"key":"Death Potion"},{"floor":101.0,"key":"SneckoOil"},{"floor":112.0,"key":"Flashbang"},{"floor":151.0,"key":"BlessingOfTheForge"}],"is_trial":false,"path_per_floor":["M","M","$","M","?","E","R","E","T","?","$","M","R","M","R","B",null,"M","M","?","M","AVR","E","R","NM","T","M","E","R","M","?","R","B",null,"M","$","?","M","?","R","M","E","T","T","AVR","?","R","M","R_BF","B",null,"M","M","?","M","T","R","?","?","T","$","E","T","E","M","R","B",null,"M","$","M","?","AVR","R","$","R","T","?","R","M","M","M","R","B",null,"M","AVR","M","T","$","R","E","M","T","E","M","M","M","$","R","B",null,"M","?","T","$","?","R","E","?","T","E","M","M","M","M","R","B",null,"M","M","$","M","?","E","R","T","T","E","M","M","?","M","R_BF","B",null,"M","M","?","?","$","E","R","E","T","PTL","PTL","M","T","?","M","$","R","B",null,"R","$","E","B",null],"character_chosen":"THE_SILENT","items_purchased":["Footwork","Footwork+1","Blue Doll","Catalyst","Footwork+1","Juzu Bracelet","Mayhem+1","Replay:Mystery Machine","infinitespire:WardingShard","Whetstone"],"campfire_rested":6,"item_purchase_floors":[11,36,70,75,106,106,106,122,141,141],"current_hp_per_floor":[59,52,52,48,53,15,36,14,14,81,81,73,73,72,72,66,77,69,64,64,53,53,10,34,34,34,27,15,40,34,34,59,55,78,72,72,38,36,36,61,26,28,28,28,28,28,54,56,83,38,77,79,81,81,83,83,83,83,83,83,83,83,83,85,85,85,85,88,90,90,93,65,65,65,65,65,65,65,65,67,61,52,52,22,84,84,84,86,86,86,86,88,90,90,92,94,94,96,96,96,48,101,103,103,103,103,105,105,107,107,107,111,115,119,123,127,127,136,136,138,138,138,140,140,105,105,105,105,107,109,111,111,113,113,115,115,117,119,119,121,121,123,123,125,125,125,125,127,127,127,129,129,129,35,107,107,122,132,135],"gold":189,"neow_bonus":"REMOVE_CARD","is_daily":false,"chose_seed":false,"campfire_upgraded":4,"win_rate":0.0,"timestamp":1614145729,"path_taken":["M","M","$","?","?","E","R","E","T","?","$","?","R","M","R","BOSS","M","M","?","M","AVR","E","R","NM","T","M","E","R","M","?","R","BOSS","M","?","?","?","?","R","M","E","T","?","AVR","?","R","?","R_BF","BOSS","M","M","?","M","?","R","?","?","T","?","E","?","E","M","R","BOSS","M","$","?","?","AVR","R","$","R","T","?","R","M","M","M","R","BOSS","M","AVR","M","?","$","R","E","?","T","E","?","M","M","$","R","BOSS","M","?","?","$","?","R","E","?","T","E","M","M","M","M","R","BOSS","M","M","$","M","?","E","R","?","T","E","M","M","?","M","R_BF","BOSS","M","M","?","?","$","E","R","E","T","PTL","PTL","M","?","?","M","$","R","BOSS","R","$","E","BOSS"],"items_purchased_type":["Card","Card","Relic","Card","Card","Relic","Card","Relic","Relic","Relic"],"build_version":"2020-12-22","purchased_purges":5,"victory":true,"max_hp_per_floor":[66,66,66,66,71,71,71,71,71,81,81,81,81,81,81,81,81,81,81,81,81,81,81,81,86,86,86,86,86,86,86,86,86,86,86,86,86,86,86,86,86,88,88,88,88,88,88,90,90,90,90,92,94,94,96,96,96,96,87,87,87,87,87,89,89,89,89,89,91,91,93,98,98,98,98,98,98,98,98,100,102,104,104,104,104,104,104,106,106,106,106,108,110,110,112,114,114,116,116,116,118,118,120,120,120,120,122,122,124,124,124,126,128,130,132,134,134,136,136,138,138,138,140,140,105,105,105,105,107,109,111,111,113,113,115,115,117,119,119,121,121,123,123,125,125,125,125,127,127,127,129,129,129,131,131,131,131,133,135],"card_choices":[{"not_picked":["Dagger Spray","Outmaneuver"],"picked":"Crippling Poison","floor":1.0},{"not_picked":["Dagger Spray","Skewer"],"picked":"Bouncing Flask","floor":2.0},{"not_picked":["Dagger Throw","Distraction"],"picked":"ReplayTheSpireMod:Speed Training","floor":4.0},{"not_picked":["Finisher","Dodge and Roll"],"picked":"Malaise","floor":6.0},{"not_picked":["Endless Agony","Caltrops"],"picked":"Well Laid Plans","floor":8.0},{"not_picked":["Sucker Punch","Hidden Blade"],"picked":"Calculated Gamble","floor":12.0},{"not_picked":["PiercingWail","Dagger Spray"],"picked":"Prepared","floor":14.0},{"not_picked":["Doppelganger","Burst"],"picked":"Bullet Time","floor":16.0},{"not_picked":["Blade Dance","Quick Slash"],"picked":"Poisoned Stab","floor":18.0},{"not_picked":["Bane","Sucker Punch","Concentrate"],"picked":"SKIP","floor":19.0},{"not_picked":["Burst","Underhanded Strike","Bane"],"picked":"SKIP","floor":21.0},{"not_picked":["PiercingWail","Accuracy+1","Hidden Blade"],"picked":"SKIP","floor":23.0},{"not_picked":["Dagger Throw","Escape Plan","PiercingWail"],"picked":"SKIP","floor":25.0},{"not_picked":["Deflect","Poison Darts"],"picked":"Catalyst","floor":27.0},{"not_picked":["Dagger Throw","PiercingWail","Quick Slash"],"picked":"SKIP","floor":28.0},{"not_picked":["PiercingWail","Heel Hook","Flying Knee"],"picked":"SKIP","floor":30.0},{"not_picked":["Glass Knife","Bullet Time"],"picked":"Malaise","floor":33.0},{"not_picked":["Deflect","Outmaneuver","Cloak And Dagger"],"picked":"SKIP","floor":35.0},{"not_picked":["Outmaneuver","Deflect"],"picked":"PiercingWail+1","floor":37.0},{"not_picked":["Endless Agony","Deflect+1"],"picked":"Replay:Poison Smokescreen","floor":38.0},{"not_picked":["Eviscerate+1","Slice","Setup+1"],"picked":"SKIP","floor":41.0},{"not_picked":["Night Terror","Phantasmal Killer","Bane"],"picked":"Singing Bowl","floor":42.0},{"not_picked":["Flying Knee","Outmaneuver+1","Choke"],"picked":"Singing Bowl","floor":48.0},{"not_picked":["Burst","ReplayTheSpireMod:From All Sides"],"picked":"Wraith Form v2+1","floor":50.0},{"not_picked":["Dagger Throw","Outmaneuver","Dagger Spray"],"picked":"Singing Bowl","floor":52.0},{"not_picked":["Poisoned Stab","ReplayTheSpireMod:Exploit Weakness","Quick Slash"],"picked":"Singing Bowl","floor":53.0},{"not_picked":["Calculated Gamble","Poisoned Stab"],"picked":"Catalyst","floor":54.0},{"not_picked":["Blade Dance","Deflect","Replay:Poison Smokescreen"],"picked":"Singing Bowl","floor":55.0},{"not_picked":["Hidden Blade","Draining Mist"],"picked":"Caltrops+1","floor":62.0},{"not_picked":["Cloak And Dagger","Fluid Movement+1","Heel Hook"],"picked":"Singing Bowl","floor":64.0},{"not_picked":["Outmaneuver","Sucker Punch"],"picked":"Corpse Explosion","floor":65.0},{"not_picked":["Wraith Form v2+1","Corpse Explosion"],"picked":"After Image+1","floor":67.0},{"not_picked":["Calculated Gamble","Deflect","Escape Plan"],"picked":"Singing Bowl","floor":69.0},{"not_picked":["Cloak And Dagger","Acrobatics","Quick Slash"],"picked":"Singing Bowl","floor":71.0},{"not_picked":["infinitespire:SealOfDarkness+","ReplayTheSpireMod:Haul"],"picked":"infinitespire:Oblivion","floor":73.0},{"not_picked":["Blade Dance","Adrenaline","ReplayTheSpireMod:The Works"],"picked":"Singing Bowl","floor":80.0},{"not_picked":["Predator+1","Hidden Blade","Poisoned Stab"],"picked":"Singing Bowl","floor":81.0},{"not_picked":["Quick Slash+1","Infinite Blades+1","Cloak And Dagger"],"picked":"Singing Bowl","floor":82.0},{"not_picked":["Grand Finale","Die Die Die"],"picked":"After Image+1","floor":84.0},{"not_picked":["Infinite Blades+1","Hidden Blade"],"picked":"Footwork+1","floor":86.0},{"not_picked":["Flying Knee","ReplayTheSpireMod:Speed Training","Poisoned Stab"],"picked":"Singing Bowl","floor":88.0},{"not_picked":["PiercingWail","Replay:Bag of Tricks","Dash+1"],"picked":"Singing Bowl","floor":92.0},{"not_picked":["Prepared","Blade Dance","Poisoned Stab"],"picked":"Singing Bowl","floor":93.0},{"not_picked":["Cloak And Dagger","PiercingWail","Predator"],"picked":"Singing Bowl","floor":95.0},{"not_picked":["Flechettes","Bane","PiercingWail"],"picked":"Singing Bowl","floor":96.0},{"not_picked":["Hidden Blade","Dodge and Roll+1"],"picked":"Deadly Poison","floor":97.0},{"not_picked":["ReplayTheSpireMod:From All Sides","Sneak Up","Reflex"],"picked":"Singing Bowl","floor":98.0},{"not_picked":["Grand Finale","ReplayTheSpireMod:From All Sides","Bullet Time"],"picked":"Singing Bowl","floor":101.0},{"not_picked":["Bane","Backflip","Outmaneuver"],"picked":"Singing Bowl","floor":103.0},{"not_picked":["Dagger Throw","Dash","Backflip"],"picked":"Singing Bowl","floor":107.0},{"not_picked":["Doppelganger","Quick Slash","Choke"],"picked":"Singing Bowl","floor":109.0},{"not_picked":["Backflip","Quick Slash","Hidden Blade"],"picked":"Singing Bowl","floor":112.0},{"not_picked":["Backflip","Deadly Poison","Bouncing Flask"],"picked":"Singing Bowl","floor":113.0},{"not_picked":["Quick Slash","Tactician","Eviscerate"],"picked":"Singing Bowl","floor":114.0},{"not_picked":["Bane","Backstab","Slice"],"picked":"Singing Bowl","floor":115.0},{"not_picked":["Skewer","Acrobatics","Sucker Punch"],"picked":"Singing Bowl","floor":116.0},{"not_picked":["Glass Knife","Storm of Steel","Poison Darts"],"picked":"Singing Bowl","floor":118.0},{"not_picked":["Prepared+1","Poisoned Stab","Cloak And Dagger"],"picked":"Singing Bowl","floor":120.0},{"not_picked":["Cloak And Dagger","ReplayTheSpireMod:Shiv Toss"],"picked":"Footwork+1","floor":121.0},{"not_picked":["Sneak Up+1","Venomology","Backflip"],"picked":"Singing Bowl","floor":123.0},{"not_picked":["Deflect","Toxin Wave"],"picked":"Envenom+1","floor":125.0},{"not_picked":["Deflect","Hidden Blade","Deadly Poison"],"picked":"Singing Bowl","floor":129.0},{"not_picked":["Dodge and Roll","Blade Dance","Cloak And Dagger+1"],"picked":"Singing Bowl","floor":130.0},{"not_picked":["Calculated Gamble","Expertise","Underhanded Strike"],"picked":"Singing Bowl","floor":131.0},{"not_picked":["Deadly Poison","Underhanded Strike","ReplayTheSpireMod:Shiv Toss+1"],"picked":"Singing Bowl","floor":133.0},{"not_picked":["Glass Knife","Burst","Doppelganger"],"picked":"Singing Bowl","floor":135.0},{"not_picked":["Outmaneuver"],"picked":"Singing Bowl","floor":137.0},{"not_picked":["PiercingWail"],"picked":"Singing Bowl","floor":138.0},{"not_picked":["Dramatic Entrance"],"picked":"Singing Bowl","floor":140.0},{"not_picked":["Deflect"],"picked":"Singing Bowl","floor":142.0},{"not_picked":["Skewer"],"picked":"Singing Bowl","floor":144.0},{"not_picked":["Bane"],"picked":"Singing Bowl","floor":148.0},{"not_picked":["Acrobatics"],"picked":"Singing Bowl","floor":151.0},{"not_picked":["Malaise"],"picked":"Singing Bowl","floor":154},{"not_picked":["Hidden Blade"],"picked":"Singing Bowl","floor":158},{"not_picked":["Atom Bomb"],"picked":"Singing Bowl","floor":159}],"player_experience":1041087,"relics_obtained":[{"floor":6.0,"key":"Shuriken"},{"floor":8.0,"key":"ReplayTheSpireMod:TigerMarble"},{"floor":9.0,"key":"Lantern"},{"floor":23.0,"key":"Frozen Egg 2"},{"floor":23.0,"key":"Replay:Bottled Steam"},{"floor":25.0,"key":"Mummified Hand"},{"floor":25.0,"key":"Durian"},{"floor":26.0,"key":"Gremlin Horn"},{"floor":28.0,"key":"Paper Crane"},{"floor":28.0,"key":"Replay:Rubber Ducky"},{"floor":37.0,"key":"infinitespire:EmpoweringShard"},{"floor":42.0,"key":"Garlic"},{"floor":42.0,"key":"Singing Bowl"},{"floor":43.0,"key":"Darkstone Periapt"},{"floor":44.0,"key":"Tiny Chest"},{"floor":54.0,"key":"Quantum Egg"},{"floor":56.0,"key":"infinitespire:CheckeredPen"},{"floor":60.0,"key":"Vajra"},{"floor":62.0,"key":"infinitespire:Satchel"},{"floor":62.0,"key":"Orichalcum"},{"floor":63.0,"key":"Replay:Baseball"},{"floor":64.0,"key":"PreservedInsect"},{"floor":64.0,"key":"Happy Flower"},{"floor":77.0,"key":"MawBank"},{"floor":89.0,"key":"Grinning Jar"},{"floor":92.0,"key":"ReplayTheSpireMod:Lightbulb"},{"floor":92.0,"key":"Simple Rune"},{"floor":94.0,"key":"Replay:Bandana"},{"floor":95.0,"key":"Snake Skull"},{"floor":95.0,"key":"Gremlin Food"},{"floor":105.0,"key":"infinitespire:BottledMercury"},{"floor":107.0,"key":"Odd Mushroom"},{"floor":109.0,"key":"Bag of Marbles"},{"floor":109.0,"key":"Blood Vial"},{"floor":112.0,"key":"Bag of Preparation"},{"floor":112.0,"key":"TungstenRod"},{"floor":125.0,"key":"infinitespire:Lychee Nut"},{"floor":125.0,"key":"Divine Protection"},{"floor":127.0,"key":"MealTicket"},{"floor":128.0,"key":"ReplayTheSpireMod:Ninjato"},{"floor":129.0,"key":"ReplayFunnel"},{"floor":129.0,"key":"Bottled Tornado"},{"floor":134.0,"key":"StrikeDummy"},{"floor":142.0,"key":"Replay:Wax Seal"},{"floor":142.0,"key":"infinitespire:Lucky Rock"},{"floor":144.0,"key":"Regal Pillow"},{"floor":144.0,"key":"Ancient Tea Set"},{"floor":145.0,"key":"Bronze Scales"},{"floor":149.0,"key":"infinitespire:Beetle Shell"},{"floor":155,"key":"Pet Ghost"},{"floor":155,"key":"infinitespire:FocusingShard"},{"floor":155,"key":"FossilizedHelix"},{"floor":158,"key":"Toy Ornithopter"},{"floor":158,"key":"War Paint"}],"event_choices":[{"damage_healed":0.0,"max_hp_gain":5.0,"max_hp_loss":0.0,"gold_gain":0.0,"event_name":"Big Fish","player_choice":"Donut","floor":5.0,"gold_loss":0.0,"damage_taken":0.0},{"cards_removed":["Malaise"],"damage_healed":57.0,"max_hp_gain":10.0,"max_hp_loss":0.0,"gold_gain":0.0,"event_name":"Bonfire Elementals","player_choice":"Offered Rare","floor":10.0,"gold_loss":0.0,"damage_taken":0.0},{"damage_healed":0.0,"max_hp_gain":0.0,"max_hp_loss":0.0,"gold_gain":0.0,"event_name":"Cursed Tome","player_choice":"Ignored","floor":20.0,"gold_loss":0.0,"damage_taken":0.0},{"damage_healed":0.0,"max_hp_gain":0.0,"max_hp_loss":0.0,"gold_gain":0.0,"event_name":"The Woman in Blue","player_choice":"Bought 1 Potion","floor":31.0,"gold_loss":0.0,"damage_taken":0.0},{"damage_healed":0.0,"max_hp_gain":0.0,"max_hp_loss":0.0,"gold_gain":0.0,"event_name":"Tomb of Lord Red Mask","player_choice":"Paid","floor":39.0,"gold_loss":157.0,"damage_taken":0.0,"relics_obtained":["Red Mask"]},{"damage_healed":0.0,"max_hp_gain":0.0,"max_hp_loss":0.0,"gold_gain":0.0,"event_name":"Mysterious Sphere","player_choice":"Ignored","floor":46.0,"gold_loss":0.0,"damage_taken":0.0},{"damage_healed":0.0,"max_hp_gain":0.0,"max_hp_loss":0.0,"gold_gain":0.0,"event_name":"Dead Adventurer","player_choice":"Searched \u00271\u0027 times","floor":54.0,"gold_loss":0.0,"damage_taken":0.0},{"damage_healed":0.0,"max_hp_gain":0.0,"max_hp_loss":9.0,"gold_gain":0.0,"event_name":"Golden Idol","player_choice":"Lose Max HP","floor":59.0,"gold_loss":0.0,"damage_taken":0.0,"relics_obtained":["Golden Idol"]},{"damage_healed":0.0,"max_hp_gain":5.0,"max_hp_loss":0.0,"gold_gain":0.0,"event_name":"Forgotten Altar","player_choice":"Shed Blood","floor":72.0,"gold_loss":0.0,"damage_taken":33.0},{"damage_healed":0.0,"max_hp_gain":0.0,"max_hp_loss":0.0,"gold_gain":0.0,"event_name":"Beggar","player_choice":"Ignored","floor":78.0,"gold_loss":0.0,"damage_taken":0.0},{"damage_healed":0.0,"max_hp_gain":0.0,"max_hp_loss":0.0,"gold_gain":0.0,"event_name":"Mushrooms","player_choice":"Fought Mushrooms","floor":107.0,"gold_loss":0.0,"damage_taken":0.0},{"damage_healed":0.0,"max_hp_gain":0.0,"max_hp_loss":0.0,"gold_gain":0.0,"event_name":"FaceTrader","player_choice":"Trade","floor":110.0,"gold_loss":0.0,"damage_taken":0.0,"relics_obtained":["NlothsMask"]},{"damage_healed":0.0,"max_hp_gain":0.0,"max_hp_loss":0.0,"gold_gain":0.0,"event_name":"Drug Dealer","player_choice":"Inject Mutagens","floor":124.0,"gold_loss":0.0,"damage_taken":0.0,"relics_obtained":["MutagenicStrength"]},{"damage_healed":0.0,"max_hp_gain":0.0,"max_hp_loss":0.0,"gold_gain":0.0,"event_name":"Upgrade Shrine","player_choice":"Upgraded","floor":132.0,"gold_loss":0.0,"damage_taken":0.0,"cards_upgraded":["Catalyst"]},{"damage_healed":0.0,"max_hp_gain":0.0,"max_hp_loss":0.0,"gold_gain":0.0,"event_name":"SensoryStone","player_choice":"Memory 1","floor":140.0,"gold_loss":0.0,"damage_taken":0.0},{"damage_healed":0.0,"max_hp_gain":0.0,"max_hp_loss":0.0,"gold_gain":0.0,"event_name":"The Moai Head","player_choice":"Ignored","floor":150.0,"gold_loss":0.0,"damage_taken":0.0}],"is_beta":false,"boss_relics":[{"not_picked":["Astrolabe","Calling Bell"],"picked":"Black Star"},{"not_picked":["SacredBark","Ring of Chaos"],"picked":"Snecko Heart"},{"not_picked":["SlaversCollar","Honey Jar"],"picked":"Coffee Dripper"},{"not_picked":["Tiny House","Ring of Chaos"],"picked":"Fusion Hammer"},{"not_picked":["Velvet Choker","Painkiller Herb"],"picked":"SacredBark"},{"not_picked":["Empty Cage","ReplayTheSpireMod:SealedPack"],"picked":"Abe\u0027s Treasure"},{"not_picked":["SlaversCollar","ReplayTheSpireMod:SealedPack"],"picked":"Empty Cage"},{"not_picked":["Ring of Chaos","Pandora\u0027s Box"],"picked":"Busted Crown"},{"not_picked":["Tiny House","Snecko Scales"],"picked":"Replay:Grab Bag"},{"not_picked":["Replay:Wanted Poster","ChewingGum"],"picked":"Philosopher\u0027s Stone"},{"not_picked":["Runic Dome","Sozu"],"picked":"infinitespire:Cupcake"},{"not_picked":["WristBlade","Runic Pyramid"],"picked":"Calling Bell"}],"items_purged_floors":[3,11,22,36,45],"is_endless":true,"potions_floor_spawned":[8,12,16,18,19,28,30,38,48,50,53,67,69,80,81,88,93,97,101,112,114,115,118,120,125,133,151,154],"ascension_level":17}}