{"host":"kig4ty9d1aubg29s","time":1614129401,"event":{"mods":["BaseMod","Minty Spire (QoL Compilation)","READ ME - Guardian Mod","READ ME - Snecko Mod","StSLib","The Cursed","The Gatherer","The Hierophant","The Runesmith"],"gold_per_floor":[117,130,148,165,240,240,256,256,304,314,314,348,125,135,135,135,135],"floor_reached":16,"language":"KOR","playtime":479,"items_purged":[],"score":198,"play_id":"203b2cac-6386-4aab-b90e-81dc5da7ba11","local_time":"20210224101641","is_ascension_mode":true,"campfire_choices":[{"floor":6,"key":"REST"},{"data":"Dagger Spray","floor":8,"key":"SMITH"},{"floor":15,"key":"REST"}],"circlet_count":0,"master_deck":["AscendersBane","Strike_G","Strike_G","Strike_G","Strike_G","Strike_G","Defend_G","Defend_G","Defend_G","Defend_G","Defend_G","Survivor","Neutralize","Dagger Spray+1","Dagger Throw","Escape Plan","Predator+1","Cloak And Dagger","Slice","Slice","Noxious Fumes"],"relics":["Ring of the Snake","Pen Nib","Toy Ornithopter","The Courier","Eternal Feather"],"acts_visited":["Exordium"],"potions_floor_usage":[4,4],"damage_taken":[{"damage":5,"enemies":"Cultist","floor":1,"turns":5},{"damage":1,"enemies":"Small Slimes","floor":2,"turns":3},{"damage":0,"enemies":"2 Louse","floor":3,"turns":2},{"damage":6,"enemies":"Red Slaver","floor":4,"turns":3},{"damage":4,"enemies":"Blue Slaver","floor":7,"turns":4},{"damage":0,"enemies":"Exordium Wildlife","floor":10,"turns":2},{"damage":38,"enemies":"Lagavulin","floor":12,"turns":6},{"damage":1,"enemies":"3 Louse","floor":14,"turns":3},{"damage":44,"enemies":"The Guardian","floor":16,"turns":8}],"seed_played":"-8124553089480536140","potions_obtained":[{"floor":1,"key":"Strength Potion"},{"floor":3,"key":"GamblersBrew"},{"floor":12,"key":"Explosive Potion"}],"is_trial":false,"path_per_floor":["M","M","M","M","?","R","M","R","T","M","?","E","$","M","R","B"],"character_chosen":"THE_SILENT","items_purchased":["Eternal Feather"],"campfire_rested":2,"item_purchase_floors":[13],"current_hp_per_floor":[54,53,53,47,36,55,51,51,51,51,51,13,13,12,43,0,0],"gold":135,"neow_bonus":"RANDOM_COMMON_RELIC","is_daily":false,"chose_seed":false,"campfire_upgraded":1,"win_rate":0.0,"timestamp":1614129401,"path_taken":["M","M","?","M","?","R","M","R","T","M","?","E","$","M","R","BOSS"],"items_purchased_type":["Relic"],"build_version":"2020-12-22","purchased_purges":0,"victory":false,"max_hp_per_floor":[66,66,66,66,66,66,66,66,66,66,66,66,66,66,66,66,66],"card_choices":[{"not_picked":["Predator","Blur"],"picked":"Dagger Spray","floor":1},{"not_picked":["Acrobatics","Outmaneuver"],"picked":"Dagger Throw","floor":2},{"not_picked":["Cloak And Dagger","Eviscerate"],"picked":"Escape Plan","floor":3},{"not_picked":["Prepared","Quick Slash"],"picked":"Predator","floor":4},{"not_picked":["Backflip","Escape Plan"],"picked":"Cloak And Dagger","floor":7},{"not_picked":["Outmaneuver","Flechettes"],"picked":"Slice","floor":10},{"not_picked":["Dagger Throw","Night Terror"],"picked":"Slice","floor":12},{"not_picked":["Cloak And Dagger","Eviscerate"],"picked":"Noxious Fumes","floor":14}],"player_experience":2016973,"relics_obtained":[{"floor":9,"key":"Toy Ornithopter"},{"floor":12,"key":"The Courier"}],"event_choices":[{"damage_healed":0,"gold_gain":75,"player_choice":"Gather Gold","damage_taken":11,"max_hp_gain":0,"max_hp_loss":0,"event_name":"World of Goop","floor":5,"gold_loss":0},{"damage_healed":0,"gold_gain":0,"player_choice":"Upgraded","damage_taken":0,"max_hp_gain":0,"max_hp_loss":0,"event_name":"Upgrade Shrine","floor":11,"gold_loss":0,"cards_upgraded":["Predator"]}],"is_beta":false,"boss_relics":[],"items_purged_floors":[],"is_endless":false,"potions_floor_spawned":[1,3,12],"killed_by":"The Guardian","ascension_level":18}}