{"host":"sgdhw3pdkzxa44vc","time":1614132279,"event":{"mods":["BaseMod","Bestiary","Colored Map","Highlight Path","Minty Spire (QoL Compilation)","Relic Stats"],"gold_per_floor":[212,212,230,243,243,273,273,307,307,307,307],"floor_reached":10,"language":"ENG","playtime":290,"items_purged":[],"score":87,"play_id":"1f08c0e7-c451-45fc-8588-d6863a0364f8","local_time":"20210224040439","is_ascension_mode":true,"campfire_choices":[{"floor":7,"key":"REST"}],"circlet_count":0,"master_deck":["Strike_B","Strike_B","Strike_B","Strike_B","Defend_B","Defend_B","Defend_B","Defend_B+1","Zap+1","Dualcast","Ball Lightning","Defragment","Streamline","Melter","Chaos"],"relics":["Cracked Core","Bronze Scales","Question Card","Sundial","Frozen Egg 2"],"acts_visited":["Exordium"],"potions_floor_usage":[6,8],"damage_taken":[{"damage":2,"enemies":"Jaw Worm","floor":1,"turns":3},{"damage":0,"enemies":"2 Louse","floor":3,"turns":2},{"damage":1,"enemies":"Cultist","floor":4,"turns":3},{"damage":27,"enemies":"3 Sentries","floor":6,"turns":6},{"damage":17,"enemies":"Lagavulin","floor":8,"turns":6},{"damage":18,"enemies":"Gremlin Nob","floor":10,"turns":2}],"seed_played":"-2862009466459463455","potions_obtained":[{"floor":1,"key":"LiquidBronze"},{"floor":6,"key":"Weak Potion"}],"is_trial":false,"path_per_floor":["M","?","M","M","?","E","R","E","T","E"],"character_chosen":"DEFECT","items_purchased":[],"campfire_rested":1,"item_purchase_floors":[],"current_hp_per_floor":[73,58,58,57,39,12,34,17,17,0,0],"gold":307,"neow_bonus":"HUNDRED_GOLD","is_daily":false,"chose_seed":false,"campfire_upgraded":0,"win_rate":0.0,"timestamp":1614132279,"path_taken":["M","?","M","M","?","E","R","E","T","E"],"items_purchased_type":[],"build_version":"2020-12-22","purchased_purges":0,"victory":false,"max_hp_per_floor":[75,75,75,75,75,75,75,75,75,75,75],"relic_stats":{"counters":[6,22],"Sundial":[0],"Bronze Scales":[24],"Question Card":1,"obtain_stats":[{"Sundial":8,"Bronze Scales":5,"Frozen Egg 2":9,"Cracked Core":0,"Question Card":6},{"Sundial":5,"Bronze Scales":3,"Frozen Egg 2":5,"Cracked Core":0,"Question Card":4},{"Sundial":20,"Bronze Scales":8,"Frozen Egg 2":20,"Cracked Core":0,"Question Card":14}]},"card_choices":[{"not_picked":["Steam Power","Hologram"],"picked":"Ball Lightning","floor":1},{"not_picked":["Rebound","Gash"],"picked":"Defragment","floor":3},{"not_picked":["Beam Cell","Steam"],"picked":"Streamline","floor":4},{"not_picked":["Reboot","FTL"],"picked":"Melter","floor":6},{"not_picked":["Rip and Tear","Barrage","Blizzard"],"picked":"Chaos","floor":8}],"player_experience":570617,"relics_obtained":[{"floor":6,"key":"Question Card"},{"floor":8,"key":"Sundial"},{"floor":9,"key":"Frozen Egg 2"}],"event_choices":[{"damage_healed":0,"gold_gain":0,"player_choice":"Entered Light","damage_taken":15,"max_hp_gain":0,"max_hp_loss":0,"event_name":"Shining Light","floor":2,"gold_loss":0,"cards_upgraded":["Defend_B","Zap"]},{"damage_healed":0,"gold_gain":0,"player_choice":"Success","damage_taken":18,"relics_obtained":["Bronze Scales"],"max_hp_gain":0,"max_hp_loss":0,"event_name":"Scrap Ooze","floor":5,"gold_loss":0}],"is_beta":false,"boss_relics":[],"items_purged_floors":[],"is_endless":false,"potions_floor_spawned":[1,6],"killed_by":"Gremlin Nob","ascension_level":3}}