{"host":"z8n47vy4vaymw9pl","time":1614172086,"event":{"mods":["2.2 Compatiblity","Act Like it!","Always Whale","BaseMod","Better Altar","Better Match","Better Note","Better Sensory Stone","Better Skull","Better Third Choice","Colored Map","Colored Powertips","Defuse TimeMaze Blight","Downfall","Energized Spire","Hubris","Lobotomy","LobotomyExtend","Minty Spire (QoL Compilation)","Reliquary","Replay The Spire","Robot Space Explorer","Shapeshifter Mod","Spire Arcade","StSLib","The Blue Laboratory","The Construct","TheSurvivalist","Unceasing Turn Reminder","Wandering Minibosses"],"gold_per_floor":[218,218,233,233,248,248,281,135,135,149,224,224,29,46,46,46,46],"floor_reached":16,"language":"ENG","playtime":784,"items_purged":["Regret"],"score":100,"play_id":"8222d6df-1580-43fd-9b53-62c2a5452ff4","local_time":"20210224050806","is_ascension_mode":false,"campfire_choices":[{"floor":6,"key":"DIG"},{"data":"StSShapeShifter:Ensconce","floor":12,"key":"SMITH"},{"data":"StSShapeShifter:Summer","floor":15,"key":"SMITH"}],"circlet_count":0,"master_deck":["StSShapeShifter:ShapeShifter_Strike","StSShapeShifter:ShapeShifter_Strike","StSShapeShifter:ShapeShifter_Strike","StSShapeShifter:ShapeShifter_Strike","StSShapeShifter:ShapeShifter_Defend","StSShapeShifter:ShapeShifter_Defend","StSShapeShifter:ShapeShifter_Defend","StSShapeShifter:ShapeShifter_Defend","StSShapeShifter:ShapeShifter_Defend","StSShapeShifter:Tortoise_Form","StSShapeShifter:Lynx_Form","StSShapeShifter:BurstingSpore+1","StSShapeShifter:ShiftingStrike","StSShapeShifter:Summer+1","StSShapeShifter:IntimidatingAura","StSShapeShifter:Ensconce+1","StSShapeShifter:PorcupineForm","StSShapeShifter:BladeOfGrass"],"relics":["StSShapeShifter:AnimalHeart","StSShapeShifter:TheShapeShiftersMagnolia","LetterFromLob","Shovel","Turnip","Simple Rune","Replay:Bottled Eggs","Omamori"],"acts_visited":["Exordium"],"potions_floor_usage":[7,16,16],"damage_taken":[{"damage":2,"enemies":"Small Slimes","floor":1,"turns":3},{"damage":0,"enemies":"Cultist","floor":3,"turns":3},{"damage":2,"enemies":"Jaw Worm","floor":5,"turns":3},{"damage":22,"enemies":"3 Sentries","floor":7,"turns":9},{"damage":19,"enemies":"Red Slaver","floor":10,"turns":5},{"damage":2,"enemies":"Gremlin Gang","floor":14,"turns":2},{"damage":23,"enemies":"Hexaghost","floor":16,"turns":9}],"seed_played":"-3892176128164928672","potions_obtained":[{"floor":3,"key":"blueLaboratory:LouseDecoction"},{"floor":5,"key":"blueLaboratory:ArtificerPotion"},{"floor":10,"key":"ColorlessPotion"},{"floor":14,"key":"blueLaboratory:RecallPotion"}],"is_trial":false,"path_per_floor":["M","?","M","?","M","R","E","$","T","M","?","R","$","M","R","B"],"character_chosen":"SHAPESHIFTER","items_purchased":["StSShapeShifter:Ensconce","Omamori","StSShapeShifter:BladeOfGrass"],"campfire_rested":0,"item_purchase_floors":[8,13,13],"current_hp_per_floor":[76,76,76,76,74,74,52,52,52,33,22,22,22,20,20,0,0],"gold":46,"neow_bonus":"HUNDRED_GOLD","is_daily":false,"chose_seed":false,"campfire_upgraded":2,"win_rate":0.0,"timestamp":1614172086,"path_taken":["M","?","?","?","M","R","E","$","T","M","?","R","$","?","R","BOSS"],"items_purchased_type":["Card","Relic","Card"],"build_version":"2020-12-22","purchased_purges":1,"victory":false,"max_hp_per_floor":[78,78,78,78,78,78,78,78,78,78,78,78,78,78,78,78,78],"card_choices":[{"not_picked":["StSShapeShifter:BarkSkin","StSShapeShifter:ShiftingStrike"],"picked":"StSShapeShifter:BurstingSpore","floor":1},{"not_picked":["StSShapeShifter:DeerForm","StSShapeShifter:TopazSkin"],"picked":"StSShapeShifter:ShiftingStrike","floor":3},{"not_picked":["StSShapeShifter:FesteringBite","StSShapeShifter:BurstingSpore"],"picked":"StSShapeShifter:Summer","floor":5},{"not_picked":["StSShapeShifter:DiverseSpirit","StSShapeShifter:OpportuneSwoop"],"picked":"StSShapeShifter:IntimidatingAura","floor":7},{"not_picked":["StSShapeShifter:BearForm","StSShapeShifter:BulwarkOfDiscovery"],"picked":"StSShapeShifter:PorcupineForm","floor":10},{"not_picked":["StSShapeShifter:SpiritOfTheEarth","StSShapeShifter:Hunt","StSShapeShifter:MonkeyForm"],"picked":"SKIP","floor":14}],"player_experience":706646,"relics_obtained":[{"floor":1,"key":"LetterFromLob"},{"floor":6,"key":"Turnip"},{"floor":7,"key":"Simple Rune"},{"floor":9,"key":"Replay:Bottled Eggs"}],"event_choices":[{"cards_removed":["StSShapeShifter:ShapeShifter_Strike"],"damage_healed":0,"gold_gain":0,"player_choice":"Offered Basic","damage_taken":0,"max_hp_gain":0,"max_hp_loss":0,"event_name":"Bonfire Elementals","floor":2,"gold_loss":0},{"damage_healed":0,"gold_gain":0,"player_choice":"Box","damage_taken":0,"relics_obtained":["Shovel"],"max_hp_gain":0,"max_hp_loss":0,"event_name":"Big Fish","floor":4,"gold_loss":0,"cards_obtained":["Regret"]},{"damage_healed":0,"gold_gain":75,"player_choice":"Gold","damage_taken":11,"max_hp_gain":0,"max_hp_loss":0,"event_name":"betterThird:BetterGoop","floor":11,"gold_loss":0}],"is_beta":false,"boss_relics":[],"items_purged_floors":[8],"is_endless":false,"potions_floor_spawned":[3,5,10,14],"killed_by":"Hexaghost","ascension_level":0}}