{"host":"121m0oxswv9tg9hk","time":1614125632,"event":{"mods":["BaseMod","Better Altar","Better Third Choice","Hubris","Ironclad Rager","MarisaÅiñ∂âJÅ@ñÇóùçπÅj","Minty Spire (QoL Compilation)","Replay The Spire","StSLib","The Cursed","The Gatherer","The Hierophant"],"gold_per_floor":[118,118,171,71,71,103,103,138,164,178,178,199,199,239,239,317,317,324,224,180,16,28,28,43,63,86,98,98,98,98,115,115,215,215,233,246,246,247,247,279,279,294,320,333,333,324,324,343,343,343,343,343,188,220,220],"floor_reached":56,"language":"ENG","playtime":3961,"items_purged":["hierophant:Punish","hierophant:Strike_Hierophant","hierophant:Strike_Hierophant"],"score":1711,"play_id":"210128cb-7cd5-426c-aad7-10c6a2a24fdc","local_time":"20210224011352","is_ascension_mode":true,"campfire_choices":[{"data":"hierophant:HolyVerse","floor":7,"key":"SMITH"},{"data":"hierophant:Repentance","floor":11,"key":"SMITH"},{"data":"hierophant:ChurchCoffers","floor":15,"key":"SMITH"},{"data":"hierophant:Exaltation","floor":23,"key":"SMITH"},{"floor":28,"key":"REST"},{"data":"hierophant:Shelter","floor":32,"key":"SMITH"},{"floor":41,"key":"RECALL"},{"data":"hierophant:ArchangelShield","floor":47,"key":"SMITH"},{"data":"hierophant:Determination","floor":49,"key":"SMITH"},{"data":"hierophant:Community","floor":52,"key":"SMITH"}],"circlet_count":0,"master_deck":["hierophant:ChurchCoffers+1","hierophant:HolyVerse+1","hierophant:PassingBell+1","hierophant:FieryStrike","hierophant:Repentance+1","hierophant:Community+1","hierophant:Exaltation+1","hierophant:Encroach+1","hierophant:Shelter+1","hierophant:Determination+1","hierophant:ArchangelShield+1","Madness","Madness"],"relics":["hierophant:PropheticMaskRelic","NeowsBlessing","Akabeko","hubris:Icosahedron","Matryoshka","Meat on the Bone","Omamori","Pen Nib","Replay:Baseball","SlaversCollar","Orichalcum","Anchor","Bag of Preparation","Kintsugi","Potion Belt","Turnip","Cauldron","hubris:ToyBattleship"],"acts_visited":["Exordium","TheCity","TheBeyond","TheEnding"],"potions_floor_usage":[16,24,25,55,55,55,55,55],"damage_taken":[{"damage":0,"enemies":"2 Louse","floor":1,"turns":1},{"damage":0,"enemies":"Gremlin Nob","floor":6,"turns":1},{"damage":0,"enemies":"Lagavulin","floor":8,"turns":1},{"damage":0,"enemies":"Jaw Worm","floor":10,"turns":1},{"damage":15,"enemies":"3 Sentries","floor":12,"turns":5},{"damage":0,"enemies":"Small Slimes","floor":14,"turns":1},{"damage":26,"enemies":"Hexaghost","floor":16,"turns":8},{"damage":3,"enemies":"3 Byrds","floor":18,"turns":3},{"damage":24,"enemies":"2 Thieves","floor":20,"turns":3},{"damage":14,"enemies":"Snake Plant","floor":22,"turns":3},{"damage":11,"enemies":"Gremlin Leader","floor":24,"turns":4},{"damage":14,"enemies":"Cultist and Chosen","floor":25,"turns":6},{"damage":0,"enemies":"Snecko","floor":27,"turns":3},{"damage":0,"enemies":"Chosen and Byrds","floor":31,"turns":3},{"damage":0,"enemies":"Champ","floor":33,"turns":6},{"damage":0,"enemies":"3 Shapes","floor":35,"turns":2},{"damage":0,"enemies":"Orb Walker","floor":36,"turns":2},{"damage":20,"enemies":"Transient","floor":38,"turns":5},{"damage":0,"enemies":"Reptomancer","floor":40,"turns":4},{"damage":18,"enemies":"R_Hoarder","floor":42,"turns":10},{"damage":5,"enemies":"Jaw Worm Horde","floor":44,"turns":2},{"damage":0,"enemies":"Sphere and 2 Shapes","floor":46,"turns":3},{"damage":0,"enemies":"Spire Growth","floor":48,"turns":4},{"damage":1,"enemies":"Donu and Deca","floor":50,"turns":5},{"damage":6,"enemies":"Shield and Spear","floor":54,"turns":4},{"damage":2,"enemies":"The Heart","floor":55,"turns":6}],"seed_played":"25416768239496916","potions_obtained":[{"floor":6,"key":"Fire Potion"},{"floor":14,"key":"SpeedPotion"},{"floor":16,"key":"Strength Potion"},{"floor":22,"key":"Fire Potion"},{"floor":24,"key":"ColorlessPotion"},{"floor":33,"key":"EssenceOfSteel"},{"floor":36,"key":"Dexterity Potion"},{"floor":38,"key":"LiquidBronze"},{"floor":44,"key":"Strength Potion"},{"floor":48,"key":"PowerPotion"},{"floor":53,"key":"Elixir"},{"floor":53,"key":"LiquidMemories"}],"is_trial":false,"path_per_floor":["M","?","T","$","?","E","R","E","T","M","R","E","?","M","R","B",null,"M","$","M","$","M","R","E","M","T","M","R","$","?","M","R","B",null,"M","M","?","M","?","E","R","E","T","M","$","M","R","M","R","B",null,"R","$","E","B",null],"character_chosen":"HIEROPHANT","items_purchased":["hierophant:PassingBell","hierophant:Encroach+1","Cauldron"],"campfire_rested":1,"item_purchase_floors":[4,21,53],"current_hp_per_floor":[75,75,75,75,75,75,75,75,75,75,75,60,60,60,60,46,75,72,72,48,48,46,46,47,45,45,45,67,67,67,67,67,67,75,75,75,75,55,46,75,75,75,75,75,75,75,75,75,75,75,75,75,75,75,75],"gold":220,"neow_bonus":"THREE_ENEMY_KILL","is_daily":false,"chose_seed":false,"campfire_upgraded":8,"win_rate":0.0,"timestamp":1614125632,"path_taken":["M","?","?","$","?","E","R","E","T","M","R","E","?","?","R","BOSS","M","$","M","$","M","R","E","M","T","M","R","$","?","M","R","BOSS","M","M","?","M","?","E","R","E","T","M","$","M","R","M","R","BOSS","R","$","E","BOSS"],"items_purchased_type":["Card","Card","Relic"],"build_version":"2020-12-22","purchased_purges":3,"victory":true,"max_hp_per_floor":[75,75,75,75,75,75,75,75,75,75,75,75,75,75,75,75,75,75,75,75,75,75,75,75,75,75,75,75,75,75,75,75,75,75,75,75,75,75,75,75,75,75,75,75,75,75,75,75,75,75,75,75,75,75,75],"card_choices":[{"not_picked":["hierophant:EyeForCoin","hierophant:Sermon"],"picked":"hierophant:HolyVerse","floor":1},{"not_picked":["hierophant:AuricBeam","hierophant:Zeal"],"picked":"hierophant:FieryStrike","floor":6},{"not_picked":["hierophant:Encroach","hierophant:Mercenaries","hierophant:Doubloon"],"picked":"SKIP","floor":8},{"not_picked":["hierophant:SealAway","hierophant:Doubloon"],"picked":"hierophant:Repentance","floor":10},{"not_picked":["hierophant:Chorus","hierophant:Doomsaying","hierophant:HolyVerse"],"picked":"SKIP","floor":12},{"not_picked":["hierophant:Flagellation","hierophant:Remorse"],"picked":"hierophant:Community","floor":14},{"not_picked":["hierophant:Remorse","hierophant:CursedGold","hierophant:Zeal"],"picked":"SKIP","floor":18},{"not_picked":["hierophant:RepressedViolence","hierophant:Embezzle"],"picked":"hierophant:Exaltation","floor":20},{"not_picked":["hierophant:Bribe","hierophant:Purify","hierophant:Sermon"],"picked":"SKIP","floor":22},{"not_picked":["hierophant:Repentance","hierophant:SecretStash","hierophant:EyeForCoin"],"picked":"SKIP","floor":24},{"not_picked":["hierophant:FaithHealing+1","hierophant:DisplayOfPower"],"picked":"hierophant:Shelter","floor":25},{"not_picked":["hierophant:RepressedViolence","hierophant:Remorse","hierophant:FaithHealing"],"picked":"SKIP","floor":27},{"not_picked":["hierophant:MorningPrayer","hierophant:Repentance","hierophant:Alms"],"picked":"SKIP","floor":31},{"not_picked":["hierophant:DivineIntervention","hierophant:AuricForm"],"picked":"hierophant:Determination","floor":33},{"not_picked":["hierophant:Remorse","hierophant:Encroach"],"picked":"hierophant:ArchangelShield","floor":35},{"not_picked":["hierophant:OrnateBuckler+1","hierophant:RepressedViolence+1","hierophant:ThreeLashes"],"picked":"SKIP","floor":36},{"not_picked":["hierophant:Remorse+1","hierophant:ThreeLashes","hierophant:Zeal+1"],"picked":"SKIP","floor":38},{"not_picked":["hierophant:EyeForCoin","hierophant:Encroach","hierophant:FlamingChariot+1"],"picked":"SKIP","floor":40},{"not_picked":["hierophant:Mercenaries+1","hierophant:DeathKnell","hierophant:Community+1"],"picked":"SKIP","floor":42},{"not_picked":["hierophant:Smite+1","hierophant:Remorse+1","hierophant:Glossolalia"],"picked":"SKIP","floor":44},{"not_picked":["hierophant:FlamingChariot+1","hierophant:HolyVerse+1","hierophant:PassingBell"],"picked":"SKIP","floor":46},{"not_picked":["hierophant:ConvertCurrency","hierophant:Repentance+1","hierophant:Remorse+1"],"picked":"SKIP","floor":48},{"not_picked":["hierophant:Endure","hierophant:RustyCrate+1","hierophant:Doomsaying"],"picked":"SKIP","floor":54}],"player_experience":2485874,"relics_obtained":[{"floor":3,"key":"Akabeko"},{"floor":6,"key":"Matryoshka"},{"floor":8,"key":"Meat on the Bone"},{"floor":9,"key":"Omamori"},{"floor":9,"key":"Pen Nib"},{"floor":12,"key":"Replay:Baseball"},{"floor":24,"key":"Orichalcum"},{"floor":26,"key":"Anchor"},{"floor":26,"key":"Bag of Preparation"},{"floor":40,"key":"Potion Belt"},{"floor":42,"key":"Turnip"},{"floor":54,"key":"hubris:ToyBattleship"}],"event_choices":[{"damage_healed":0,"gold_gain":0,"player_choice":"Ignored","damage_taken":118,"max_hp_gain":0,"max_hp_loss":0,"event_name":"betterThird:BetterSerpent","floor":2,"gold_loss":0},{"cards_removed":["hierophant:Strike_Hierophant"],"damage_healed":0,"gold_gain":0,"player_choice":"Forget","damage_taken":0,"max_hp_gain":0,"max_hp_loss":0,"event_name":"Living Wall","floor":13,"gold_loss":0},{"damage_healed":0,"gold_gain":0,"player_choice":"Embrace Madness","damage_taken":9,"max_hp_gain":0,"max_hp_loss":0,"event_name":"Winding Halls","floor":39,"gold_loss":0,"cards_obtained":["Madness","Madness"]}],"is_beta":false,"boss_relics":[{"not_picked":["ReplayTheSpireMod:DimensionalGlitch","hubris:HollowSoul"],"picked":"SlaversCollar"},{"not_picked":["Coffee Dripper","Snecko Heart"],"picked":"Kintsugi"}],"items_purged_floors":[4,19,21],"is_endless":false,"potions_floor_spawned":[6,14,16,22,24,33,35,36,38,44,48],"ascension_level":3}}