{"host":"hxbbrccw7ig68b38","time":1614172937,"event":{"mods":["BaseMod","Hermit","Minty Spire (QoL Compilation)","Replay The Spire","StSLib","The Cursed"],"gold_per_floor":[116,116,135,85,104,104,104,104,127,127,144,144,155,155,155,255,255,265,265,265,265,52,52,52,52,52,68,81,48,64,94,94,192,192,210,230,36,36,36,36,86,121,121,140,165,165,183,183,200,218,218,218,218],"floor_reached":52,"language":"KOR","playtime":3889,"items_purged":["Run Through"],"score":515,"play_id":"b4e370d7-0732-4d65-99a1-6d111af35e41","local_time":"20210224222217","is_ascension_mode":false,"campfire_choices":[{"data":"Perfected Strike","floor":6,"key":"SMITH"},{"data":"Bash","floor":8,"key":"SMITH"},{"floor":10,"key":"RECALL"},{"floor":15,"key":"REST"},{"floor":23,"key":"REST"},{"data":"Pommel Strike","floor":32,"key":"SMITH"},{"floor":43,"key":"REST"},{"floor":48,"key":"REST"},{"floor":51,"key":"REST"}],"circlet_count":0,"master_deck":["Strike_R+1","Strike_R+1","Strike_R+1","Strike_R+1","Strike_R+1","Defend_R+2","Defend_R+1","Defend_R+2","Defend_R+1","Perfected Strike+1","Ghostly Armor","Survivor+1","Neutralize+1","Pommel Strike+1","Double Tap","ReplayTheSpireMod:LeadingStrike+1","Anger","Shrug It Off+1","Wild Strike+1","Ghostly Armor+1","Berserk","Heavy Blade+1","Perfected Strike","Armaments","Wild Strike","Twin Strike+1","Blood for Blood+1","Pommel Strike+1","Perfected Strike+1","Warcry+1","Inflame"],"relics":["Black Blood","Centennial Puzzle","Oddly Smooth Stone","Lizard Tail","ChewingGum","Simple Rune","Paper Frog","Replay:Kaleidoscope","Ice Cream","Mirror"],"acts_visited":["Exordium","TheCity","TheBeyond"],"potions_floor_usage":[16,16,33,33,33,44,49,49,52],"damage_taken":[{"damage":6,"enemies":"Jaw Worm","floor":1,"turns":3},{"damage":6,"enemies":"2 Louse","floor":3,"turns":2},{"damage":0,"enemies":"Small Slimes","floor":5,"turns":3},{"damage":13,"enemies":"2 Fungi Beasts","floor":11,"turns":3},{"damage":7,"enemies":"Red Slaver","floor":13,"turns":6},{"damage":61,"enemies":"Fading Forest","floor":16,"turns":11},{"damage":0,"enemies":"Spheric Guardian","floor":18,"turns":4},{"damage":0,"enemies":"Chosen","floor":27,"turns":4},{"damage":10,"enemies":"Centurion and Healer","floor":28,"turns":5},{"damage":7,"enemies":"3 Cultists","floor":30,"turns":6},{"damage":9,"enemies":"Gremlin Leader","floor":31,"turns":5},{"damage":69,"enemies":"Collector","floor":33,"turns":16},{"damage":28,"enemies":"3 Darklings","floor":35,"turns":9},{"damage":3,"enemies":"Orb Walker","floor":36,"turns":4},{"damage":14,"enemies":"Mind Bloom Boss Battle","floor":41,"turns":5},{"damage":40,"enemies":"Nemesis","floor":42,"turns":7},{"damage":30,"enemies":"Writhing Mass","floor":44,"turns":5},{"damage":45,"enemies":"4 Shapes","floor":47,"turns":4},{"damage":60,"enemies":"Maw","floor":49,"turns":9},{"damage":6,"enemies":"Spire Growth","floor":50,"turns":4},{"damage":82,"enemies":"Time Eater","floor":52,"turns":7}],"seed_played":"-7499760982092145643","potions_obtained":[{"floor":1,"key":"Fire Potion"},{"floor":3,"key":"SteroidPotion"},{"floor":5,"key":"PowerPotion"},{"floor":27,"key":"Strength Potion"},{"floor":30,"key":"Energy Potion"},{"floor":31,"key":"Elixir"},{"floor":35,"key":"SkillPotion"},{"floor":41,"key":"GamblersBrew"},{"floor":42,"key":"Swift Potion"},{"floor":46,"key":"AttackPotion"},{"floor":46,"key":"FearPotion"}],"is_trial":false,"path_per_floor":["M","?","M","?","M","R","?","R","T","R","M","?","M","?","R","B",null,"M","?","?","?","$","R","?","$","T","M","M","$","M","E","R","B",null,"M","M","$","?","PTL","PTL","?","E","R","M","T","?","M","R","M","M","R","B"],"character_chosen":"IRONCLAD","items_purchased":["Simple Rune","ReplayTheSpireMod:LeadingStrike+1","Shrug It Off+1","Perfected Strike","Armaments","Wild Strike"],"campfire_rested":5,"item_purchase_floors":[22,22,29,37,37,37],"current_hp_per_floor":[80,80,80,80,80,80,80,80,80,80,73,73,72,72,80,25,80,80,80,80,65,65,85,85,85,85,85,81,81,80,77,77,14,85,69,78,78,78,78,78,76,48,73,55,55,55,22,47,43,49,74,0,0],"gold":218,"neow_bonus":"RANDOM_COMMON_RELIC","is_daily":false,"chose_seed":false,"campfire_upgraded":3,"win_rate":0.0,"timestamp":1614172937,"path_taken":["M","?","M","?","M","R","?","R","T","R","M","?","M","?","R","BOSS","M","?","?","?","$","R","?","$","T","M","?","?","M","E","R","BOSS","M","?","$","?","PTL","PTL","?","E","R","M","T","?","M","R","M","M","R","BOSS"],"items_purchased_type":["Relic","Card","Card","Card","Card","Card"],"build_version":"2020-12-22","purchased_purges":1,"victory":false,"max_hp_per_floor":[80,80,80,80,80,80,80,80,80,80,80,80,80,80,80,80,80,80,80,80,85,85,85,85,85,85,85,85,85,85,85,85,85,85,85,85,85,85,85,85,85,85,85,85,85,85,85,85,85,85,85,85,85],"card_choices":[{"not_picked":["Pummel","Searing Blow"],"picked":"ReplayReversal","floor":1},{"not_picked":["Clothesline","Sword Boomerang"],"picked":"Perfected Strike","floor":3},{"not_picked":["Thunderclap","Fire Breathing","Abandon"],"picked":"SKIP","floor":5},{"not_picked":["Burning Pact","Dropkick"],"picked":"Ghostly Armor","floor":11},{"not_picked":["ReplayTheSpireMod:Stacked","Carnage"],"picked":"Pommel Strike","floor":13},{"not_picked":["Eclipse","Fiend Fire"],"picked":"Double Tap","floor":16},{"not_picked":["True Grit+1","Thunderclap","Entrench"],"picked":"SKIP","floor":18},{"not_picked":["Cleave","ReplayTheSpireMod:Corrosion Curse+1"],"picked":"Run Through","floor":27},{"not_picked":["Sever Soul","Abandon"],"picked":"Anger","floor":28},{"not_picked":["Heavy Blade+1","Abandon"],"picked":"Wild Strike+1","floor":30},{"not_picked":["True Grit","Fiend Fire"],"picked":"Ghostly Armor+1","floor":31},{"not_picked":["Double Tap","Juggernaut"],"picked":"Berserk","floor":33},{"not_picked":["Warcry","Massacre+1","Abandon+1"],"picked":"SKIP","floor":35},{"not_picked":["Clothesline","Carnage+1"],"picked":"Heavy Blade+1","floor":36},{"not_picked":["Searing Blow+1","Warcry"],"picked":"Twin Strike+1","floor":41},{"not_picked":["Thunderclap+1","Armaments+1"],"picked":"Blood for Blood+1","floor":42},{"not_picked":["Heavy Blade","Defy Death+1"],"picked":"Pommel Strike+1","floor":44},{"not_picked":["Pommel Strike+1","Abandon"],"picked":"Perfected Strike+1","floor":47},{"not_picked":["Replay:Undeath\u0027s Touch","Impervious"],"picked":"Warcry+1","floor":49},{"not_picked":["Heavy Blade+1","Second Wind"],"picked":"Inflame","floor":50}],"player_experience":98667,"relics_obtained":[{"floor":9,"key":"Oddly Smooth Stone"},{"floor":26,"key":"Paper Frog"},{"floor":31,"key":"Replay:Kaleidoscope"},{"floor":41,"key":"Ice Cream"},{"floor":42,"key":"Mirror"}],"event_choices":[{"damage_healed":0,"gold_gain":0,"player_choice":"Ignored","damage_taken":0,"max_hp_gain":0,"max_hp_loss":0,"event_name":"Shining Light","floor":2,"gold_loss":0},{"cards_removed":["ReplayReversal"],"damage_healed":0,"gold_gain":0,"player_choice":"Card Removal","damage_taken":0,"max_hp_gain":0,"max_hp_loss":0,"event_name":"The Cleric","floor":4,"gold_loss":50},{"damage_healed":0,"gold_gain":0,"player_choice":"Gave Potion","damage_taken":0,"relics_obtained":["Lizard Tail"],"max_hp_gain":0,"max_hp_loss":0,"event_name":"WeMeetAgain","floor":14,"gold_loss":0},{"damage_healed":0,"gold_gain":0,"player_choice":"Simplicity","damage_taken":0,"max_hp_gain":0,"max_hp_loss":0,"event_name":"Back to Basics","floor":19,"gold_loss":0,"cards_upgraded":["Strike_R","Strike_R","Strike_R","Strike_R","Strike_R","Defend_R","Defend_R","Defend_R"]},{"damage_healed":0,"gold_gain":0,"player_choice":"Ignored","damage_taken":0,"max_hp_gain":0,"max_hp_loss":0,"event_name":"Ghosts","floor":20,"gold_loss":0},{"damage_healed":0,"gold_gain":0,"player_choice":"Shed Blood","damage_taken":20,"max_hp_gain":5,"max_hp_loss":0,"event_name":"Forgotten Altar","floor":21,"gold_loss":0},{"damage_healed":0,"gold_gain":0,"player_choice":"Ignored","damage_taken":0,"max_hp_gain":0,"max_hp_loss":0,"event_name":"Mysterious Sphere","floor":38,"gold_loss":0},{"damage_healed":0,"gold_gain":0,"player_choice":"Fight","damage_taken":0,"max_hp_gain":0,"max_hp_loss":0,"event_name":"MindBloom","floor":41,"gold_loss":0},{"damage_healed":0,"gold_gain":0,"player_choice":"Got Potions","damage_taken":0,"max_hp_gain":0,"max_hp_loss":0,"event_name":"Lab","floor":46,"gold_loss":0}],"is_beta":false,"boss_relics":[{"not_picked":["Replay:Drink Me","Snecko Eye"],"picked":"ChewingGum"},{"not_picked":["Pandora\u0027s Box","Philosopher\u0027s Stone"],"picked":"Black Blood"}],"items_purged_floors":[37],"is_endless":false,"potions_floor_spawned":[1,3,5,27,30,31,35,41,42,47],"killed_by":"Time Eater","ascension_level":0}}