{"host":"3l7pjqamlik2rm5b","time":1614188815,"event":{"mods":["Aspiration","BaseMod","BetterRewards","Colored Map","Conspire","Custom Start","Energized Spire","GifTheSpireLib","GungeonMod","Halation","Hubris","Infinite Spire","Minty Spire (QoL Compilation)","Replay The Spire","Spikes Relics","StSLib","Stuff the Spire","The Jungle"],"gold_per_floor":[109,126,141,216,491,491,521,539,539,299,299,219,237,317,317,431,431,457,732,732,248,250,250,290,317,317,327,327],"floor_reached":27,"language":"ENG","playtime":2303,"items_purged":[],"score":256,"play_id":"0cb37d9f-1484-46ab-bf67-582260e1c40c","local_time":"20210224174655","is_ascension_mode":false,"campfire_choices":[{"data":"Zap","floor":6,"key":"SMITH"},{"data":"Defragment","floor":11,"key":"SMITH"},{"floor":15,"key":"REST"},{"floor":23,"key":"REST"}],"circlet_count":0,"master_deck":["Strike_B","Strike_B","Strike_B","Strike_B","Defend_B","Defend_B","Defend_B","Defend_B","Zap+1","Dualcast","Ball Lightning","Barrage","aspiration:Polymerization","Regret","Defragment+1","Conserve Battery","Feint","White Noise","Coolheaded","StuffTheSpire:ForEach","BasicCrystalCard","Regret","Crystallizer","Midas Touch","hubris:Fate","Beam Cell","Self Repair"],"relics":["Cracked Core","aspiration:DSix","Strawberry","halation:LostSnail","infinitespire:Midas Blood","energizedSpire:DeadBattery","Thread and Needle","Letter Opener","StuffTheSpire:Wildfire"],"acts_visited":["Exordium","TheCity"],"potions_floor_usage":[16],"damage_taken":[{"damage":3,"enemies":"infinitespire:Voidling","floor":1,"turns":3},{"damage":0,"enemies":"2 Louse","floor":2,"turns":2},{"damage":0,"enemies":"Small Slimes","floor":3,"turns":2},{"damage":31,"enemies":"3 Sentries","floor":7,"turns":6},{"damage":13,"enemies":"Exordium Thugs","floor":8,"turns":3},{"damage":7,"enemies":"Exordium Wildlife","floor":13,"turns":3},{"damage":53,"enemies":"Fading Forest","floor":16,"turns":11},{"damage":10,"enemies":"Chosen","floor":18,"turns":5},{"damage":33,"enemies":"2 Thieves","floor":20,"turns":4},{"damage":16,"enemies":"conspire:Head Lice","floor":24,"turns":11},{"damage":12,"enemies":"conspire:HollyBat","floor":25,"turns":8},{"damage":17,"enemies":"3 Cultists","floor":27,"turns":4}],"seed_played":"790386459193065963","potions_obtained":[{"floor":3,"key":"ColorlessPotion"},{"floor":8,"key":"Dexterity Potion"},{"floor":24,"key":"BlessingOfTheForge"},{"floor":25,"key":"Regen Potion"}],"is_trial":false,"path_per_floor":["M","M","M","?","?","R","E","M","T","$","R","$","M","T","R","B",null,"M","?","M","$","?","R","E","M","T","M"],"character_chosen":"DEFECT","items_purchased":["Feint","White Noise","halation:LostSnail","Thread and Needle","Midas Touch"],"campfire_rested":2,"item_purchase_floors":[10,10,12,21,21],"current_hp_per_floor":[72,72,72,61,61,61,37,24,24,24,24,24,17,17,41,8,82,72,72,39,39,20,44,28,16,16,0,0],"gold":327,"neow_bonus":"DSIX","is_daily":false,"chose_seed":false,"campfire_upgraded":2,"win_rate":0.0,"timestamp":1614188815,"path_taken":["M","?","M","?","?","R","E","?","T","$","R","$","M","?","R","BOSS","M","?","M","?","?","R","E","M","T","M"],"items_purchased_type":["Card","Card","Relic","Relic","Card"],"build_version":"2020-12-22","purchased_purges":0,"victory":false,"max_hp_per_floor":[75,75,75,75,75,75,82,82,82,82,82,82,82,82,82,82,82,82,82,82,82,82,82,82,82,82,82,82],"card_choices":[{"not_picked":["Hologram","StuffTheSpire:LoadUp"],"picked":"Ball Lightning","floor":1},{"not_picked":["Conserve Battery","Hologram"],"picked":"Barrage","floor":2},{"not_picked":["Recycle","Cold Snap"],"picked":"aspiration:Polymerization","floor":3},{"not_picked":["Go for the Eyes","Steam"],"picked":"Defragment","floor":7},{"not_picked":["Rebound","StuffTheSpire:LoadUp"],"picked":"Conserve Battery","floor":8},{"not_picked":["ReplaySolidLightProjector","Force Field"],"picked":"Coolheaded","floor":13},{"not_picked":["Core Surge","hubris:DoWhile"],"picked":"StuffTheSpire:ForEach","floor":16},{"not_picked":["Gash","Ball Lightning"],"picked":"BasicCrystalCard","floor":18},{"not_picked":["Hello World","Go for the Eyes"],"picked":"Crystallizer","floor":20},{"not_picked":["infinitespire:FutureSight","hubris:InfiniteBlow"],"picked":"hubris:Fate","floor":22},{"not_picked":["Cold Snap","Rebound+1"],"picked":"Beam Cell","floor":24},{"not_picked":["Gash","Storm"],"picked":"Self Repair","floor":25}],"player_experience":121615,"relics_obtained":[{"floor":7,"key":"Strawberry"},{"floor":14,"key":"infinitespire:Midas Blood"},{"floor":24,"key":"Letter Opener"},{"floor":26,"key":"StuffTheSpire:Wildfire"}],"event_choices":[{"damage_healed":0,"gold_gain":75,"player_choice":"Gather Gold","damage_taken":11,"max_hp_gain":0,"max_hp_loss":0,"event_name":"World of Goop","floor":4,"gold_loss":0},{"damage_healed":0,"gold_gain":275,"player_choice":"Desecrate","damage_taken":0,"max_hp_gain":0,"max_hp_loss":0,"event_name":"Golden Shrine","floor":5,"gold_loss":0,"cards_obtained":["Regret"]},{"damage_healed":0,"gold_gain":275,"player_choice":"Desecrate","damage_taken":0,"max_hp_gain":0,"max_hp_loss":0,"event_name":"Golden Shrine","floor":19,"gold_loss":0,"cards_obtained":["Regret"]}],"is_beta":false,"boss_relics":[{"not_picked":["energizedSpire:HugeHouse","Inserter"],"picked":"energizedSpire:DeadBattery"}],"items_purged_floors":[],"is_endless":false,"potions_floor_spawned":[3,8,24,25],"killed_by":"3 Cultists","ascension_level":0}}