{"host":"4kmvpqjeiacgn1pr","time":1614175710,"event":{"mods":["A Penny For Your Troubles","AchievementEnabler","AlwaysNeverKeys","Aspiration","BaseMod","Bestiary","Better Altar","Better Match","Better Note","Better Sensory Stone","Better Skull","Better Third Choice","Better Vampires","BetterRewards","Colored Map","Colored Powertips","Conspire","Curses Come First","Downfall","Halation","Highlight Path","Infinite Spire","Minty Spire (QoL Compilation)","Permanent Neow","Quick Restart","Rare Cards Sparkle","Relic Sorter","Relic Stats","Replay The Spire","Reworked Bosses","Shop Mod","Smile Girya","Spicy Shops","Spikes Relics","StSLib","Waifu the Spire"],"gold_per_floor":[113,5,5,25,25,60,79,29,29,29,43,43,43,63,63,63,63,63],"floor_reached":16,"language":"ENG","playtime":788,"items_purged":[],"score":100,"play_id":"6daa8d7e-344c-42f7-9bf6-e9bd1e6d624e","local_time":"20210224090830","is_ascension_mode":false,"campfire_choices":[{"data":"hexamod:RetreatToShadows","floor":15,"key":"SMITH"}],"circlet_count":0,"master_deck":["hexamod:Strike","hexamod:Strike","hexamod:Strike","hexamod:Defend","hexamod:Defend","hexamod:Defend","hexamod:Defend+1","hexamod:Sear","hexamod:Float","hexamod:SpectralAdrenaline","hexamod:SpectersWail","hexamod:SpectersWail+1","hexamod:FourthSeal","hexamod:Incineration","hexamod:RetreatToShadows+1","hexamod:FirstSeal","hexamod:HexaLevel","hexamod:ThermalTransfer"],"relics":["hexamod:SpiritBrand","Durian","Art of War","aspiration:ChemicalBlood","ReplayTheSpireMod:TigerMarble"],"acts_visited":["Exordium"],"potions_floor_usage":[14,16,16,16,16],"damage_taken":[{"damage":4,"enemies":"Jaw Worm","floor":1,"turns":4},{"damage":0,"enemies":"Small Slimes","floor":4,"turns":2},{"damage":18,"enemies":"Lagavulin","floor":6,"turns":6},{"damage":0,"enemies":"2 Louse","floor":7,"turns":3},{"damage":9,"enemies":"Exordium Wildlife","floor":11,"turns":4},{"damage":11,"enemies":"Large Slime","floor":14,"turns":4},{"damage":29,"enemies":"Hexaghost","floor":16,"turns":7}],"seed_played":"-883175742056269259","potions_obtained":[{"floor":4,"key":"LiquidBronze"},{"floor":6,"key":"DistilledChaos"},{"floor":7,"key":"hexamod:EctoCoolerPotion"},{"floor":11,"key":"Adrenaline Potion"},{"floor":14,"key":"Fire Potion"}],"is_trial":false,"path_per_floor":["M","$","?","M","?","E","M","?","T","$","M","$","?","M","R","B"],"character_chosen":"THE_SPIRIT","items_purchased":["hexamod:SpectersWail","hexamod:FourthSeal"],"campfire_rested":0,"item_purchase_floors":[2,2],"current_hp_per_floor":[64,64,50,50,50,32,32,32,32,32,30,30,27,23,23,0,0,0],"gold":63,"neow_bonus":"ONE_RARE_RELIC","is_daily":false,"chose_seed":false,"campfire_upgraded":1,"win_rate":0.0,"timestamp":1614175710,"path_taken":["M","$","?","M","?","E","M","?","T","$","M","?","?","?","R","BOSS"],"items_purchased_type":["Card","Card"],"build_version":"2020-12-22","purchased_purges":0,"victory":false,"max_hp_per_floor":[68,68,68,68,68,68,68,68,68,68,68,68,68,68,68,68,68,68],"relic_stats":{"counters":[7,30],"Art of War":[2],"obtain_stats":[{"Durian":0,"Art of War":6,"ReplayTheSpireMod:TigerMarble":13,"hexamod:SpiritBrand":0,"aspiration:ChemicalBlood":9},{"Durian":0,"Art of War":3,"ReplayTheSpireMod:TigerMarble":5,"hexamod:SpiritBrand":0,"aspiration:ChemicalBlood":4},{"Durian":0,"Art of War":12,"ReplayTheSpireMod:TigerMarble":19,"hexamod:SpiritBrand":0,"aspiration:ChemicalBlood":15}]},"card_choices":[{"not_picked":["hexamod:PhantomCloak","hexamod:PhantomFireball"],"picked":"hexamod:SpectralAdrenaline","floor":1},{"not_picked":["hexamod:NightmareStrike","hexamod:ChargedBarrage"],"picked":"hexamod:Incineration","floor":4},{"not_picked":["hexamod:RecurringNightmare","hexamod:HeatMetal"],"picked":"hexamod:RetreatToShadows","floor":6},{"not_picked":["hexamod:GhostShield","hexamod:NightmareGuise"],"picked":"hexamod:FirstSeal","floor":7},{"not_picked":["hexamod:BacktrackSmack","hexamod:EmpoweredFlame"],"picked":"hexamod:HexaLevel","floor":11},{"not_picked":["hexamod:NightmareStrike","hexamod:SpectralAdrenaline"],"picked":"hexamod:ThermalTransfer","floor":14}],"player_experience":519458,"relics_obtained":[{"floor":6,"key":"Art of War"},{"floor":9,"key":"aspiration:ChemicalBlood"}],"event_choices":[{"damage_healed":64,"gold_gain":0,"player_choice":"Upgrade","damage_taken":14,"max_hp_gain":0,"max_hp_loss":68,"event_name":"betterThird:BetterShining","floor":3,"gold_loss":0,"cards_upgraded":["hexamod:SpectersWail","hexamod:Defend"]},{"damage_healed":0,"gold_gain":0,"player_choice":"Leave","damage_taken":0,"max_hp_gain":0,"max_hp_loss":0,"event_name":"conspire:Investor","floor":5,"gold_loss":0},{"cards_removed":["hexamod:Strike"],"damage_healed":0,"gold_gain":0,"player_choice":"Card Removal","damage_taken":0,"max_hp_gain":0,"max_hp_loss":0,"event_name":"The Cleric","floor":8,"gold_loss":50},{"damage_healed":0,"gold_gain":0,"player_choice":"Relic ","damage_taken":3,"max_hp_gain":0,"max_hp_loss":0,"event_name":"betterThird:BetterScrap","floor":13,"gold_loss":0,"cards_obtained":["ReplayTheSpireMod:Scrap Shanks"]}],"is_beta":false,"boss_relics":[],"items_purged_floors":[],"is_endless":false,"potions_floor_spawned":[6,11,14],"killed_by":"Hexaghost","ascension_level":0}}