{"host":"r6jigiblrojhp6xe","time":1614150384,"event":{"mods":["AchievementEnabler","BaseMod","DeckTracker","Hermit","Minty Spire (QoL Compilation)","Quick Restart","Rare Cards Sparkle","Relic Stats","StSLib","SuperFastMode","everything is the same but u backflip on backflip"],"gold_per_floor":[109,34,54,54,54,85,100,112,112,112,125,135,146,146,146,220,220,232,232,232,244,88,88,88,123,123,38,38,38],"floor_reached":28,"language":"KOR","playtime":787,"items_purged":["Defend_G","Bouncing Flask"],"score":576,"play_id":"3c432e8e-6cb1-4775-973d-13e44559a36f","local_time":"20210224160624","is_ascension_mode":true,"campfire_choices":[{"data":"Poisoned Stab","floor":10.0,"key":"SMITH"},{"data":"Cloak And Dagger","floor":15,"key":"SMITH"},{"data":"Prepared","floor":23,"key":"SMITH"}],"circlet_count":0,"master_deck":["AscendersBane","Survivor","Neutralize","Cloak And Dagger+1","Escape Plan","Poisoned Stab+1","Tactician","Leg Sweep","Reflex","Terror","Burst","Malaise","Eviscerate","Malaise","Cloak And Dagger","Prepared+1","Burst","Calculated Gamble","Die Die Die","Bouncing Flask","Riddle With Holes","Tactician"],"relics":["Ring of the Snake","NeowsBlessing","Centennial Puzzle","Strawberry","Pandora\u0027s Box","Bottled Lightning","Tiny Chest","Frozen Egg 2"],"acts_visited":["Exordium","TheCity"],"potions_floor_usage":[16,16,25],"damage_taken":[{"damage":0.0,"enemies":"Small Slimes","floor":1.0,"turns":1.0},{"damage":0.0,"enemies":"2 Louse","floor":3.0,"turns":1.0},{"damage":0.0,"enemies":"3 Sentries","floor":6.0,"turns":1.0},{"damage":0.0,"enemies":"Jaw Worm","floor":7.0,"turns":4.0},{"damage":28.0,"enemies":"Large Slime","floor":8.0,"turns":8.0},{"damage":3.0,"enemies":"Exordium Thugs","floor":11.0,"turns":5.0},{"damage":1.0,"enemies":"Blue Slaver","floor":12.0,"turns":4.0},{"damage":0.0,"enemies":"Looter","floor":13.0,"turns":4.0},{"damage":21,"enemies":"The Guardian","floor":16,"turns":12},{"damage":24,"enemies":"Chosen","floor":18,"turns":8},{"damage":9,"enemies":"2 Thieves","floor":21,"turns":3},{"damage":16,"enemies":"Book of Stabbing","floor":25,"turns":9},{"damage":0,"enemies":"Gremlin Leader","floor":28,"turns":1}],"seed_played":"2464754429244773144","potions_obtained":[{"floor":7.0,"key":"SteroidPotion"},{"floor":12.0,"key":"AttackPotion"},{"floor":13.0,"key":"BlessingOfTheForge"},{"floor":18,"key":"Dexterity Potion"}],"is_trial":false,"path_per_floor":["M","$","M","?","?","E","M","M","T","R","M","M","M","?","R","B",null,"M","?","?","M","$","R","?","E","T","?","E"],"character_chosen":"THE_SILENT","items_purchased":["SkillPotion"],"campfire_rested":0,"item_purchase_floors":[22],"current_hp_per_floor":[59,59,59,59,59,59,59,31,38,38,35,34,34,34,34,13,58,34,34,34,25,25,25,25,9,9,9,9,9],"gold":38,"neow_bonus":"THREE_ENEMY_KILL","is_daily":false,"chose_seed":false,"campfire_upgraded":3,"win_rate":0.0,"timestamp":1614150384,"path_taken":["M","$","M","?","?","E","M","M","T","R","M","M","M","?","R","BOSS","M","?","?","M","$","R","?","E","T","?","E"],"items_purchased_type":["Potion"],"build_version":"2020-12-22","purchased_purges":2,"victory":false,"max_hp_per_floor":[66,66,66,66,66,66,66,66,73,73,73,73,73,73,73,73,73,73,73,73,73,73,73,73,73,73,73,73,73],"relic_stats":{"Centennial Puzzle":[21],"counters":[13,61],"Pandora\u0027s Box":["Malaise","Eviscerate","Skewer","Malaise","All Out Attack","Cloak And Dagger","Bouncing Flask","Prepared","Burst"],"Tiny Chest":0,"obtain_stats":[{"Centennial Puzzle":6,"NeowsBlessing":0,"Strawberry":9,"Pandora\u0027s Box":17,"Tiny Chest":26,"Bottled Lightning":25,"Frozen Egg 2":27,"Ring of the Snake":0},{"Centennial Puzzle":3,"NeowsBlessing":0,"Strawberry":5,"Pandora\u0027s Box":9,"Tiny Chest":12,"Bottled Lightning":12,"Frozen Egg 2":12,"Ring of the Snake":0},{"Centennial Puzzle":3,"NeowsBlessing":0,"Strawberry":15,"Pandora\u0027s Box":40,"Tiny Chest":60,"Bottled Lightning":60,"Frozen Egg 2":60,"Ring of the Snake":0}],"Ring of the Snake":[26]},"card_choices":[{"not_picked":["Acrobatics","Dodge and Roll"],"picked":"Cloak And Dagger","floor":1.0},{"not_picked":["Sucker Punch","Caltrops"],"picked":"Escape Plan","floor":3.0},{"not_picked":["Catalyst","Dodge and Roll"],"picked":"Poisoned Stab","floor":6.0},{"not_picked":["Quick Slash","Choke"],"picked":"Tactician","floor":7.0},{"not_picked":["Envenom","Cloak And Dagger"],"picked":"Leg Sweep","floor":8.0},{"not_picked":["Riddle With Holes","Setup","Expertise"],"picked":"SKIP","floor":11.0},{"not_picked":["Masterful Stab","Dagger Throw"],"picked":"Reflex","floor":12.0},{"not_picked":["Distraction","Finisher"],"picked":"Terror","floor":13.0},{"not_picked":["Bullet Time","Storm of Steel"],"picked":"Burst","floor":16},{"not_picked":["Dagger Throw","Poisoned Stab","Prepared"],"picked":"SKIP","floor":18},{"not_picked":["Predator","Poisoned Stab"],"picked":"Die Die Die","floor":21},{"not_picked":["Distraction+1","Heel Hook"],"picked":"Tactician","floor":25}],"player_experience":618338,"relics_obtained":[{"floor":6.0,"key":"Centennial Puzzle"},{"floor":9.0,"key":"Strawberry"},{"floor":25,"key":"Bottled Lightning"},{"floor":26,"key":"Tiny Chest"}],"event_choices":[{"damage_healed":0.0,"max_hp_gain":0.0,"max_hp_loss":0.0,"gold_gain":0.0,"event_name":"The Cleric","player_choice":"Leave","floor":4.0,"gold_loss":0.0,"damage_taken":0.0},{"damage_healed":0.0,"max_hp_gain":0.0,"max_hp_loss":0.0,"gold_gain":0.0,"event_name":"Liars Game","player_choice":"Ignored","floor":5.0,"gold_loss":0.0,"damage_taken":0.0},{"damage_healed":0,"gold_gain":0,"player_choice":"Searched \u00270\u0027 times","damage_taken":0,"max_hp_gain":0,"max_hp_loss":0,"event_name":"Dead Adventurer","floor":14,"gold_loss":0},{"damage_healed":0,"gold_gain":0,"player_choice":"Read","damage_taken":0,"max_hp_gain":0,"max_hp_loss":0,"event_name":"The Library","floor":19,"gold_loss":0,"cards_obtained":["Calculated Gamble"]},{"damage_healed":0,"gold_gain":0,"player_choice":"Ignored","damage_taken":0,"max_hp_gain":0,"max_hp_loss":0,"event_name":"Vampires","floor":20,"gold_loss":0},{"damage_healed":0,"gold_gain":0,"cards_transformed":["Skewer","All Out Attack"],"player_choice":"Became Test Subject","damage_taken":0,"max_hp_gain":0,"max_hp_loss":0,"event_name":"Drug Dealer","floor":24,"gold_loss":0,"cards_obtained":["Bouncing Flask","Riddle With Holes"]},{"damage_healed":0,"gold_gain":0,"player_choice":"Obtained Relic","damage_taken":0,"relics_obtained":["Frozen Egg 2"],"max_hp_gain":0,"max_hp_loss":0,"event_name":"Addict","floor":27,"gold_loss":85}],"is_beta":false,"boss_relics":[{"not_picked":["Coffee Dripper","SlaversCollar"],"picked":"Pandora\u0027s Box"}],"items_purged_floors":[2,22],"is_endless":false,"potions_floor_spawned":[7,12,13,18,25],"killed_by":"Gremlin Leader","ascension_level":20}}