{"host":"d02vqrhhew441p6s","time":1614198092,"event":{"mods":["BaseMod","Duelist Mod","Hubris","Infinite Spire","Minty Spire (QoL Compilation)","StSLib"],"gold_per_floor":[140,140,153,167,184,184,210,210,210,10,29,55,20,20,20,120,120,136,136,146,163,183,183,214,231,231,231,231,231,231,241,241,340,340,356,356,240,258,258,258,258],"floor_reached":40,"language":"ENG","playtime":1618,"items_purged":["theDuelist:CastleWalls"],"score":645,"play_id":"d1f0d4c9-80e7-4f60-afa9-d5f6f8161d96","local_time":"20210224212132","is_ascension_mode":true,"campfire_choices":[{"data":"theDuelist:NaturiaStinkbug","floor":6,"key":"SMITH"},{"data":"theDuelist:NaturiaLandoise","floor":8,"key":"SMITH"},{"data":"theDuelist:HuntingInstinct","floor":15,"key":"SMITH"},{"floor":23,"key":"REST"},{"floor":32,"key":"REST"}],"circlet_count":0,"master_deck":["AscendersBane","theDuelist:NaturiaBeast+1","theDuelist:NaturiaCliff+1","theDuelist:NaturiaRock+1","theDuelist:NaturiaTulip+1","theDuelist:BrainCrusher","theDuelist:NaturiaStinkbug+1","theDuelist:SphereKuriboh+1","theDuelist:NaturiaLandoise+1","theDuelist:NaturiaRosewhip+1","theDuelist:NaturiaBeetle+1","theDuelist:NaturiaEggplant+1","theDuelist:HuntingInstinct+1","theDuelist:NaturiaDragonfly+1","theDuelist:NaturiaBarkion+1","Mayhem","theDuelist:NaturiaVein+1","theDuelist:NaturalDisaster","theDuelist:NaturiaSacredTree+1","theDuelist:NaturiaDragonfly+1","theDuelist:ConvulsionNature+1","theDuelist:NaturiaHydrangea+1","theDuelist:NaturiaForest+1","theDuelist:ConvulsionNature+1","theDuelist:NaturiaButterfly"],"relics":["theDuelist:MillenniumPuzzle","theDuelist:CardPoolRelic","theDuelist:CardPoolBasicRelic","theDuelist:BoosterPackPoolRelic","theDuelist:CardPoolAddRelic","theDuelist:CardPoolMinusRelic","theDuelist:CardPoolSaveRelic","theDuelist:CardPoolOptionsRelic","NeowsBlessing","Self Forming Clay","Question Card","theDuelist:NaturiaRelic","Red Skull","Empty Cage","Juzu Bracelet","hubris:CuriousFeather","hubris:Towel","Velvet Choker"],"acts_visited":["Exordium","TheCity","TheBeyond"],"potions_floor_usage":[5,16,22,31,33,38,40],"damage_taken":[{"damage":0,"enemies":"Jaw Worm","floor":1,"turns":1},{"damage":0,"enemies":"Cultist","floor":3,"turns":1},{"damage":0,"enemies":"Small Slimes","floor":4,"turns":1},{"damage":0,"enemies":"Looter","floor":5,"turns":2},{"damage":34,"enemies":"Gremlin Nob","floor":7,"turns":5},{"damage":5,"enemies":"2 Fungi Beasts","floor":11,"turns":3},{"damage":3,"enemies":"3 Sentries","floor":12,"turns":4},{"damage":3,"enemies":"Slime Boss","floor":16,"turns":6},{"damage":1,"enemies":"Chosen","floor":18,"turns":3},{"damage":6,"enemies":"3 Byrds","floor":20,"turns":3},{"damage":26,"enemies":"Cultist and Chosen","floor":21,"turns":5},{"damage":27,"enemies":"Centurion and Healer","floor":22,"turns":4},{"damage":14,"enemies":"Nightmare","floor":24,"turns":5},{"damage":12,"enemies":"Chosen and Byrds","floor":25,"turns":5},{"damage":4,"enemies":"Cultist and Chosen","floor":31,"turns":4},{"damage":14,"enemies":"Collector","floor":33,"turns":7},{"damage":5,"enemies":"3 Shapes","floor":35,"turns":4},{"damage":8,"enemies":"Orb Walker","floor":38,"turns":3},{"damage":66,"enemies":"Reptomancer","floor":40,"turns":2}],"seed_played":"5320672888326290718","potions_obtained":[{"floor":1,"key":"theDuelist:StunPotion"},{"floor":3,"key":"Fire Potion"},{"floor":12,"key":"theDuelist:FreezingPotion"},{"floor":20,"key":"Fire Potion"},{"floor":24,"key":"SteroidPotion"},{"floor":33,"key":"theDuelist:ElectricBrew"},{"floor":35,"key":"Regen Potion"}],"is_trial":false,"path_per_floor":["M","?","M","M","M","R","E","R","T","$","M","E","?","?","R","B",null,"M","?","M","M","M","R","NM","M","T","?","?","?","?","M","R","B",null,"M","?","$","M","?","E"],"character_chosen":"THE_DUELIST","items_purchased":["theDuelist:NaturiaRelic","theDuelist:NaturiaEggplant","theDuelist:NaturiaButterfly"],"campfire_rested":2,"item_purchase_floors":[10,10,37],"current_hp_per_floor":[72,72,72,72,72,72,38,38,38,38,33,30,50,50,50,47,72,71,71,65,39,12,36,22,10,10,10,10,10,10,6,30,16,64,59,59,59,60,60,0,0],"gold":258,"neow_bonus":"THREE_ENEMY_KILL","is_daily":false,"chose_seed":false,"campfire_upgraded":3,"win_rate":0.0,"timestamp":1614198092,"path_taken":["M","?","?","?","M","R","E","R","T","$","M","E","?","?","R","BOSS","M","?","M","M","M","R","NM","M","T","?","?","?","?","M","R","BOSS","M","?","$","M","?","E"],"items_purchased_type":["Relic","Card","Card"],"build_version":"2020-12-22","purchased_purges":1,"victory":false,"max_hp_per_floor":[80,80,80,80,80,80,80,80,80,80,80,80,80,80,80,80,80,80,80,80,80,80,80,80,80,80,80,80,80,80,80,80,80,80,77,77,77,74,74,76,76],"card_choices":[{"not_picked":["theDuelist:SeismicShockwave","theDuelist:Wildfire"],"picked":"theDuelist:BrainCrusher","floor":1},{"not_picked":["theDuelist:LuminousMoss+1","theDuelist:VenomShot+1","theDuelist:DianKeto+1","theDuelist:RedMedicine+1"],"picked":"theDuelist:SphereKuriboh","floor":3},{"not_picked":["theDuelist:NaturiaRock","theDuelist:CrystalRose","theDuelist:NaturiaCliff","theDuelist:PotForbidden"],"picked":"theDuelist:NaturiaLandoise","floor":4},{"not_picked":["theDuelist:BrainCrusher","theDuelist:AfterGenocide","theDuelist:GracefulCharity","theDuelist:NaturiaMantis"],"picked":"theDuelist:NaturiaRosewhip","floor":5},{"not_picked":["theDuelist:GracefulCharity","theDuelist:NaturiaCherries","theDuelist:LeodrakeMane","theDuelist:SeismicShockwave"],"picked":"theDuelist:NaturiaBeetle","floor":7},{"not_picked":["theDuelist:DemiseLand","theDuelist:SeismicShockwave","theDuelist:ClosedForest","theDuelist:Canyon"],"picked":"theDuelist:HuntingInstinct","floor":11},{"not_picked":["theDuelist:NaturiaEggplant","theDuelist:LonefireBlossom","theDuelist:NaturiaRosewhip","theDuelist:NaturiaCosmobeet"],"picked":"theDuelist:NaturiaDragonfly","floor":12},{"not_picked":["theDuelist:DemiseLand","theDuelist:SeismicShockwave","theDuelist:ClosedForest","theDuelist:MultiplicationOfAnts"],"picked":"theDuelist:NaturiaBarkion","floor":16},{"not_picked":["Impatience","Magnetism","Transmutation"],"picked":"Mayhem","floor":18},{"not_picked":["theDuelist:DemiseLand","theDuelist:SeismicShockwave","theDuelist:NaturiaBarkion","theDuelist:HeartUnderdog"],"picked":"theDuelist:NaturiaVein+1","floor":20},{"not_picked":["theDuelist:Pollinosis","theDuelist:LairWire","theDuelist:BottomlessTrapHole","theDuelist:AcidTrapHole"],"picked":"theDuelist:NaturalDisaster","floor":21},{"not_picked":["theDuelist:NaturiaLeodrake+1","theDuelist:NatureReflection+1","theDuelist:NaturalDisaster+1","theDuelist:Canyon+1"],"picked":"theDuelist:NaturiaSacredTree+1","floor":22},{"not_picked":["theDuelist:NaturiaHydrangea","theDuelist:NaturiaTulip+1","theDuelist:NaturiaRagweed","theDuelist:CopyPlant"],"picked":"theDuelist:NaturiaDragonfly+1","floor":24},{"not_picked":["theDuelist:NaturalDisaster+1","theDuelist:LairWire+1","theDuelist:NaturiaSacredTree+1","theDuelist:HeartUnderdog+1"],"picked":"theDuelist:ConvulsionNature+1","floor":25},{"not_picked":["theDuelist:NaturiaAntjaw","theDuelist:NaturiaDragonfly","theDuelist:SummoningSwarm","theDuelist:Spore"],"picked":"theDuelist:NaturiaHydrangea","floor":31},{"not_picked":["theDuelist:DemiseLand","theDuelist:Canyon","theDuelist:MultiplicationOfAnts","theDuelist:Wildfire"],"picked":"theDuelist:NaturiaForest+1","floor":33},{"not_picked":["theDuelist:NaturiaGaiastrio+1","theDuelist:NaturiaDragonfly","theDuelist:LonefireBlossom+1","theDuelist:MillenniumScorpion+1"],"picked":"theDuelist:ConvulsionNature+1","floor":35},{"not_picked":["theDuelist:SurvivalInstinct+1","theDuelist:Pollinosis","theDuelist:NaturalDisaster","theDuelist:LairWire","theDuelist:AcidTrapHole+1"],"picked":"SKIP","floor":38}],"player_experience":571872,"relics_obtained":[{"floor":7,"key":"Self Forming Clay"},{"floor":9,"key":"Question Card"},{"floor":12,"key":"Red Skull"},{"floor":24,"key":"Juzu Bracelet"},{"floor":26,"key":"hubris:CuriousFeather"}],"event_choices":[{"damage_healed":0,"gold_gain":0,"cards_transformed":["theDuelist:Sparks"],"player_choice":"Transformed","damage_taken":0,"max_hp_gain":0,"max_hp_loss":0,"event_name":"Transmorgrifier","floor":2,"gold_loss":0,"cards_obtained":["theDuelist:NaturiaStinkbug"]},{"damage_healed":20,"gold_gain":0,"player_choice":"Healed","damage_taken":0,"max_hp_gain":0,"max_hp_loss":0,"event_name":"The Cleric","floor":13,"gold_loss":35},{"damage_healed":0,"gold_gain":0,"player_choice":"Leave","duelist":true,"damage_taken":0,"max_hp_gain":0,"max_hp_loss":0,"event_name":"Egyptian Village","floor":14,"gold_loss":0},{"damage_healed":0,"gold_gain":0,"player_choice":"Read","damage_taken":0,"max_hp_gain":0,"max_hp_loss":0,"event_name":"The Library","floor":19,"gold_loss":0,"cards_obtained":["theDuelist:WormBait"]},{"cards_removed":["theDuelist:CastleWalls"],"damage_healed":0,"gold_gain":0,"player_choice":"Purged","damage_taken":0,"max_hp_gain":0,"max_hp_loss":0,"event_name":"Purifier","floor":27,"gold_loss":0},{"damage_healed":0,"gold_gain":0,"player_choice":"Ignored","damage_taken":0,"max_hp_gain":0,"max_hp_loss":0,"event_name":"Beggar","floor":29,"gold_loss":0},{"damage_healed":0,"gold_gain":0,"player_choice":"Leave","duelist":true,"damage_taken":0,"max_hp_gain":0,"max_hp_loss":0,"event_name":"Relic Duplicator","floor":30,"gold_loss":0},{"damage_healed":0,"gold_gain":0,"player_choice":"Forge","damage_taken":0,"max_hp_gain":0,"max_hp_loss":0,"event_name":"Accursed Blacksmith","floor":36,"gold_loss":0,"cards_upgraded":["theDuelist:SphereKuriboh"]},{"cards_removed":["theDuelist:CastleWalls"],"damage_healed":0,"gold_gain":0,"player_choice":"Card Removal","damage_taken":0,"max_hp_gain":0,"max_hp_loss":0,"event_name":"Wheel of Change","floor":39,"gold_loss":0}],"is_beta":false,"boss_relics":[{"not_picked":["Runic Pyramid","infinitespire:Burning Sword"],"picked":"Empty Cage"},{"not_picked":["Coffee Dripper","Snecko Eye"],"picked":"Velvet Choker"}],"items_purged_floors":[37],"is_endless":true,"potions_floor_spawned":[1,3,4,12,20,24,33,35],"killed_by":"Reptomancer","ascension_level":11}}