{"host":"wbs0wzz0alz01mnq","time":1614208326,"event":{"mods":["2.2 Compatiblity","AchievementEnabler","BaseMod","Bestiary","Colored Map","Colored Powertips","Curses Come First","Dark Map","DeckTracker","GifTheSpireLib","Googly Eyes","Highlight Path","Minty Spire (QoL Compilation)","Morshu Shopkeeper - ENHANCED","Permanent Neow","Quick Restart","RNG Fix","Rare Cards Sparkle","Robot Space Explorer","Smile Girya","StSLib","SuperFastMode","UnlockEverythingMod","Waifu the Spire","Weighted Paths"],"gold_per_floor":[112,125,125,140,140,170,170,203,203,203,234,184,214,57,57,160,160,171,171,171,171,16,16,41,52,52,67,92,17,36,71,71,175,175,187,198,10,10,10,40,54,54,77,77,103,103,153,182,182,182],"floor_reached":51,"language":"ENG","playtime":2296,"items_purged":[],"score":1010,"play_id":"1fac78d3-3ed4-4478-85f2-5adde9100f46","local_time":"20210224181206","is_ascension_mode":true,"campfire_choices":[{"data":"RobotSpaceExplorer:Jetpack","floor":7.0,"key":"SMITH"},{"data":"RobotSpaceExplorer:MiniDrones","floor":10.0,"key":"SMITH"},{"data":"RobotSpaceExplorer:MiniDrones","floor":15.0,"key":"SMITH"},{"data":"RobotSpaceExplorer:Accelerator","floor":23.0,"key":"SMITH"},{"data":"RobotSpaceExplorer:PowerCollector","floor":32.0,"key":"SMITH"},{"data":"RobotSpaceExplorer:PowerCollector","floor":42.0,"key":"SMITH"},{"data":"RobotSpaceExplorer:Arsenal","floor":49,"key":"PURGE"}],"circlet_count":0,"master_deck":["RobotSpaceExplorer:Strike","RobotSpaceExplorer:Strike","RobotSpaceExplorer:Strike","RobotSpaceExplorer:Strike+1","RobotSpaceExplorer:Defend","RobotSpaceExplorer:Defend","RobotSpaceExplorer:Defend","RobotSpaceExplorer:Defend","RobotSpaceExplorer:Scan","RobotSpaceExplorer:MiniLasers+1","RobotSpaceExplorer:MiniDrones+1","RobotSpaceExplorer:MiniDrones+1","RobotSpaceExplorer:MiniDrones+1","RobotSpaceExplorer:Jetpack+1","RobotSpaceExplorer:FreezingShield","RobotSpaceExplorer:Probe+1","RobotSpaceExplorer:SwiftStep+1","RobotSpaceExplorer:MiniDrones+1","RobotSpaceExplorer:ScrapToss+1","RobotSpaceExplorer:GlueShot+1","RobotSpaceExplorer:FreezeRay","RobotSpaceExplorer:JunkDive","RobotSpaceExplorer:Accelerator+1","RobotSpaceExplorer:PowerGlove+1","RobotSpaceExplorer:Jetpack","RobotSpaceExplorer:SwiftStep+1","RobotSpaceExplorer:SwiftStep+1","RobotSpaceExplorer:ScrapMissile+1","RobotSpaceExplorer:ScrapMissile+1","RobotSpaceExplorer:Probe+1","RobotSpaceExplorer:PowerCollector+1","RobotSpaceExplorer:TrailblazerForm","RobotSpaceExplorer:FreezeRay+1","RobotSpaceExplorer:GearShield+1","Mayhem","RobotSpaceExplorer:PowerCollector+1","RobotSpaceExplorer:DualCore+1","RobotSpaceExplorer:JunkDive+1","RobotSpaceExplorer:PowerCollector+1"],"relics":["RobotSpaceExplorer:RoboCore","Bag of Preparation","Molten Egg 2","Pen Nib","RobotSpaceExplorer:FoglandsKnife","Eternal Feather","ClockworkSouvenir","RobotSpaceExplorer:SearchSpecs","Orrery","Pear","The Courier","RobotSpaceExplorer:ClockworkSextant","Red Mask","RobotSpaceExplorer:Reprocessor","Mango","Bronze Scales","RobotSpaceExplorer:BottledGravity","Peace Pipe","RobotSpaceExplorer:ToughPlating"],"acts_visited":["Exordium","TheCity","TheBeyond"],"potions_floor_usage":[50,50,50],"damage_taken":[{"damage":0.0,"enemies":"Small Slimes","floor":1.0,"turns":2.0},{"damage":0.0,"enemies":"Jaw Worm","floor":2.0,"turns":2.0},{"damage":0.0,"enemies":"Cultist","floor":4.0,"turns":4.0},{"damage":18.0,"enemies":"Gremlin Nob","floor":6.0,"turns":5.0},{"damage":6.0,"enemies":"3 Sentries","floor":8.0,"turns":8.0},{"damage":15.0,"enemies":"Lagavulin","floor":11.0,"turns":7.0},{"damage":3.0,"enemies":"Gremlin Nob","floor":13.0,"turns":3.0},{"damage":6.0,"enemies":"The Guardian","floor":16.0,"turns":9.0},{"damage":0.0,"enemies":"Chosen","floor":18.0,"turns":3.0},{"damage":7.0,"enemies":"Slavers","floor":24.0,"turns":4.0},{"damage":0.0,"enemies":"2 Thieves","floor":25.0,"turns":2.0},{"damage":0.0,"enemies":"Snake Plant","floor":27.0,"turns":4.0},{"damage":29.0,"enemies":"Gremlin Leader","floor":28.0,"turns":6.0},{"damage":0.0,"enemies":"Chosen and Byrds","floor":30.0,"turns":3.0},{"damage":0.0,"enemies":"Masked Bandits","floor":31.0,"turns":1.0},{"damage":22.0,"enemies":"Automaton","floor":33.0,"turns":7.0},{"damage":16.0,"enemies":"3 Shapes","floor":35.0,"turns":2.0},{"damage":0.0,"enemies":"3 Darklings","floor":36.0,"turns":2.0},{"damage":40.0,"enemies":"Reptomancer","floor":40.0,"turns":4.0},{"damage":9.0,"enemies":"Maw","floor":41.0,"turns":6.0},{"damage":18,"enemies":"Nemesis","floor":45,"turns":5},{"damage":0,"enemies":"Mind Bloom Boss Battle","floor":47,"turns":2},{"damage":0,"enemies":"Reptomancer","floor":48,"turns":3},{"damage":22,"enemies":"Donu and Deca","floor":50,"turns":5}],"seed_played":"8294131692016211971","potions_obtained":[{"floor":1.0,"key":"SkillPotion"},{"floor":4.0,"key":"Explosive Potion"},{"floor":6.0,"key":"EssenceOfSteel"},{"floor":8.0,"key":"Regen Potion"},{"floor":13.0,"key":"RobotSpaceExplorer:PlasmaFlask"},{"floor":24.0,"key":"SteroidPotion"},{"floor":25.0,"key":"FearPotion"},{"floor":30.0,"key":"Swift Potion"},{"floor":35.0,"key":"RobotSpaceExplorer:PlasmaFlask"},{"floor":40.0,"key":"CultistPotion"},{"floor":45,"key":"Ancient Potion"},{"floor":47,"key":"DuplicationPotion"}],"is_trial":false,"path_per_floor":["M","M","?","M","?","E","R","E","T","R","E","?","E","$","R","B",null,"M","?","?","?","$","R","E","M","T","M","E","$","M","?","R","B",null,"M","M","$","?","?","E","M","R","T","?","E","?","?","E","R","B",null],"character_chosen":"RobotSpaceExplorer","items_purchased":["ClockworkSouvenir","Orrery","RobotSpaceExplorer:ScrapMissile+1","RobotSpaceExplorer:ScrapMissile+1","Mayhem","RobotSpaceExplorer:PowerCollector"],"campfire_rested":0,"item_purchase_floors":[14,22,29,29,37,37],"current_hp_per_floor":[75,75,75,75,60,42,42,36,36,36,21,21,18,18,27,36,75,75,75,85,85,85,85,88,88,88,88,59,59,59,59,77,55,95,79,79,79,79,79,53,44,65,65,92,74,74,74,74,98,76],"gold":182,"neow_bonus":"THREE_CARDS","is_daily":false,"chose_seed":false,"campfire_upgraded":6,"win_rate":0.0,"timestamp":1614208326,"path_taken":["M","M","?","M","?","E","R","E","T","R","E","?","E","?","R","BOSS","M","?","?","?","$","R","E","M","T","?","E","?","?","?","R","BOSS","M","M","$","?","?","E","M","R","T","?","E","?","?","E","R","BOSS"],"items_purchased_type":["Relic","Relic","Card","Card","Card","Card"],"build_version":"2020-12-22","purchased_purges":0,"victory":true,"max_hp_per_floor":[75,75,75,75,75,75,75,75,75,75,75,75,75,75,75,75,75,75,75,85,85,85,85,95,95,95,95,95,95,95,95,95,95,95,95,95,95,95,95,109,109,109,109,109,109,109,109,109,109,109],"card_choices":[{"not_picked":["RobotSpaceExplorer:PlasmaMissile","RobotSpaceExplorer:Probe"],"picked":"RobotSpaceExplorer:MiniDrones","floor":0.0},{"not_picked":["RobotSpaceExplorer:MakeshiftVolley","RobotSpaceExplorer:Electroshield"],"picked":"RobotSpaceExplorer:MiniDrones","floor":1.0},{"not_picked":["RobotSpaceExplorer:FranticSearch","RobotSpaceExplorer:Electropulse"],"picked":"RobotSpaceExplorer:MiniDrones","floor":2.0},{"not_picked":["RobotSpaceExplorer:ShockKick","RobotSpaceExplorer:IronShell"],"picked":"RobotSpaceExplorer:Ammunition","floor":4.0},{"not_picked":["RobotSpaceExplorer:StarDust","RobotSpaceExplorer:GlueShot"],"picked":"RobotSpaceExplorer:Jetpack","floor":6.0},{"not_picked":["RobotSpaceExplorer:MakeshiftVolley+1","RobotSpaceExplorer:Ammunition"],"picked":"RobotSpaceExplorer:FreezingShield","floor":8.0},{"not_picked":["RobotSpaceExplorer:StarLightning+1","RobotSpaceExplorer:SurgingStrike+1"],"picked":"RobotSpaceExplorer:Probe+1","floor":11.0},{"not_picked":["RobotSpaceExplorer:Pulsar","RobotSpaceExplorer:SurgingShield"],"picked":"RobotSpaceExplorer:SwiftStep","floor":13.0},{"not_picked":["RobotSpaceExplorer:Blaster+1","RobotSpaceExplorer:BlastShield"],"picked":"RobotSpaceExplorer:HighVoltage+1","floor":16.0},{"not_picked":["RobotSpaceExplorer:Counterblock","RobotSpaceExplorer:Discharger"],"picked":"RobotSpaceExplorer:MiniDrones+1","floor":18.0},{"not_picked":["RobotSpaceExplorer:ScrapShield","RobotSpaceExplorer:Discharger"],"picked":"RobotSpaceExplorer:GlueShot+1","floor":22.0},{"not_picked":["RobotSpaceExplorer:ToxicBomb","RobotSpaceExplorer:SurgingShield"],"picked":"RobotSpaceExplorer:Probe+1","floor":22.0},{"not_picked":["RobotSpaceExplorer:Reload","RobotSpaceExplorer:Scanner"],"picked":"RobotSpaceExplorer:FreezeRay","floor":22.0},{"not_picked":["RobotSpaceExplorer:StunGrenade+1","RobotSpaceExplorer:SlimeMissile+1"],"picked":"RobotSpaceExplorer:JunkDive","floor":22.0},{"not_picked":["RobotSpaceExplorer:SwiftStep","RobotSpaceExplorer:PowerCollector"],"picked":"RobotSpaceExplorer:Accelerator","floor":22.0},{"not_picked":["RobotSpaceExplorer:ShovelStrike+1","RobotSpaceExplorer:Electropulse+1"],"picked":"RobotSpaceExplorer:PowerGlove+1","floor":24.0},{"not_picked":["RobotSpaceExplorer:DoubleFind","RobotSpaceExplorer:MetalStrike+1"],"picked":"RobotSpaceExplorer:Jetpack","floor":25.0},{"not_picked":["RobotSpaceExplorer:StunGrenade+1","RobotSpaceExplorer:Pulsar"],"picked":"RobotSpaceExplorer:SwiftStep+1","floor":27.0},{"not_picked":["RobotSpaceExplorer:ShovelStrike+1","RobotSpaceExplorer:LaserBurst+1"],"picked":"RobotSpaceExplorer:SwiftStep+1","floor":28.0},{"not_picked":["RobotSpaceExplorer:PowerGlove","RobotSpaceExplorer:PlasmaMissile+1"],"picked":"RobotSpaceExplorer:Probe+1","floor":30.0},{"not_picked":["RobotSpaceExplorer:PowerGlove","RobotSpaceExplorer:StunGrenade+1"],"picked":"RobotSpaceExplorer:PowerCollector","floor":31.0},{"not_picked":["RobotSpaceExplorer:Scanner","RobotSpaceExplorer:Arsenal"],"picked":"RobotSpaceExplorer:TrailblazerForm","floor":33.0},{"not_picked":["RobotSpaceExplorer:FranticSearch","RobotSpaceExplorer:ShovelStrike+1"],"picked":"RobotSpaceExplorer:FreezeRay+1","floor":35.0},{"not_picked":["RobotSpaceExplorer:FranticSearch+1","RobotSpaceExplorer:SlimeMissile+1"],"picked":"RobotSpaceExplorer:GearShield+1","floor":36.0},{"not_picked":["RobotSpaceExplorer:MiniDrones+1","RobotSpaceExplorer:StunGrenade+1"],"picked":"RobotSpaceExplorer:DualCore+1","floor":40.0},{"not_picked":["RobotSpaceExplorer:ShovelStrike+1","RobotSpaceExplorer:Smokescreen"],"picked":"RobotSpaceExplorer:Arsenal","floor":41.0},{"not_picked":["RobotSpaceExplorer:SurgingStrike+1","RobotSpaceExplorer:GlueSpray","RobotSpaceExplorer:Pulsar+1"],"picked":"SKIP","floor":45},{"not_picked":["RobotSpaceExplorer:GlueShot","RobotSpaceExplorer:Electroshield"],"picked":"RobotSpaceExplorer:JunkDive+1","floor":47},{"not_picked":["RobotSpaceExplorer:Smokescreen","RobotSpaceExplorer:StarDust+1"],"picked":"RobotSpaceExplorer:PowerCollector+1","floor":48}],"player_experience":67238,"relics_obtained":[{"floor":6.0,"key":"Bag of Preparation"},{"floor":8.0,"key":"Molten Egg 2"},{"floor":9.0,"key":"Pen Nib"},{"floor":11.0,"key":"RobotSpaceExplorer:FoglandsKnife"},{"floor":13.0,"key":"Eternal Feather"},{"floor":24.0,"key":"Pear"},{"floor":26.0,"key":"The Courier"},{"floor":28.0,"key":"RobotSpaceExplorer:ClockworkSextant"},{"floor":31.0,"key":"Red Mask"},{"floor":40.0,"key":"Mango"},{"floor":43.0,"key":"Bronze Scales"},{"floor":45,"key":"RobotSpaceExplorer:BottledGravity"},{"floor":47,"key":"Peace Pipe"},{"floor":48,"key":"RobotSpaceExplorer:ToughPlating"}],"event_choices":[{"damage_healed":0.0,"max_hp_gain":0.0,"max_hp_loss":0.0,"gold_gain":0.0,"event_name":"Living Wall","player_choice":"Grow","floor":3.0,"gold_loss":0.0,"damage_taken":0.0,"cards_upgraded":["RobotSpaceExplorer:MiniLasers"]},{"damage_healed":0.0,"max_hp_gain":0.0,"max_hp_loss":0.0,"gold_gain":0.0,"event_name":"Shining Light","player_choice":"Entered Light","floor":5.0,"gold_loss":0.0,"damage_taken":15.0,"cards_upgraded":["RobotSpaceExplorer:Strike","RobotSpaceExplorer:MiniDrones"]},{"cards_removed":["RobotSpaceExplorer:Ammunition"],"damage_healed":0.0,"max_hp_gain":0.0,"max_hp_loss":0.0,"gold_gain":0.0,"event_name":"The Cleric","player_choice":"Card Removal","floor":12.0,"gold_loss":50.0,"damage_taken":0.0},{"damage_healed":0.0,"max_hp_gain":0.0,"max_hp_loss":0.0,"gold_gain":0.0,"event_name":"The Library","player_choice":"Read","floor":19.0,"gold_loss":0.0,"damage_taken":0.0,"cards_obtained":["RobotSpaceExplorer:ScrapToss"]},{"cards_removed":["RobotSpaceExplorer:HighVoltage"],"damage_healed":0.0,"max_hp_gain":10.0,"max_hp_loss":0.0,"gold_gain":0.0,"event_name":"Bonfire Elementals","player_choice":"Offered Rare","floor":20.0,"gold_loss":0.0,"damage_taken":0.0},{"damage_healed":0.0,"max_hp_gain":0.0,"max_hp_loss":0.0,"gold_gain":0.0,"event_name":"Accursed Blacksmith","player_choice":"Forge","floor":21.0,"gold_loss":0.0,"damage_taken":0.0,"cards_upgraded":["RobotSpaceExplorer:SwiftStep"]},{"damage_healed":0.0,"max_hp_gain":0.0,"max_hp_loss":0.0,"gold_gain":0.0,"event_name":"Masked Bandits","player_choice":"Fought Bandits","floor":31.0,"gold_loss":0.0,"damage_taken":0.0},{"damage_healed":0.0,"max_hp_gain":0.0,"max_hp_loss":0.0,"gold_gain":0.0,"event_name":"SecretPortal","player_choice":"Ignored","floor":38.0,"gold_loss":0.0,"damage_taken":0.0},{"cards_removed":["RobotSpaceExplorer:Probe"],"damage_healed":0.0,"max_hp_gain":0.0,"max_hp_loss":0.0,"gold_gain":0.0,"event_name":"Falling","player_choice":"Removed Attack","floor":39.0,"gold_loss":0.0,"damage_taken":0.0},{"damage_healed":27.0,"max_hp_gain":0.0,"max_hp_loss":0.0,"gold_gain":0.0,"event_name":"Winding Halls","player_choice":"Writhe","floor":44.0,"gold_loss":0.0,"damage_taken":0.0,"cards_obtained":["Writhe"]},{"cards_removed":["Writhe"],"damage_healed":0,"gold_gain":0,"player_choice":"Purged","damage_taken":0,"max_hp_gain":0,"max_hp_loss":0,"event_name":"Purifier","floor":46,"gold_loss":0},{"damage_healed":0,"gold_gain":0,"player_choice":"Fight","damage_taken":0,"max_hp_gain":0,"max_hp_loss":0,"event_name":"MindBloom","floor":47,"gold_loss":0}],"is_beta":false,"boss_relics":[{"not_picked":["Empty Cage","Coffee Dripper"],"picked":"RobotSpaceExplorer:SearchSpecs"},{"not_picked":["Black Star","Philosopher\u0027s Stone"],"picked":"RobotSpaceExplorer:Reprocessor"}],"items_purged_floors":[],"is_endless":false,"potions_floor_spawned":[1,4,6,8,13,24,25,30,35,40,45,47],"ascension_level":1}}