{"host":"f9ntswufr8mq3t4y","time":1614192850,"event":{"mods":["AchievementEnabler","BaseMod","Best Route Mod","Block Reminder","Colored Map","Colored Powertips","Curses Come First","DeckTracker","Displayed Cursed Tome","Highlight Path","Minty Spire (QoL Compilation)","Permanent Neow","Quick Restart","Slay-I","StSLib"],"gold_per_floor":[114,414,424,424,441,468,468,488,511,511,511,546,546,556,556,659,709,709],"floor_reached":17,"language":"ENG","playtime":1016,"items_purged":[],"score":215,"play_id":"27c49d68-f7fe-40fb-87d4-be4430915498","local_time":"20210224215410","is_ascension_mode":true,"campfire_choices":[{"data":"Chrysalis","floor":7,"key":"SMITH"},{"floor":11,"key":"REST"},{"data":"Dualcast","floor":13,"key":"SMITH"},{"floor":15,"key":"REST"}],"circlet_count":0,"master_deck":["Strike_B","Strike_B","Strike_B","Strike_B+1","Defend_B","Defend_B","Defend_B","Defend_B","Zap","Dualcast+1","Chrysalis+1","Auto Shields","Coolheaded","White Noise","Ball Lightning","White Noise"],"relics":["Cracked Core","Old Coin","White Beast Statue","Bronze Scales","Pen Nib","Tiny House"],"acts_visited":["TheCity"],"potions_floor_usage":[12,12],"damage_taken":[{"damage":3,"enemies":"Cultist","floor":1,"turns":4},{"damage":0,"enemies":"2 Louse","floor":3,"turns":3},{"damage":0,"enemies":"Jaw Worm","floor":5,"turns":3},{"damage":23,"enemies":"Lagavulin","floor":6,"turns":9},{"damage":11,"enemies":"Looter","floor":8,"turns":4},{"damage":20,"enemies":"3 Sentries","floor":12,"turns":3},{"damage":16,"enemies":"Gremlin Gang","floor":14,"turns":3},{"damage":29,"enemies":"Hexaghost","floor":16,"turns":9}],"seed_played":"-6438580574541299934","potions_obtained":[{"floor":6,"key":"Fire Potion"},{"floor":8,"key":"EntropicBrew"},{"floor":16,"key":"EntropicBrew"}],"is_trial":false,"path_per_floor":["M","T","M","?","M","E","R","M","T","?","R","E","R","M","R","B",null],"character_chosen":"DEFECT","items_purchased":[],"campfire_rested":2,"item_purchase_floors":[],"current_hp_per_floor":[65,65,65,65,65,42,42,31,31,31,53,33,33,17,39,10,64,64],"gold":709,"neow_bonus":"RANDOM_COLORLESS_2","is_daily":false,"chose_seed":false,"campfire_upgraded":2,"win_rate":0.0,"timestamp":1614192850,"path_taken":["M","?","?","?","M","E","R","M","T","?","R","E","R","M","R","BOSS"],"items_purchased_type":[],"build_version":"2020-12-22","purchased_purges":0,"victory":false,"max_hp_per_floor":[75,75,75,75,75,75,75,75,75,75,75,75,75,75,75,75,80,80],"card_choices":[{"not_picked":["Violence","Metamorphosis"],"picked":"Chrysalis","floor":0},{"not_picked":["Rip and Tear","Melter"],"picked":"Auto Shields","floor":1},{"not_picked":["Ball Lightning","Chaos"],"picked":"Coolheaded","floor":3},{"not_picked":["Leap","Redo"],"picked":"White Noise","floor":5},{"not_picked":["Coolheaded","Cold Snap","Amplify"],"picked":"SKIP","floor":6},{"not_picked":["Rebound","Redo"],"picked":"Ball Lightning","floor":8},{"not_picked":["Redo","Reinforced Body"],"picked":"White Noise","floor":12},{"not_picked":["Hologram","FTL","Compile Driver"],"picked":"SKIP","floor":14}],"player_experience":465779,"relics_obtained":[{"floor":2,"key":"Old Coin"},{"floor":6,"key":"White Beast Statue"},{"floor":9,"key":"Bronze Scales"},{"floor":12,"key":"Pen Nib"}],"event_choices":[{"cards_removed":["Decay"],"damage_healed":0,"gold_gain":0,"player_choice":"Forget","damage_taken":0,"max_hp_gain":0,"max_hp_loss":0,"event_name":"Living Wall","floor":4,"gold_loss":0},{"damage_healed":0,"gold_gain":0,"player_choice":"Searched \u00271\u0027 times","damage_taken":0,"max_hp_gain":0,"max_hp_loss":0,"event_name":"Dead Adventurer","floor":10,"gold_loss":0}],"is_beta":false,"boss_relics":[{"not_picked":["Cursed Key","Empty Cage"],"picked":"Tiny House"}],"items_purged_floors":[],"is_endless":false,"potions_floor_spawned":[6,8,12,14,16],"ascension_level":6}}