{"host":"xsuxkwaivmtd234a","time":1614132699,"event":{"mods":["BaseMod","Bestiary","Colored Map","Minty Spire (QoL Compilation)","Relic Stats","StSLib"],"gold_per_floor":[119,136,155,170,15,40,40,40,40,215,215,16,16,31,31,132,132,142,162,177,8,8,8,34,34,79,79,79,79,112,112,112,210,210,229,0,0,18,37,71,71,87,87,112,112,112,112,123,123,123,123,123,10,43,43],"floor_reached":56,"language":"ENG","playtime":3244,"items_purged":["Strike_G"],"score":1649,"play_id":"32c94fa3-444a-48fa-a67e-54cc54281c7b","local_time":"20210223211139","is_ascension_mode":true,"campfire_choices":[{"data":"Crippling Poison","floor":7.0,"key":"SMITH"},{"data":"Neutralize","floor":13.0,"key":"SMITH"},{"data":"Cloak And Dagger","floor":15.0,"key":"SMITH"},{"floor":23.0,"key":"REST"},{"data":"Blade Dance","floor":25.0,"key":"SMITH"},{"data":"Dagger Spray","floor":29.0,"key":"SMITH"},{"data":"Poisoned Stab","floor":32.0,"key":"SMITH"},{"data":"Envenom","floor":41,"key":"SMITH"},{"floor":46,"key":"RECALL"},{"data":"Acrobatics","floor":49,"key":"SMITH"},{"data":"PiercingWail","floor":52,"key":"SMITH"}],"circlet_count":0,"master_deck":["AscendersBane","Strike_G","Strike_G","Strike_G","Strike_G","Defend_G","Defend_G","Defend_G","Defend_G","Defend_G","Survivor","Neutralize+1","PiercingWail+1","Crippling Poison+1","Cloak And Dagger+1","Poisoned Stab+1","Blade Dance+1","Acrobatics+1","Dagger Spray+1","Deadly Poison+1","Unload","CurseOfTheBell","Skewer+1","Cloak And Dagger+1","Dodge and Roll+1","Envenom+1","Burst+1","Blade Dance+1","Infinite Blades+1","Blur+1","Calculated Gamble+1"],"relics":["Busted Crown","Toxic Egg 2","Eternal Feather","Kunai","OrangePellets","Calling Bell","Bag of Marbles","Ninja Scroll","Unceasing Top","Membership Card","Enchiridion","Omamori","Blood Vial","Paper Crane","Art of War","Snecko Eye","Potion Belt","Pantograph","Lizard Tail","Mango","ClockworkSouvenir","Ornamental Fan"],"acts_visited":["Exordium","TheCity","TheBeyond","TheEnding"],"potions_floor_usage":[50,55,55],"damage_taken":[{"damage":1.0,"enemies":"Jaw Worm","floor":1.0,"turns":5.0},{"damage":4.0,"enemies":"Small Slimes","floor":2.0,"turns":4.0},{"damage":0.0,"enemies":"2 Louse","floor":3.0,"turns":3.0},{"damage":8.0,"enemies":"Lots of Slimes","floor":4.0,"turns":3.0},{"damage":16.0,"enemies":"Lagavulin","floor":6.0,"turns":6.0},{"damage":2.0,"enemies":"Blue Slaver","floor":14.0,"turns":3.0},{"damage":49.0,"enemies":"Slime Boss","floor":16.0,"turns":12.0},{"damage":6.0,"enemies":"Spheric Guardian","floor":18.0,"turns":5.0},{"damage":12.0,"enemies":"Shell Parasite","floor":19.0,"turns":4.0},{"damage":7.0,"enemies":"Snecko","floor":20.0,"turns":5.0},{"damage":10.0,"enemies":"Slavers","floor":24.0,"turns":5.0},{"damage":13.0,"enemies":"Gremlin Leader","floor":30.0,"turns":6.0},{"damage":13.0,"enemies":"Champ","floor":33.0,"turns":12.0},{"damage":0.0,"enemies":"3 Shapes","floor":35.0,"turns":4.0},{"damage":9.0,"enemies":"Orb Walker","floor":38.0,"turns":3.0},{"damage":0.0,"enemies":"4 Shapes","floor":39.0,"turns":5.0},{"damage":12,"enemies":"Giant Head","floor":40,"turns":8},{"damage":8,"enemies":"Maw","floor":42,"turns":8},{"damage":43,"enemies":"Nemesis","floor":44,"turns":7},{"damage":3,"enemies":"3 Darklings","floor":48,"turns":4},{"damage":37,"enemies":"Time Eater","floor":50,"turns":17},{"damage":56,"enemies":"Shield and Spear","floor":54,"turns":7},{"damage":80,"enemies":"The Heart","floor":55,"turns":14}],"seed_played":"4090958089751658553","potions_obtained":[{"floor":3.0,"key":"Poison Potion"},{"floor":6.0,"key":"FairyPotion"},{"floor":16.0,"key":"Explosive Potion"},{"floor":24.0,"key":"Strength Potion"},{"floor":30.0,"key":"BlessingOfTheForge"},{"floor":33.0,"key":"GamblersBrew"},{"floor":38.0,"key":"EssenceOfSteel"},{"floor":40,"key":"Weak Potion"},{"floor":44,"key":"SkillPotion"},{"floor":48,"key":"Swift Potion"},{"floor":54,"key":"EssenceOfSteel"}],"is_trial":false,"path_per_floor":["M","M","M","M","$","E","R","?","T","?","?","$","R","M","R","B",null,"M","M","M","$","?","R","E","R","T","T","?","R","E","?","R","B",null,"M","$","?","M","M","E","R","M","T","E","?","R","?","M","R","B",null,"R","$","E","B",null],"character_chosen":"THE_SILENT","items_purchased":["Blade Dance","Acrobatics","OrangePellets","Deadly Poison+1","Membership Card","Cloak And Dagger+1","Potion Belt","Pantograph","Burst+1","ClockworkSouvenir","Calculated Gamble+1"],"campfire_rested":1,"item_purchase_floors":[5,5,12,12,21,21,36,36,36,53,53],"current_hp_per_floor":[62,58,58,50,50,34,34,31,31,31,31,31,43,41,53,4,54,48,36,29,29,13,46,36,48,48,48,48,63,52,52,67,56,67,69,69,69,61,63,53,68,62,62,35,35,53,74,73,84,47,75,84,84,28,2],"gold":43,"neow_bonus":"BOSS_RELIC","is_daily":false,"chose_seed":false,"campfire_upgraded":9,"win_rate":0.0,"timestamp":1614132699,"path_taken":["M","M","M","M","$","E","R","?","T","?","?","$","R","M","R","BOSS","M","M","M","$","?","R","E","R","T","?","?","R","E","?","R","BOSS","M","?","?","?","M","E","R","?","T","E","?","R","?","M","R","BOSS","R","$","E","BOSS"],"items_purchased_type":["Card","Card","Relic","Card","Relic","Card","Relic","Relic","Card","Relic","Card"],"build_version":"2020-12-22","purchased_purges":1,"victory":true,"max_hp_per_floor":[70,70,70,70,70,70,70,70,70,70,70,70,70,70,70,70,70,70,70,70,70,70,70,70,70,70,70,70,70,70,70,70,70,70,70,70,70,70,70,70,70,70,70,84,84,84,84,84,84,84,84,84,84,84,84],"relic_stats":{"counters":[23,150],"Eternal Feather":131,"Blood Vial":19,"OrangePellets":[7],"Lizard Tail":0,"Busted Crown":46,"Ornamental Fan":[64],"Pantograph":25,"Snecko Eye":[42,53,37,54],"Art of War":[4],"Kunai":[131],"obtain_stats":[{"Potion Belt":36,"Enchiridion":22,"Eternal Feather":8,"Mango":44,"Omamori":24,"Paper Crane":27,"ClockworkSouvenir":53,"Calling Bell":17,"Blood Vial":26,"OrangePellets":12,"Lizard Tail":40,"Busted Crown":0,"Ninja Scroll":17,"Ornamental Fan":54,"Pantograph":36,"Snecko Eye":34,"Bag of Marbles":17,"Art of War":30,"Kunai":9,"Membership Card":21,"Toxic Egg 2":6,"Unceasing Top":17,"Ring of the Snake":0},{"Potion Belt":14,"Enchiridion":10,"Eternal Feather":5,"Mango":19,"Omamori":11,"Paper Crane":11,"ClockworkSouvenir":21,"Calling Bell":7,"Blood Vial":11,"OrangePellets":5,"Lizard Tail":17,"Busted Crown":0,"Ninja Scroll":7,"Ornamental Fan":22,"Pantograph":14,"Snecko Eye":13,"Bag of Marbles":7,"Art of War":12,"Kunai":5,"Membership Card":10,"Toxic Egg 2":5,"Unceasing Top":7,"Ring of the Snake":0},{"Potion Belt":77,"Enchiridion":50,"Eternal Feather":21,"Mango":108,"Omamori":55,"Paper Crane":55,"ClockworkSouvenir":129,"Calling Bell":36,"Blood Vial":55,"OrangePellets":21,"Lizard Tail":93,"Busted Crown":0,"Ninja Scroll":36,"Ornamental Fan":136,"Pantograph":77,"Snecko Eye":73,"Bag of Marbles":36,"Art of War":61,"Kunai":21,"Membership Card":50,"Toxic Egg 2":21,"Unceasing Top":36,"Ring of the Snake":0}],"Unceasing Top":[35]},"card_choices":[{"not_picked":[],"picked":"PiercingWail","floor":1.0},{"not_picked":[],"picked":"Crippling Poison","floor":2.0},{"not_picked":[],"picked":"Cloak And Dagger","floor":3.0},{"not_picked":[],"picked":"Poisoned Stab","floor":4.0},{"not_picked":[],"picked":"Dagger Spray","floor":6.0},{"not_picked":["Outmaneuver+1"],"picked":"SKIP","floor":14.0},{"not_picked":[],"picked":"Unload","floor":16.0},{"not_picked":["Poisoned Stab"],"picked":"SKIP","floor":18.0},{"not_picked":["Slice"],"picked":"SKIP","floor":19.0},{"not_picked":[],"picked":"Skewer+1","floor":20.0},{"not_picked":["Endless Agony"],"picked":"SKIP","floor":24.0},{"not_picked":["Heel Hook+1"],"picked":"SKIP","floor":30.0},{"not_picked":[],"picked":"Envenom","floor":33.0},{"not_picked":["Dagger Spray"],"picked":"SKIP","floor":35.0},{"not_picked":[],"picked":"Infinite Blades+1","floor":38.0},{"not_picked":["Bane+1"],"picked":"SKIP","floor":39.0},{"not_picked":["Dagger Throw+1"],"picked":"SKIP","floor":40},{"not_picked":["Dagger Spray+1"],"picked":"SKIP","floor":42},{"not_picked":[],"picked":"Blur+1","floor":44},{"not_picked":["Poisoned Stab"],"picked":"SKIP","floor":48},{"not_picked":["Dagger Throw+1"],"picked":"SKIP","floor":54}],"player_experience":1360787,"relics_obtained":[{"floor":6.0,"key":"Toxic Egg 2"},{"floor":9.0,"key":"Kunai"},{"floor":17.0,"key":"Bag of Marbles"},{"floor":17.0,"key":"Ninja Scroll"},{"floor":17.0,"key":"Unceasing Top"},{"floor":22.0,"key":"Enchiridion"},{"floor":24.0,"key":"Omamori"},{"floor":26.0,"key":"Blood Vial"},{"floor":27.0,"key":"Paper Crane"},{"floor":30.0,"key":"Art of War"},{"floor":40,"key":"Lizard Tail"},{"floor":44,"key":"Mango"},{"floor":54,"key":"Ornamental Fan"}],"event_choices":[{"damage_healed":0.0,"max_hp_gain":0.0,"max_hp_loss":0.0,"gold_gain":0.0,"event_name":"Scrap Ooze","player_choice":"Success","floor":8.0,"gold_loss":0.0,"damage_taken":3.0,"relics_obtained":["Eternal Feather"]},{"damage_healed":0.0,"max_hp_gain":0.0,"max_hp_loss":0.0,"gold_gain":175.0,"event_name":"Liars Game","player_choice":"AGREE","floor":10.0,"gold_loss":0.0,"damage_taken":0.0,"cards_obtained":["Doubt"]},{"cards_removed":["Doubt"],"damage_healed":0.0,"max_hp_gain":0.0,"max_hp_loss":0.0,"gold_gain":0.0,"event_name":"Living Wall","player_choice":"Forget","floor":11.0,"gold_loss":0.0,"damage_taken":0.0},{"damage_healed":0.0,"max_hp_gain":0.0,"max_hp_loss":0.0,"gold_gain":0.0,"event_name":"Cursed Tome","player_choice":"Obtained Book","floor":22.0,"gold_loss":0.0,"damage_taken":16.0},{"damage_healed":0.0,"max_hp_gain":0.0,"max_hp_loss":0.0,"gold_gain":0.0,"event_name":"The Library","player_choice":"Read","floor":28.0,"gold_loss":0.0,"damage_taken":0.0,"cards_obtained":["Dodge and Roll"]},{"cards_removed":["Strike_R"],"damage_healed":0.0,"max_hp_gain":0.0,"max_hp_loss":0.0,"gold_gain":0.0,"event_name":"NoteForYourself","player_choice":"Took Card","floor":31.0,"gold_loss":0.0,"damage_taken":0.0,"cards_obtained":["Strike_R"]},{"damage_healed":0.0,"max_hp_gain":0.0,"max_hp_loss":0.0,"gold_gain":0.0,"event_name":"Duplicator","player_choice":"Copied","floor":37.0,"gold_loss":0.0,"damage_taken":0.0,"cards_obtained":["Blade Dance"]},{"damage_healed":0,"gold_gain":0,"player_choice":"Memory 1","damage_taken":0,"max_hp_gain":0,"max_hp_loss":0,"event_name":"SensoryStone","floor":45,"gold_loss":0},{"damage_healed":21,"gold_gain":0,"player_choice":"Writhe","damage_taken":0,"max_hp_gain":0,"max_hp_loss":0,"event_name":"Winding Halls","floor":47,"gold_loss":0,"cards_obtained":["Writhe"]}],"is_beta":false,"boss_relics":[{"not_picked":["Philosopher\u0027s Stone","SacredBark"],"picked":"Calling Bell"},{"not_picked":["Cursed Key","HoveringKite"],"picked":"Snecko Eye"}],"items_purged_floors":[5],"is_endless":false,"potions_floor_spawned":[3,6,16,24,30,33,38,40,44,48,54],"ascension_level":10}}