{"host":"i0avyit1s6jb1siw","time":1614197853,"event":{"mods":["BaseMod","DeckTracker","Dota2Spire","Minty Spire (QoL Compilation)","Quick Restart","StSLib","SuperFastMode"],"gold_per_floor":[118,118,130,142,142,142,158,187,212,212,212,231,231,266,278,278,278,357,357,372,40,50,65,83,116,116,116,167,220,6,6,6,40,68,68,139,139,154,172,197,197,197,197,232,256,292,304,329,12,41,263,263,263,263],"floor_reached":53,"language":"ENG","playtime":1021,"items_purged":["Pain","Decay","Normality"],"score":1256,"play_id":"70ed6cf8-f657-4d8c-b765-96ba7ebc91c3","local_time":"20210224211733","is_ascension_mode":true,"campfire_choices":[{"floor":6.0,"key":"REST"},{"data":"Noxious Fumes","floor":13.0,"key":"SMITH"},{"data":"Finisher","floor":16.0,"key":"SMITH"},{"data":"Cloak And Dagger","floor":17.0,"key":"SMITH"},{"floor":27.0,"key":"REST"},{"data":"Blade Dance","floor":32.0,"key":"SMITH"},{"floor":35,"key":"REST"},{"data":"Prepared","floor":43,"key":"SMITH"},{"data":"Reflex","floor":47,"key":"SMITH"},{"floor":52,"key":"RECALL"}],"circlet_count":0,"master_deck":["AscendersBane","Survivor","Neutralize","Bouncing Flask+1","Blade Dance","Noxious Fumes+1","Cloak And Dagger+1","Finisher+1","Clumsy","Flechettes","Blade Dance+1","Backstab","Accuracy","Blur","Phantasmal Killer","Doubt","Writhe","Well Laid Plans","Blur+1","All Out Attack","Sucker Punch","PiercingWail","Endless Agony","Acrobatics","Concentrate","Finisher","Reflex+1","Prepared+1","Infinite Blades","Dodge and Roll","Leg Sweep","PiercingWail+1","Prepared+1","Parasite","Accuracy+1","Swift Strike","PiercingWail"],"relics":["Cursed Key","Blood Vial","Odd Mushroom","Akabeko","Du-Vu Doll","WristBlade","OrangePellets","Ginger","Dota2Spire:MaskOfMadness","Vajra","Membership Card","Question Card","FossilizedHelix","Red Mask","Pandora\u0027s Box","CaptainsWheel","Bird Faced Urn","MawBank","Bag of Marbles","Dota2Spire:OrchidMalevolence","Strawberry","Dota2Spire:PhaseBoots"],"acts_visited":["Exordium","TheCity","TheBeyond"],"potions_floor_usage":[36,36,53],"damage_taken":[{"damage":0.0,"enemies":"Jaw Worm","floor":1.0,"turns":4.0},{"damage":5.0,"enemies":"2 Louse","floor":3.0,"turns":3.0},{"damage":10.0,"enemies":"Small Slimes","floor":4.0,"turns":3.0},{"damage":6.0,"enemies":"3 Louse","floor":7.0,"turns":4.0},{"damage":14.0,"enemies":"The Mushroom Lair","floor":8.0,"turns":4.0},{"damage":6.0,"enemies":"Large Slime","floor":12.0,"turns":6.0},{"damage":9.0,"enemies":"Gremlin Nob","floor":14.0,"turns":3.0},{"damage":0.0,"enemies":"Blue Slaver","floor":15.0,"turns":1.0},{"damage":8.0,"enemies":"Slime Boss","floor":18.0,"turns":7.0},{"damage":18.0,"enemies":"3 Byrds","floor":20.0,"turns":4.0},{"damage":0.0,"enemies":"Chosen","floor":22.0,"turns":2.0},{"damage":10.0,"enemies":"Snake Plant","floor":23.0,"turns":2.0},{"damage":9.0,"enemies":"Snecko","floor":24.0,"turns":4.0},{"damage":12.0,"enemies":"Gremlin Leader","floor":25.0,"turns":6.0},{"damage":15.0,"enemies":"Slavers","floor":33.0,"turns":3.0},{"damage":14,"enemies":"Masked Bandits","floor":34,"turns":4},{"damage":28,"enemies":"Automaton","floor":36,"turns":8},{"damage":15,"enemies":"3 Darklings","floor":38,"turns":5},{"damage":0,"enemies":"3 Shapes","floor":39,"turns":8},{"damage":0,"enemies":"Mind Bloom Boss Battle","floor":40,"turns":2},{"damage":9,"enemies":"Reptomancer","floor":44,"turns":5},{"damage":14,"enemies":"Writhing Mass","floor":45,"turns":6},{"damage":12,"enemies":"4 Shapes","floor":48,"turns":4},{"damage":17,"enemies":"Nemesis","floor":50,"turns":5},{"damage":36,"enemies":"Donu and Deca","floor":53,"turns":2}],"seed_played":"2505567037238717143","potions_obtained":[{"floor":1.0,"key":"CunningPotion"},{"floor":3.0,"key":"Fire Potion"},{"floor":14.0,"key":"AttackPotion"},{"floor":18.0,"key":"SteroidPotion"},{"floor":20.0,"key":"Weak Potion"},{"floor":33.0,"key":"Dota2Spire:HealingSalve"},{"floor":40,"key":"SteroidPotion"},{"floor":50,"key":"Swift Potion"}],"is_trial":false,"path_per_floor":["M","?","M","M","?","R","M","?","T","T","?","M","R","E","M","R","R","B",null,"M","$","M","M","M","E","?","R","T","T","$","?","R","E","?","R","B",null,"M","M","?","?","T","R","E","M","T","R","M","$","E","?","R","B"],"character_chosen":"THE_SILENT","items_purchased":["OrangePellets","Accuracy","Membership Card","Dota2Spire:OrchidMalevolence","Strawberry","Swift Strike"],"campfire_rested":3,"item_purchase_floors":[21,21,30,49,49,49],"current_hp_per_floor":[59,59,54,44,26,45,41,29,29,29,29,25,25,18,20,20,20,14,53,37,37,39,31,24,14,14,33,33,33,33,33,33,20,8,27,16,54,41,43,45,45,45,45,46,38,38,38,32,39,30,30,30,0,0],"gold":263,"neow_bonus":"BOSS_RELIC","is_daily":false,"chose_seed":false,"campfire_upgraded":6,"win_rate":0.0,"timestamp":1614197853,"path_taken":["M","?","M","M","?","R","M","?","T","T","?","M","R","E","M","R","R","BOSS","M","$","M","M","M","E","?","R","T","T","$","?","R","E","?","R","BOSS","M","M","?","?","?","R","E","M","T","R","?","$","E","?","R","BOSS"],"items_purchased_type":["Relic","Card","Relic","Relic","Relic","Card"],"build_version":"2020-12-22","purchased_purges":3,"victory":false,"max_hp_per_floor":[66,66,66,66,66,66,66,66,66,66,66,66,66,66,66,66,66,66,66,66,66,66,66,66,66,66,66,66,66,66,66,66,66,66,66,66,66,66,66,66,63,63,63,63,63,63,63,63,70,70,70,70,70,70],"card_choices":[{"not_picked":["Sucker Punch","Masterful Stab"],"picked":"Bouncing Flask","floor":1.0},{"not_picked":["Flying Knee","Quick Slash"],"picked":"Blade Dance","floor":3.0},{"not_picked":["Infinite Blades","Choke"],"picked":"Noxious Fumes","floor":4.0},{"not_picked":["Outmaneuver","Heel Hook"],"picked":"Cloak And Dagger","floor":7.0},{"not_picked":["Prepared","Calculated Gamble"],"picked":"Finisher","floor":8.0},{"not_picked":["Eviscerate","Catalyst"],"picked":"Flechettes","floor":12.0},{"not_picked":["Doppelganger","Acrobatics"],"picked":"Blade Dance","floor":14.0},{"not_picked":["Sucker Punch","Flying Knee","Endless Agony"],"picked":"SKIP","floor":15.0},{"not_picked":["Poisoned Stab","Acrobatics"],"picked":"Backstab","floor":20.0},{"not_picked":["Skewer","Outmaneuver"],"picked":"Blur","floor":22.0},{"not_picked":["Deflect","Prepared","Bane"],"picked":"SKIP","floor":23.0},{"not_picked":["Prepared","Flying Knee","Predator"],"picked":"SKIP","floor":24.0},{"not_picked":["Underhanded Strike","Finisher"],"picked":"Phantasmal Killer","floor":25.0},{"not_picked":["Backflip","Flying Knee","PiercingWail"],"picked":"Well Laid Plans","floor":33.0},{"not_picked":["Deflect","Prepared","Dodge and Roll"],"picked":"Blur+1","floor":34},{"not_picked":["Slice","Setup","Flying Knee"],"picked":"Dodge and Roll","floor":38},{"not_picked":["Flying Knee+1","Escape Plan","Sucker Punch"],"picked":"Leg Sweep","floor":39},{"not_picked":["Setup","Masterful Stab","Acrobatics+1"],"picked":"PiercingWail+1","floor":44},{"not_picked":["Crippling Poison","PiercingWail","Quick Slash+1"],"picked":"Prepared+1","floor":45},{"not_picked":["Poisoned Stab","Deflect","Tools of the Trade"],"picked":"Accuracy+1","floor":48},{"not_picked":["Flechettes","All Out Attack","Setup"],"picked":"PiercingWail","floor":50}],"player_experience":2512149,"relics_obtained":[{"floor":8.0,"key":"Odd Mushroom"},{"floor":9.0,"key":"Akabeko"},{"floor":14.0,"key":"Du-Vu Doll"},{"floor":25.0,"key":"Ginger"},{"floor":28.0,"key":"Dota2Spire:MaskOfMadness"},{"floor":29.0,"key":"Vajra"},{"floor":33.0,"key":"FossilizedHelix"},{"floor":34,"key":"Red Mask"},{"floor":40,"key":"CaptainsWheel"},{"floor":42,"key":"Bird Faced Urn"},{"floor":44,"key":"MawBank"},{"floor":46,"key":"Bag of Marbles"},{"floor":50,"key":"Dota2Spire:PhaseBoots"}],"event_choices":[{"damage_healed":0.0,"max_hp_gain":0.0,"max_hp_loss":0.0,"gold_gain":0.0,"event_name":"Living Wall","player_choice":"Grow","floor":2.0,"gold_loss":0.0,"damage_taken":0.0,"cards_upgraded":["Bouncing Flask"]},{"damage_healed":0.0,"max_hp_gain":0.0,"max_hp_loss":0.0,"gold_gain":0.0,"event_name":"Scrap Ooze","player_choice":"Success","floor":5.0,"gold_loss":0.0,"damage_taken":18.0,"relics_obtained":["Blood Vial"]},{"damage_healed":0.0,"max_hp_gain":0.0,"max_hp_loss":0.0,"gold_gain":0.0,"event_name":"Mushrooms","player_choice":"Fought Mushrooms","floor":8.0,"gold_loss":0.0,"damage_taken":0.0},{"damage_healed":0.0,"max_hp_gain":0.0,"max_hp_loss":0.0,"gold_gain":0.0,"event_name":"Shining Light","player_choice":"Ignored","floor":11.0,"gold_loss":0.0,"damage_taken":0.0},{"damage_healed":0.0,"max_hp_gain":0.0,"max_hp_loss":0.0,"gold_gain":0.0,"event_name":"Cursed Tome","player_choice":"Ignored","floor":26.0,"gold_loss":0.0,"damage_taken":0.0},{"damage_healed":0.0,"max_hp_gain":0.0,"max_hp_loss":0.0,"gold_gain":0.0,"event_name":"The Mausoleum","player_choice":"Opened","floor":31.0,"gold_loss":0.0,"damage_taken":0.0,"relics_obtained":["Question Card"],"cards_obtained":["Writhe"]},{"damage_healed":0,"gold_gain":0,"player_choice":"Fought Bandits","damage_taken":0,"max_hp_gain":0,"max_hp_loss":0,"event_name":"Masked Bandits","floor":34,"gold_loss":0},{"damage_healed":0,"gold_gain":0,"player_choice":"Fight","damage_taken":0,"max_hp_gain":0,"max_hp_loss":0,"event_name":"MindBloom","floor":40,"gold_loss":0},{"damage_healed":0,"gold_gain":0,"player_choice":"Max HP","damage_taken":0,"max_hp_gain":0,"max_hp_loss":3,"event_name":"Winding Halls","floor":41,"gold_loss":0},{"damage_healed":0,"gold_gain":222,"player_choice":"Wore Mask","damage_taken":0,"max_hp_gain":0,"max_hp_loss":0,"event_name":"Tomb of Lord Red Mask","floor":51,"gold_loss":0}],"is_beta":false,"boss_relics":[{"not_picked":["Black Star","Fusion Hammer"],"picked":"WristBlade"},{"not_picked":["Velvet Choker","Runic Dome"],"picked":"Pandora\u0027s Box"}],"items_purged_floors":[21,30,49],"is_endless":false,"potions_floor_spawned":[1,3,12,14,18,20,25,33,34,40,50],"killed_by":"Donu and Deca","ascension_level":20}}