{"host":"0qulokkk26x4i6bu","time":1614142429,"event":{"mods":["BaseMod","Bestiary","Block Reminder","DeckTracker","Minty Spire (QoL Compilation)","Relic Stats"],"gold_per_floor":[114,39,39,54,54,84,99,129,204,204,229,244,274,289,289,389,389,424,479,404,404,51,51,81,81,81,116,151,186,241,296,296,396,396,436,451,466,466,7,7,62,92,142,182,212,242,344,77,77,77],"floor_reached":51,"language":"ENG","playtime":2442,"items_purged":["Strike_R","Defend_R"],"score":984,"play_id":"7bcdd3e3-49f6-4fc7-99d0-01cb36cd3c2a","local_time":"20210223205349","daily_mods":["Heirloom","Colorless Cards","DeadlyEvents"],"is_ascension_mode":false,"campfire_choices":[{"data":"Feel No Pain","floor":10,"key":"SMITH"},{"data":"Spot Weakness","floor":15,"key":"SMITH"},{"data":"Heavy Blade","floor":23,"key":"SMITH"},{"data":"HandOfGreed","floor":32,"key":"SMITH"},{"data":"Limit Break","floor":40,"key":"SMITH"},{"data":"Demon Form","floor":49,"key":"SMITH"}],"circlet_count":0,"master_deck":["Defend_R","Defend_R","Bash","Cleave","Inflame","Bloodletting","Feel No Pain+1","Spot Weakness+1","Shrug It Off","Clothesline","HandOfGreed+1","Heavy Blade+1","Bite+1","Bite+1","Bite","Bite","Bite","Anger","Sword Boomerang","Sword Boomerang+1","Dropkick+1","Demon Form+1","True Grit+1","Bandage Up+1","Pommel Strike+1","Limit Break+1","Pummel+1","Thunderclap","Shrug It Off+1","Shockwave","Inflame+1"],"relics":["Burning Blood","Magic Flower","Gremlin Horn","Sundial","Bottled Flame","Centennial Puzzle","Toy Ornithopter","Black Star","Oddly Smooth Stone","Bag of Marbles","Ice Cream","Whetstone","Red Skull","Coffee Dripper","Brimstone","PreservedInsect","Mummified Hand","Blood Vial","Potion Belt","Blue Candle","Happy Flower","Gambling Chip","Frozen Egg 2","Singing Bowl","MawBank"],"acts_visited":["Exordium","TheCity","TheBeyond"],"potions_floor_usage":[29,33,50,50,50,50,50],"damage_taken":[{"damage":6,"enemies":"Cultist","floor":1,"turns":3},{"damage":8,"enemies":"Jaw Worm","floor":4,"turns":3},{"damage":30,"enemies":"Lagavulin","floor":6,"turns":8},{"damage":1,"enemies":"2 Louse","floor":7,"turns":2},{"damage":27,"enemies":"Gremlin Nob","floor":8,"turns":4},{"damage":17,"enemies":"Blue Slaver","floor":12,"turns":3},{"damage":24,"enemies":"Lagavulin","floor":13,"turns":6},{"damage":7,"enemies":"3 Louse","floor":14,"turns":3},{"damage":22,"enemies":"The Guardian","floor":16,"turns":12},{"damage":20,"enemies":"Spheric Guardian","floor":18,"turns":4},{"damage":20,"enemies":"2 Thieves","floor":19,"turns":3},{"damage":51,"enemies":"Book of Stabbing","floor":24,"turns":5},{"damage":31,"enemies":"Snecko","floor":27,"turns":5},{"damage":19,"enemies":"Centurion and Healer","floor":28,"turns":4},{"damage":53,"enemies":"Snake Plant","floor":29,"turns":6},{"damage":43,"enemies":"Cultist and Chosen","floor":30,"turns":9},{"damage":9,"enemies":"3 Cultists","floor":31,"turns":4},{"damage":65,"enemies":"Automaton","floor":33,"turns":9},{"damage":33,"enemies":"3 Shapes","floor":35,"turns":2},{"damage":33,"enemies":"3 Darklings","floor":36,"turns":3},{"damage":38,"enemies":"Maw","floor":37,"turns":5},{"damage":12,"enemies":"Giant Head","floor":41,"turns":4},{"damage":56,"enemies":"Reptomancer","floor":42,"turns":7},{"damage":11,"enemies":"Jaw Worm Horde","floor":44,"turns":2},{"damage":23,"enemies":"Giant Head","floor":45,"turns":6},{"damage":0,"enemies":"Reptomancer","floor":46,"turns":2},{"damage":58,"enemies":"4 Shapes","floor":47,"turns":10},{"damage":26,"enemies":"Time Eater","floor":50,"turns":3}],"seed_played":"1986488565424594500","potions_obtained":[{"floor":7,"key":"BloodPotion"},{"floor":8,"key":"Block Potion"},{"floor":13,"key":"EssenceOfSteel"},{"floor":27,"key":"Regen Potion"},{"floor":29,"key":"Energy Potion"},{"floor":36,"key":"LiquidBronze"},{"floor":41,"key":"BloodPotion"},{"floor":44,"key":"Ancient Potion"}],"is_trial":false,"path_per_floor":["M","$","?","M","?","E","M","E","T","R","T","M","E","M","R","B",null,"M","M","?","?","$","R","E","$","T","M","M","M","M","M","R","B",null,"M","M","M","?","$","R","E","E","T","M","E","E","M","$","R","B",null],"character_chosen":"IRONCLAD","items_purchased":["Oddly Smooth Stone","Bag of Marbles","Anger","Limit Break","Brimstone","PreservedInsect","Inflame+1","EntropicBrew"],"campfire_rested":0,"item_purchase_floors":[22,22,22,39,39,39,48,48],"current_hp_per_floor":[80,80,80,80,80,59,67,49,49,49,49,41,26,28,28,15,80,69,58,58,56,56,56,29,29,29,28,37,34,22,30,30,17,56,35,22,21,26,26,26,43,35,35,39,45,56,18,18,18,58],"gold":77,"neow_bonus":"","is_daily":true,"chose_seed":false,"campfire_upgraded":6,"win_rate":0.0,"timestamp":1614142429,"path_taken":["M","?","?","?","?","E","?","?","T","R","?","M","E","M","R","BOSS","M","M","?","?","?","R","E","$","T","M","M","M","?","M","R","BOSS","M","?","?","?","$","R","E","?","T","M","?","E","M","$","R","BOSS"],"items_purchased_type":["Relic","Relic","Card","Card","Relic","Relic","Card","Potion"],"build_version":"2020-12-22","purchased_purges":2,"victory":true,"max_hp_per_floor":[80,80,80,80,80,80,80,80,80,80,80,80,80,80,80,80,80,80,80,80,56,56,56,56,56,56,56,56,56,56,56,56,56,56,56,56,56,56,56,56,56,56,56,56,56,56,58,58,58,58],"relic_stats":{"Gremlin Horn":[24,24],"Happy Flower":[7],"Singing Bowl":2,"counters":[28,137],"Blue Candle":[0],"Magic Flower":[211],"PreservedInsect":369,"Whetstone":["Bite","Bite"],"MawBank":24,"Burning Blood":239,"Blood Vial":15,"Centennial Puzzle":[66],"Sundial":[18],"Mummified Hand":[14],"Gambling Chip":[5],"Black Star":5,"obtain_stats":[{"Ice Cream":24,"Gremlin Horn":6,"Singing Bowl":46,"Magic Flower":0,"Whetstone":24,"Burning Blood":0,"Blood Vial":41,"Centennial Puzzle":11,"Sundial":8,"Mummified Hand":41,"Gambling Chip":45,"Red Skull":26,"Potion Belt":42,"Happy Flower":43,"Blue Candle":42,"Oddly Smooth Stone":22,"PreservedInsect":39,"Frozen Egg 2":45,"MawBank":46,"Bottled Flame":9,"Brimstone":39,"Black Star":17,"Bag of Marbles":22,"Coffee Dripper":34,"Toy Ornithopter":13},{"Ice Cream":12,"Gremlin Horn":3,"Singing Bowl":26,"Magic Flower":0,"Whetstone":12,"Burning Blood":0,"Blood Vial":22,"Centennial Puzzle":5,"Sundial":5,"Mummified Hand":22,"Gambling Chip":25,"Red Skull":12,"Potion Belt":23,"Happy Flower":23,"Blue Candle":23,"Oddly Smooth Stone":11,"PreservedInsect":21,"Frozen Egg 2":25,"MawBank":26,"Bottled Flame":5,"Brimstone":21,"Black Star":9,"Bag of Marbles":11,"Coffee Dripper":18,"Toy Ornithopter":7},{"Ice Cream":56,"Gremlin Horn":14,"Singing Bowl":124,"Magic Flower":0,"Whetstone":56,"Burning Blood":0,"Blood Vial":107,"Centennial Puzzle":20,"Sundial":20,"Mummified Hand":107,"Gambling Chip":122,"Red Skull":56,"Potion Belt":114,"Happy Flower":114,"Blue Candle":114,"Oddly Smooth Stone":51,"PreservedInsect":103,"Frozen Egg 2":122,"MawBank":124,"Bottled Flame":20,"Brimstone":103,"Black Star":44,"Bag of Marbles":51,"Coffee Dripper":93,"Toy Ornithopter":29}],"Toy Ornithopter":40},"card_choices":[{"not_picked":["Flex","Body Slam"],"picked":"Cleave","floor":1},{"not_picked":["Second Wind","Flash of Steel"],"picked":"Inflame","floor":4},{"not_picked":["Anger","Warcry","Flex"],"picked":"SKIP","floor":6},{"not_picked":["Cleave","Dark Embrace","Heavy Blade"],"picked":"SKIP","floor":7},{"not_picked":["Forethought","Demon Form"],"picked":"Feel No Pain","floor":8},{"not_picked":["Thunderclap","Pommel Strike"],"picked":"Spot Weakness","floor":12},{"not_picked":["Seeing Red","Havoc"],"picked":"Shrug It Off","floor":13},{"not_picked":["Madness","Cleave"],"picked":"Clothesline","floor":14},{"not_picked":["Master of Strategy","Double Tap"],"picked":"HandOfGreed","floor":16},{"not_picked":["Warcry+1","Feel No Pain"],"picked":"Pommel Strike","floor":18},{"not_picked":["Evolve","Iron Wave"],"picked":"Heavy Blade","floor":19},{"not_picked":["Entrench","Searing Blow","Pommel Strike"],"picked":"SKIP","floor":24},{"not_picked":["Wild Strike","True Grit"],"picked":"Sword Boomerang","floor":27},{"not_picked":["Wild Strike","Blood for Blood","Flex"],"picked":"SKIP","floor":28},{"not_picked":["True Grit","Perfected Strike+1"],"picked":"Sword Boomerang+1","floor":29},{"not_picked":["Heavy Blade","Pommel Strike","The Bomb"],"picked":"SKIP","floor":30},{"not_picked":["Perfected Strike","Seeing Red"],"picked":"Dropkick+1","floor":31},{"not_picked":["Impervious","Master of Strategy"],"picked":"Demon Form","floor":33},{"not_picked":["Wild Strike+1","Anger+1"],"picked":"True Grit+1","floor":35},{"not_picked":["Pommel Strike","Perfected Strike"],"picked":"Bandage Up+1","floor":36},{"not_picked":["Ghostly Armor+1","Mind Blast"],"picked":"Pommel Strike+1","floor":37},{"not_picked":["Searing Blow","Wild Strike+1","Headbutt+1"],"picked":"SKIP","floor":41},{"not_picked":["Dropkick+1","Power Through"],"picked":"Pummel+1","floor":42},{"not_picked":["Bludgeon","Iron Wave"],"picked":"Thunderclap","floor":44},{"not_picked":["Cleave","Iron Wave+1"],"picked":"Shrug It Off+1","floor":45},{"not_picked":["Clothesline","Dark Shackles"],"picked":"Shockwave","floor":46},{"not_picked":["True Grit","Iron Wave","Body Slam"],"picked":"Singing Bowl","floor":47}],"player_experience":82088,"relics_obtained":[{"floor":6,"key":"Gremlin Horn"},{"floor":8,"key":"Sundial"},{"floor":9,"key":"Bottled Flame"},{"floor":11,"key":"Centennial Puzzle"},{"floor":13,"key":"Toy Ornithopter"},{"floor":24,"key":"Ice Cream"},{"floor":24,"key":"Whetstone"},{"floor":26,"key":"Red Skull"},{"floor":41,"key":"Mummified Hand"},{"floor":41,"key":"Blood Vial"},{"floor":42,"key":"Potion Belt"},{"floor":42,"key":"Blue Candle"},{"floor":43,"key":"Happy Flower"},{"floor":45,"key":"Gambling Chip"},{"floor":45,"key":"Frozen Egg 2"},{"floor":46,"key":"Singing Bowl"},{"floor":46,"key":"MawBank"}],"event_choices":[{"cards_removed":["Strike_R"],"damage_healed":0,"gold_gain":0,"player_choice":"Purged","damage_taken":0,"max_hp_gain":0,"max_hp_loss":0,"event_name":"Purifier","floor":3,"gold_loss":0},{"damage_healed":0,"gold_gain":0,"cards_transformed":["Strike_R"],"player_choice":"Change","damage_taken":0,"max_hp_gain":0,"max_hp_loss":0,"event_name":"Living Wall","floor":5,"gold_loss":0,"cards_obtained":["Bloodletting"]},{"cards_removed":["Defend_R"],"damage_healed":0,"gold_gain":0,"player_choice":"Gave Gold","damage_taken":0,"max_hp_gain":0,"max_hp_loss":0,"event_name":"Beggar","floor":20,"gold_loss":75},{"damage_healed":0,"gold_gain":0,"player_choice":"Became a vampire","damage_taken":0,"max_hp_gain":0,"max_hp_loss":24,"event_name":"Vampires","floor":21,"gold_loss":0,"cards_obtained":["Bite","Bite","Bite","Bite","Bite"]},{"cards_removed":["Pommel Strike"],"damage_healed":5,"gold_gain":0,"player_choice":"Offered Common","damage_taken":0,"max_hp_gain":0,"max_hp_loss":0,"event_name":"Bonfire Elementals","floor":38,"gold_loss":0},{"cards_removed":["Pommel Strike"],"damage_healed":5,"gold_gain":0,"player_choice":"Offered Special","damage_taken":0,"max_hp_gain":0,"max_hp_loss":0,"event_name":"Bonfire Elementals","floor":38,"gold_loss":0}],"is_beta":false,"boss_relics":[{"not_picked":["SlaversCollar","Tiny House"],"picked":"Black Star"},{"not_picked":["Runic Pyramid","Runic Cube"],"picked":"Coffee Dripper"}],"items_purged_floors":[2,48],"is_endless":false,"potions_floor_spawned":[7,8,13,16,27,29,30,31,36,41,44],"ascension_level":0}}