{"host":"qrfkyfrpo74atslb","time":1614163003,"event":{"mods":["Astrologer","Bartender","BaseMod","Beaked The Cultist","Better Note","Better Third Choice","CapriCore","Colored Map","Colored Powertips","Conspire","DeckTracker","Downfall","GungeonMod","Hermit","Hero for Fun","Hubris","Koishi","LagranYue(???·?)","Mad Scientist","Marisa????????","Minty Spire (QoL Compilation)","Prisma Mod","Reimu??????","Remilia??????","StSLib","The Administrix","The Alterego","The Bladedancer","The Cursed","The Gatherer","The Immortal","The Mystic","The Necromancer","The Runesmith","The Servant 0.9.4","The Wild Card","TheSwordswoman","WarShipGirlsR/????R mod","Yakumo Yukari mod","Yuyuko"],"gold_per_floor":[110,10,38,1,276,303,303,348,348,359,378,421,441,468,468,572,572,606,606,61,80,80,80,110,110,110,129,129,129,129],"floor_reached":29,"language":"ENG","playtime":1425,"items_purged":[],"score":280,"play_id":"5290c07f-8942-4664-9884-9f8d1662ead8","local_time":"20210224233643","is_ascension_mode":false,"campfire_choices":[{"data":"Runesmith:Repurpose","floor":7,"key":"SMITH"},{"floor":15,"key":"REST"},{"data":"Runesmith:Repurpose","floor":23,"key":"SMITH"},{"data":"Runesmith:Repurpose","floor":25,"key":"SMITH"}],"circlet_count":0,"master_deck":["Runesmith:Strike_RS","Runesmith:Strike_RS","Runesmith:Strike_RS","Runesmith:Strike_RS","Runesmith:Defend_RS","Runesmith:Defend_RS","Runesmith:Defend_RS","Runesmith:Defend_RS","Runesmith:CraftFirestone","Runesmith:Fortify","Runesmith:Firestorm","conspire:SpireCoStock","conspire:SpireCoStock","Runesmith:HammerThrow","Runesmith:CraftIncendium","Regret","Runesmith:Repurpose+1","Runesmith:DoubleUp","Runesmith:Firewall","Runesmith:CraftVitae","Runesmith:Repurpose+1","Runesmith:Supernova","Runesmith:Repurpose+1","DemoMod:TripleGun","hubris:DuctTapeCard","Runesmith:CraftIndustria","Runesmith:EnergizedChisel+1","Runesmith:Grindstone","Parasite","Runesmith:PoweredAnvil","Finesse"],"relics":["Runesmith:BrokenRuby","LagranYue:RandomDrawCardRelic","NeowsBlessing","AntiCross","Letter Opener","Centennial Puzzle","Cursed Key","hubris:DuctTape","conspire:GiftBox","CrazyTorch:ReiMu","hubris:TinFlute","DemoMod:GlassGuonStoneRelic"],"acts_visited":["Exordium","TheCity"],"potions_floor_usage":[12,18,18],"damage_taken":[{"damage":0,"enemies":"Small Slimes","floor":1,"turns":1},{"damage":0,"enemies":"Cultist","floor":3,"turns":1},{"damage":0,"enemies":"Gremlin Nob","floor":6,"turns":1},{"damage":0,"enemies":"Jaw Worm","floor":8,"turns":3},{"damage":3,"enemies":"Red Slaver","floor":10,"turns":3},{"damage":5,"enemies":"3 Louse","floor":11,"turns":2},{"damage":34,"enemies":"3 Sentries","floor":12,"turns":5},{"damage":14,"enemies":"Exordium Wildlife","floor":13,"turns":3},{"damage":3,"enemies":"Looter","floor":14,"turns":3},{"damage":26,"enemies":"The Guardian","floor":16,"turns":8},{"damage":29,"enemies":"conspire:FuzzyDice","floor":18,"turns":5},{"damage":16,"enemies":"3 Byrds","floor":21,"turns":4},{"damage":23,"enemies":"conspire:SneckoGhost","floor":24,"turns":6},{"damage":4,"enemies":"Centurion and Healer","floor":27,"turns":6},{"damage":3,"enemies":"Chosen and Byrds","floor":29,"turns":4}],"seed_played":"480846336253672054","potions_obtained":[{"floor":1,"key":"AttackPotion"},{"floor":3,"key":"GamblersBrew"},{"floor":12,"key":"Dexterity Potion"},{"floor":14,"key":"Swift Potion"},{"floor":16,"key":"Weak Potion"},{"floor":24,"key":"Dexterity Potion"}],"is_trial":false,"path_per_floor":["M","?","M","$","?","E","R","M","T","M","M","E","M","M","R","B",null,"M","?","$","M","?","R","E","R","T","M","?","M"],"character_chosen":"RUNESMITH_CLASS","items_purchased":["Runesmith:CraftIncendium","hubris:DuctTape","conspire:GiftBox"],"campfire_rested":1,"item_purchase_floors":[4,20,20],"current_hp_per_floor":[70,70,70,70,70,70,70,70,70,67,62,28,14,11,32,6,70,41,41,41,25,48,48,25,25,25,21,3,0,0],"gold":129,"neow_bonus":"THREE_ENEMY_KILL","is_daily":false,"chose_seed":false,"campfire_upgraded":3,"win_rate":0.0,"timestamp":1614163003,"path_taken":["M","?","M","$","?","E","R","?","T","M","M","E","M","M","R","BOSS","M","?","$","M","?","R","E","R","T","M","?","M"],"items_purchased_type":["Card","Relic","Relic"],"build_version":"2020-12-22","purchased_purges":0,"victory":false,"max_hp_per_floor":[70,70,70,70,70,70,70,70,70,70,70,70,70,70,70,70,70,70,70,70,70,70,70,70,70,70,70,70,70,70],"card_choices":[{"not_picked":["Runesmith:ShiftingStrike","Runesmith:ChiselStab"],"picked":"Runesmith:Firestorm","floor":1},{"not_picked":["Runesmith:StaticCage","Runesmith:CraftVitae"],"picked":"Runesmith:HammerThrow","floor":3},{"not_picked":["Runesmith:FieryHammer","Runesmith:Electrocute"],"picked":"Runesmith:Repurpose","floor":6},{"not_picked":["Runesmith:Overpower","Runesmith:BackupBattery"],"picked":"Runesmith:DoubleUp","floor":8},{"not_picked":["Runesmith:Overpower","Runesmith:Terraform"],"picked":"Runesmith:RuneHurl","floor":10},{"not_picked":["Runesmith:ShiftingStrike","Runesmith:Augment"],"picked":"Runesmith:Superposition","floor":11},{"not_picked":["Runesmith:DoubleUp","Runesmith:NegativeSpace"],"picked":"Runesmith:Firewall","floor":12},{"not_picked":["Runesmith:Grindstone","Runesmith:Electrocute"],"picked":"Runesmith:CraftVitae","floor":13},{"not_picked":["Runesmith:EnergizedChisel","Runesmith:ChaoticBlast"],"picked":"Runesmith:Repurpose","floor":14},{"not_picked":["Runesmith:CraftMedicinae","Runesmith:Duplicate"],"picked":"Runesmith:Supernova","floor":16},{"not_picked":["Runesmith:CraftVitae","Runesmith:Empowerment"],"picked":"Runesmith:Repurpose","floor":18},{"not_picked":["Runesmith:DuctTape","Runesmith:ReplicatingBarrier"],"picked":"Runesmith:CraftIndustria","floor":20},{"not_picked":["Runesmith:UnstableHammer","Runesmith:StaticCage+1"],"picked":"Runesmith:EnergizedChisel+1","floor":21},{"not_picked":["Runesmith:CraftReservo","Runesmith:HammerThrow"],"picked":"Runesmith:Grindstone","floor":24},{"not_picked":["Runesmith:HeatedChisel","Runesmith:StaticCage"],"picked":"Runesmith:PoweredAnvil","floor":27}],"player_experience":133152,"relics_obtained":[{"floor":6,"key":"AntiCross"},{"floor":9,"key":"Letter Opener"},{"floor":12,"key":"Centennial Puzzle"},{"floor":24,"key":"CrazyTorch:ReiMu"},{"floor":26,"key":"hubris:TinFlute"}],"event_choices":[{"damage_healed":0,"gold_gain":0,"player_choice":"Invest 2","damage_taken":0,"max_hp_gain":0,"max_hp_loss":0,"event_name":"conspire:Investor","floor":2,"gold_loss":0},{"damage_healed":0,"gold_gain":275,"player_choice":"Desecrate","damage_taken":0,"max_hp_gain":0,"max_hp_loss":0,"event_name":"Golden Shrine","floor":5,"gold_loss":0,"cards_obtained":["Regret"]},{"cards_removed":["conspire:SpireCoStock"],"damage_healed":0,"gold_gain":0,"player_choice":"Take \u0026 Give","damage_taken":0,"max_hp_gain":0,"max_hp_loss":0,"event_name":"betterNote:BetterNote","floor":19,"gold_loss":0,"cards_obtained":["DemoMod:TripleGun"]},{"damage_healed":23,"gold_gain":0,"player_choice":"Heal","damage_taken":0,"max_hp_gain":0,"max_hp_loss":0,"event_name":"The Library","floor":22,"gold_loss":0},{"damage_healed":0,"gold_gain":0,"player_choice":"CARD POTION ","damage_taken":18,"max_hp_gain":0,"max_hp_loss":0,"event_name":"Knowing Skull","floor":28,"potions_obtained":["bronze:BurnAndBuffPotion"],"gold_loss":0,"cards_obtained":["Finesse"]}],"is_beta":false,"boss_relics":[{"not_picked":["Runesmith:CoreCrystal","conspire:RunicOctahedron"],"picked":"Cursed Key"}],"items_purged_floors":[],"is_endless":false,"potions_floor_spawned":[1,3,12,14,16,24],"killed_by":"Chosen and Byrds","ascension_level":0}}