{"host":"q79dm2j0pr18ov08","time":1614172296,"event":{"mods":["Act Like it!","Arknights","BaseMod","CapriCore","Colored Powertips","Gensokyo","Googly Eyes","Koishi","Marisa£¨ìFÓê¡¡Ä§ÀíÉ³£©","Minty Spire (QoL Compilation)","MostiFishMod","Pale of the Ancients","Reimu£¨²©ÀöÁéÃÎ£©","Replay The Spire","Ruina","RumiaBox-Â¶Ã×æ«µÄÉñÃØºÐ×Ó","StSLib","TestMod","The Administrix","The Construct","The Immortal","The IronCluck","The Jungle","The Servant 0.9.4","UnlockEverythingMod","Waifu the Spire","[IsaacMod]ÒÔÈö¼âËþ","¡¾ÒÅÎï¿¨ÅÆ¡¿REMEMod"],"gold_per_floor":[113,119,119,119,160,87,87,87,87,104,104,20,54,70,86,86,86,160,160,173,573,573,593,225,256,256,306,306,326,340,340,373,373,373,447,447,458,85,101,116,165,193,193,408,408,442,452,452,452,452,452,452,452,452,452,31,56,56,56],"floor_reached":58,"language":"ZHS","playtime":6006,"items_purged":["Strike_R","Pain","Strike_R"],"score":1831,"play_id":"e0bb71a3-a04d-4489-b194-97c4c450b2f8","local_time":"20210224211136","is_ascension_mode":true,"campfire_choices":[{"data":"Armaments","floor":9.0,"key":"SMITH"},{"data":"Barricade","floor":17.0,"key":"SMITH"},{"data":"Entrench","floor":26.0,"key":"SMITH"},{"data":"testmod-Collector","floor":31.0,"key":"SMITH"},{"data":"Body Slam","floor":34.0,"key":"SMITH"},{"floor":48.0,"key":"RECALL"},{"data":"Armaments","floor":51.0,"key":"SMITH"},{"data":"Shockwave","floor":55.0,"key":"SMITH"}],"circlet_count":0,"master_deck":["AscendersBane","Strike_R","Strike_R+1","Strike_R","Defend_R","Defend_R","Defend_R","Defend_R+1","Bash","Phantasmal Killer","Shrug It Off","Body Slam+1","Armaments+1","Barricade+1","Feed","Cleave","Entrench+1","testmod-Collector+1","Shrug It Off","Body Slam+1","Metallicize+1","MostiFishMod:UltimateDefense","Pommel Strike+1","Shockwave+1","Armaments+1","Gensokyo:LifeSpringInfinity+1","Thunderclap+1"],"relics":["Burning Blood","HushsDoor","testmod-TestBox","REME_ComplimentaryCards","JellyFishMachine","testmod-TurbochargingSystem","PillsDrop","NeowsBlessing","SynthV:TestCard","Replay:Wax Seal","Gensokyo:LunaticRedEyes","Pear","TheBible","Blue Candle","SacredBark","Simple Rune","Molten Egg 2","Question Card","PreservedInsect","UnicornStump","Anchor","HereWithMe","BelialBook","Civilization","testmod-Charity","Boot","YumHeart","Nunchaku","Kunai","Paper Frog","Vajra","testmod-AssaultLearning","Replay:Kaleidoscope","REME_HandOfSuture"],"acts_visited":["Gensokyo:Gensokyo","Gensokyo:Gensokyoer","Gensokyo:Gensokyoest","TheEnding"],"potions_floor_usage":[58,58],"damage_taken":[{"damage":0.0,"enemies":"Gensokyo:Gryphon","floor":1.0,"turns":1.0},{"damage":4.0,"enemies":"Gensokyo:Mamizou","floor":6.0,"turns":2.0},{"damage":0.0,"enemies":"Gensokyo:2_Kodama","floor":10.0,"turns":1.0},{"damage":9.0,"enemies":"Gensokyo:Python","floor":12.0,"turns":3.0},{"damage":8.0,"enemies":"Gensokyo:Aya","floor":13.0,"turns":8.0},{"damage":18.0,"enemies":"Gensokyo:Kitsune","floor":14.0,"turns":4.0},{"damage":13.0,"enemies":"Gensokyo:VengefulSpirit","floor":15.0,"turns":4.0},{"damage":11.0,"enemies":"Gensokyo:Reimu","floor":18.0,"turns":6.0},{"damage":8.0,"enemies":"Gensokyo:2_Gloops","floor":20.0,"turns":5.0},{"damage":10.0,"enemies":"Gensokyo:Chomper","floor":23.0,"turns":5.0},{"damage":78.0,"enemies":"Gensokyo:Koishi","floor":25.0,"turns":8.0},{"damage":11.0,"enemies":"Hiden Room Battle","floor":27.0,"turns":4.0},{"damage":11.0,"enemies":"Gensokyo:Wraith","floor":29.0,"turns":5.0},{"damage":0.0,"enemies":"Gensokyo:Slime_Group","floor":30.0,"turns":2.0},{"damage":0.0,"enemies":"Gensokyo:Tenshi","floor":32.0,"turns":2.0},{"damage":10.0,"enemies":"Gensokyo:Eternal_Rivals","floor":35.0,"turns":10.0},{"damage":0.0,"enemies":"Gensokyo:3_Boulders","floor":37.0,"turns":2.0},{"damage":38.0,"enemies":"Gensokyo:AncientGuardian","floor":39.0,"turns":7.0},{"damage":34.0,"enemies":"Gensokyo:3_Boulders","floor":40.0,"turns":4.0},{"damage":0.0,"enemies":"Hiden Room Battle","floor":41.0,"turns":1.0},{"damage":0.0,"enemies":"Gensokyo:Marisa","floor":42.0,"turns":3.0},{"damage":0.0,"enemies":"Gensokyo:Dusk_and_Dawn","floor":44.0,"turns":3.0},{"damage":0.0,"enemies":"Gensokyo:Kasen","floor":46.0,"turns":3.0},{"damage":0.0,"enemies":"Gensokyo:Sharpion","floor":47.0,"turns":2.0},{"damage":0.0,"enemies":"Gensokyo:Sharpion","floor":50.0,"turns":3.0},{"damage":0.0,"enemies":"Gensokyo:Yuyuko","floor":52.0,"turns":6.0},{"damage":0.0,"enemies":"Delirium","floor":53.0,"turns":70.0},{"damage":16.0,"enemies":"Shield and Spear","floor":57.0,"turns":3.0},{"damage":120,"enemies":"The Heart","floor":58,"turns":8}],"seed_played":"-2412635574809737302","potions_obtained":[{"floor":10.0,"key":"BloodPotion"},{"floor":14.0,"key":"BlessingOfTheForge"},{"floor":20.0,"key":"FairyPotion"},{"floor":29.0,"key":"Weak Potion"},{"floor":35.0,"key":"BloodPotion"},{"floor":44.0,"key":"FairyPotion"}],"is_trial":false,"path_per_floor":["M","$","?","?","?","E","PTL","PTL","R","M","T","M","E","M","M","$","R","B",null,"M","?","?","M","$","E","R","?","T","M","M","R","E","?","R","B",null,"M","COS","M","M","?","E","$","M","T","E","M","R","?","?","R","B","B",null,"R","$","E","B"],"character_chosen":"IRONCLAD","items_purchased":["Replay:Wax Seal","Body Slam","Simple Rune","testmod-Collector","BelialBook","HeartOfIron","FearPotion","Block Potion","Replay:Kaleidoscope"],"campfire_rested":0,"item_purchase_floors":[2,2,24,24,36,36,56,56,56],"current_hp_per_floor":[74,74,74,64,49,51,51,51,51,57,57,54,52,40,33,50,50,45,71,72,72,72,71,71,57,57,40,40,35,41,41,47,47,47,43,63,69,69,45,53,50,62,62,75,75,87,99,99,99,99,99,99,122,122,122,122,118,0,0],"gold":56,"neow_bonus":"THREE_ENEMY_KILL","is_daily":false,"chose_seed":false,"campfire_upgraded":7,"win_rate":0.0,"timestamp":1614172296,"path_taken":["M","$","?","?","?","E","PTL","PTL","R","M","T","M","E","?","M","$","R","BOSS","M","?","?","?","$","E","R","?","T","?","M","R","E","?","R","BOSS","M","COS","M","M","?","E","$","M","T","E","M","R","?","?","R","BOSS","BOSS","R","$","E","BOSS"],"items_purchased_type":["Relic","Card","Relic","Card","Relic","Potion","Potion","Potion","Relic"],"build_version":"2020-12-22","purchased_purges":3,"victory":false,"max_hp_per_floor":[75,75,75,85,85,85,85,85,85,85,85,85,85,85,85,85,85,80,80,83,83,83,86,86,86,86,89,89,89,89,89,89,89,89,89,70,70,70,78,83,89,95,95,102,102,103,109,109,109,109,109,114,122,122,122,122,123,123,123],"card_choices":[{"not_picked":["Life Link","Anger"],"picked":"Shrug It Off","floor":1.0},{"not_picked":["Sever Soul","Rupture","MostiFishMod:OrdinaryWorld","Warcry"],"picked":"Armaments","floor":6.0},{"not_picked":["Flame Barrier","Feel No Pain","Disarm","Rampage","Burning Pact"],"picked":"SKIP","floor":10.0},{"not_picked":["MostiFishMod:404NotFound","Sword Boomerang","Run Through","Perfected Strike","Havoc"],"picked":"SKIP","floor":12.0},{"not_picked":["Carnage","Clash","Wild Strike","Flame Barrier","Rupture"],"picked":"SKIP","floor":13.0},{"not_picked":["Cleave","Burning Pact","REME_FearOfPain","Combust"],"picked":"Barricade","floor":14.0},{"not_picked":["Heavy Blade","Havoc","Replay:Undeath\u0027s Touch","Rampage","Anger"],"picked":"SKIP","floor":15.0},{"not_picked":["Exhume","Demon Form","MostiFishMod:FlyOverUtopia","Limit Break"],"picked":"Feed","floor":18.0},{"not_picked":["Thunderclap","Spot Weakness","Havoc","Power Through"],"picked":"Cleave","floor":20.0},{"not_picked":["Twin Strike","Havoc","Thunderclap","Flex","MostiFishMod:RainCloud"],"picked":"SKIP","floor":23.0},{"not_picked":["Combust","ReplayTheSpireMod:Stacked+1","ReplayTheSpireMod:Strike From Hell+1","Cleave+1"],"picked":"Shrug It Off","floor":25.0},{"not_picked":["Sever Soul+1","Armaments","Barricade","Twin Strike+1"],"picked":"Body Slam+1","floor":27.0},{"not_picked":["Wild Strike+1","Anger+1","Armaments","Dropkick+1","True Grit","Whirlwind+1"],"picked":"SKIP","floor":29.0},{"not_picked":["MostiFishMod:DoubleSword","REME_Cut","Flex","Sever Soul+1","Ghostly Armor"],"picked":"Metallicize+1","floor":30.0},{"not_picked":["Massacre+1","Feel No Pain","Searing Blow+1","Havoc+1","REME_Fury","Headbutt+1"],"picked":"SKIP","floor":32.0},{"not_picked":["Limit Break","Reaper+1","MostiFishMod:KnuckleDown","REME_TheLastStrike+1","Eclipse"],"picked":"MostiFishMod:UltimateDefense","floor":35.0},{"not_picked":["Perfected Strike+1","Massacre+1","MostiFishMod:NewArrival","ReplayReversal","ReplayTheSpireMod:Muscle Training"],"picked":"Pommel Strike+1","floor":37.0},{"not_picked":["ReplayTheSpireMod:Strike From Hell+1","Havoc","Armaments","Anger+1","Intimidate"],"picked":"Shockwave","floor":39.0},{"not_picked":["Wild Strike+1","Second Wind","Perfected Strike+1","Shrug It Off","Evolve"],"picked":"Armaments","floor":40.0},{"not_picked":["Clothesline+1","Ghostly Armor","REME_SingleHolding+1","Rampage+1","Barricade","Bloodletting"],"picked":"SKIP","floor":42.0},{"not_picked":["Twin Strike+1","Infernal Blade","Dual Wield","Iron Wave+1","ReplayTheSpireMod:Corrosion Curse","MostiFishMod:HellRitual"],"picked":"SKIP","floor":44.0},{"not_picked":["True Grit","Sword Boomerang+1","Armaments","ReplayTheSpireMod:Strike From Hell+1","Thunderclap+1","Rampage+1"],"picked":"SKIP","floor":46.0},{"not_picked":["Perfected Strike+1","ReplayTheSpireMod:Strike From Hell+1","Eclipse","Cleave+1","Shockwave","Flex"],"picked":"SKIP","floor":47.0},{"not_picked":["Gensokyo:Dawn+1","Gensokyo:UnlikelyAid+1"],"picked":"Gensokyo:LifeSpringInfinity+1","floor":50.0},{"not_picked":["Feel No Pain","Flex","Intimidate+1","Metallicize","Rage"],"picked":"Thunderclap+1","floor":57.0}],"player_experience":364037,"relics_obtained":[{"floor":1.0,"key":"SynthV:TestCard"},{"floor":6.0,"key":"TheBible"},{"floor":13.0,"key":"Blue Candle"},{"floor":25.0,"key":"Molten Egg 2"},{"floor":27.0,"key":"Question Card"},{"floor":27.0,"key":"PreservedInsect"},{"floor":28.0,"key":"UnicornStump"},{"floor":32.0,"key":"Anchor"},{"floor":41.0,"key":"YumHeart"},{"floor":41.0,"key":"Nunchaku"},{"floor":42.0,"key":"Kunai"},{"floor":45.0,"key":"Paper Frog"},{"floor":46.0,"key":"Vajra"},{"floor":57.0,"key":"REME_HandOfSuture"}],"event_choices":[{"damage_healed":0.0,"max_hp_gain":0.0,"max_hp_loss":0.0,"gold_gain":400.0,"event_name":"¶÷ÂåË¹µÄÅÌ×Ó","player_choice":"Sell","floor":21.0,"relics_lost":["DaveBox"],"gold_loss":0.0,"damage_taken":0.0},{"damage_healed":0.0,"max_hp_gain":0.0,"max_hp_loss":0.0,"gold_gain":0.0,"event_name":"HidenRoomEvent","player_choice":"Fight","floor":27.0,"gold_loss":0.0,"damage_taken":0.0},{"damage_healed":0.0,"max_hp_gain":0.0,"max_hp_loss":0.0,"gold_gain":0.0,"event_name":"HidenRoomEvent","player_choice":"Fight","floor":41.0,"gold_loss":0.0,"damage_taken":0.0}],"is_beta":false,"boss_relics":[{"not_picked":["testmod-PortableAltar","ChewingGum"],"picked":"SacredBark"},{"not_picked":[]},{"not_picked":["Pandora\u0027s Box","testmod-IncinerationGenerator"],"picked":"HereWithMe"},{"not_picked":[]}],"items_purged_floors":[2,24,36],"is_endless":false,"potions_floor_spawned":[10,14,20,29,35,39,41,44,46],"killed_by":"The Heart","ascension_level":20}}