{"host":"snggrqcauaf0m8fe","time":1614157562,"event":{"mods":["BaseMod","Minty Spire (QoL Compilation)","Quick Restart"],"gold_per_floor":[112,387,399,415,415,432,455,475,475,485,445,445,465,475,475,475,475],"floor_reached":16,"language":"ENG","playtime":369,"items_purged":[],"score":144,"play_id":"3d570742-31d6-453a-955e-0bfa46bdb521","local_time":"20210224100602","is_ascension_mode":true,"campfire_choices":[{"floor":12,"key":"REST"},{"floor":15,"key":"REST"}],"circlet_count":0,"master_deck":["AscendersBane","Strike_G","Strike_G","Strike_G","Strike_G","Strike_G","Defend_G","Defend_G","Defend_G","Defend_G","Defend_G","Survivor","Neutralize","Masterful Stab","Outmaneuver","Backstab","Caltrops"],"relics":["Ring of the Snake","NeowsBlessing","Potion Belt","Meat on the Bone"],"acts_visited":["Exordium"],"potions_floor_usage":[6,13,14,16,16],"damage_taken":[{"damage":0,"enemies":"2 Louse","floor":1,"turns":1},{"damage":0,"enemies":"Cultist","floor":3,"turns":1},{"damage":0,"enemies":"Jaw Worm","floor":4,"turns":1},{"damage":0,"enemies":"Red Slaver","floor":6,"turns":4},{"damage":26,"enemies":"Exordium Thugs","floor":8,"turns":7},{"damage":12,"enemies":"Looter","floor":10,"turns":4},{"damage":7,"enemies":"Lots of Slimes","floor":13,"turns":3},{"damage":10,"enemies":"Gremlin Gang","floor":14,"turns":6},{"damage":78,"enemies":"Hexaghost","floor":16,"turns":12}],"seed_played":"-2073061796209156287","potions_obtained":[{"floor":4,"key":"AttackPotion"},{"floor":10,"key":"LiquidBronze"},{"floor":11,"key":"FearPotion"},{"floor":11,"key":"GhostInAJar"},{"floor":11,"key":"FairyPotion"},{"floor":14,"key":"CultistPotion"}],"is_trial":false,"path_per_floor":["M","?","M","M","?","M","T","M","T","M","?","R","M","M","R","B"],"character_chosen":"THE_SILENT","items_purchased":[],"campfire_rested":2,"item_purchase_floors":[],"current_hp_per_floor":[63,63,63,63,63,63,63,37,37,37,37,58,51,41,62,6,6],"gold":475,"neow_bonus":"THREE_ENEMY_KILL","is_daily":false,"chose_seed":false,"campfire_upgraded":0,"win_rate":0.0,"timestamp":1614157562,"path_taken":["M","?","M","?","?","?","?","M","T","M","?","R","M","M","R","BOSS"],"items_purchased_type":[],"build_version":"2020-12-22","purchased_purges":0,"victory":false,"max_hp_per_floor":[70,70,70,70,70,70,70,70,70,70,70,70,70,70,70,70,70],"card_choices":[{"not_picked":["Poisoned Stab","Noxious Fumes"],"picked":"Masterful Stab","floor":1},{"not_picked":["Quick Slash","Deadly Poison"],"picked":"Outmaneuver","floor":3},{"not_picked":["PiercingWail","Prepared","Blur"],"picked":"SKIP","floor":4},{"not_picked":["Outmaneuver","Deadly Poison","Acrobatics"],"picked":"SKIP","floor":6},{"not_picked":["Dash","Slice"],"picked":"Backstab","floor":8},{"not_picked":["Poisoned Stab","PiercingWail","Catalyst"],"picked":"SKIP","floor":10},{"not_picked":["Dash","Dagger Spray","Leg Sweep"],"picked":"SKIP","floor":13},{"not_picked":["Deadly Poison","Underhanded Strike"],"picked":"Caltrops","floor":14}],"player_experience":815730,"relics_obtained":[{"floor":7,"key":"Potion Belt"},{"floor":9,"key":"Meat on the Bone"}],"event_choices":[{"damage_healed":0,"gold_gain":275,"player_choice":"Desecrate","damage_taken":0,"max_hp_gain":0,"max_hp_loss":0,"event_name":"Golden Shrine","floor":2,"gold_loss":0,"cards_obtained":["Regret"]},{"cards_removed":["Regret"],"damage_healed":0,"gold_gain":0,"player_choice":"Removed Curses","damage_taken":0,"max_hp_gain":0,"max_hp_loss":0,"event_name":"Fountain of Cleansing","floor":5,"gold_loss":0},{"damage_healed":0,"gold_gain":0,"player_choice":"Bought 3 Potions","damage_taken":0,"max_hp_gain":0,"max_hp_loss":0,"event_name":"The Woman in Blue","floor":11,"gold_loss":0}],"is_beta":false,"boss_relics":[],"items_purged_floors":[],"is_endless":false,"potions_floor_spawned":[4,10,14],"killed_by":"Hexaghost","ascension_level":10}}