{"host":"o5lch9xvacbb0fa4","time":1614196174,"event":{"mods":["AchievementEnabler","Act Like it!","Aspiration","Bard","BaseMod","Better Altar","Better Match","Better Note","Better Sensory Stone","Better Skull","Better Third Choice","Better Vampires","BetterRewards","CCEM","Colored Map","Conspire","Downfall","GifTheSpireLib","Googly Eyes","GungeonMod","Halation","Hermit","Highlight Path","Hubris","Infinite Spire","Jedi Mod","Jorbs\u0027s Wanderer Trilogy","Marisa????????","Marked Mod","Mimic Mod","Minty Spire (QoL Compilation)","Permanent Neow","Relic Filter","Relic Sorter","Relic Stats","Replay The Spire","Shade Mod","Shop Mod","Small Relic Pack","StSLib","Stuff the Spire","The Blackbeard","The Cursed","The Runesmith","Unceasing Turn Reminder","everything is the same but u backflip on backflip","slay the spire mod where everything is the same but ironclad has a cowboy hat"],"gold_per_floor":[112,123,133,146,158,184,184,184,184,184,184,200,200,221,221,332,332,365,325,325,325,102,142,159,159,197,224,251,304,329,361,361,498,498,554,554,554,612,636,731,731,731,782,782,874,600,676,676,193,230],"floor_reached":51,"playtime":2122,"items_purged":["hubris:Sloth","TheCursedMod:Strike_TheCursed"],"score":894,"play_id":"12083c9d-fcc5-4f74-9825-d25b7b06f7bc","local_time":"20210225034934","is_ascension_mode":false,"campfire_choices":[{"data":"TheCursedMod:ReleasedKnowledge","floor":7,"key":"SMITH"},{"data":"TheCursedMod:CircleOfCorruption","floor":10,"key":"SMITH"},{"data":"TheCursedMod:FleshFromBone","floor":13,"key":"SMITH"},{"data":"TheCursedMod:CursedShiv","floor":15,"key":"SMITH"},{"data":"TheCursedMod:BlessingInDisguise","floor":25,"key":"SMITH"},{"floor":32,"key":"REST"},{"data":"TheCursedMod:CircleOfAbyss","floor":41,"key":"SMITH"},{"data":"TheCursedMod:CircleOfFlame","floor":44,"key":"SMITH"}],"circlet_count":0,"master_deck":["TheCursedMod:Strike_TheCursed","TheCursedMod:Strike_TheCursed","TheCursedMod:Strike_TheCursed","TheCursedMod:Defend_TheCursed","TheCursedMod:Defend_TheCursed","TheCursedMod:Defend_TheCursed","TheCursedMod:Defend_TheCursed","TheCursedMod:CursedWand","TheCursedMod:CleanUpWorkshop+1","TheCursedMod:Dregs","TheCursedMod:CursedShiv+1","TheCursedMod:WearCloak","TheCursedMod:FleshFromBone+1","TheCursedMod:CircleOfCorruption+1","TheCursedMod:ReleasedKnowledge+1","TheCursedMod:CircleOfAmplification","TheCursedMod:CursedAmulet","TheCursedMod:SpitefulStrike","TheCursedMod:VoidForm+1","Guardian:Aged","TheCursedMod:Dregs","TheCursedMod:BlessingInDisguise+1","TheCursedMod:CircleOfCorruption+1","TheCursedMod:CursedBoomerang+1","TheCursedMod:CursedBlade","TheCursedMod:CircleOfFlame+1","TheCursedMod:CursedBlade+1","TheCursedMod:DemonicPact","TheCursedMod:SpitefulStrike","TheCursedMod:CursedSpellbook+1","TheCursedMod:CircleOfAbyss+1","CurseOfTheBell","TheCursedMod:CircleOfFocus+1","TheCursedMod:SpitefulStrike","TheCursedMod:CircleOfCorruption+1","TheCursedMod:ManaBullet+1","TheCursedMod:SpitefulPlan+1","TheCursedMod:AbyssShockwave+1","TheCursedMod:CircleOfCorruption","TheCursedMod:LuckyCharm","TheCursedMod:TacticalStrike","ReplayTheSpireMod:Book of Names"],"relics":["TheCursedMod:BlackMagic101","halation:PinkSoulGem","relicPack:DarknessArmor","halation:IllGainedPizza","MealTicket","Replay:Ancient Bell","Replay:Bandana","hubris:BottledRain","hubris:CuriousFeather","NlothsMask","PreservedInsect","Calipers","conspire:TopHat","infinitespire:EvilPickle","Calling Bell","Blue Doll","jedi:heavyjacket","Bird Faced Urn","aspiration:RandomNobGenerator","DemoMod:BigBoy","Lantern","DemoMod:GlassGuonStoneRelic","halation:AfternoonTea","hubris:ToyBattleship","aspiration:TomeofQuesting","CCEMRelics:PorcelainBowl","hubris:Towel"],"acts_visited":["Exordium","TheCity","TheBeyond"],"potions_floor_usage":[16,33,33],"damage_taken":[{"damage":0,"enemies":"conspire:RoseBush","floor":1,"turns":3},{"damage":0,"enemies":"Jaw Worm","floor":2,"turns":3},{"damage":6,"enemies":"2 Louse","floor":3,"turns":2},{"damage":7,"enemies":"Exordium Thugs","floor":4,"turns":6},{"damage":5,"enemies":"Lots of Slimes","floor":5,"turns":4},{"damage":16,"enemies":"Lagavulin","floor":6,"turns":6},{"damage":0,"enemies":"Exordium Wildlife","floor":12,"turns":3},{"damage":0,"enemies":"Blue Slaver","floor":14,"turns":2},{"damage":53,"enemies":"Fading Forest","floor":16,"turns":11},{"damage":22,"enemies":"conspire:FuzzyDice","floor":18,"turns":3},{"damage":27,"enemies":"Slavers","floor":23,"turns":2},{"damage":1,"enemies":"Chosen","floor":24,"turns":2},{"damage":0,"enemies":"Centurion and Healer","floor":26,"turns":3},{"damage":3,"enemies":"Centurion and Healer","floor":27,"turns":3},{"damage":5,"enemies":"Snecko","floor":28,"turns":3},{"damage":2,"enemies":"Book of Stabbing","floor":29,"turns":3},{"damage":10,"enemies":"Cultist and Chosen","floor":30,"turns":4},{"damage":2,"enemies":"Shelled Parasite and Fungi","floor":31,"turns":3},{"damage":11,"enemies":"Pondfish","floor":33,"turns":6},{"damage":1,"enemies":"3 Shapes","floor":35,"turns":4},{"damage":0,"enemies":"Orb Walker","floor":38,"turns":1},{"damage":0,"enemies":"Giant Head","floor":40,"turns":7},{"damage":0,"enemies":"Maw","floor":43,"turns":5},{"damage":0,"enemies":"Maw","floor":45,"turns":3},{"damage":0,"enemies":"3 Darklings","floor":47,"turns":2},{"damage":0,"enemies":"Replay:Hell Engine","floor":50,"turns":4}],"seed_played":"852610154098454513","potions_obtained":[{"floor":1,"key":"Fire Potion"},{"floor":4,"key":"Elixir"},{"floor":5,"key":"SpeedPotion"},{"floor":23,"key":"SpeedPotion"},{"floor":28,"key":"FearPotion"},{"floor":30,"key":"Fire Potion"},{"floor":45,"key":"jedi:wingpotion"},{"floor":47,"key":"SpeedPotion"}],"is_trial":false,"path_per_floor":["M","M","M","M","M","E","R","?","T","R","?","M","R","M","R","B",null,"M","?","?","?","$","E","M","R","MIM","M","M","E","M","M","R","B",null,"M","AVR","?","M","T","E","R","?","MIM","R","M","$","M","?","R_BF","B",null],"character_chosen":"THE_CURSED","items_purchased":["PreservedInsect","TheCursedMod:AbyssShockwave+1","TheCursedMod:CircleOfCorruption","TheCursedMod:LuckyCharm","CCEMRelics:PorcelainBowl"],"campfire_rested":1,"item_purchase_floors":[22,46,46,46,46],"current_hp_per_floor":[75,75,69,62,57,41,41,41,41,41,41,41,41,41,41,10,75,53,53,53,53,68,41,40,40,40,37,32,30,20,18,40,29,75,74,74,74,75,75,75,75,75,75,75,75,75,75,75,75,75],"gold":230,"neow_bonus":"RANDOM_EVENT","is_daily":false,"chose_seed":false,"campfire_upgraded":7,"win_rate":0.0,"timestamp":1614196174,"path_taken":["M","M","M","M","?","E","R","?","T","R","?","?","R","?","R","BOSS","M","?","?","?","$","E","M","R","MIM","M","M","E","M","?","R","BOSS","M","AVR","?","?","?","E","R","?","MIM","R","M","$","?","?","R_BF","BOSS"],"items_purchased_type":["Relic","Card","Card","Card","Relic"],"build_version":"2020-12-13","purchased_purges":2,"victory":true,"max_hp_per_floor":[75,75,75,75,75,75,75,75,75,75,75,75,75,75,75,75,75,75,75,75,75,75,75,75,75,75,75,75,75,75,75,75,75,75,75,75,75,75,75,75,75,75,75,75,75,75,75,75,75,75],"relic_stats":{"counters":[211,881],"Bird Faced Urn":[1],"MealTicket":15,"PreservedInsect":226,"obtain_stats":[{"Replay:Accelerometer":21,"Golden Egg":26,"CCEMRelics:PorcelainBowl":46,"StuffTheSpire:Rhapsscallions":26,"infinitespire:Cubic Diamond":3,"Bottled Tornado":19,"Boot":0,"jedi:shrinkray":0,"halation:HeavySnake":34,"relicPack:OneForAll":2,"Replay:Ringing Soul":26,"Replay:Bronze Core":17,"CCEMRelics:DissonantTune":27,"MealTicket":11,"Replay:Bottled Flurry":7,"halation:PromiseList":24,"Replay:Wax Seal":9,"hubris:MobiusCoin":25,"TheCursedMod:BlackMagic101":3,"Replay:Ancient Bell":17,"infinitespire:EvilPickle":33,"CCEMRelics:FestiveHat":0,"DemoMod:MeatBun":0,"Bird Faced Urn":34,"aspiration:SilentSkillbook":34,"CultistMask":13,"conspire:BottledYoYo":9,"hubris:TenFootPole":13,"Kintsugi":0,"infinitespire:PuzzleCube":26,"Lantern":0,"DemoMod:BigBoy":36,"Blue Doll":34,"StuffTheSpire:EmeraldSignet":2,"Bag of Preparation":8,"jedi:archwizardhat":6,"Ancient Tea Set":8,"Pet Ghost":9,"m_SlimeRing":3,"hubris:Backtick":17,"infinitespire:Bottled Soul":11,"aspiration:AnachronicSnailShell":33,"halation:Toothbrush":9,"hubris:CuriousFeather":0,"CCEMRelics:JestersCrown":6,"Ring of the Snake":0,"aspiration:ChemicalBlood":25,"hubris:GlazedTorus":40,"StuffTheSpire:TintedRock":11,"Lee\u0027s Waffle":0,"halation:MonkeysPaw":0,"Damaru":14,"StuffTheSpire:Expresso":36,"PreservedInsect":22,"aspiration:RandomNobGenerator":36,"jedi:crownofsimplicity":0,"infinitespire:Lucky Rock":37,"Frozen Egg 2":9,"hubris:Towel":48,"Ring of Misfortune":0,"Durian":22,"Bottled Lightning":9,"halation:AfternoonTea":39,"ReplayTheSpireMod:Lightbulb":9,"halation:PinkSoulGem":4,"hubris:BottledRain":17,"Calipers":23,"DemoMod:GlassGuonStoneRelic":1,"aspiration:BardSkillbook":17,"halation:StarCompass":21,"Centennial Puzzle":7,"infinitespire:SolderingIron":0,"Prayer Wheel":12,"Girya":51,"hubris:Teleporter":14,"Happy Flower":3,"aspiration:Nostalgia":0,"hubris:HollowSoul":0,"halation:Thesaurus":21,"WarpedTongs":19,"hubris:Zylophone":31,"jedi:heavyjacket":34,"conspire:GiftBox":4,"Replay:Baseball":11,"jedi:hotpepper":17,"relicPack:KazumaCape":17,"Bronze Scales":8,"Molten Egg 2":7,"StuffTheSpire:DarkSteelAnvil":14,"infinitespire:EmpoweringShard":3,"hubris:ToyBattleship":40,"Grinning Jar":20,"CatCart":38,"NlothsMask":20,"Darkstone Periapt":10,"Replay:PocketPolymizer":5,"SacredBark":25,"conspire:SpecialSausage":17,"aspiration:TomeofQuesting":43,"jedi:command_boss":25,"Incense Burner":26,"hubris:SlimyHat":0,"relicPack:DarknessArmor":0,"CCEMRelics:TechnogenicHelmet":26,"Replay:Mystery Machine":5,"PrismaticShard":24,"conspire:TopHat":6,"Replay:Bandana":17,"Chameleon Ring":9,"StuffTheSpire:HeavyRock":6,"jedi:matchstick":9,"jedi:cryingmask":9,"DemoMod:ElasticCartridgeClip":36,"halation:LettersToHer":0,"Cracked Core":7,"DemoMod:JetPack":12,"StuffTheSpire:Tea":45,"DemoMod:Dog":6,"infinitespire:CursedDice":47,"Guide Book":14,"halation:IllGainedPizza":9,"White Beast Statue":0,"CCEMRelics:SpiritsEdge":9,"jedi:fakemustache":0,"Calling Bell":34,"Anchor":0,"infinitespire:DarkRift":0,"jedi:ominousloannote":0,"halation:EternalFortune":3,"Snack Pack":11,"PureWater":6,"jedi:arcanewood":12},{"Replay:Accelerometer":118,"Golden Egg":175,"CCEMRelics:PorcelainBowl":209,"StuffTheSpire:Rhapsscallions":138,"infinitespire:Cubic Diamond":126,"Bottled Tornado":63,"Boot":29,"jedi:shrinkray":29,"halation:HeavySnake":178,"relicPack:OneForAll":1,"Replay:Ringing Soul":11,"Replay:Bronze Core":39,"CCEMRelics:DissonantTune":105,"MealTicket":191,"Replay:Bottled Flurry":71,"halation:PromiseList":137,"Replay:Wax Seal":158,"hubris:MobiusCoin":174,"TheCursedMod:BlackMagic101":188,"Replay:Ancient Bell":194,"infinitespire:EvilPickle":47,"CCEMRelics:FestiveHat":66,"DemoMod:MeatBun":184,"Bird Faced Urn":204,"aspiration:SilentSkillbook":47,"CultistMask":72,"conspire:BottledYoYo":35,"hubris:TenFootPole":60,"Kintsugi":159,"infinitespire:PuzzleCube":104,"Lantern":0,"DemoMod:BigBoy":205,"Blue Doll":204,"StuffTheSpire:EmeraldSignet":108,"Bag of Preparation":26,"jedi:archwizardhat":93,"Ancient Tea Set":19,"Pet Ghost":87,"m_SlimeRing":126,"hubris:Backtick":62,"infinitespire:Bottled Soul":59,"aspiration:AnachronicSnailShell":141,"halation:Toothbrush":71,"hubris:CuriousFeather":107,"CCEMRelics:JestersCrown":17,"Ring of the Snake":0,"aspiration:ChemicalBlood":104,"hubris:GlazedTorus":181,"StuffTheSpire:TintedRock":21,"Lee\u0027s Waffle":90,"halation:MonkeysPaw":153,"Damaru":38,"StuffTheSpire:Expresso":49,"PreservedInsect":195,"aspiration:RandomNobGenerator":205,"jedi:crownofsimplicity":29,"infinitespire:Lucky Rock":180,"Frozen Egg 2":95,"hubris:Towel":210,"Ring of Misfortune":150,"Durian":42,"Bottled Lightning":58,"halation:AfternoonTea":206,"ReplayTheSpireMod:Lightbulb":19,"halation:PinkSoulGem":83,"hubris:BottledRain":194,"Calipers":196,"DemoMod:GlassGuonStoneRelic":1,"aspiration:BardSkillbook":74,"halation:StarCompass":171,"Centennial Puzzle":57,"infinitespire:SolderingIron":14,"Prayer Wheel":22,"Girya":148,"hubris:Teleporter":73,"Happy Flower":92,"aspiration:Nostalgia":125,"hubris:HollowSoul":52,"halation:Thesaurus":118,"WarpedTongs":40,"hubris:Zylophone":106,"jedi:heavyjacket":204,"conspire:GiftBox":25,"Replay:Baseball":167,"jedi:hotpepper":8,"relicPack:KazumaCape":115,"Bronze Scales":112,"Molten Egg 2":3,"StuffTheSpire:DarkSteelAnvil":28,"infinitespire:EmpoweringShard":155,"hubris:ToyBattleship":207,"Grinning Jar":9,"CatCart":50,"NlothsMask":195,"Darkstone Periapt":130,"Replay:PocketPolymizer":127,"SacredBark":43,"conspire:SpecialSausage":134,"aspiration:TomeofQuesting":208,"jedi:command_boss":43,"Incense Burner":43,"hubris:SlimyHat":90,"relicPack:DarknessArmor":29,"CCEMRelics:TechnogenicHelmet":122,"Replay:Mystery Machine":17,"PrismaticShard":10,"conspire:TopHat":85,"Replay:Bandana":194,"Chameleon Ring":26,"StuffTheSpire:HeavyRock":34,"jedi:matchstick":112,"jedi:cryingmask":129,"DemoMod:ElasticCartridgeClip":142,"halation:LettersToHer":14,"Cracked Core":18,"DemoMod:JetPack":167,"StuffTheSpire:Tea":145,"DemoMod:Dog":93,"infinitespire:CursedDice":147,"Guide Book":133,"halation:IllGainedPizza":191,"White Beast Statue":90,"CCEMRelics:SpiritsEdge":4,"jedi:fakemustache":14,"Calling Bell":204,"Anchor":90,"infinitespire:DarkRift":125,"jedi:ominousloannote":29,"halation:EternalFortune":16,"Snack Pack":89,"PureWater":34,"jedi:arcanewood":6},{"Replay:Accelerometer":505,"Golden Egg":750,"CCEMRelics:PorcelainBowl":875,"StuffTheSpire:Rhapsscallions":597,"infinitespire:Cubic Diamond":548,"Bottled Tornado":263,"Boot":139,"jedi:shrinkray":139,"halation:HeavySnake":759,"relicPack:OneForAll":2,"Replay:Ringing Soul":52,"Replay:Bronze Core":172,"CCEMRelics:DissonantTune":439,"MealTicket":807,"Replay:Bottled Flurry":298,"halation:PromiseList":592,"Replay:Wax Seal":684,"hubris:MobiusCoin":747,"TheCursedMod:BlackMagic101":790,"Replay:Ancient Bell":823,"infinitespire:EvilPickle":206,"CCEMRelics:FestiveHat":278,"DemoMod:MeatBun":780,"Bird Faced Urn":855,"aspiration:SilentSkillbook":206,"CultistMask":301,"conspire:BottledYoYo":156,"hubris:TenFootPole":254,"Kintsugi":689,"infinitespire:PuzzleCube":433,"Lantern":0,"DemoMod:BigBoy":859,"Blue Doll":855,"StuffTheSpire:EmeraldSignet":446,"Bag of Preparation":117,"jedi:archwizardhat":379,"Ancient Tea Set":96,"Pet Ghost":361,"m_SlimeRing":548,"hubris:Backtick":260,"infinitespire:Bottled Soul":252,"aspiration:AnachronicSnailShell":617,"halation:Toothbrush":298,"hubris:CuriousFeather":444,"CCEMRelics:JestersCrown":82,"Ring of the Snake":0,"aspiration:ChemicalBlood":433,"hubris:GlazedTorus":768,"StuffTheSpire:TintedRock":105,"Lee\u0027s Waffle":368,"halation:MonkeysPaw":667,"Damaru":166,"StuffTheSpire:Expresso":214,"PreservedInsect":826,"aspiration:RandomNobGenerator":859,"jedi:crownofsimplicity":139,"infinitespire:Lucky Rock":763,"Frozen Egg 2":389,"hubris:Towel":877,"Ring of Misfortune":659,"Durian":181,"Bottled Lightning":247,"halation:AfternoonTea":860,"ReplayTheSpireMod:Lightbulb":96,"halation:PinkSoulGem":344,"hubris:BottledRain":823,"Calipers":828,"DemoMod:GlassGuonStoneRelic":2,"aspiration:BardSkillbook":313,"halation:StarCompass":736,"Centennial Puzzle":244,"infinitespire:SolderingIron":65,"Prayer Wheel":106,"Girya":652,"hubris:Teleporter":305,"Happy Flower":375,"aspiration:Nostalgia":544,"hubris:HollowSoul":226,"halation:Thesaurus":505,"WarpedTongs":174,"hubris:Zylophone":443,"jedi:heavyjacket":855,"conspire:GiftBox":114,"Replay:Baseball":725,"jedi:hotpepper":41,"relicPack:KazumaCape":488,"Bronze Scales":471,"Molten Egg 2":10,"StuffTheSpire:DarkSteelAnvil":125,"infinitespire:EmpoweringShard":674,"hubris:ToyBattleship":867,"Grinning Jar":45,"CatCart":220,"NlothsMask":826,"Darkstone Periapt":564,"Replay:PocketPolymizer":551,"SacredBark":188,"conspire:SpecialSausage":580,"aspiration:TomeofQuesting":872,"jedi:command_boss":188,"Incense Burner":188,"hubris:SlimyHat":368,"relicPack:DarknessArmor":139,"CCEMRelics:TechnogenicHelmet":527,"Replay:Mystery Machine":82,"PrismaticShard":46,"conspire:TopHat":354,"Replay:Bandana":823,"Chameleon Ring":117,"StuffTheSpire:HeavyRock":153,"jedi:matchstick":471,"jedi:cryingmask":560,"DemoMod:ElasticCartridgeClip":626,"halation:LettersToHer":65,"Cracked Core":83,"DemoMod:JetPack":725,"StuffTheSpire:Tea":639,"DemoMod:Dog":377,"infinitespire:CursedDice":649,"Guide Book":573,"halation:IllGainedPizza":807,"White Beast Statue":368,"CCEMRelics:SpiritsEdge":18,"jedi:fakemustache":65,"Calling Bell":855,"Anchor":368,"infinitespire:DarkRift":544,"jedi:ominousloannote":139,"halation:EternalFortune":75,"Snack Pack":367,"PureWater":150,"jedi:arcanewood":24}]},"card_choices":[{"not_picked":["TheCursedMod:BlessingInDisguise","TheCursedMod:SpreadPlague"],"picked":"TheCursedMod:CursedShiv","floor":1},{"not_picked":["TheCursedMod:Torture","TheCursedMod:CursedAmulet"],"picked":"TheCursedMod:WearCloak","floor":2},{"not_picked":["TheCursedMod:StingEye","TheCursedMod:CursedBlade"],"picked":"TheCursedMod:FleshFromBone","floor":3},{"not_picked":["TheCursedMod:SoulReap","TheCursedMod:PrepareRite"],"picked":"TheCursedMod:CircleOfCorruption","floor":4},{"not_picked":["TheCursedMod:SurpriseAttack","TheCursedMod:SoulCrush"],"picked":"TheCursedMod:ReleasedKnowledge","floor":5},{"not_picked":["TheCursedMod:BloodBarrier","TheCursedMod:CursedArmor"],"picked":"TheCursedMod:CircleOfAmplification","floor":6},{"not_picked":["TheCursedMod:TroublousMinions","TheCursedMod:Stigma"],"picked":"TheCursedMod:CursedAmulet","floor":12},{"not_picked":["TheCursedMod:Obscuration","TheCursedMod:Wield"],"picked":"TheCursedMod:SpitefulStrike","floor":14},{"not_picked":["TheCursedMod:AntiAging","TheCursedMod:NeowsMight"],"picked":"TheCursedMod:VoidForm","floor":16},{"not_picked":["jedi:thedog","jedi:frostbite"],"picked":"Guardian:Aged","floor":17},{"not_picked":["hubris:Compulsion","jedi:thedog"],"picked":"TheCursedMod:Dregs","floor":17},{"not_picked":["conspire:Blindness","sneckomod:Bewildered"],"picked":"hubris:Sloth","floor":17},{"not_picked":["TheCursedMod:Wield","TheCursedMod:CursedStaff"],"picked":"TheCursedMod:BlessingInDisguise","floor":18},{"not_picked":["TheCursedMod:SurpriseAttack","TheCursedMod:StingEye"],"picked":"TheCursedMod:CursedBoomerang+1","floor":23},{"not_picked":["TheCursedMod:PrepareRite","TheCursedMod:Evocation","TheCursedMod:SurpriseAttack"],"picked":"SKIP","floor":24},{"not_picked":["TheCursedMod:DemonSword","TheCursedMod:Mangle"],"picked":"TheCursedMod:CursedBlade","floor":26},{"not_picked":["TheCursedMod:CursedBlade","TheCursedMod:CursedMace"],"picked":"TheCursedMod:CircleOfFlame","floor":27},{"not_picked":["TheCursedMod:CursedShiv","TheCursedMod:CircleOfAmplification"],"picked":"TheCursedMod:CursedBlade+1","floor":28},{"not_picked":["TheCursedMod:CursedStaff","TheCursedMod:WearCloak"],"picked":"TheCursedMod:DemonicPact","floor":29},{"not_picked":["TheCursedMod:RavingStaff","TheCursedMod:CircleOfAmplification"],"picked":"TheCursedMod:SpitefulStrike","floor":30},{"not_picked":["TheCursedMod:SurpriseAttack","TheCursedMod:VitalStrike"],"picked":"TheCursedMod:CursedSpellbook+1","floor":31},{"not_picked":["TheCursedMod:DemonicPact","TheCursedMod:CollectTribute"],"picked":"TheCursedMod:CircleOfAbyss","floor":33},{"not_picked":["TheCursedMod:CursedAmulet+1","TheCursedMod:CircleOfAmplification+1"],"picked":"TheCursedMod:CircleOfFocus+1","floor":35},{"not_picked":["TheCursedMod:Torture","TheCursedMod:PrepareRite"],"picked":"TheCursedMod:SpitefulStrike","floor":38},{"not_picked":["TheCursedMod:CircleOfFlame+1","TheCursedMod:Obscuration+1"],"picked":"TheCursedMod:CircleOfCorruption+1","floor":40},{"not_picked":["TheCursedMod:VitalStrike","TheCursedMod:AbyssShockwave"],"picked":"TheCursedMod:ManaBullet+1","floor":43},{"not_picked":["TheCursedMod:TacticalStrike+1","TheCursedMod:CircleOfCorruption+1"],"picked":"TheCursedMod:SpitefulPlan+1","floor":45},{"not_picked":["TheCursedMod:PrepareRite","TheCursedMod:CursedMace"],"picked":"TheCursedMod:TacticalStrike","floor":47},{"not_picked":["infinitespire:SevenWalls","hubris:InfiniteBlow"],"picked":"ReplayTheSpireMod:Book of Names","floor":49}],"player_experience":69055,"relics_obtained":[{"floor":6,"key":"relicPack:DarknessArmor"},{"floor":9,"key":"halation:IllGainedPizza"},{"floor":11,"key":"MealTicket"},{"floor":23,"key":"Calipers"},{"floor":29,"key":"conspire:TopHat"},{"floor":34,"key":"Blue Doll"},{"floor":34,"key":"jedi:heavyjacket"},{"floor":34,"key":"Bird Faced Urn"},{"floor":37,"key":"Lantern"},{"floor":39,"key":"halation:AfternoonTea"},{"floor":40,"key":"hubris:ToyBattleship"},{"floor":43,"key":"aspiration:TomeofQuesting"}],"event_choices":[{"damage_healed":0,"gold_gain":0,"player_choice":"Upgrade","damage_taken":0,"max_hp_gain":0,"max_hp_loss":0,"event_name":"Designer","floor":19,"gold_loss":40,"cards_upgraded":["TheCursedMod:VoidForm"]},{"damage_healed":0,"gold_gain":0,"player_choice":"Trade","damage_taken":0,"relics_obtained":["NlothsMask"],"max_hp_gain":0,"max_hp_loss":0,"event_name":"FaceTrader","floor":20,"gold_loss":0},{"damage_healed":0,"gold_gain":0,"player_choice":"Copied","damage_taken":0,"max_hp_gain":0,"max_hp_loss":0,"event_name":"Duplicator","floor":21,"gold_loss":0,"cards_obtained":["TheCursedMod:CircleOfCorruption"]},{"damage_healed":0,"gold_gain":0,"player_choice":"Relic","damage_taken":0,"max_hp_gain":0,"max_hp_loss":0,"event_name":"Wheel of Change","floor":37,"gold_loss":0},{"damage_healed":0,"gold_gain":0,"player_choice":"Ignored","damage_taken":0,"max_hp_gain":0,"max_hp_loss":0,"event_name":"Tomb of Lord Red Mask","floor":42,"gold_loss":0}],"is_beta":false,"boss_relics":[{"not_picked":["aspiration:RunesmithSkillbook","StuffTheSpire:ModemDavis"],"picked":"Replay:Ancient Bell"},{"not_picked":["CCEMRelics:Barrel","jedi:arcanewood"],"picked":"Replay:Bandana"},{"not_picked":["StuffTheSpire:RubySignet","halation:Toothbrush"],"picked":"hubris:BottledRain"},{"not_picked":["Torii","infinitespire:Lychee Nut"],"picked":"hubris:CuriousFeather"},{"not_picked":["conspire:RoyalGoblet","Tiny House"],"picked":"Calling Bell"}],"items_purged_floors":[22,36],"is_endless":false,"potions_floor_spawned":[1,4,5,12,23,28,30,45,47],"ascension_level":0}}