{"host":"7gewg82ormp6yt4e","time":1614164601,"event":{"mods":["BaseMod","Block Reminder","Colored Map","DeckTracker","Highlight Path","Minty Spire (QoL Compilation)","Relic Stats","StSLib","ojb\u0027s Info Mod"],"gold_per_floor":[118,131,149,149,149,176,176,205,205,205,220,230,95,128,128,128,128],"floor_reached":16,"language":"JPN","playtime":668,"items_purged":[],"score":240,"play_id":"0a94d9ee-01f8-460a-9c5b-332c9f6fc85b","local_time":"20210224200321","is_ascension_mode":true,"campfire_choices":[{"data":"Judgement","floor":7.0,"key":"SMITH"},{"data":"Devotion","floor":10,"key":"SMITH"},{"floor":15,"key":"REST"}],"circlet_count":0,"master_deck":["AscendersBane","Strike_P","Strike_P","Strike_P","Defend_P","Defend_P","Defend_P","Defend_P","Eruption","Vigilance","CurseOfTheBell","EmptyFist","BowlingBash","Judgement+1","SpiritShield","Devotion+1","InnerPeace","Vengeance","FearNoEvil"],"relics":["Calling Bell","Vajra","Blue Candle","Ice Cream","GoldenEye","StoneCalendar","Mango","Omamori"],"acts_visited":["Exordium"],"potions_floor_usage":[8,14,16],"damage_taken":[{"damage":7.0,"enemies":"Small Slimes","floor":1.0,"turns":5.0},{"damage":0.0,"enemies":"Cultist","floor":2.0,"turns":3.0},{"damage":9.0,"enemies":"Jaw Worm","floor":3.0,"turns":4.0},{"damage":16.0,"enemies":"Gremlin Nob","floor":6.0,"turns":3.0},{"damage":7,"enemies":"Lagavulin","floor":8,"turns":6},{"damage":22,"enemies":"Exordium Thugs","floor":11,"turns":5},{"damage":0,"enemies":"Blue Slaver","floor":12,"turns":2},{"damage":2,"enemies":"3 Sentries","floor":14,"turns":4},{"damage":32,"enemies":"Hexaghost","floor":16,"turns":7}],"seed_played":"1245654950163767318","potions_obtained":[{"floor":2.0,"key":"DuplicationPotion"},{"floor":3.0,"key":"Regen Potion"},{"floor":5.0,"key":"CultistPotion"},{"floor":6.0,"key":"Strength Potion"}],"is_trial":false,"path_per_floor":["M","M","M","?","?","E","R","E","T","R","M","M","$","E","R","B"],"character_chosen":"WATCHER","items_purchased":["StancePotion","Swift Potion"],"campfire_rested":1,"item_purchase_floors":[13,13],"current_hp_per_floor":[54,54,45,38,38,22,22,15,29,29,7,7,7,5,29,0,0],"gold":128,"neow_bonus":"BOSS_RELIC","is_daily":false,"chose_seed":false,"campfire_upgraded":2,"win_rate":0.0,"timestamp":1614164601,"path_taken":["M","M","M","?","?","E","R","E","T","R","M","M","$","E","R","BOSS"],"items_purchased_type":["Potion","Potion"],"build_version":"2020-12-22","purchased_purges":0,"victory":false,"max_hp_per_floor":[68,68,68,68,68,68,68,68,82,82,82,82,82,82,82,82,82],"relic_stats":{"counters":[9,39],"Blue Candle":[1],"StoneCalendar":[52],"GoldenEye":[0],"obtain_stats":[{"Calling Bell":0,"Ice Cream":0,"Blue Candle":0,"Vajra":0,"StoneCalendar":8,"Mango":9,"Omamori":14,"PureWater":0,"GoldenEye":6},{"Calling Bell":0,"Ice Cream":0,"Blue Candle":0,"Vajra":0,"StoneCalendar":5,"Mango":5,"Omamori":8,"PureWater":0,"GoldenEye":4},{"Calling Bell":0,"Ice Cream":0,"Blue Candle":0,"Vajra":0,"StoneCalendar":21,"Mango":21,"Omamori":32,"PureWater":0,"GoldenEye":15}]},"card_choices":[{"not_picked":["Evaluate","Vengeance"],"picked":"EmptyFist","floor":1.0},{"not_picked":["CarveReality","FollowUp"],"picked":"BowlingBash","floor":2.0},{"not_picked":["FollowUp","CutThroughFate"],"picked":"Judgement","floor":3.0},{"not_picked":["Nirvana","Meditate"],"picked":"SpiritShield","floor":6.0},{"not_picked":["Protect","Weave"],"picked":"Devotion","floor":8},{"not_picked":["FlurryOfBlows","EmptyMind"],"picked":"InnerPeace","floor":11},{"not_picked":["FlyingSleeves","JustLucky"],"picked":"Vengeance","floor":12},{"not_picked":["Prostrate","SandsOfTime"],"picked":"FearNoEvil","floor":14}],"player_experience":2914729,"relics_obtained":[{"floor":0.0,"key":"Vajra"},{"floor":0.0,"key":"Blue Candle"},{"floor":0.0,"key":"Ice Cream"},{"floor":6.0,"key":"GoldenEye"},{"floor":8,"key":"StoneCalendar"},{"floor":9,"key":"Mango"},{"floor":14,"key":"Omamori"}],"event_choices":[{"cards_removed":["Strike_P"],"damage_healed":0.0,"max_hp_gain":0.0,"max_hp_loss":0.0,"gold_gain":0.0,"event_name":"Golden Wing","player_choice":"Card Removal","floor":4.0,"gold_loss":0.0,"damage_taken":7.0},{"damage_healed":0.0,"max_hp_gain":0.0,"max_hp_loss":0.0,"gold_gain":0.0,"event_name":"Lab","player_choice":"Got Potions","floor":5.0,"gold_loss":0.0,"damage_taken":0.0}],"is_beta":false,"boss_relics":[],"items_purged_floors":[],"is_endless":false,"potions_floor_spawned":[2,3,6],"killed_by":"Hexaghost","ascension_level":20}}