{"host":"kejh1c9c53env2nx","time":1614128011,"event":{"mods":["BaseMod","Downfall","Minty Spire (QoL Compilation)","StSLib"],"gold_per_floor":[111,111,126,145,145,145,176,176,258,258,274,292,311,327,327,429,479,492,506,521,57,71,105,30,30,30,30,40,73,91,91,91,91,91],"floor_reached":33,"language":"ENG","playtime":1461,"items_purged":["Consume"],"score":291,"play_id":"3b8edd82-1968-4368-9df4-f1a8498b3885","local_time":"20210224005331","is_ascension_mode":false,"campfire_choices":[{"floor":6,"key":"REST"},{"data":"Consume","floor":8,"key":"SMITH"},{"data":"Redo","floor":10,"key":"SMITH"},{"floor":15,"key":"REST"},{"floor":25,"key":"REST"},{"floor":27,"key":"REST"},{"floor":32,"key":"REST"}],"circlet_count":0,"master_deck":["Strike_B","Strike_B","Strike_B+1","Strike_B","Defend_B+1","Defend_B","Defend_B","Defend_B","Zap","Dualcast","Barrage+1","Doom and Gloom","Redo+1","Consume+1","Loop+1","Consume","Ball Lightning","Rainbow","Electrodynamics+1","White Noise","Defragment+1","Storm+1","Double Energy","Rainbow","Doom and Gloom","Cold Snap","Buffer+1","Blizzard+1","Loop+1"],"relics":["Cracked Core","TungstenRod","PreservedInsect","Frozen Egg 2","Mercury Hourglass","Tiny House","HornCleat","Du-Vu Doll","Torii","Molten Egg 2"],"acts_visited":["Exordium","TheCity"],"potions_floor_usage":[16,16,23,29,30,33],"damage_taken":[{"damage":0,"enemies":"2 Louse","floor":1,"turns":2},{"damage":0,"enemies":"Jaw Worm","floor":3,"turns":3},{"damage":0,"enemies":"Cultist","floor":4,"turns":3},{"damage":9,"enemies":"Gremlin Nob","floor":7,"turns":3},{"damage":11,"enemies":"Gremlin Gang","floor":11,"turns":2},{"damage":12,"enemies":"Red Slaver","floor":12,"turns":3},{"damage":13,"enemies":"2 Fungi Beasts","floor":13,"turns":3},{"damage":0,"enemies":"Gremlin Gang","floor":14,"turns":2},{"damage":6,"enemies":"Hexaghost","floor":16,"turns":7},{"damage":11,"enemies":"Spheric Guardian","floor":18,"turns":4},{"damage":22,"enemies":"2 Thieves","floor":19,"turns":3},{"damage":13,"enemies":"Centurion and Healer","floor":20,"turns":4},{"damage":12,"enemies":"Shelled Parasite and Fungi","floor":22,"turns":4},{"damage":10,"enemies":"Gremlin Leader","floor":23,"turns":4},{"damage":0,"enemies":"Snake Plant","floor":28,"turns":3},{"damage":18,"enemies":"Slavers","floor":29,"turns":3},{"damage":14,"enemies":"Centurion and Healer","floor":30,"turns":5},{"damage":53,"enemies":"Automaton","floor":33,"turns":8}],"seed_played":"5224007701688403182","potions_obtained":[{"floor":4,"key":"ColorlessPotion"},{"floor":12,"key":"FocusPotion"},{"floor":13,"key":"Weak Potion"},{"floor":17,"key":"SteroidPotion"},{"floor":22,"key":"LiquidBronze"},{"floor":23,"key":"Ancient Potion"},{"floor":28,"key":"champ:CounterPotion"}],"is_trial":false,"path_per_floor":["M","?","M","M","?","R","E","R","T","R","M","M","M","M","R","B",null,"M","M","M","$","M","E","$","R","T","R","M","E","M","?","R","B"],"character_chosen":"DEFECT","items_purchased":["Rainbow","HornCleat","Doom and Gloom"],"campfire_rested":5,"item_purchase_floors":[21,21,21],"current_hp_per_floor":[54,40,40,40,40,62,53,53,53,53,42,30,17,17,39,33,80,69,47,34,34,22,12,12,36,36,60,60,42,28,28,52,0,0],"gold":91,"neow_bonus":"ONE_RARE_RELIC","is_daily":false,"chose_seed":false,"campfire_upgraded":2,"win_rate":0.0,"timestamp":1614128011,"path_taken":["M","?","M","M","?","R","E","R","T","R","M","?","M","M","R","BOSS","M","M","?","$","M","E","?","R","T","R","M","E","M","?","R","BOSS"],"items_purchased_type":["Card","Relic","Card"],"build_version":"2020-12-22","purchased_purges":1,"victory":false,"max_hp_per_floor":[75,75,75,75,75,75,75,75,75,75,75,75,75,75,75,75,80,80,80,80,80,80,80,80,80,80,80,80,80,80,80,80,80,80],"card_choices":[{"not_picked":["Beam Cell","Leap"],"picked":"Barrage","floor":1},{"not_picked":["Cold Snap","Gash"],"picked":"Doom and Gloom","floor":3},{"not_picked":["Hologram","Gash"],"picked":"Redo","floor":4},{"not_picked":["Chill","Doom and Gloom"],"picked":"Consume","floor":7},{"not_picked":["Self Repair+1","Machine Learning+1"],"picked":"Loop+1","floor":11},{"not_picked":["Stack","Sweeping Beam"],"picked":"Consume","floor":12},{"not_picked":["Reprogram","Stack"],"picked":"Ball Lightning","floor":13},{"not_picked":["Beam Cell","Melter"],"picked":"Rainbow","floor":14},{"not_picked":["Fission","Seek"],"picked":"Electrodynamics+1","floor":16},{"not_picked":["Reinforced Body","Rebound"],"picked":"White Noise","floor":17},{"not_picked":["Tempest+1","Ball Lightning+1"],"picked":"Defragment+1","floor":18},{"not_picked":["Defragment+1","Conserve Battery"],"picked":"Storm+1","floor":19},{"not_picked":["Steam","Heatsinks+1"],"picked":"Double Energy","floor":20},{"not_picked":["Barrage","Turbo"],"picked":"Consume","floor":22},{"not_picked":["Heatsinks+1","Leap"],"picked":"Cold Snap","floor":23},{"not_picked":["Beam Cell","Blizzard"],"picked":"Buffer+1","floor":28},{"not_picked":["Go for the Eyes+1","Leap+1"],"picked":"Blizzard+1","floor":29},{"not_picked":["Beam Cell+1","Go for the Eyes+1"],"picked":"Loop+1","floor":30}],"player_experience":86006,"relics_obtained":[{"floor":7,"key":"Frozen Egg 2"},{"floor":9,"key":"Mercury Hourglass"},{"floor":23,"key":"Du-Vu Doll"},{"floor":26,"key":"Torii"},{"floor":29,"key":"Molten Egg 2"}],"event_choices":[{"damage_healed":0,"gold_gain":0,"player_choice":"Entered Light","damage_taken":15,"max_hp_gain":0,"max_hp_loss":0,"event_name":"Shining Light","floor":2,"gold_loss":0,"cards_upgraded":["Barrage","Defend_B"]},{"damage_healed":0,"gold_gain":0,"player_choice":"Gave Potion","damage_taken":0,"relics_obtained":["PreservedInsect"],"max_hp_gain":0,"max_hp_loss":0,"event_name":"WeMeetAgain","floor":5,"gold_loss":0}],"is_beta":false,"boss_relics":[{"not_picked":["Cursed Key","Velvet Choker"],"picked":"Tiny House"}],"items_purged_floors":[24],"is_endless":false,"potions_floor_spawned":[4,12,13,22,23,28],"killed_by":"Automaton","ascension_level":0}}