{"host":"9l1knhxfturzliqa","time":1614131693,"event":{"mods":["AchievementEnabler","BaseMod","Colored Map","Colored Powertips","DeckTracker","Highlight Path","Keyboard Shortcuts","Minty Spire (QoL Compilation)","Random Character Button"],"gold_per_floor":[113,132,146,157,167,167,200,200,200,200,211,211,230,242,242,315,315,329,346,365,378,378,378,398,428,454,136,152,152,170,204,204,282,282,295,315,537,557,388,388,417,417,417,429,461,461,461,42,42,42],"floor_reached":51,"language":"KOR","playtime":4350,"items_purged":["Strike_B","Defend_B","Strike_B"],"score":1127,"play_id":"0527269d-3005-42c4-8113-685a586e4c1c","local_time":"20210224105453","is_ascension_mode":true,"campfire_choices":[{"floor":6.0,"key":"REST"},{"floor":8.0,"key":"REST"},{"data":"Dualcast","floor":12.0,"key":"SMITH"},{"data":"Zap","floor":15.0,"key":"SMITH"},{"data":"Electrodynamics","floor":23.0,"key":"SMITH"},{"data":"Mayhem","floor":29.0,"key":"SMITH"},{"data":"Biased Cognition","floor":32.0,"key":"SMITH"},{"data":"Defragment","floor":40.0,"key":"SMITH"},{"data":"Echo Form","floor":42.0,"key":"SMITH"},{"data":"Loop","floor":46.0,"key":"SMITH"},{"data":"Apotheosis","floor":49,"key":"SMITH"}],"circlet_count":0,"master_deck":["AscendersBane","Defend_B","Zap+1","Dualcast+1","Echo Form+1","Coolheaded","Cold Snap","Conserve Battery","Beam Cell","Hologram","BootSequence","Electrodynamics+1","Hologram","Ball Lightning","Self Repair","Chill+1","Mayhem+1","Defragment+1","Biased Cognition+1","Amplify","Loop+1","Lockon","White Noise+1","Storm","Apotheosis+1"],"relics":["Cracked Core","Bag of Preparation","Eternal Feather","Empty Cage","DataDisk","Oddly Smooth Stone","Red Mask","Cursed Key","Mango","CeramicFish"],"acts_visited":["TheBeyond"],"potions_floor_usage":[],"damage_taken":[{"damage":1.0,"enemies":"Cultist","floor":1.0,"turns":3.0},{"damage":7.0,"enemies":"Small Slimes","floor":2.0,"turns":4.0},{"damage":7.0,"enemies":"2 Louse","floor":3.0,"turns":3.0},{"damage":21.0,"enemies":"Exordium Thugs","floor":4.0,"turns":7.0},{"damage":7.0,"enemies":"Red Slaver","floor":5.0,"turns":2.0},{"damage":28.0,"enemies":"Gremlin Nob","floor":7.0,"turns":4.0},{"damage":0.0,"enemies":"2 Fungi Beasts","floor":11.0,"turns":5.0},{"damage":2.0,"enemies":"Exordium Wildlife","floor":13.0,"turns":3.0},{"damage":0.0,"enemies":"Red Slaver","floor":14.0,"turns":3.0},{"damage":30.0,"enemies":"Slime Boss","floor":16.0,"turns":17.0},{"damage":2.0,"enemies":"Shell Parasite","floor":18.0,"turns":8.0},{"damage":9.0,"enemies":"Spheric Guardian","floor":19.0,"turns":5.0},{"damage":15.0,"enemies":"Snecko","floor":20.0,"turns":6.0},{"damage":12.0,"enemies":"Sentry and Sphere","floor":21.0,"turns":4.0},{"damage":3.0,"enemies":"Snake Plant","floor":24.0,"turns":5.0},{"damage":27.0,"enemies":"Book of Stabbing","floor":25.0,"turns":6.0},{"damage":0.0,"enemies":"Centurion and Healer","floor":28.0,"turns":4.0},{"damage":2.0,"enemies":"Snecko","floor":30.0,"turns":5.0},{"damage":14.0,"enemies":"Masked Bandits","floor":31.0,"turns":3.0},{"damage":24.0,"enemies":"Automaton","floor":33.0,"turns":11.0},{"damage":0.0,"enemies":"3 Shapes","floor":35.0,"turns":3.0},{"damage":0.0,"enemies":"Orb Walker","floor":36.0,"turns":4.0},{"damage":10.0,"enemies":"Writhing Mass","floor":38.0,"turns":4.0},{"damage":15.0,"enemies":"Reptomancer","floor":41.0,"turns":4.0},{"damage":10.0,"enemies":"3 Darklings","floor":44.0,"turns":5.0},{"damage":9.0,"enemies":"Nemesis","floor":45.0,"turns":7.0},{"damage":26,"enemies":"Donu and Deca","floor":50,"turns":5}],"seed_played":"3500625247990497933","potions_obtained":[{"floor":3.0,"key":"FearPotion"},{"floor":4.0,"key":"Fire Potion"},{"floor":7.0,"key":"Explosive Potion"},{"floor":11.0,"key":"Dexterity Potion"},{"floor":18.0,"key":"SteroidPotion"},{"floor":21.0,"key":"Weak Potion"},{"floor":25.0,"key":"SkillPotion"},{"floor":28.0,"key":"FocusPotion"},{"floor":35.0,"key":"ColorlessPotion"},{"floor":38.0,"key":"SkillPotion"},{"floor":45.0,"key":"Ancient Potion"}],"is_trial":false,"path_per_floor":["M","M","M","M","M","R","E","R","T","?","M","R","M","M","R","B",null,"M","M","M","M","?","R","M","E","T","$","M","R","M","?","R","B",null,"M","M","?","M","$","R","E","R","T","M","E","R","T","$","R","B",null],"character_chosen":"DEFECT","items_purchased":["Mayhem","Defragment","Lockon","Storm","Apotheosis","FearPotion"],"campfire_rested":2,"item_purchase_floors":[27,27,39,48,48,48],"current_hp_per_floor":[49,42,35,14,7,29,1,23,23,16,16,25,23,23,32,2,57,55,46,31,19,19,28,39,19,19,19,19,31,36,29,41,24,62,75,75,75,75,75,75,81,89,89,89,87,89,89,89,89,77],"gold":42,"neow_bonus":"THREE_RARE_CARDS","is_daily":false,"chose_seed":false,"campfire_upgraded":9,"win_rate":0.0,"timestamp":1614131693,"path_taken":["M","M","M","M","M","R","E","R","T","?","M","R","M","M","R","BOSS","M","M","M","M","?","R","M","E","T","$","?","R","M","?","R","BOSS","M","M","?","M","$","R","E","R","T","M","E","R","?","$","R","BOSS"],"items_purchased_type":["Card","Card","Card","Card","Card","Potion"],"build_version":"2020-12-22","purchased_purges":3,"victory":true,"max_hp_per_floor":[75,75,75,75,75,75,75,75,75,75,75,75,75,75,75,75,75,75,75,75,75,75,75,75,75,75,75,75,75,75,75,75,75,75,75,75,75,75,75,75,89,89,89,89,89,89,89,89,89,89],"card_choices":[{"not_picked":["Fission","Machine Learning"],"picked":"Echo Form","floor":0.0},{"not_picked":["Stack","Beam Cell"],"picked":"Coolheaded","floor":1.0},{"not_picked":["Self Repair","Barrage"],"picked":"Cold Snap","floor":2.0},{"not_picked":["Rebound","Aggregate"],"picked":"Conserve Battery","floor":3.0},{"not_picked":["Conserve Battery","Force Field","Auto Shields"],"picked":"SKIP","floor":4.0},{"not_picked":["Coolheaded","All For One"],"picked":"Beam Cell","floor":5.0},{"not_picked":["Coolheaded","Gash","Cold Snap"],"picked":"SKIP","floor":7.0},{"not_picked":["Storm","Streamline"],"picked":"Hologram","floor":11.0},{"not_picked":["Doom and Gloom","Recycle"],"picked":"BootSequence","floor":13.0},{"not_picked":["Leap","Streamline","Beam Cell"],"picked":"SKIP","floor":14.0},{"not_picked":["Hyperbeam","Thunder Strike"],"picked":"Electrodynamics","floor":16.0},{"not_picked":["Sweeping Beam","Gash","Barrage"],"picked":"SKIP","floor":18.0},{"not_picked":["Doom and Gloom","White Noise"],"picked":"Hologram","floor":19.0},{"not_picked":["Turbo","Loop"],"picked":"Ball Lightning","floor":20.0},{"not_picked":["Skim+1","Beam Cell+1"],"picked":"Self Repair","floor":21.0},{"not_picked":["Conserve Battery","Steam"],"picked":"Chill+1","floor":24.0},{"not_picked":["Compile Driver","Stack","Beam Cell"],"picked":"SKIP","floor":25.0},{"not_picked":["Barrage","Coolheaded"],"picked":"Biased Cognition","floor":28.0},{"not_picked":["Cold Snap","Gash","Rebound"],"picked":"SKIP","floor":30.0},{"not_picked":["Rainbow","Electrodynamics"],"picked":"Amplify","floor":33.0},{"not_picked":["Hologram","Reprogram","Stack"],"picked":"SKIP","floor":35.0},{"not_picked":["Conserve Battery","Steam+1","Barrage"],"picked":"SKIP","floor":36.0},{"not_picked":["Leap","Go for the Eyes+1"],"picked":"Loop","floor":38.0},{"not_picked":["Compile Driver","Go for the Eyes+1","Sweeping Beam+1"],"picked":"SKIP","floor":41.0},{"not_picked":["Melter","Genetic Algorithm"],"picked":"White Noise+1","floor":44.0},{"not_picked":["Compile Driver","Steam","Reinforced Body"],"picked":"SKIP","floor":45.0}],"player_experience":713328,"relics_obtained":[{"floor":7.0,"key":"Bag of Preparation"},{"floor":9.0,"key":"Eternal Feather"},{"floor":25.0,"key":"DataDisk"},{"floor":26.0,"key":"Oddly Smooth Stone"},{"floor":31.0,"key":"Red Mask"},{"floor":41.0,"key":"Mango"},{"floor":45.0,"key":"CeramicFish"}],"event_choices":[{"cards_removed":["Strike_B"],"damage_healed":0.0,"max_hp_gain":0.0,"max_hp_loss":0.0,"gold_gain":0.0,"event_name":"Golden Wing","player_choice":"Card Removal","floor":10.0,"gold_loss":0.0,"damage_taken":7.0},{"cards_removed":["Defend_B"],"damage_healed":0.0,"max_hp_gain":0.0,"max_hp_loss":0.0,"gold_gain":0.0,"event_name":"Purifier","player_choice":"Purged","floor":22.0,"gold_loss":0.0,"damage_taken":0.0},{"damage_healed":0.0,"max_hp_gain":0.0,"max_hp_loss":0.0,"gold_gain":0.0,"event_name":"Masked Bandits","player_choice":"Fought Bandits","floor":31.0,"gold_loss":0.0,"damage_taken":0.0},{"damage_healed":0.0,"max_hp_gain":0.0,"max_hp_loss":0.0,"gold_gain":222.0,"event_name":"Tomb of Lord Red Mask","player_choice":"Wore Mask","floor":37.0,"gold_loss":0.0,"damage_taken":0.0}],"is_beta":false,"boss_relics":[{"not_picked":["Runic Pyramid","Fusion Hammer"],"picked":"Empty Cage"},{"not_picked":["Tiny House","Philosopher\u0027s Stone"],"picked":"Cursed Key"}],"items_purged_floors":[27,39,48],"is_endless":false,"potions_floor_spawned":[3,4,7,11,18,21,25,28,35,38,45],"ascension_level":13}}