{"host":"phapnj0danpxvjlm","time":1614170983,"event":{"mods":["Act Like it!","BaseMod","Better Note","Better Third Choice","Bossed Relics","Colored Powertips","Downfall","Hermit","Lobotomy","Marisa????????","Minty Spire (QoL Compilation)","Permanent Neow","Quick Restart","Rare Cards Sparkle","Ruina","Spire Arcade","StSLib","The Animator","The Necromancer","The Wild Card"],"gold_per_floor":[111,111,130,145,145,145,159,169,193,193,193,193,210,224,224,325,325,344,344,344],"floor_reached":19,"language":"ENG","playtime":1028,"items_purged":[],"score":163,"play_id":"78ea5b51-bd6b-4ec4-ae0d-6fa881c70cbf","local_time":"20210224134943","is_ascension_mode":false,"campfire_choices":[{"floor":6,"key":"RECALL"},{"floor":12,"key":"REST"},{"floor":15,"key":"REST"}],"circlet_count":0,"master_deck":["theWildCard:BasicStrike","theWildCard:BasicStrike","theWildCard:BasicStrike","theWildCard:BasicStrike","theWildCard:BasicDefend+1","theWildCard:BasicDefend","theWildCard:BasicDefend","theWildCard:BasicDefend","theWildCard:CallToAdventure","theWildCard:Arsene+1","VoidDream","theWildCard:PowerOfTheArcana+1","MHz","theWildCard:PowerOfTheArcana","Wellcheers","theWildCard:ArcaneArts","BlackSwan","OSAHOGD","theWildCard:PowerOfTheArcana","WallGazer","theWildCard:Odin","theWildCard:Proficiency","DespairKnight","theWildCard:SeveringSlash"],"relics":["theWildCard:VelvetContract","CogitoBucket","ChangeAnything","Bronze Scales","theWildCard:FigureOfDeath"],"acts_visited":["Exordium","Exordium"],"potions_floor_usage":[8,8,14,16,19],"damage_taken":[{"damage":0,"enemies":"Small Slimes","floor":1,"turns":4},{"damage":0,"enemies":"2 Louse","floor":3,"turns":3},{"damage":2,"enemies":"Cultist","floor":4,"turns":5},{"damage":11,"enemies":"3 Louse","floor":5,"turns":4},{"damage":0,"enemies":"2 Fungi Beasts","floor":7,"turns":4},{"damage":27,"enemies":"Red Slaver","floor":8,"turns":5},{"damage":14,"enemies":"Exordium Wildlife","floor":13,"turns":5},{"damage":2,"enemies":"3 Louse","floor":14,"turns":4},{"damage":43,"enemies":"The Guardian","floor":16,"turns":10},{"damage":13,"enemies":"ruina:2_Scarecrows","floor":18,"turns":4},{"damage":57,"enemies":"ruina:Nosferatu","floor":19,"turns":2}],"seed_played":"-6515678572357605353","potions_obtained":[{"floor":3,"key":"champ:CounterPotion"},{"floor":7,"key":"Swift Potion"},{"floor":8,"key":"FearPotion"},{"floor":13,"key":"Regen Potion"},{"floor":16,"key":"Explosive Potion"}],"is_trial":false,"path_per_floor":["M","?","M","M","M","R","M","M","T","?","?","R","M","M","R","B",null,"M","M"],"character_chosen":"THE_WILD_CARD","items_purchased":[],"campfire_rested":2,"item_purchase_floors":[],"current_hp_per_floor":[60,65,65,63,55,55,55,28,28,15,15,34,20,33,52,18,65,52,0,0],"gold":344,"neow_bonus":"","is_daily":false,"chose_seed":false,"campfire_upgraded":0,"win_rate":0.0,"timestamp":1614170983,"path_taken":["M","?","M","M","M","R","M","M","T","?","?","R","M","M","R","BOSS","M","M"],"items_purchased_type":[],"build_version":"2020-12-22","purchased_purges":0,"victory":false,"max_hp_per_floor":[60,65,65,65,65,65,65,65,65,65,65,65,65,65,65,65,65,65,65,65],"card_choices":[{"not_picked":["DespairKnight","MHz"],"picked":"VoidDream","floor":1},{"not_picked":["theWildCard:Impatience","theWildCard:ArcanaArtistry"],"picked":"theWildCard:PowerOfTheArcana","floor":1},{"not_picked":["Wellcheers","Scorched","CherryBlossoms"],"picked":"Singing Bowl","floor":3},{"not_picked":["FairyFestival","Bloodbath"],"picked":"MHz","floor":3},{"not_picked":["theWildCard:StingingStrike","theWildCard:ArcaneArts"],"picked":"theWildCard:PowerOfTheArcana","floor":3},{"not_picked":["BeautyBeast","FairyFestival"],"picked":"Wellcheers","floor":4},{"not_picked":["theWildCard:BladeOfGenerations","theWildCard:Proficiency"],"picked":"theWildCard:ArcaneArts","floor":4},{"not_picked":["SpiderBud","CrumblingArmor"],"picked":"BlackSwan","floor":5},{"not_picked":["theWildCard:MagicMettle","theWildCard:SeveringSlash","theWildCard:StingingStrike"],"picked":"SKIP","floor":5},{"not_picked":["FairyFestival","SpiderBud"],"picked":"OSAHOGD","floor":7},{"not_picked":["theWildCard:LadyLuck","theWildCard:Lucifer"],"picked":"theWildCard:PowerOfTheArcana","floor":7},{"not_picked":["Murderer","BeautyBeast","FairyFestival"],"picked":"Singing Bowl","floor":8},{"not_picked":["Bloodbath","OldLady"],"picked":"WallGazer","floor":8},{"not_picked":["theWildCard:MaskChange","theWildCard:Patience","theWildCard:StingingStrike"],"picked":"SKIP","floor":8},{"not_picked":["theWildCard:Abstinence","theWildCard:Desolation"],"picked":"theWildCard:Odin","floor":13},{"not_picked":["theWildCard:MagicalMight","theWildCard:EnergizedStroke"],"picked":"theWildCard:Proficiency","floor":14},{"not_picked":["PunishingBird","Murderer"],"picked":"DespairKnight","floor":18},{"not_picked":["theWildCard:MaskChange","theWildCard:BladeOfGenerations"],"picked":"theWildCard:SeveringSlash","floor":18}],"player_experience":584003,"relics_obtained":[{"floor":9,"key":"Bronze Scales"}],"event_choices":[{"damage_healed":0,"gold_gain":0,"player_choice":"Donut","damage_taken":0,"max_hp_gain":5,"max_hp_loss":0,"event_name":"Big Fish","floor":2,"gold_loss":0},{"damage_healed":28,"gold_gain":0,"player_choice":"Upgrade","damage_taken":13,"max_hp_gain":0,"max_hp_loss":65,"event_name":"betterThird:BetterShining","floor":10,"gold_loss":0,"cards_upgraded":["theWildCard:Arsene","theWildCard:BasicDefend"]},{"damage_healed":0,"gold_gain":0,"player_choice":"Forge","damage_taken":0,"max_hp_gain":0,"max_hp_loss":0,"event_name":"Accursed Blacksmith","floor":11,"gold_loss":0,"cards_upgraded":["theWildCard:PowerOfTheArcana"]}],"is_beta":false,"boss_relics":[{"not_picked":["Philosopher\u0027s Stone","Ectoplasm"],"picked":"theWildCard:FigureOfDeath"}],"items_purged_floors":[],"is_endless":false,"potions_floor_spawned":[3,7,8,13,16],"killed_by":"ruina:Nosferatu","ascension_level":0}}