{"host":"std4gn17fijhzeq4","time":1614169545,"event":{"mods":["BaseMod","Minty Spire (QoL Compilation)","Replay The Spire","StSLib"],"gold_per_floor":[111,111,111,123,398,433,447,473,473,473,490,242,261,295,295,398,398,409,424,339,364,364,398,480,480,480,510,510,19,19,44,44,155,155,174,49,49,0,9,9,49,58,122,132,132,232,256,276,276,276,276],"floor_reached":50,"language":"ENG","playtime":2670,"items_purged":["Regret","Parasite","Defend_P"],"score":925,"play_id":"ac4e0259-462a-4364-809a-2ab032cda690","local_time":"20210224072545","is_ascension_mode":true,"campfire_choices":[{"data":"Vigilance","floor":10,"key":"SMITH"},{"floor":15,"key":"REST"},{"floor":25,"key":"REST"},{"data":"Eruption","floor":28,"key":"SMITH"},{"data":"ReplayTheSpireMod:Brewmster","floor":30,"key":"SMITH"},{"data":"Hallucinations","floor":32,"key":"PURGE"},{"floor":40,"key":"RECALL"},{"floor":45,"key":"REST"},{"floor":49,"key":"REST"}],"circlet_count":0,"master_deck":["Defend_P","Defend_P","Defend_P","Eruption+1","Vigilance+1","ThirdEye","FlyingSleeves","MasterReality","Protect","Vault+1","FlurryOfBlows","Crescendo+1","FlyingSleeves","Ragnarok","Replay:AtTheReady+1","EmptyFist","Bite","Bite","Bite","Bite","Bite","Pot Of Greed+1","Pot Of Greed+1","ReplayTheSpireMod:Brewmster+1","Pot Of Greed+1","Prostrate+1","EmptyBody+1","Vault+1","DeceiveReality+1","Pain","ForeignInfluence+1","Regret","ReplayTheSpireMod:Doomed","Worship+1","Prostrate+1"],"relics":["PureWater","NeowsBlessing","Lantern","Bottled Lightning","Tiny Chest","Toxic Egg 2","ReplayTheSpireMod:TigerMarble","Mercury Hourglass","Cursed Key","Replay:WaspNest","Durian","Damaru","Kunai","Divine Protection","CeramicFish","Grinning Jar","Fusion Hammer","Red Mask","WarpedTongs","Replay:Ringing Soul","Anchor"],"acts_visited":["Exordium","TheCity","TheBeyond"],"potions_floor_usage":[14,14,16,19,23,27,33,33,33,33,33,33,44,47,47,50,50,50,50,50,50,50,50,50],"damage_taken":[{"damage":0,"enemies":"Jaw Worm","floor":1,"turns":1},{"damage":0,"enemies":"2 Louse","floor":4,"turns":2},{"damage":0,"enemies":"Lagavulin","floor":6,"turns":1},{"damage":2,"enemies":"Cultist","floor":7,"turns":2},{"damage":24,"enemies":"Exordium Thugs","floor":11,"turns":6},{"damage":0,"enemies":"Looter","floor":13,"turns":3},{"damage":0,"enemies":"3 Sentries","floor":14,"turns":8},{"damage":41,"enemies":"The Guardian","floor":16,"turns":7},{"damage":0,"enemies":"Spheric Guardian","floor":18,"turns":1},{"damage":0,"enemies":"3 Byrds","floor":19,"turns":5},{"damage":28,"enemies":"Slavers","floor":23,"turns":4},{"damage":0,"enemies":"Replay:Snechameleon","floor":27,"turns":7},{"damage":0,"enemies":"Snake Plant","floor":31,"turns":5},{"damage":11,"enemies":"Champ","floor":33,"turns":10},{"damage":3,"enemies":"3 Shapes","floor":35,"turns":4},{"damage":1,"enemies":"Giant Head","floor":41,"turns":8},{"damage":5,"enemies":"3 Darklings","floor":44,"turns":5},{"damage":14,"enemies":"Transient","floor":47,"turns":7},{"damage":9,"enemies":"Maw","floor":48,"turns":9},{"damage":104,"enemies":"Awakened One","floor":50,"turns":12}],"seed_played":"-7472902861485502845","potions_obtained":[{"floor":6,"key":"Reflective Coating"},{"floor":13,"key":"Adrenaline Potion"},{"floor":14,"key":"ColorlessPotion"},{"floor":16,"key":"AttackPotion"},{"floor":18,"key":"Energy Potion"},{"floor":19,"key":"PowerPotion"},{"floor":35,"key":"GamblersBrew"}],"is_trial":false,"path_per_floor":["M","?","?","M","?","E","M","T","T","R","M","$","M","E","R","B",null,"M","M","?","?","?","E","T","R","T","E","R","$","R","M","R","B",null,"M","$","$","?","?","R","E","T","T","M","R","?","M","M","R","B"],"character_chosen":"WATCHER","items_purchased":["ReplayTheSpireMod:TigerMarble","FlurryOfBlows","Grinning Jar","ReplayTheSpireMod:Brewmster","Prostrate+1","SkillPotion"],"campfire_rested":4,"item_purchase_floors":[12,12,29,29,29,29],"current_hp_per_floor":[65,70,63,63,63,63,61,61,61,61,37,37,37,37,60,19,63,63,63,63,49,49,30,30,47,47,57,57,54,54,54,54,49,53,54,54,54,54,54,54,57,60,63,60,63,63,52,69,69,0,0],"gold":276,"neow_bonus":"THREE_ENEMY_KILL","is_daily":false,"chose_seed":false,"campfire_upgraded":3,"win_rate":0.0,"timestamp":1614169545,"path_taken":["M","?","?","M","?","E","?","?","T","R","M","$","M","E","R","BOSS","M","M","?","?","?","E","?","R","T","E","R","$","R","M","R","BOSS","M","?","$","?","?","R","E","?","T","?","R","?","?","M","R","BOSS"],"items_purchased_type":["Relic","Card","Relic","Card","Card","Potion"],"build_version":"2020-12-22","purchased_purges":3,"victory":false,"max_hp_per_floor":[72,77,77,77,77,77,77,77,77,77,77,77,77,77,77,77,77,77,77,77,82,57,57,57,57,57,57,57,54,54,54,54,54,54,54,54,54,54,54,54,57,60,63,63,63,63,66,69,69,69,69],"card_choices":[{"not_picked":["Pray","Replay:Anticipation"],"picked":"ThirdEye","floor":1},{"not_picked":["Prostrate","CrushJoints"],"picked":"FlyingSleeves","floor":4},{"not_picked":["FollowUp","EmptyBody"],"picked":"MasterReality","floor":6},{"not_picked":["ThirdEye","Consecrate"],"picked":"Protect","floor":7},{"not_picked":["Replay:ManipulateFuture+1","EmptyBody+1"],"picked":"Vault+1","floor":11},{"not_picked":["Evaluate+1","ThirdEye+1"],"picked":"Crescendo+1","floor":13},{"not_picked":["SashWhip","Fasting2"],"picked":"FlyingSleeves","floor":14},{"not_picked":["Brilliance","Scrawl+1"],"picked":"Ragnarok","floor":16},{"not_picked":["Evaluate+1","Replay:BluntJabs"],"picked":"Replay:AtTheReady+1","floor":18},{"not_picked":["Replay:ManipulateFuture+1","Worship+1","Replay:AtTheReady+1"],"picked":"SKIP","floor":19},{"not_picked":["Crescendo+1","Replay:BluntJabs"],"picked":"EmptyFist","floor":21},{"not_picked":["Replay:ManipulateFuture+1","Conclude","WreathOfFlame+1"],"picked":"SKIP","floor":23},{"not_picked":["Replay:BluntJabs","WreathOfFlame+1","Perseverance+1"],"picked":"SKIP","floor":27},{"not_picked":["BowlingBash+1","SashWhip"],"picked":"EmptyBody+1","floor":31},{"not_picked":["Scrawl+1","SpiritShield+1"],"picked":"Vault+1","floor":33},{"not_picked":["EmptyFist+1","EmptyBody+1"],"picked":"DeceiveReality+1","floor":35},{"not_picked":["Study","EmptyBody+1"],"picked":"ForeignInfluence+1","floor":41},{"not_picked":["Halt+1","PathToVictory+1","Study+1"],"picked":"SKIP","floor":44},{"not_picked":["Worship+1","FlyingSleeves","EmptyFist+1"],"picked":"SKIP","floor":47},{"not_picked":["FlyingSleeves","EmptyFist+1"],"picked":"Worship+1","floor":47},{"not_picked":["Crescendo+1","Swivel+1"],"picked":"Prostrate+1","floor":48}],"player_experience":337018,"relics_obtained":[{"floor":6,"key":"Bottled Lightning"},{"floor":8,"key":"Tiny Chest"},{"floor":9,"key":"Toxic Egg 2"},{"floor":14,"key":"Mercury Hourglass"},{"floor":21,"key":"Durian"},{"floor":23,"key":"Damaru"},{"floor":24,"key":"Kunai"},{"floor":26,"key":"Divine Protection"},{"floor":27,"key":"CeramicFish"},{"floor":41,"key":"Replay:Ringing Soul"},{"floor":43,"key":"Anchor"}],"event_choices":[{"damage_healed":0,"gold_gain":0,"player_choice":"Donut","damage_taken":0,"max_hp_gain":5,"max_hp_loss":0,"event_name":"Big Fish","floor":2,"gold_loss":0},{"damage_healed":0,"gold_gain":0,"player_choice":"Success","damage_taken":7,"relics_obtained":["Lantern"],"max_hp_gain":0,"max_hp_loss":0,"event_name":"Scrap Ooze","floor":3,"gold_loss":0},{"damage_healed":0,"gold_gain":275,"player_choice":"Desecrate","damage_taken":0,"max_hp_gain":0,"max_hp_loss":0,"event_name":"Golden Shrine","floor":5,"gold_loss":0,"cards_obtained":["Regret"]},{"damage_healed":0,"gold_gain":0,"player_choice":"Obtained Relic","damage_taken":0,"relics_obtained":["Replay:WaspNest"],"max_hp_gain":0,"max_hp_loss":0,"event_name":"Addict","floor":20,"gold_loss":85},{"damage_healed":0,"gold_gain":0,"player_choice":"Became a vampire","damage_taken":0,"max_hp_gain":0,"max_hp_loss":25,"event_name":"Vampires","floor":22,"gold_loss":0,"cards_obtained":["Bite","Bite","Bite","Bite","Bite"]},{"damage_healed":0,"gold_gain":0,"player_choice":"Paid","damage_taken":0,"relics_obtained":["Red Mask"],"max_hp_gain":0,"max_hp_loss":0,"event_name":"Tomb of Lord Red Mask","floor":38,"gold_loss":49},{"damage_healed":0,"gold_gain":0,"player_choice":"Rummage","damage_taken":0,"relics_obtained":["WarpedTongs"],"max_hp_gain":0,"max_hp_loss":0,"event_name":"Accursed Blacksmith","floor":39,"gold_loss":0,"cards_obtained":["Pain"]},{"damage_healed":0,"gold_gain":100,"player_choice":"Pray","damage_taken":0,"max_hp_gain":0,"max_hp_loss":0,"event_name":"Golden Shrine","floor":46,"gold_loss":0}],"is_beta":false,"boss_relics":[{"not_picked":["Ectoplasm","Honey Jar"],"picked":"Cursed Key"},{"not_picked":["Velvet Choker","VioletLotus"],"picked":"Fusion Hammer"}],"items_purged_floors":[12,29,36],"is_endless":false,"potions_floor_spawned":[6,13,14,16,18,19,31,35,48],"killed_by":"Awakened One","ascension_level":8}}