{"host":"jgqxb38yl0c1w101","time":1614132752,"event":{"mods":["2.2 Compatiblity","AchievementEnabler","BaseMod","Colored Map","Downfall","Highlight Path","Minty Spire (QoL Compilation)","Monster B Gone","Random Character Button","Relic Stats","Replay The Spire","StSLib"],"gold_per_floor":[113,127,77,77,77,108,108,134,134,150,168,202,212,228,228,323,323,334,344,356,281,295,295,324,324,351,369,401,401,417,449,449,548,548,563,578,140,140,140,156,166,194,194,194,220,143,93,93,128,138,138,138,138,232,43,76,76],"floor_reached":58,"language":"ENG","playtime":5438,"items_purged":["Defend_B","ReplayTheSpireMod:Splinters"],"score":1744,"play_id":"49358b2c-cfb1-4039-81fb-3cbd4a3e2597","local_time":"20210223211232","is_ascension_mode":true,"campfire_choices":[{"data":"Scrape","floor":7,"key":"SMITH"},{"data":"Dualcast","floor":15,"key":"SMITH"},{"floor":23,"key":"RECALL"},{"floor":32,"key":"REST"},{"data":"Beam Cell","floor":43,"key":"SMITH"},{"data":"Secret Technique","floor":51,"key":"SMITH"}],"circlet_count":0,"master_deck":["Defend_B","Zap+1","Dualcast+1","Genetic Algorithm","Scrape+1","Skim","Gash","Glacier","Panic Button","Conserve Battery","Beam Cell+1","Gash","Undo","Reboot","Coolheaded","Steam+1","Hologram+1","Loop","Gash","Secret Technique+1","Trip","Scrape+1","FIFO Queue","FIFO Queue","Scrape","Leap+1"],"relics":["Cracked Core","Solar Panel","Replay:Accelerometer","Bag of Marbles","Busted Crown","ReplayTheSpireMod:TigerMarble","DataDisk","Bag of Preparation","Blood Vial","PreservedInsect","Empty Cage","Geode","Membership Card","Strawberry","Ancient Tea Set","ReplayTheSpireMod:Ring of Collecting","Ring of Shattering","ReplayFunnel","TheAbacus","Replay:Multitool","Replay:Towering Pillar of Hats","Happy Flower","Replay:Frozen Program","Onion Ring"],"acts_visited":["Exordium","TheCity","TheBeyond","TheEnding"],"potions_floor_usage":[6,12,12,18,30,31,42,42,57],"damage_taken":[{"damage":2,"enemies":"Jaw Worm","floor":1,"turns":3},{"damage":2,"enemies":"2 Louse","floor":2,"turns":3},{"damage":12,"enemies":"Gremlin Nob","floor":6,"turns":2},{"damage":25,"enemies":"Lagavulin","floor":8,"turns":4},{"damage":0,"enemies":"Small Slimes","floor":10,"turns":3},{"damage":0,"enemies":"Looter","floor":11,"turns":3},{"damage":0,"enemies":"Gremlin Nob","floor":12,"turns":3},{"damage":10,"enemies":"Exordium Wildlife","floor":13,"turns":3},{"damage":2,"enemies":"Gremlin Gang","floor":14,"turns":5},{"damage":8,"enemies":"The Guardian","floor":16,"turns":8},{"damage":0,"enemies":"Spheric Guardian","floor":18,"turns":3},{"damage":0,"enemies":"Shell Parasite","floor":19,"turns":2},{"damage":9,"enemies":"Cultist and Chosen","floor":20,"turns":8},{"damage":0,"enemies":"Snecko","floor":22,"turns":4},{"damage":36,"enemies":"Book of Stabbing","floor":24,"turns":6},{"damage":0,"enemies":"Snake Plant","floor":27,"turns":3},{"damage":18,"enemies":"Gremlin Leader","floor":28,"turns":7},{"damage":0,"enemies":"Cultist and Chosen","floor":30,"turns":7},{"damage":11,"enemies":"Slavers","floor":31,"turns":8},{"damage":25,"enemies":"Pondfish","floor":33,"turns":13},{"damage":0,"enemies":"3 Darklings","floor":35,"turns":5},{"damage":0,"enemies":"3 Shapes","floor":36,"turns":4},{"damage":0,"enemies":"Transient","floor":40,"turns":5},{"damage":8,"enemies":"Sphere and 2 Shapes","floor":41,"turns":6},{"damage":27,"enemies":"Nemesis","floor":42,"turns":7},{"damage":0,"enemies":"Mind Bloom Boss Battle","floor":47,"turns":3},{"damage":0,"enemies":"R_Hoarder","floor":49,"turns":7},{"damage":0,"enemies":"3 Darklings","floor":50,"turns":3},{"damage":8,"enemies":"Donu and Deca","floor":52,"turns":10},{"damage":1,"enemies":"Shield and Spear","floor":56,"turns":5},{"damage":48,"enemies":"The Heart","floor":57,"turns":11}],"seed_played":"-6187962448430320945","potions_obtained":[{"floor":1,"key":"Fire Potion"},{"floor":2,"key":"Death Potion"},{"floor":10,"key":"AttackPotion"},{"floor":12,"key":"Reflective Coating"},{"floor":19,"key":"bronze:BurnAndBuffPotion"},{"floor":22,"key":"Elixir"},{"floor":30,"key":"ColorlessPotion"},{"floor":31,"key":"Block Potion"},{"floor":40,"key":"DuplicationPotion"},{"floor":41,"key":"Adrenaline Potion"},{"floor":47,"key":"EntropicBrew"}],"is_trial":false,"path_per_floor":["M","M","?","?","?","E","R","E","T","M","M","E","M","M","R","B",null,"M","M","M","?","M","R","E","?","T","M","E","?","M","E","R","B",null,"M","M","$","PTL","PTL","M","M","E","R","?","T","$","?","?","E","M","R","B",null,"R","$","E","B",null],"character_chosen":"DEFECT","items_purchased":["Geode","Membership Card","Strawberry","Hologram+1","TheAbacus","Replay:Frozen Program","FIFO Queue","Scrape"],"campfire_rested":1,"item_purchase_floors":[37,37,37,37,46,55,55,55],"current_hp_per_floor":[73,71,71,64,64,52,52,31,31,33,33,33,23,25,25,17,75,75,75,66,66,66,66,30,30,30,30,12,12,20,13,35,14,75,75,75,82,82,82,82,76,53,53,53,53,53,55,50,54,56,56,50,82,82,82,82,40],"gold":76,"neow_bonus":"UPGRADE_CARD","is_daily":false,"chose_seed":false,"campfire_upgraded":4,"win_rate":0.0,"timestamp":1614132752,"path_taken":["M","M","?","?","?","E","R","E","T","M","M","E","?","M","R","BOSS","M","M","M","?","M","R","E","?","T","?","E","?","M","E","R","BOSS","M","?","$","PTL","PTL","M","M","E","R","?","T","$","?","?","E","M","R","BOSS","R","$","E","BOSS"],"items_purchased_type":["Relic","Relic","Relic","Card","Relic","Relic","Card","Card"],"build_version":"2020-12-22","purchased_purges":2,"victory":true,"max_hp_per_floor":[75,75,75,75,75,75,75,75,75,75,75,75,75,75,75,75,75,75,75,75,75,75,75,75,75,75,75,75,75,75,75,75,75,75,75,75,82,82,82,82,82,82,82,82,82,82,82,82,82,82,82,82,82,82,82,82,82],"relic_stats":{"Blood Vial":16,"Busted Crown":48,"TheAbacus":[96],"Happy Flower":[5],"counters":[31,163],"PreservedInsect":190,"Bag of Preparation":[28],"obtain_stats":[{"Solar Panel":6,"ReplayFunnel":45,"Replay:Accelerometer":8,"Replay:Towering Pillar of Hats":49,"Happy Flower":54,"PreservedInsect":31,"Bag of Preparation":28,"Geode":37,"Replay:Multitool":47,"Empty Cage":34,"Ancient Tea Set":42,"Blood Vial":29,"DataDisk":26,"Busted Crown":17,"TheAbacus":46,"Replay:Frozen Program":55,"Strawberry":37,"ReplayTheSpireMod:Ring of Collecting":44,"Onion Ring":56,"Ring of Shattering":45,"Bag of Marbles":12,"ReplayTheSpireMod:TigerMarble":24,"Membership Card":37,"Cracked Core":0},{"Solar Panel":3,"ReplayFunnel":25,"Replay:Accelerometer":4,"Replay:Towering Pillar of Hats":27,"Happy Flower":29,"PreservedInsect":19,"Bag of Preparation":17,"Geode":22,"Replay:Multitool":26,"Empty Cage":20,"Ancient Tea Set":25,"Blood Vial":17,"DataDisk":15,"Busted Crown":10,"TheAbacus":25,"Replay:Frozen Program":29,"Strawberry":22,"ReplayTheSpireMod:Ring of Collecting":25,"Onion Ring":30,"Ring of Shattering":25,"Bag of Marbles":7,"ReplayTheSpireMod:TigerMarble":15,"Membership Card":22,"Cracked Core":0},{"Solar Panel":8,"ReplayFunnel":125,"Replay:Accelerometer":12,"Replay:Towering Pillar of Hats":134,"Happy Flower":147,"PreservedInsect":85,"Bag of Preparation":70,"Geode":107,"Replay:Multitool":128,"Empty Cage":98,"Ancient Tea Set":125,"Blood Vial":70,"DataDisk":60,"Busted Crown":37,"TheAbacus":125,"Replay:Frozen Program":147,"Strawberry":107,"ReplayTheSpireMod:Ring of Collecting":125,"Onion Ring":152,"Ring of Shattering":125,"Bag of Marbles":21,"ReplayTheSpireMod:TigerMarble":60,"Membership Card":107,"Cracked Core":0}]},"card_choices":[{"not_picked":["Storm","Conserve Battery"],"picked":"Genetic Algorithm","floor":1},{"not_picked":["Sunder","BasicCrystalCard"],"picked":"Scrape","floor":2},{"not_picked":["BasicCrystalCard","Hologram"],"picked":"Gash","floor":6},{"not_picked":["Coolheaded","Ball Lightning"],"picked":"Glacier","floor":8},{"not_picked":["Machine Learning","Blizzard"],"picked":"Panic Button","floor":10},{"not_picked":["Streamline","Turbo"],"picked":"Conserve Battery","floor":11},{"not_picked":["Conserve Battery","ReplayTheSpireMod:Repulse","Ball Lightning"],"picked":"SKIP","floor":12},{"not_picked":["Turbo","Steam"],"picked":"Beam Cell","floor":13},{"not_picked":["Steam","Conserve Battery"],"picked":"Gash","floor":14},{"not_picked":[],"picked":"Undo","floor":18},{"not_picked":["Redo+1"],"picked":"SKIP","floor":19},{"not_picked":["Undo"],"picked":"SKIP","floor":20},{"not_picked":["Aggregate"],"picked":"SKIP","floor":22},{"not_picked":["Fusion+1"],"picked":"SKIP","floor":24},{"not_picked":["Stack"],"picked":"SKIP","floor":27},{"not_picked":[],"picked":"Reboot","floor":28},{"not_picked":[],"picked":"Coolheaded","floor":30},{"not_picked":["Conserve Battery"],"picked":"SKIP","floor":31},{"not_picked":["Darkness+1"],"picked":"SKIP","floor":35},{"not_picked":[],"picked":"Steam+1","floor":36},{"not_picked":[],"picked":"Loop","floor":40},{"not_picked":["Turbo"],"picked":"SKIP","floor":41},{"not_picked":[],"picked":"Gash","floor":42},{"not_picked":[],"picked":"Secret Technique","floor":48},{"not_picked":[],"picked":"Trip","floor":48},{"not_picked":["Ball Lightning"],"picked":"SKIP","floor":49},{"not_picked":[],"picked":"Scrape+1","floor":50},{"not_picked":[],"picked":"Leap+1","floor":56}],"player_experience":194799,"relics_obtained":[{"floor":6,"key":"Solar Panel"},{"floor":8,"key":"Replay:Accelerometer"},{"floor":12,"key":"Bag of Marbles"},{"floor":24,"key":"ReplayTheSpireMod:TigerMarble"},{"floor":26,"key":"DataDisk"},{"floor":28,"key":"Bag of Preparation"},{"floor":31,"key":"PreservedInsect"},{"floor":42,"key":"Ancient Tea Set"},{"floor":44,"key":"ReplayTheSpireMod:Ring of Collecting"},{"floor":45,"key":"Ring of Shattering"},{"floor":45,"key":"ReplayFunnel"},{"floor":47,"key":"Replay:Multitool"},{"floor":49,"key":"Replay:Towering Pillar of Hats"},{"floor":54,"key":"Happy Flower"},{"floor":56,"key":"Onion Ring"}],"event_choices":[{"cards_removed":["Strike_B"],"damage_healed":0,"gold_gain":0,"player_choice":"Card Removal","damage_taken":0,"max_hp_gain":0,"max_hp_loss":0,"event_name":"The Cleric","floor":3,"gold_loss":50},{"cards_removed":["Defend_B"],"damage_healed":0,"gold_gain":0,"player_choice":"Card Removal","damage_taken":7,"max_hp_gain":0,"max_hp_loss":0,"event_name":"Golden Wing","floor":4,"gold_loss":0},{"damage_healed":0,"gold_gain":0,"cards_transformed":["Strike_B"],"player_choice":"Change","damage_taken":0,"max_hp_gain":0,"max_hp_loss":0,"event_name":"Living Wall","floor":5,"gold_loss":0,"cards_obtained":["Skim"]},{"cards_removed":["Strike_B"],"damage_healed":0,"gold_gain":0,"player_choice":"Gave Gold","damage_taken":0,"max_hp_gain":0,"max_hp_loss":0,"event_name":"Beggar","floor":21,"gold_loss":75},{"damage_healed":0,"gold_gain":0,"player_choice":"Ignored","damage_taken":0,"max_hp_gain":0,"max_hp_loss":0,"event_name":"Cursed Tome","floor":25,"gold_loss":0},{"damage_healed":0,"gold_gain":0,"player_choice":"Gave Potion","damage_taken":0,"relics_obtained":["Blood Vial"],"max_hp_gain":0,"max_hp_loss":0,"event_name":"WeMeetAgain","floor":29,"gold_loss":0},{"damage_healed":0,"gold_gain":0,"player_choice":"Fight","damage_taken":0,"max_hp_gain":0,"max_hp_loss":0,"event_name":"MindBloom","floor":47,"gold_loss":0},{"damage_healed":0,"gold_gain":0,"player_choice":"Memory 2","damage_taken":5,"max_hp_gain":0,"max_hp_loss":0,"event_name":"SensoryStone","floor":48,"gold_loss":0}],"is_beta":false,"boss_relics":[{"not_picked":["Tiny House","Replay:Grab Bag"],"picked":"Busted Crown"},{"not_picked":["Nuclear Battery","Snecko Eye"],"picked":"Empty Cage"}],"items_purged_floors":[37,55],"is_endless":false,"potions_floor_spawned":[1,2,10,12,19,22,30,31,40,41,47,50,56],"ascension_level":3}}