{"host":"oyzno85dy6ca94bi","time":1614137898,"event":{"mods":["AchievementEnabler","BaseMod","Colored Map","DeckTracker","Keyboard Shortcuts","Minty Spire (QoL Compilation)","Permanent Neow","SuperFastMode","everything is the same but u backflip on backflip"],"gold_per_floor":[110,110,129,140,20,54,54,74,101,101,51,70,50,67,67,139,139,152,171,171,181,196,196,196,196],"floor_reached":24,"language":"KOR","playtime":1982,"items_purged":["Strike_R"],"score":360,"play_id":"6382dee8-788b-4b67-bc27-d8b1f76e2b91","local_time":"20210224123818","is_ascension_mode":true,"campfire_choices":[{"floor":7.0,"key":"REST"},{"data":"Pommel Strike","floor":10.0,"key":"SMITH"},{"data":"Rupture","floor":15.0,"key":"SMITH"},{"floor":23,"key":"REST"}],"circlet_count":0,"master_deck":["AscendersBane","Strike_R","Strike_R","Strike_R","Defend_R","Defend_R","Defend_R","Defend_R","Bash","Cleave","Whirlwind","Wild Strike","Hemokinesis","Rupture+1","Pommel Strike+1","Headbutt","Impervious","Dark Embrace","Armaments","Writhe","Feel No Pain","Heavy Blade+1"],"relics":["Burning Blood","Smiling Mask","Lantern","Happy Flower","Cursed Key","Kunai"],"acts_visited":["Exordium","TheCity"],"potions_floor_usage":[22],"damage_taken":[{"damage":12.0,"enemies":"2 Louse","floor":1.0,"turns":3.0},{"damage":6.0,"enemies":"Cultist","floor":3.0,"turns":4.0},{"damage":7.0,"enemies":"Small Slimes","floor":4.0,"turns":4.0},{"damage":31.0,"enemies":"Lagavulin","floor":6.0,"turns":6.0},{"damage":9.0,"enemies":"Looter","floor":8.0,"turns":3.0},{"damage":3.0,"enemies":"2 Fungi Beasts","floor":12.0,"turns":3.0},{"damage":8.0,"enemies":"Exordium Thugs","floor":14.0,"turns":3.0},{"damage":30.0,"enemies":"Slime Boss","floor":16.0,"turns":9.0},{"damage":14.0,"enemies":"Chosen","floor":18.0,"turns":3.0},{"damage":23.0,"enemies":"Shell Parasite","floor":19.0,"turns":5.0},{"damage":23.0,"enemies":"Sentry and Sphere","floor":21.0,"turns":6.0},{"damage":18,"enemies":"Cultist and Chosen","floor":22,"turns":6},{"damage":48,"enemies":"Slavers","floor":24,"turns":3}],"seed_played":"3645453150586057047","potions_obtained":[{"floor":3.0,"key":"Swift Potion"},{"floor":4.0,"key":"BlessingOfTheForge"},{"floor":6.0,"key":"SpeedPotion"},{"floor":13.0,"key":"Fruit Juice"},{"floor":16.0,"key":"BlessingOfTheForge"},{"floor":21.0,"key":"Strength Potion"},{"floor":22,"key":"HeartOfIron"}],"is_trial":false,"path_per_floor":["M","?","M","M","$","E","R","M","T","R","$","M","?","M","R","B",null,"M","M","T","M","M","R","E"],"character_chosen":"IRONCLAD","items_purchased":["Hemokinesis","Rupture"],"campfire_rested":2,"item_purchase_floors":[5,5],"current_hp_per_floor":[62,62,62,61,61,36,58,55,55,55,55,58,63,61,61,37,69,61,44,44,27,15,39,0,0],"gold":196,"neow_bonus":"RANDOM_COMMON_RELIC","is_daily":false,"chose_seed":false,"campfire_upgraded":2,"win_rate":0.0,"timestamp":1614137898,"path_taken":["M","?","M","M","$","E","R","M","T","R","?","M","?","M","R","BOSS","M","M","?","M","?","R","E"],"items_purchased_type":["Card","Card"],"build_version":"2020-12-22","purchased_purges":1,"victory":false,"max_hp_per_floor":[75,75,75,75,75,75,75,75,75,75,75,75,80,80,80,80,80,80,80,80,80,80,80,80,80],"card_choices":[{"not_picked":["Iron Wave","Infernal Blade"],"picked":"Cleave","floor":1.0},{"not_picked":["Clash","Rampage","Wild Strike"],"picked":"SKIP","floor":3.0},{"not_picked":["Clash","Rampage"],"picked":"Wild Strike","floor":3.0},{"not_picked":["Heavy Blade","True Grit","Anger"],"picked":"SKIP","floor":4.0},{"not_picked":["Heavy Blade","True Grit","Anger"],"picked":"SKIP","floor":4.0},{"not_picked":["Perfected Strike","Burning Pact"],"picked":"Pommel Strike","floor":6.0},{"not_picked":["Anger","Sword Boomerang"],"picked":"Headbutt","floor":8.0},{"not_picked":["Juggernaut","Pommel Strike","Infernal Blade"],"picked":"SKIP","floor":12.0},{"not_picked":["Dropkick","Sever Soul","Body Slam"],"picked":"SKIP","floor":14.0},{"not_picked":["Berserk","Immolate"],"picked":"Impervious","floor":16.0},{"not_picked":["Clothesline","Clash"],"picked":"Dark Embrace","floor":18.0},{"not_picked":["Rampage","Havoc"],"picked":"Armaments","floor":19.0},{"not_picked":["Sword Boomerang+1","Havoc"],"picked":"Feel No Pain","floor":21.0},{"not_picked":["Rupture","Dropkick"],"picked":"Heavy Blade+1","floor":22}],"player_experience":506115,"relics_obtained":[{"floor":6.0,"key":"Lantern"},{"floor":9.0,"key":"Happy Flower"},{"floor":20.0,"key":"Kunai"}],"event_choices":[{"damage_healed":0.0,"max_hp_gain":0.0,"max_hp_loss":0.0,"gold_gain":0.0,"cards_transformed":["Strike_R"],"event_name":"Transmorgrifier","player_choice":"Transformed","floor":2.0,"gold_loss":0.0,"damage_taken":0.0,"cards_obtained":["Whirlwind"]},{"damage_healed":0.0,"max_hp_gain":0.0,"max_hp_loss":0.0,"gold_gain":0.0,"event_name":"The Woman in Blue","player_choice":"Bought 1 Potion","floor":13.0,"gold_loss":0.0,"damage_taken":0.0}],"is_beta":false,"boss_relics":[{"not_picked":["Runic Cube","Tiny House"],"picked":"Cursed Key"}],"items_purged_floors":[11],"is_endless":false,"potions_floor_spawned":[3,4,6,16,21,22],"killed_by":"Slavers","ascension_level":16}}