{"host":"og21o26alpnbwmz8","time":1614181832,"event":{"mods":["2.2 Compatiblity","Act Like it!","Aspiration","BaseMod","Conspire","Downfall","Gensokyo","Halation","Hermit","Hubris","Jedi Mod","Mimic Mod","Minty Spire (QoL Compilation)","Pale of the Ancients","Reliquary","Replay The Spire","Shop Mod","Spikes Relics","StSLib","The Alterego","The Animator","The Blue Laboratory","The Bug Knight","Waifu the Spire","Yuri Mod"],"gold_per_floor":[116,136,19,32,32,75,75,93,93,93,24,62,62,78,78,201,201,214,232,53,74,74,74,107,107,175,175,175],"floor_reached":27,"language":"ENG","playtime":1134,"items_purged":[],"score":241,"play_id":"8dd8c649-b8a2-4a6c-a2d2-79717e707de0","local_time":"20210224105032","is_ascension_mode":false,"campfire_choices":[{"data":"HollowMod:InfectedCysts","floor":7,"key":"SMITH"},{"data":"HollowMod:MothsMistake","floor":13,"key":"SMITH"},{"data":"HollowMod:NewJinnsSoul","floor":15,"key":"SMITH"},{"data":"HollowMod:TaintedHusks","floor":23,"key":"SMITH"},{"floor":25,"key":"RECALL"}],"circlet_count":0,"master_deck":["HollowMod:NailStrikeStart","HollowMod:NailStrikeStart","HollowMod:NailStrikeStart","HollowMod:QuickDashStart","HollowMod:QuickDashStart","HollowMod:QuickDashStart","HollowMod:QuickDashStart","HollowMod:FocusHealStart+1","HollowMod:PogoStrike","HollowMod:TaintedHusks+1","HollowMod:InfectedAttack","HollowMod:NewGlowingWomb","HollowMod:InfectedCysts+1","HollowMod:MothsMistake+1","HollowMod:PaleKingsBlessing+1","HollowMod:NewJinnsSoul+1","HollowMod:PaleKingsBlessing+1","HollowMod:MawleksShell+1","HollowMod:InfectedCysts","HollowMod:BrokenVessel+1","HollowMod:FastStrike"],"relics":["HollowMod:VesselMask","Golden Idol","Singing Bowl","hubris:OldNail","CosmicIsotope","Guide Book","conspire:BottledYoYo","Garlic"],"acts_visited":["Exordium","TheCity"],"potions_floor_usage":[19,24],"damage_taken":[{"damage":1,"enemies":"Cultist","floor":1,"turns":3},{"damage":0,"enemies":"Small Slimes","floor":2,"turns":4},{"damage":12,"enemies":"Jaw Worm","floor":4,"turns":5},{"damage":25,"enemies":"Replay:BlueRogue","floor":6,"turns":8},{"damage":4,"enemies":"Gremlin Gang","floor":8,"turns":2},{"damage":51,"enemies":"Lagavulin","floor":12,"turns":7},{"damage":19,"enemies":"Red Slaver","floor":14,"turns":4},{"damage":17,"enemies":"The Guardian","floor":16,"turns":9},{"damage":32,"enemies":"Spheric Guardian","floor":18,"turns":6},{"damage":14,"enemies":"conspire:FuzzyDice","floor":19,"turns":9},{"damage":22,"enemies":"Snake Plant","floor":21,"turns":6},{"damage":76,"enemies":"Slavers","floor":24,"turns":3},{"damage":42,"enemies":"Shelled Parasite and Fungi","floor":27,"turns":3}],"seed_played":"3964316365521530187","potions_obtained":[{"floor":2,"key":"Strength Potion"},{"floor":6,"key":"LiquidBronze"},{"floor":8,"key":"ColorlessPotion"},{"floor":19,"key":"ColorlessPotion"}],"is_trial":false,"path_per_floor":["M","M","$","M","?","E","R","M","T","?","$","E","R","M","R","B",null,"M","M","$","M","?","R","E","R","T","M"],"character_chosen":"THE_BUGKNIGHT","items_purchased":["HollowMod:NewGlowingWomb","HollowMod:InfectedCysts","HollowMod:MothsMistake","HollowMod:InfectedCysts","Guide Book"],"campfire_rested":0,"item_purchase_floors":[3,3,11,20,20],"current_hp_per_floor":[74,74,74,68,68,51,51,49,49,73,73,32,32,25,25,36,73,57,75,75,75,75,75,32,32,32,0,0],"gold":175,"neow_bonus":"UPGRADE_CARD","is_daily":false,"chose_seed":false,"campfire_upgraded":4,"win_rate":0.0,"timestamp":1614181832,"path_taken":["M","M","$","M","?","E","R","M","T","?","$","E","R","?","R","BOSS","M","M","$","M","?","R","E","R","T","?"],"items_purchased_type":["Card","Card","Card","Card","Relic"],"build_version":"2020-12-22","purchased_purges":0,"victory":false,"max_hp_per_floor":[75,75,75,75,69,71,71,73,73,73,73,73,73,73,73,73,73,73,75,75,75,75,75,77,77,77,77,77],"card_choices":[{"not_picked":["HollowMod:SoulEater","HollowMod:DashSlash"],"picked":"HollowMod:TaintedHusks","floor":1},{"not_picked":["HollowMod:MonomonsArchive","HollowMod:SoulSplash"],"picked":"HollowMod:InfectedAttack","floor":2},{"not_picked":["HollowMod:HuntersJournal","HollowMod:CornifersMapStart","HollowMod:MantisMark"],"picked":"SKIP","floor":4},{"not_picked":["HollowMod:InfectedAttack","HollowMod:SharpenedNail","HollowMod:MonarchWings"],"picked":"Singing Bowl","floor":6},{"not_picked":["HollowMod:SharpenedShadows","HollowMod:ChannelNail","HollowMod:HowlingWraiths"],"picked":"Singing Bowl","floor":8},{"not_picked":["HollowMod:SoulVessel","HollowMod:BlackTendrils"],"picked":"HollowMod:PaleKingsBlessing","floor":12},{"not_picked":["HollowMod:LuriensSpire","HollowMod:FallenFury"],"picked":"HollowMod:NewJinnsSoul","floor":14},{"not_picked":["HollowMod:SlysStrikes","HollowMod:VoidDash"],"picked":"HollowMod:PaleKingsBlessing","floor":16},{"not_picked":["HollowMod:DashSlash","HollowMod:InfectionAssault"],"picked":"HollowMod:MawleksShell+1","floor":18},{"not_picked":["HollowMod:CycloneSlash","HollowMod:ShadowDash","HollowMod:SoulSplash"],"picked":"Singing Bowl","floor":19},{"not_picked":["HollowMod:SharpenedNail+1","HollowMod:SoulEater"],"picked":"HollowMod:BrokenVessel+1","floor":21},{"not_picked":["HollowMod:DesolateDive","HollowMod:SharpenedShadows","HollowMod:LifebloodCocoon"],"picked":"Singing Bowl","floor":24}],"player_experience":425118,"relics_obtained":[{"floor":6,"key":"Singing Bowl"},{"floor":12,"key":"hubris:OldNail"},{"floor":24,"key":"conspire:BottledYoYo"},{"floor":26,"key":"Garlic"}],"event_choices":[{"damage_healed":0,"gold_gain":0,"player_choice":"Lose Max HP","damage_taken":0,"relics_obtained":["Golden Idol"],"max_hp_gain":0,"max_hp_loss":6,"event_name":"Golden Idol","floor":5,"gold_loss":0},{"damage_healed":24,"gold_gain":0,"player_choice":"Full Heal","damage_taken":0,"max_hp_gain":0,"max_hp_loss":0,"event_name":"Wheel of Change","floor":10,"gold_loss":0},{"damage_healed":0,"gold_gain":0,"cards_transformed":["HollowMod:NailStrikeStart"],"player_choice":"Transformed","damage_taken":0,"max_hp_gain":0,"max_hp_loss":0,"event_name":"Transmorgrifier","floor":22,"gold_loss":0,"cards_obtained":["HollowMod:FastStrike"]}],"is_beta":false,"boss_relics":[{"not_picked":["halation:PinkAlligatorPlush","Snecko Heart"],"picked":"CosmicIsotope"}],"items_purged_floors":[],"is_endless":false,"potions_floor_spawned":[2,6,8,12,16,18,19],"killed_by":"Shelled Parasite and Fungi","ascension_level":0}}