{"host":"to2s10i0cynxbiqz","time":1614151092,"event":{"mods":["BaseMod","Colored Powertips","Highlight Path","Minty Spire (QoL Compilation)","Quick Restart","StSLib","slay the spire mod where everything is the same but ironclad has a cowboy hat"],"gold_per_floor":[118,132,151,76,76,111,111,131,131,166,88,103,128,168,168,294,294,317,340,340,215,240,240,263,263,290,326,326,19,39,60,60,189,189,208,208,223,48,112,112,150,150,150,184,202,233,246,277,277,277,277,277,127,158,158],"floor_reached":56,"language":"ZHS","playtime":2478,"items_purged":["Strike_R","Strike_R","Strike_R","Bash"],"score":2199,"play_id":"50783707-55b9-4149-9b13-4ba157225654","local_time":"20210224151812","is_ascension_mode":true,"campfire_choices":[{"data":"Bludgeon","floor":7.0,"key":"SMITH"},{"data":"1","floor":15.0,"key":"LIFT"},{"floor":23.0,"key":"REST"},{"floor":25.0,"key":"REST"},{"floor":32.0,"key":"REST"},{"floor":40.0,"key":"REST"},{"floor":42.0,"key":"REST"},{"floor":49.0,"key":"RECALL"},{"data":"2","floor":52.0,"key":"LIFT"}],"circlet_count":0,"master_deck":["Strike_R","Defend_R","Defend_R","Defend_R","Defend_R","Second Wind","Seeing Red","Bludgeon+1","True Grit","Reaper","Fire Breathing","Seeing Red","Offering","Immolate","Power Through","Shrug It Off","Dark Embrace","Body Slam","Ghostly Armor+1","Fire Breathing+1","Exhume","Dark Embrace","Shrug It Off","Shrug It Off+1","Evolve","Inflame+1","Juggernaut","True Grit+1"],"relics":["Sozu","Golden Idol","PreservedInsect","Girya","Ancient Tea Set","Fusion Hammer","Potion Belt","Bottled Tornado","Calipers","Mark of Pain","Turnip","Magic Flower","Sundial","Champion Belt","Anchor","Boot","Ginger"],"acts_visited":["TheCity","TheBeyond","TheEnding"],"potions_floor_usage":[],"damage_taken":[{"damage":0.0,"enemies":"Cultist","floor":1.0,"turns":3.0},{"damage":7.0,"enemies":"2 Louse","floor":2.0,"turns":3.0},{"damage":7.0,"enemies":"Jaw Worm","floor":3.0,"turns":2.0},{"damage":18.0,"enemies":"Gremlin Nob","floor":6.0,"turns":3.0},{"damage":0.0,"enemies":"Red Slaver","floor":8.0,"turns":1.0},{"damage":10.0,"enemies":"3 Sentries","floor":10.0,"turns":4.0},{"damage":0.0,"enemies":"2 Fungi Beasts","floor":12.0,"turns":4.0},{"damage":6.0,"enemies":"Looter","floor":13.0,"turns":2.0},{"damage":13.0,"enemies":"Lagavulin","floor":14.0,"turns":5.0},{"damage":6.0,"enemies":"Slime Boss","floor":16.0,"turns":7.0},{"damage":22.0,"enemies":"Shell Parasite","floor":18.0,"turns":3.0},{"damage":12.0,"enemies":"3 Byrds","floor":19.0,"turns":5.0},{"damage":14.0,"enemies":"Shelled Parasite and Fungi","floor":22.0,"turns":3.0},{"damage":14.0,"enemies":"Snake Plant","floor":24.0,"turns":3.0},{"damage":30.0,"enemies":"Slavers","floor":27.0,"turns":6.0},{"damage":10.0,"enemies":"Centurion and Healer","floor":30.0,"turns":4.0},{"damage":17.0,"enemies":"Snecko","floor":31.0,"turns":4.0},{"damage":22.0,"enemies":"Champ","floor":33.0,"turns":9.0},{"damage":28.0,"enemies":"3 Shapes","floor":35.0,"turns":3.0},{"damage":6.0,"enemies":"Orb Walker","floor":37.0,"turns":3.0},{"damage":44.0,"enemies":"2 Orb Walkers","floor":39.0,"turns":5.0},{"damage":18.0,"enemies":"Reptomancer","floor":41.0,"turns":5.0},{"damage":6.0,"enemies":"Nemesis","floor":44.0,"turns":5.0},{"damage":45.0,"enemies":"3 Darklings","floor":45.0,"turns":3.0},{"damage":6.0,"enemies":"Giant Head","floor":46.0,"turns":5.0},{"damage":5.0,"enemies":"4 Shapes","floor":47.0,"turns":2.0},{"damage":17.0,"enemies":"Nemesis","floor":48.0,"turns":5.0},{"damage":6.0,"enemies":"Time Eater","floor":50.0,"turns":5.0},{"damage":16.0,"enemies":"Shield and Spear","floor":54.0,"turns":3.0},{"damage":72,"enemies":"The Heart","floor":55,"turns":7}],"seed_played":"5277512712213341958","potions_obtained":[],"is_trial":false,"path_per_floor":["M","M","M","$","?","E","R","M","T","E","$","M","M","E","R","B",null,"M","M","?","$","M","R","M","R","T","E","?","$","M","M","R","B",null,"M","?","M","$","?","R","E","R","T","E","M","E","M","E","R","B",null,"R","$","E","B",null],"character_chosen":"IRONCLAD","items_purchased":["Fire Breathing","Shrug It Off","Calipers","Shrug It Off"],"campfire_rested":5,"item_purchase_floors":[11,21,29,38],"current_hp_per_floor":[72,65,58,58,58,40,40,40,40,38,38,46,44,35,35,34,64,47,38,38,38,31,53,44,66,66,46,46,46,41,24,46,27,62,49,49,53,53,24,46,38,60,60,62,52,74,69,64,64,66,72,72,72,74,16],"gold":158,"neow_bonus":"BOSS_RELIC","is_daily":false,"chose_seed":false,"campfire_upgraded":1,"win_rate":0.0,"timestamp":1614151092,"path_taken":["M","?","M","?","?","E","R","M","T","E","?","M","M","E","R","BOSS","M","M","?","$","M","R","M","R","T","E","?","$","M","?","R","BOSS","M","?","M","$","?","R","E","R","T","E","M","E","M","E","R","BOSS","R","$","E","BOSS"],"items_purchased_type":["Card","Card","Relic","Card"],"build_version":"2020-12-22","purchased_purges":4,"victory":true,"max_hp_per_floor":[80,80,80,80,74,74,74,74,74,74,74,74,74,74,74,74,74,74,74,74,74,74,74,74,74,74,74,74,74,74,74,74,74,74,74,74,74,74,74,74,74,74,74,74,74,74,74,74,74,74,74,74,74,74,74],"card_choices":[{"not_picked":["Shrug It Off","Power Through"],"picked":"Second Wind","floor":1.0},{"not_picked":["Flex","Warcry"],"picked":"Seeing Red","floor":2.0},{"not_picked":["Flex","Havoc"],"picked":"Bludgeon","floor":3.0},{"not_picked":["Perfected Strike","Cleave"],"picked":"True Grit","floor":6.0},{"not_picked":["Iron Wave","Cleave"],"picked":"Reaper","floor":8.0},{"not_picked":["Thunderclap","Hemokinesis","Pummel"],"picked":"SKIP","floor":10.0},{"not_picked":["Clothesline","Anger","Headbutt"],"picked":"SKIP","floor":12.0},{"not_picked":["Metallicize","Whirlwind"],"picked":"Seeing Red","floor":13.0},{"not_picked":["Heavy Blade","Body Slam"],"picked":"Offering","floor":14.0},{"not_picked":["Exhume","Demon Form"],"picked":"Immolate","floor":16.0},{"not_picked":["Body Slam+1","Flex"],"picked":"Power Through","floor":18.0},{"not_picked":["Rupture","Headbutt","Cleave+1"],"picked":"SKIP","floor":19.0},{"not_picked":["Heavy Blade","Headbutt","Spot Weakness"],"picked":"SKIP","floor":22.0},{"not_picked":["Dual Wield","Sword Boomerang+1"],"picked":"Dark Embrace","floor":24.0},{"not_picked":["Heavy Blade+1","Wild Strike"],"picked":"Body Slam","floor":27.0},{"not_picked":["Brutality","Metallicize"],"picked":"Ghostly Armor+1","floor":30.0},{"not_picked":["True Grit","Twin Strike"],"picked":"Fire Breathing+1","floor":31.0},{"not_picked":["Corruption","Offering"],"picked":"Exhume","floor":33.0},{"not_picked":["Disarm","Wild Strike+1","Heavy Blade+1"],"picked":"SKIP","floor":35.0},{"not_picked":["Uppercut","Pommel Strike"],"picked":"Dark Embrace","floor":37.0},{"not_picked":["Anger+1","Sword Boomerang+1"],"picked":"Shrug It Off+1","floor":39.0},{"not_picked":["Wild Strike+1","Body Slam","Perfected Strike+1"],"picked":"SKIP","floor":41.0},{"not_picked":["Fire Breathing+1","Hemokinesis"],"picked":"Evolve","floor":44.0},{"not_picked":["Headbutt+1","Intimidate+1"],"picked":"Inflame+1","floor":45.0},{"not_picked":["Limit Break","Heavy Blade+1"],"picked":"Juggernaut","floor":46.0},{"not_picked":["Sword Boomerang","Pommel Strike","Rampage"],"picked":"SKIP","floor":47.0},{"not_picked":["Clothesline+1","Pommel Strike","Shrug It Off"],"picked":"SKIP","floor":48.0},{"not_picked":["Battle Trance","Dual Wield"],"picked":"True Grit+1","floor":54.0}],"player_experience":201963,"relics_obtained":[{"floor":6.0,"key":"PreservedInsect"},{"floor":10.0,"key":"Girya"},{"floor":14.0,"key":"Ancient Tea Set"},{"floor":26.0,"key":"Potion Belt"},{"floor":27.0,"key":"Bottled Tornado"},{"floor":39.0,"key":"Turnip"},{"floor":41.0,"key":"Magic Flower"},{"floor":43.0,"key":"Sundial"},{"floor":44.0,"key":"Champion Belt"},{"floor":46.0,"key":"Anchor"},{"floor":48.0,"key":"Boot"},{"floor":54.0,"key":"Ginger"}],"event_choices":[{"damage_healed":0.0,"max_hp_gain":0.0,"max_hp_loss":6.0,"gold_gain":0.0,"event_name":"Golden Idol","player_choice":"Lose Max HP","floor":5.0,"gold_loss":0.0,"damage_taken":0.0,"relics_obtained":["Golden Idol"]},{"damage_healed":0.0,"max_hp_gain":0.0,"max_hp_loss":0.0,"gold_gain":0.0,"event_name":"Ghosts","player_choice":"Ignored","floor":20.0,"gold_loss":0.0,"damage_taken":0.0},{"cards_removed":["Strike_R"],"damage_healed":0.0,"max_hp_gain":0.0,"max_hp_loss":0.0,"gold_gain":0.0,"event_name":"Purifier","player_choice":"Purged","floor":28.0,"gold_loss":0.0,"damage_taken":0.0},{"damage_healed":0.0,"max_hp_gain":0.0,"max_hp_loss":0.0,"gold_gain":0.0,"event_name":"Tomb of Lord Red Mask","player_choice":"Ignored","floor":36.0,"gold_loss":0.0,"damage_taken":0.0},{"damage_healed":0.0,"max_hp_gain":0.0,"max_hp_loss":0.0,"gold_gain":0.0,"event_name":"Mysterious Sphere","player_choice":"Fight","floor":39.0,"gold_loss":0.0,"damage_taken":0.0}],"is_beta":false,"boss_relics":[{"not_picked":["Coffee Dripper","Velvet Choker"],"picked":"Fusion Hammer"},{"not_picked":["Snecko Eye","Philosopher\u0027s Stone"],"picked":"Mark of Pain"}],"items_purged_floors":[4,21,38,53],"is_endless":false,"potions_floor_spawned":[3,8,10,14,19,22,27,33,41,44,45],"ascension_level":7}}