{"host":"fawhrnsdtsa3msx1","time":1614135504,"event":{"mods":["AchievementEnabler","BaseMod","Colored Map","DeckTracker","Keyboard Shortcuts","Minty Spire (QoL Compilation)","Permanent Neow","Quick Restart","SuperFastMode"],"gold_per_floor":[113,124,144,144,144,175,145,145,168,168,193,209,209,241,241,241,241],"floor_reached":16,"language":"KOR","playtime":680,"items_purged":[],"score":118,"play_id":"ebf36d80-059e-4db6-98a2-644e0df6e189","local_time":"20210224115824","is_ascension_mode":false,"campfire_choices":[{"data":"True Grit","floor":8,"key":"SMITH"},{"data":"Shockwave","floor":10,"key":"SMITH"},{"floor":13,"key":"REST"},{"data":"Barricade","floor":15,"key":"SMITH"}],"circlet_count":0,"master_deck":["Strike_R","Strike_R","Strike_R","Defend_R","Defend_R","Defend_R","Defend_R","Bash","Body Slam","Corruption","Power Through","True Grit+1","Shockwave+1","Barricade+1","Pommel Strike"],"relics":["Burning Blood","Orichalcum","Bag of Marbles","Nunchaku","Mercury Hourglass"],"acts_visited":["Exordium"],"potions_floor_usage":[6,12,16],"damage_taken":[{"damage":9,"enemies":"Small Slimes","floor":1,"turns":4},{"damage":0,"enemies":"Jaw Worm","floor":2,"turns":4},{"damage":15,"enemies":"Cultist","floor":3,"turns":5},{"damage":29,"enemies":"Lagavulin","floor":6,"turns":6},{"damage":4,"enemies":"Looter","floor":7,"turns":4},{"damage":26,"enemies":"3 Sentries","floor":11,"turns":15},{"damage":0,"enemies":"Blue Slaver","floor":12,"turns":7},{"damage":17,"enemies":"Gremlin Nob","floor":14,"turns":6},{"damage":32,"enemies":"Slime Boss","floor":16,"turns":12}],"seed_played":"-3101058033249011312","potions_obtained":[{"floor":3,"key":"AttackPotion"},{"floor":6,"key":"Block Potion"},{"floor":11,"key":"Swift Potion"},{"floor":12,"key":"Fire Potion"}],"is_trial":false,"path_per_floor":["M","M","M","$","?","E","M","R","T","R","E","M","R","E","R","B"],"character_chosen":"IRONCLAD","items_purchased":[],"campfire_rested":1,"item_purchase_floors":[],"current_hp_per_floor":[53,59,50,50,50,27,29,29,29,29,9,15,39,28,28,0,0],"gold":241,"neow_bonus":"TRANSFORM_TWO_CARDS","is_daily":false,"chose_seed":false,"campfire_upgraded":3,"win_rate":0.0,"timestamp":1614135504,"path_taken":["M","M","M","$","?","E","M","R","T","R","E","M","R","E","R","BOSS"],"items_purchased_type":[],"build_version":"2020-12-22","purchased_purges":0,"victory":false,"max_hp_per_floor":[80,80,80,80,80,80,80,80,80,80,80,80,80,80,80,80,80],"card_choices":[{"not_picked":["Cleave","Reckless Charge"],"picked":"Power Through","floor":1},{"not_picked":["Uppercut","Fire Breathing"],"picked":"True Grit","floor":2},{"not_picked":["Searing Blow","Sever Soul","Pummel"],"picked":"SKIP","floor":3},{"not_picked":["Clothesline","Infernal Blade"],"picked":"Shockwave","floor":6},{"not_picked":["Clothesline","Inflame","Flex"],"picked":"SKIP","floor":7},{"not_picked":["Anger","Power Through"],"picked":"Barricade","floor":11},{"not_picked":["Havoc","Whirlwind"],"picked":"Pommel Strike","floor":12},{"not_picked":["Cleave","Anger","Sword Boomerang"],"picked":"SKIP","floor":14}],"player_experience":66615,"relics_obtained":[{"floor":6,"key":"Orichalcum"},{"floor":9,"key":"Bag of Marbles"},{"floor":11,"key":"Nunchaku"},{"floor":14,"key":"Mercury Hourglass"}],"event_choices":[{"damage_healed":0,"gold_gain":0,"player_choice":"Ignored","damage_taken":0,"max_hp_gain":0,"max_hp_loss":0,"event_name":"Liars Game","floor":5,"gold_loss":0}],"is_beta":false,"boss_relics":[],"items_purged_floors":[],"is_endless":false,"potions_floor_spawned":[3,6,11,12],"killed_by":"Slime Boss","ascension_level":0}}