{"host":"prxrhpgaxnj4om9r","time":1614166529,"event":{"mods":["AchievementEnabler","BaseMod","Colored Map","DeckTracker","Minty Spire (QoL Compilation)"],"gold_per_floor":[115,130,148,163,238,272,10,38,88,88,107,107,291,315,315,315,315],"floor_reached":16,"language":"KOR","playtime":2421,"items_purged":[],"score":135,"play_id":"95ecee46-9809-4b44-9820-3675311dd56b","local_time":"20210224203529","is_ascension_mode":true,"campfire_choices":[{"floor":10,"key":"REST"},{"floor":15,"key":"REST"}],"circlet_count":0,"master_deck":["Strike_G","Strike_G","Strike_G","Strike_G","Strike_G","Defend_G","Defend_G","Defend_G","Defend_G","Defend_G","Survivor","Neutralize","Discovery","Cloak And Dagger","Sucker Punch","Deadly Poison","Dagger Spray","PiercingWail","Backflip","Deflect","Doubt","Blade Dance"],"relics":["Ring of the Snake","CeramicFish","Paper Crane","Boot","HornCleat"],"acts_visited":["Exordium"],"potions_floor_usage":[4,6,6],"damage_taken":[{"damage":1,"enemies":"Small Slimes","floor":1,"turns":5},{"damage":0,"enemies":"Cultist","floor":2,"turns":3},{"damage":3,"enemies":"Jaw Worm","floor":3,"turns":3},{"damage":4,"enemies":"Red Slaver","floor":4,"turns":2},{"damage":12,"enemies":"Lagavulin","floor":6,"turns":6},{"damage":7,"enemies":"3 Louse","floor":8,"turns":2},{"damage":10,"enemies":"Exordium Wildlife","floor":11,"turns":4},{"damage":1,"enemies":"Exordium Thugs","floor":14,"turns":4},{"damage":62,"enemies":"The Guardian","floor":16,"turns":14}],"seed_played":"-3970273507728620278","potions_obtained":[{"floor":1,"key":"CultistPotion"},{"floor":2,"key":"SpeedPotion"},{"floor":3,"key":"DuplicationPotion"}],"is_trial":false,"path_per_floor":["M","M","M","M","?","E","$","M","T","R","M","T","?","M","R","B"],"character_chosen":"THE_SILENT","items_purchased":["Paper Crane"],"campfire_rested":2,"item_purchase_floors":[7],"current_hp_per_floor":[62,62,59,55,48,36,36,29,29,50,40,40,40,39,60,0,0],"gold":315,"neow_bonus":"RANDOM_COLORLESS","is_daily":false,"chose_seed":false,"campfire_upgraded":0,"win_rate":0.0,"timestamp":1614166529,"path_taken":["M","M","M","M","?","E","?","?","T","R","M","?","?","M","R","BOSS"],"items_purchased_type":["Relic"],"build_version":"2020-12-22","purchased_purges":0,"victory":false,"max_hp_per_floor":[70,70,70,70,70,70,70,70,70,70,70,70,70,70,70,70,70],"card_choices":[{"not_picked":["Purity","Dark Shackles"],"picked":"Discovery","floor":0},{"not_picked":["Endless Agony","Quick Slash"],"picked":"Cloak And Dagger","floor":1},{"not_picked":["Deflect","Riddle With Holes"],"picked":"Sucker Punch","floor":2},{"not_picked":["Bouncing Flask","Deflect"],"picked":"Deadly Poison","floor":3},{"not_picked":["Poisoned Stab","Tools of the Trade"],"picked":"Dagger Spray","floor":4},{"not_picked":["Choke","Sucker Punch"],"picked":"PiercingWail","floor":6},{"not_picked":["Flying Knee","Blade Dance"],"picked":"Backflip","floor":8},{"not_picked":["Prepared","Expertise"],"picked":"Deflect","floor":11},{"not_picked":["Wraith Form v2","PiercingWail"],"picked":"Blade Dance","floor":14}],"player_experience":629921,"relics_obtained":[{"floor":6,"key":"CeramicFish"},{"floor":9,"key":"Boot"},{"floor":12,"key":"HornCleat"}],"event_choices":[{"damage_healed":0,"gold_gain":75,"player_choice":"Touch","damage_taken":7,"max_hp_gain":0,"max_hp_loss":0,"event_name":"FaceTrader","floor":5,"gold_loss":0},{"damage_healed":0,"gold_gain":175,"player_choice":"AGREE","damage_taken":0,"max_hp_gain":0,"max_hp_loss":0,"event_name":"Liars Game","floor":13,"gold_loss":0,"cards_obtained":["Doubt"]}],"is_beta":false,"boss_relics":[],"items_purged_floors":[],"is_endless":false,"potions_floor_spawned":[1,2,3],"killed_by":"The Guardian","ascension_level":6}}