{"host":"7xwe9tmiyvwn0fou","time":1614130296,"event":{"mods":["2.2 Compatiblity","AchievementEnabler","Act Like it!","Aspiration","BaseMod","Better Altar","Better Match","Better Note","Better Sensory Stone","Better Skull","Better Third Choice","BetterRewards","CapriCore","Colored Map","Colored Powertips","Conspire","Downfall","Elementarium","Energized Spire","Friendly Minions","Gensokyo","GifTheSpireLib","Halation","Hallownest","Hero for Fun","Highlight Path","Hubris","Infinite Spire","LagranYue(???·?)","Lobotomy","Minty Spire (QoL Compilation)","MostiFishMod","Rare Cards Sparkle","Reliquary","Ruina","Shop Mod","Spikes Relics","Spire Arcade","StSLib","Stuff the Spire","Td1madao Mod","The Bug Knight","The Jungle","Waifu the Spire","everything is the same but u backflip on backflip","slay the spire mod where everything is the same but ironclad has a cowboy hat"],"gold_per_floor":[115,133,58,78,98,98,129,129,155,155,155,55,86,86,86,188,188,207,207,207,82,97,97,97,97,97,97,108,120,136,136,136,236,236,254,267,285,365,365,365,383,400,400,400,400,75,75,95,95,95],"floor_reached":51,"language":"ENG","playtime":7783,"items_purged":["Strike_P","Strike_P","Eruption+1","Strike_P","Strike_P"],"score":680,"play_id":"c667833d-7149-4826-b40f-803b9dcf1f53","local_time":"20210223203136","is_ascension_mode":false,"campfire_choices":[{"data":"BattleHymn","floor":6.0,"key":"SMITH"},{"data":"Eruption","floor":8.0,"key":"SMITH"},{"data":"ReachHeaven","floor":10.0,"key":"SMITH"},{"data":"MostiFishMod:Moonprays","floor":15.0,"key":"SMITH"},{"data":"Perseverance","floor":23.0,"key":"SMITH"},{"data":"hubris:Fate","floor":25.0,"key":"SMITH"},{"floor":27.0,"key":"RECALL"},{"floor":32.0,"key":"DIG"},{"floor":40.0,"key":"DIG"},{"floor":44,"key":"DIG"},{"floor":47,"key":"DIG"},{"floor":49,"key":"DIG"}],"circlet_count":0,"master_deck":["Defend_P","Defend_P","Defend_P","Defend_P","Vigilance","MostiFishMod:ButterFly","Prostrate","BattleHymn+1","SandsOfTime","ReachHeaven+1","MostiFishMod:Moonprays+1","Perseverance+1","Crescendo+1","MostiFishMod:StarWish","MostiFishMod:ButterFly","MostiFishMod:ButterFly","hubris:Fate+1","SpiritShield+1","Blasphemy+1","Meditate+1","ThirdEye+1","ThirdEye+1","Violence+1","Wish+1"],"relics":["PureWater","DaveBox","LagranYue:RandomDrawCardRelic","HaiYi:Twilight","SynthV:TestCard","Lantern","Strawberry","hubris:Icosahedron","Toxic Egg 2","Shovel","SynthV:C4","conspire:GlowingRock","hubris:Spice","WizardHat","MerchantsRug","Strange Spoon","infinitespire:CheckeredPen"],"acts_visited":["Gensokyo:Gensokyo","theJungle:Jungle","Hallownest:KingdomsEdge"],"potions_floor_usage":[42],"damage_taken":[{"damage":0.0,"enemies":"Gensokyo:Python","floor":1.0,"turns":1.0},{"damage":0.0,"enemies":"Gensokyo:3_Fairies","floor":2.0,"turns":13.0},{"damage":0.0,"enemies":"Gensokyo:2_Kodama","floor":4.0,"turns":4.0},{"damage":0.0,"enemies":"Gensokyo:LivingMonolith","floor":5.0,"turns":3.0},{"damage":4.0,"enemies":"Gensokyo:Cirno","floor":7.0,"turns":9.0},{"damage":8.0,"enemies":"Gensokyo:Aya","floor":13.0,"turns":3.0},{"damage":8.0,"enemies":"Gensokyo:Yukari","floor":16.0,"turns":6.0},{"damage":12.0,"enemies":"theJungle:MUSHROOMGANG","floor":18.0,"turns":5.0},{"damage":20.0,"enemies":"theJungle:GiantWrat","floor":22.0,"turns":6.0},{"damage":21.0,"enemies":"theJungle:JungleHuntersEncounter","floor":28.0,"turns":4.0},{"damage":13.0,"enemies":"theJungle:Snecko_Cultist_And_Trap","floor":29.0,"turns":5.0},{"damage":0.0,"enemies":"theJungle:2_Snecko_Cultists","floor":30.0,"turns":1.0},{"damage":31.0,"enemies":"theJungle:TotemBoss","floor":33.0,"turns":6.0},{"damage":34.0,"enemies":"Hallownest:Shield_Heavy","floor":35.0,"turns":4.0},{"damage":51.0,"enemies":"Hallownest:2_Littles","floor":36.0,"turns":4.0},{"damage":2.0,"enemies":"Hallownest:2_Great","floor":37.0,"turns":4.0},{"damage":21.0,"enemies":"Hallownest:2_Great","floor":38.0,"turns":6.0},{"damage":0.0,"enemies":"Hallownest:2_Great","floor":38.0,"turns":3.0},{"damage":22.0,"enemies":"Hallownest:2_Wandering_and_1_Horned","floor":41.0,"turns":4.0},{"damage":23,"enemies":"Hallownest:2_Wing_and_1_Kings","floor":42,"turns":5},{"damage":8,"enemies":"Hallownest:Xero_Hu_Marmu","floor":48,"turns":3},{"damage":32,"enemies":"Hallownest:BossHollowKnight","floor":50,"turns":3}],"seed_played":"-1213764954581297473","potions_obtained":[{"floor":1.0,"key":"AttackPotion"},{"floor":5.0,"key":"AttackPotion"},{"floor":13.0,"key":"SkillPotion"},{"floor":33.0,"key":"GamblersBrew"},{"floor":36.0,"key":"Slimebound:ThreeZeroPotion"},{"floor":37.0,"key":"EntropicBrew"},{"floor":42,"key":"DistilledChaos"},{"floor":48,"key":"SkillPotion"}],"is_trial":false,"path_per_floor":["M","M","$","M","M","R","E","R","T","R","?","$","E","?","R","B",null,"M","?","?","$","M","R","AVR","R","T","R","M","M","M","?","R","B",null,"M","M","M","?","?","R","M","M","T","R","?","$","R","M","R","B",null],"character_chosen":"WATCHER","items_purchased":["MerchantsRug","Strange Spoon","Violence+1"],"campfire_rested":0,"item_purchase_floors":[46,46,46],"current_hp_per_floor":[72,72,72,72,72,72,70,70,70,70,70,70,79,79,79,75,79,71,71,71,71,63,63,75,75,75,75,79,74,79,57,57,69,79,51,20,54,70,70,70,64,61,69,69,69,69,69,73,81,93],"gold":95,"neow_bonus":"RANDOM_COLORLESS","is_daily":false,"chose_seed":false,"campfire_upgraded":6,"win_rate":0.0,"timestamp":1614130296,"path_taken":["M","M","$","M","M","R","E","R","T","R","?","$","E","?","R","BOSS","M","?","?","$","M","R","AVR","R","T","R","M","M","M","?","R","BOSS","M","M","M","?","?","R","M","M","T","R","?","$","R","?","R","BOSS"],"items_purchased_type":["Relic","Relic","Card"],"build_version":"2020-12-22","purchased_purges":5,"victory":true,"max_hp_per_floor":[72,72,72,72,72,72,72,72,72,72,72,72,79,79,79,79,79,79,79,79,79,79,79,79,79,79,79,79,79,79,79,79,79,79,79,79,79,79,79,79,79,79,87,87,87,87,87,87,95,95],"card_choices":[{"not_picked":["Good Instincts","StuffTheSpire:PlasmaPunch"],"picked":"MostiFishMod:ButterFly","floor":0.0},{"not_picked":["CutThroughFate","ForeignInfluence"],"picked":"Prostrate","floor":1.0},{"not_picked":["LikeWater","MentalFortress","ClearTheMind","FlurryOfBlows"],"picked":"BattleHymn","floor":2.0},{"not_picked":["MostiFishMod:FlowState","Adaptation","Fasting2","JustLucky","SignatureMove"],"picked":"SKIP","floor":4.0},{"not_picked":["Worship","Fasting2","Evaluate","CutThroughFate"],"picked":"SandsOfTime","floor":5.0},{"not_picked":["Protect","MostiFishMod:Clarity","CutThroughFate","CrushJoints"],"picked":"ReachHeaven","floor":7.0},{"not_picked":["CutThroughFate","MostiFishMod:Speedup","JustLucky","EmptyBody"],"picked":"MostiFishMod:Moonprays","floor":11.0},{"not_picked":["EmptyFist","Prostrate","Protect","Consecrate"],"picked":"Perseverance","floor":11.0},{"not_picked":["SandsOfTime","Protect","EmptyBody","MostiFishMod:StarLaLaLa"],"picked":"Crescendo","floor":13.0},{"not_picked":["Brilliance","Ragnarok","MostiFishMod:StarHerder","MostiFishMod:DustFall"],"picked":"MostiFishMod:StarWish","floor":16.0},{"not_picked":["Fasting2","Prostrate","BattleHymn","FlurryOfBlows+1","Protect"],"picked":"SKIP","floor":18.0},{"not_picked":["StuffTheSpire:PlasmaPunch","Flash of Steel","Good Instincts","Discovery"],"picked":"MostiFishMod:ButterFly","floor":19.0},{"not_picked":["Dark Shackles","Jack Of All Trades","Madness","PlatinumSkin"],"picked":"MostiFishMod:ButterFly","floor":19.0},{"not_picked":["EmptyFist+1","Wallop+1","EmptyMind","SandsOfTime","Prostrate"],"picked":"SKIP","floor":22.0},{"not_picked":["FlyingSleeves","Wallop","EmptyBody+1","WaveOfTheHand+1","InnerPeace+1"],"picked":"SKIP","floor":28.0},{"not_picked":["EmptyMind+1","CutThroughFate+1","Perseverance+1","CrushJoints"],"picked":"SpiritShield+1","floor":29.0},{"not_picked":["Halt+1","Indignation+1","FollowUp","CutThroughFate","Wireheading"],"picked":"SKIP","floor":30.0},{"not_picked":["MostiFishMod:Dust","Devotion","Brilliance","Vault+1"],"picked":"Blasphemy+1","floor":33.0},{"not_picked":["SandsOfTime","Weave","EmptyFist","MostiFishMod:Clarity+1"],"picked":"Meditate+1","floor":35.0},{"not_picked":["PathToVictory+1","Perseverance+1","FlurryOfBlows+1","EmptyBody+1","SignatureMove+1"],"picked":"SKIP","floor":36.0},{"not_picked":["JustLucky+1","FollowUp+1","BattleHymn","Weave","EmptyFist+1"],"picked":"SKIP","floor":37.0},{"not_picked":["ReachHeaven+1","LikeWater+1","Halt+1","CrushJoints+1"],"picked":"ThirdEye+1","floor":41.0},{"not_picked":["WaveOfTheHand+1","EmptyFist+1","ForeignInfluence+1","ClearTheMind+1","Omniscience+1"],"picked":"SKIP","floor":42},{"not_picked":["SashWhip+1","EmptyFist+1","EmptyBody+1","Consecrate+1"],"picked":"ThirdEye+1","floor":45},{"not_picked":["Conclude","Evaluate+1","WindmillStrike","CrushJoints"],"picked":"Wish+1","floor":48}],"player_experience":37577,"relics_obtained":[{"floor":1.0,"key":"SynthV:TestCard"},{"floor":7.0,"key":"Lantern"},{"floor":13.0,"key":"Strawberry"},{"floor":26.0,"key":"Toxic Egg 2"},{"floor":32.0,"key":"SynthV:C4"},{"floor":40.0,"key":"conspire:GlowingRock"},{"floor":43,"key":"hubris:Spice"},{"floor":44,"key":"WizardHat"},{"floor":47,"key":"infinitespire:CheckeredPen"},{"floor":49,"key":"hubris:Spice"}],"event_choices":[{"damage_healed":0.0,"max_hp_gain":0.0,"max_hp_loss":0.0,"gold_gain":2.0,"event_name":"betterStone:BetterStone","player_choice":"1","floor":19.0,"gold_loss":0.0,"damage_taken":0.0},{"damage_healed":0.0,"max_hp_gain":0.0,"max_hp_loss":0.0,"gold_gain":0.0,"event_name":"conspire:Investor","player_choice":"Leave","floor":39.0,"gold_loss":0.0,"damage_taken":0.0},{"damage_healed":0,"gold_gain":0,"player_choice":"3","damage_taken":0,"max_hp_gain":0,"max_hp_loss":0,"event_name":"betterMatch:BetterMatch","floor":45,"gold_loss":0,"cards_obtained":["betterMatch:CommonCard"]}],"is_beta":false,"boss_relics":[{"not_picked":["FixedStarFall","energizedSpire:StickyHand"],"picked":"reliquary:RustamsPendant"},{"not_picked":["BloodWine","StuffTheSpire:Kangaroo"],"picked":"CosmicIsotope"}],"items_purged_floors":[3,12,21,24,46],"is_endless":false,"potions_floor_spawned":[1,5,13,22,28,33,36,37,42,48],"ascension_level":0}}