{"host":"nbofzmb1hl9rnais","time":1614203492,"event":{"mods":["BaseMod","Colored Map","Hermit","Minty Spire (QoL Compilation)","StSLib","The Bug Knight"],"gold_per_floor":[110,110,129,140,105,132,57,57,57,87,130,142,154,166,178,291,303,335,347,359,391,419,431,478,490,502,514,426,144,164,164,164],"floor_reached":31,"language":"ENG","playtime":1793,"items_purged":["HollowMod:CornifersMapStart","Regret","Searing Blow"],"score":327,"play_id":"58d5f13f-4e13-4fc5-ac34-1f0684f1c9d0","local_time":"20210224135132","daily_mods":["SealedDeck","Red Cards"],"is_ascension_mode":true,"campfire_choices":[{"data":"HollowMod:ShadowDash","floor":8,"key":"SMITH"},{"data":"HollowMod:SiblingsSouls","floor":13,"key":"SMITH"},{"data":"Pommel Strike","floor":15,"key":"SMITH"},{"data":"HollowMod:SiblingsSouls","floor":23,"key":"SMITH"},{"data":"Barricade","floor":27,"key":"SMITH"}],"circlet_count":0,"master_deck":["HollowMod:PerfectDash","HollowMod:LifebloodCocoon","Bloodletting","HollowMod:VengefulVoid","HollowMod:DescendingDark","HollowMod:ShadowDash+1","HollowMod:SharpenedShadows","HollowMod:SiblingsSouls+1","HollowMod:DoubleDash","Fire Breathing","Pommel Strike+1","Warcry","Barricade+1","HollowMod:SiblingsShadow+1","HollowMod:SiblingsSouls+1","HollowMod:VengefulVoid+1"],"relics":["HollowMod:VesselMask","Mercury Hourglass","MawBank","Bottled Flame","Bag of Marbles","Cursed Key","CultistMask","Bronze Scales","White Beast Statue","Ancient Tea Set"],"acts_visited":["Exordium","TheCity"],"potions_floor_usage":[10,10,22,22,24,31],"damage_taken":[{"damage":14,"enemies":"Jaw Worm","floor":1,"turns":2},{"damage":11,"enemies":"2 Louse","floor":3,"turns":2},{"damage":14,"enemies":"Cultist","floor":4,"turns":5},{"damage":12,"enemies":"3 Sentries","floor":6,"turns":4},{"damage":8,"enemies":"Large Slime","floor":10,"turns":4},{"damage":11,"enemies":"Lagavulin","floor":11,"turns":6},{"damage":3,"enemies":"Slime Boss","floor":16,"turns":7},{"damage":10,"enemies":"2 Thieves","floor":18,"turns":3},{"damage":1,"enemies":"3 Byrds","floor":21,"turns":4},{"damage":16,"enemies":"Snake Plant","floor":22,"turns":5},{"damage":18,"enemies":"Slavers","floor":24,"turns":2},{"damage":33,"enemies":"Snecko","floor":30,"turns":6},{"damage":5,"enemies":"Centurion and Healer","floor":31,"turns":1}],"seed_played":"6021791825430214125","potions_obtained":[{"floor":4,"key":"LiquidMemories"},{"floor":6,"key":"DistilledChaos"},{"floor":11,"key":"Block Potion"},{"floor":18,"key":"AttackPotion"},{"floor":22,"key":"AttackPotion"},{"floor":30,"key":"Dexterity Potion"}],"is_trial":true,"path_per_floor":["M","$","M","M","?","E","$","R","T","M","E","?","R","?","R","B",null,"M","?","?","M","M","R","E","?","T","R","$","$","M","M"],"character_chosen":"THE_BUGKNIGHT","items_purchased":["Ancient Tea Set"],"campfire_rested":0,"item_purchase_floors":[29],"current_hp_per_floor":[61,61,50,36,54,42,42,42,42,34,23,28,28,25,25,22,80,70,70,70,69,53,53,35,35,35,35,35,35,2,0,0],"gold":164,"neow_bonus":"","is_daily":false,"chose_seed":false,"campfire_upgraded":5,"win_rate":0.0,"timestamp":1614203492,"path_taken":["M","$","M","M","?","E","$","R","T","M","E","?","R","?","R","BOSS","M","?","?","?","M","R","E","?","T","R","?","$","M","M"],"items_purchased_type":["Relic"],"build_version":"2020-12-22","purchased_purges":3,"victory":false,"max_hp_per_floor":[75,75,75,75,75,75,75,75,75,75,75,80,80,80,80,80,80,80,80,80,80,80,80,80,80,80,80,80,80,80,80,80],"card_choices":[{"not_picked":["Warcry","HollowMod:HuntersJournal"],"picked":"HollowMod:DoubleDash","floor":1},{"not_picked":["Sentinel","Heavy Blade","HollowMod:SharpenedNail"],"picked":"SKIP","floor":3},{"not_picked":["HollowMod:DesolateDive","Infernal Blade"],"picked":"Fire Breathing","floor":4},{"not_picked":["HollowMod:SharpenedNail","Flame Barrier"],"picked":"Pommel Strike","floor":6},{"not_picked":["HollowMod:DesolateDive","Intimidate"],"picked":"Warcry","floor":10},{"not_picked":["HollowMod:InfectionAssault","Headbutt","Heavy Blade"],"picked":"SKIP","floor":11},{"not_picked":["Reaper","HollowMod:Weaversong"],"picked":"Barricade","floor":16},{"not_picked":["Seeing Red","HollowMod:SoulEater+1","HollowMod:LifebloodCocoon"],"picked":"SKIP","floor":18},{"not_picked":["Perfected Strike","Metallicize"],"picked":"HollowMod:SiblingsShadow+1","floor":21},{"not_picked":["Evolve+1","HollowMod:SoulShaman"],"picked":"HollowMod:SiblingsSouls","floor":22},{"not_picked":["Pummel","HollowMod:BaldurShell","HollowMod:SiblingsSouls"],"picked":"SKIP","floor":24},{"not_picked":["HollowMod:CycloneSlash","HollowMod:InfectedAttack"],"picked":"HollowMod:VengefulVoid+1","floor":30}],"player_experience":212483,"relics_obtained":[{"floor":6,"key":"Mercury Hourglass"},{"floor":9,"key":"MawBank"},{"floor":11,"key":"Bottled Flame"},{"floor":24,"key":"Bronze Scales"},{"floor":26,"key":"White Beast Statue"}],"event_choices":[{"damage_healed":18,"gold_gain":0,"player_choice":"Healed","damage_taken":0,"max_hp_gain":0,"max_hp_loss":0,"event_name":"The Cleric","floor":5,"gold_loss":35},{"damage_healed":0,"gold_gain":0,"player_choice":"Donut","damage_taken":0,"max_hp_gain":5,"max_hp_loss":0,"event_name":"Big Fish","floor":12,"gold_loss":0},{"damage_healed":0,"gold_gain":0,"player_choice":"Success","damage_taken":3,"relics_obtained":["Bag of Marbles"],"max_hp_gain":0,"max_hp_loss":0,"event_name":"Scrap Ooze","floor":14,"gold_loss":0},{"damage_healed":0,"gold_gain":0,"player_choice":"Ignored","damage_taken":0,"max_hp_gain":0,"max_hp_loss":0,"event_name":"The Mausoleum","floor":19,"gold_loss":0},{"damage_healed":0,"gold_gain":0,"player_choice":"Trade","damage_taken":0,"relics_obtained":["CultistMask"],"max_hp_gain":0,"max_hp_loss":0,"event_name":"FaceTrader","floor":20,"gold_loss":0},{"damage_healed":0,"gold_gain":0,"player_choice":"Ignored","damage_taken":0,"max_hp_gain":0,"max_hp_loss":0,"event_name":"Cursed Tome","floor":25,"gold_loss":0}],"is_beta":false,"boss_relics":[{"not_picked":["Runic Dome","Philosopher\u0027s Stone"],"picked":"Cursed Key"}],"items_purged_floors":[7,28,29],"is_endless":false,"potions_floor_spawned":[4,6,11,18,22,30],"killed_by":"Centurion and Healer","ascension_level":1}}