{"host":"wpxe4vcm7d9hc2g8","time":1614143543,"event":{"mods":["2.2 Compatiblity","Act Like it!","Aspiration","BaseMod","Better Match","Better Note","Better Sensory Stone","Better Third Choice","Better Vampires","Conspire","Custom Start","Energized Spire","GifTheSpireLib","Gremlin Mod","Hallownest","Hermit","Hubris","Infinite Spire","JesterMod","Koishi","Magitek Elite","Minty Spire (QoL Compilation)","Pale of the Ancients","Permanent Neow","Railgun Mod","Replay The Spire","Shade Mod","Shop Mod","Spicy Shops","StSLib","Stuff the Spire","Td1madao Mod","The Bug Knight","The Jungle","The Runesmith","The Servant 0.9.4","The Wild Card","TheFirefly","TheVacant","Wandering Minibosses"],"gold_per_floor":[117,42,53,67,82,82,111,111,111,111,135,135,169,169,200,200,200,301,301,316,3,22,22,22,48,48,78,78,78,107,126,161,178,178,277,277,292,292,292,303,303,332,332,343,343,343,503,503,310,330,330,409,409,409,409],"floor_reached":54,"language":"ENG","playtime":9124,"items_purged":["Strike_B","Strike_B","Defend_B","Defend_B","Defend_B"],"score":1305,"play_id":"58a1a838-5e0e-4c3a-a33e-0e8a92c18727","local_time":"20210223231223","is_ascension_mode":true,"campfire_choices":[{"data":"Dualcast","floor":6.0,"key":"SMITH"},{"data":"Zap","floor":8.0,"key":"SMITH"},{"data":"Undo","floor":12.0,"key":"SMITH"},{"data":"StuffTheSpire:ShieldGenerator","floor":17.0,"key":"SMITH"},{"data":"FIFO Queue","floor":26.0,"key":"SMITH"},{"data":"Chaos","floor":29.0,"key":"SMITH"},{"data":"Barrage","floor":34.0,"key":"SMITH"},{"data":"Lockon","floor":43,"key":"SMITH"},{"data":"Defend_B","floor":46,"key":"SMITH"},{"data":"Self Repair","floor":48,"key":"SMITH"},{"data":"StuffTheSpire:ShieldGenerator+1","floor":51,"key":"SMITH"}],"circlet_count":0,"master_deck":["AscendersBane","Electrodynamics+1","Defend_B+1","Zap+1","Dualcast+1","StuffTheSpire:ShieldGenerator+2","Core Surge","Self Repair+1","FIFO Queue+1","Barrage+1","Chaos+1","Lockon+1","Undo+1"],"relics":["Cracked Core","m_SnakeCloak","StuffTheSpire:Experiment12","hubris:SlimyHat","StuffTheSpire:Mouthbags","Replay:Baseball","Coffee Dripper","energizedSpire:OgreHead","Ancient Tea Set","Ancient Tea Set","ReplayTheSpireMod:Lightbulb","Smiling Mask","infinitespire:Broken Mirror","hubris:TerracottaHorce","aspiration:FaultyCoupler","Replay:Bottled Steam","Hallownest:GodTamersBeastRelic","Replay:Frozen Program","MerchantsRug","SacredBark"],"acts_visited":["Hallownest:Greenpath","Hallownest:CityofTears","Hallownest:KingdomsEdge","Hallownest:Greenpath"],"potions_floor_usage":[52],"damage_taken":[{"damage":2.0,"enemies":"Hallownest:monsterHuskGuard","floor":1.0,"turns":3.0},{"damage":0.0,"enemies":"Hallownest:2_MossCreeps","floor":3.0,"turns":2.0},{"damage":0.0,"enemies":"Hallownest:2_Tiktiks_and_1_Crawlid","floor":4.0,"turns":2.0},{"damage":12.0,"enemies":"Hallownest:1_Ooma_and_2_Uuma","floor":5.0,"turns":3.0},{"damage":4.0,"enemies":"Hallownest:eliteVengeflyKing","floor":7.0,"turns":5.0},{"damage":7.0,"enemies":"Hallownest:eliteMossKnight","floor":13.0,"turns":9.0},{"damage":0.0,"enemies":"conspire:MimicChest","floor":15.0,"turns":8.0},{"damage":11.0,"enemies":"Hallownest:BossHornet","floor":18.0,"turns":16.0},{"damage":0.0,"enemies":"Hallownest:3_Youths","floor":20.0,"turns":3.0},{"damage":0.0,"enemies":"Hallownest:Flukemon_and_Top","floor":22.0,"turns":4.0},{"damage":16.0,"enemies":"Hallownest:eliteWatcherKnight","floor":25.0,"turns":10.0},{"damage":0.0,"enemies":"Hallownest:Nosk","floor":27.0,"turns":7.0},{"damage":0.0,"enemies":"Nightmare","floor":30.0,"turns":5.0},{"damage":0.0,"enemies":"Hallownest:monsterMisterMushroom","floor":31.0,"turns":4.0},{"damage":0.0,"enemies":"Hallownest:eliteWatcherKnight","floor":32.0,"turns":8.0},{"damage":0.0,"enemies":"Hallownest:2_Flukemon","floor":33.0,"turns":3.0},{"damage":1.0,"enemies":"Hallownest:BossGrimm","floor":35.0,"turns":7.0},{"damage":6.0,"enemies":"Hallownest:2_Littles","floor":37.0,"turns":5.0},{"damage":0.0,"enemies":"Hallownest:3_Siblings","floor":40.0,"turns":3.0},{"damage":0,"enemies":"Hallownest:StalkingDevout","floor":42,"turns":4},{"damage":0,"enemies":"Hallownest:2_Great","floor":44,"turns":3},{"damage":0,"enemies":"Hallownest:2_Great","floor":47,"turns":3},{"damage":15,"enemies":"Hallownest:2_Great","floor":47,"turns":3},{"damage":4,"enemies":"Hallownest:2_Great","floor":47,"turns":4},{"damage":0,"enemies":"Hallownest:2_Great","floor":47,"turns":2},{"damage":0,"enemies":"Hallownest:Shield_Sturdy","floor":50,"turns":3},{"damage":12,"enemies":"Hallownest:BossHollowKnight","floor":52,"turns":7},{"damage":0,"enemies":"Hallownest:2_Baldur","floor":54,"turns":1}],"seed_played":"3780307539293684291","potions_obtained":[{"floor":4.0,"key":"ColorlessPotion"},{"floor":5.0,"key":"GamblersBrew"},{"floor":15.0,"key":"FocusPotion"},{"floor":18.0,"key":"FocusPotion"},{"floor":31.0,"key":"ColorlessPotion"},{"floor":32.0,"key":"conspire:TimeTravelPotion"}],"is_trial":false,"path_per_floor":["M","$","M","M","M","R","E","R","PTL","PTL","T","R","E","T","?","?","R","B",null,"M","$","M","AVR","?","E","R","E","T","R","NM","M","E","M","R","B",null,"M","AVR","?","M","?","E","R","M","T","R","?","R","$","M","R","B",null,"M"],"character_chosen":"DEFECT","items_purchased":["FIFO Queue","Replay:Frozen Program","MerchantsRug"],"campfire_rested":0,"item_purchase_floors":[21,49,49],"current_hp_per_floor":[66,66,66,66,54,54,50,50,50,50,50,50,43,43,43,43,43,32,59,59,59,66,66,68,59,59,66,66,66,68,68,68,68,68,68,68,68,68,68,68,68,68,68,68,68,68,63,63,63,68,68,68,68,68,68],"gold":409,"neow_bonus":"NOSTALGIA","is_daily":false,"chose_seed":false,"campfire_upgraded":11,"win_rate":0.0,"timestamp":1614143543,"path_taken":["M","$","M","M","M","R","E","R","PTL","PTL","T","R","E","?","?","?","R","BOSS","M","$","M","AVR","?","E","R","E","T","R","NM","M","E","?","R","BOSS","M","AVR","?","M","?","E","R","M","T","R","?","R","?","M","R","BOSS","M"],"items_purchased_type":["Card","Relic","Relic"],"build_version":"2020-12-22","purchased_purges":5,"victory":false,"max_hp_per_floor":[75,75,75,75,75,75,75,75,75,75,75,75,75,75,75,68,68,68,68,68,68,68,68,68,68,68,68,68,68,68,68,68,68,68,68,68,68,68,68,68,68,68,68,68,68,68,68,68,68,68,68,68,68,68,68],"card_choices":[{"not_picked":["Doom and Gloom","Panic Button"],"picked":"StuffTheSpire:ShieldGenerator","floor":1.0},{"not_picked":["Storm","Coolheaded","Ball Lightning"],"picked":"SKIP","floor":3.0},{"not_picked":["BasicCrystalCard","Coolheaded","Barrage"],"picked":"SKIP","floor":4.0},{"not_picked":["Hologram","Meteor Strike","Rebound"],"picked":"SKIP","floor":5.0},{"not_picked":["Darkness","hubris:Ukulele"],"picked":"Undo","floor":7.0},{"not_picked":["Streamline","Tactician","Cold Snap"],"picked":"SKIP","floor":13.0},{"not_picked":["Rainbow","ReplayTheSpireMod:Fabricate Wheel"],"picked":"Core Surge","floor":18.0},{"not_picked":["Gash","Go for the Eyes+1"],"picked":"Self Repair","floor":20.0},{"not_picked":["Leap","Acrobatics"],"picked":"Barrage","floor":22.0},{"not_picked":["Glacier","All For One","Conserve Battery"],"picked":"SKIP","floor":25.0},{"not_picked":["Lockon","Rebound"],"picked":"Chaos","floor":27.0},{"not_picked":["Gash","Cold Snap"],"picked":"Lockon","floor":30.0},{"not_picked":["ReplayTheSpireMod:Repulse","Melter","Rip and Tear"],"picked":"SKIP","floor":31.0},{"not_picked":["All Out Attack","Sweeping Beam","Panic Button"],"picked":"SKIP","floor":32.0},{"not_picked":["Gash","Panic Button","Fusion"],"picked":"SKIP","floor":33.0},{"not_picked":["Capacitor","Gash","Turbo"],"picked":"SKIP","floor":37.0},{"not_picked":["Beam Cell+1","hubris:PowerSurge","StuffTheSpire:LoadUp"],"picked":"SKIP","floor":40.0},{"not_picked":["Redo+1","Sweeping Beam+1","Tactician"],"picked":"SKIP","floor":42},{"not_picked":["Chill","Compile Driver","Acrobatics"],"picked":"SKIP","floor":44},{"not_picked":["Turbo+1","Stack","Dagger Throw+1"],"picked":"SKIP","floor":50}],"player_experience":2821332,"relics_obtained":[{"floor":7.0,"key":"StuffTheSpire:Experiment12"},{"floor":11.0,"key":"hubris:SlimyHat"},{"floor":13.0,"key":"StuffTheSpire:Mouthbags"},{"floor":14.0,"key":"Replay:Baseball"},{"floor":15.0,"key":"Mythril_Glove"},{"floor":25.0,"key":"Ancient Tea Set"},{"floor":27.0,"key":"HollowMod:PaleOreRelic"},{"floor":28.0,"key":"ReplayTheSpireMod:Lightbulb"},{"floor":30.0,"key":"Smiling Mask"},{"floor":32.0,"key":"infinitespire:Broken Mirror"},{"floor":42,"key":"aspiration:FaultyCoupler"},{"floor":45,"key":"Replay:Bottled Steam"}],"event_choices":[],"is_beta":false,"boss_relics":[{"not_picked":["aspiration:RitualDagger","StuffTheSpire:ModemDavis"],"picked":"Coffee Dripper"},{"not_picked":["energizedSpire:DeadBattery","StuffTheSpire:Kangaroo"],"picked":"hubris:TerracottaHorce"},{"not_picked":["hubris:HollowSoul","hubris:GrandSneckoEye"],"picked":"SacredBark"}],"items_purged_floors":[2,21,23,38,49],"is_endless":true,"potions_floor_spawned":[4,5,15,18,20,25,31,32,40,47,47,47,50],"killed_by":"Hallownest:2_Baldur","ascension_level":12}}