{"host":"jsd6g3c2vo13e69c","time":1614163175,"event":{"mods":["2.2 Compatiblity","Act Like it!","BaseMod","Better Altar","Better Match","Better Note","Better Sensory Stone","Better Third Choice","BetterRewards","Colored Map","Colored Powertips","Downfall","Friendly Minions","GifTheSpireLib","Googly Eyes","Gremlin Mod","Hermit","Hubris","Infinite Spire","Melee Mod","Minty Spire (QoL Compilation)","Permanent Neow","Quick Restart","Random Character Button","Replay The Spire","Shop Mod","Spire Arcade","StSLib","The Cursed","The Disciple","The Forsaken","thorton"],"gold_per_floor":[349,368,394,410,429,429,500,76,86,86,112,25,25,41,59,164,164,164,184,97,97,247,147,147,161,76,76,76,126,126,137,150,150,150,150],"floor_reached":33,"language":"ENG","playtime":2446,"items_purged":["Slimebound:Strike_Slimebound","Slimebound:Strike_Slimebound"],"score":295,"play_id":"f0eb46f6-12ce-45b7-bb5c-1d7530738568","local_time":"20210224053935","is_ascension_mode":false,"campfire_choices":[{"data":"Slimebound:CorrosiveSpit","floor":1,"key":"SMITH"},{"data":"Slimebound:FlameTackle","floor":6,"key":"SMITH"},{"data":"expansioncontent:QuickStudy","floor":10,"key":"SMITH"},{"data":"expansioncontent:QuickStudy","floor":13,"key":"SMITH"},{"data":"Slimebound:Split","floor":18,"key":"SMITH"},{"data":"Slimebound:OneTwoCombo","floor":23,"key":"SMITH"},{"data":"Slimebound:SplitSpecialist","floor":28,"key":"SMITH"},{"data":"Slimebound:Nibble","floor":30,"key":"SMITH"}],"circlet_count":0,"master_deck":["Slimebound:Strike_Slimebound","Slimebound:Tackle","Slimebound:Defend_Slimebound","Slimebound:Defend_Slimebound","Slimebound:Defend_Slimebound","Slimebound:Defend_Slimebound","Slimebound:Split+1","Slimebound:CorrosiveSpit+1","Slimebound:FlameTackle+1","Slimebound:RainOfGoop","expansioncontent:QuickStudy+1","expansioncontent:QuickStudy+1","Slimebound:OozeBath","Slimebound:SlimeTap","Slimebound:LeechEnergy+1","Slimebound:LeechLife","Slimebound:LeechEnergy","Slimebound:Repurpose","Slimebound:OneTwoCombo+1","Slimebound:GoopTackle","Slimebound:BestDefense","Slimebound:FlameTackle","Slimebound:GoopTackle","Slimebound:Prepare+1","Slimebound:BestDefense","Slimebound:SplitSpecialist+1","Slimebound:Nibble+1","Slimebound:Teamwork"],"relics":["Slimebound:AbsorbEndCombat","DollysMirror","Strawberry","Black Star","downfall:HeartBlessingBlue","hubris:PeanutButter","Replay:Baseball","Bottled Flame","Pet Ghost"],"acts_visited":["Exordium","TheCity"],"potions_floor_usage":[8,8,12,15],"damage_taken":[{"damage":4,"enemies":"Cultist","floor":2,"turns":3},{"damage":6,"enemies":"2 Louse","floor":4,"turns":1},{"damage":1,"enemies":"Jaw Worm","floor":5,"turns":3},{"damage":4,"enemies":"downfall:FleeingMerchant","floor":8,"turns":4},{"damage":0,"enemies":"Blue Slaver","floor":9,"turns":2},{"damage":13,"enemies":"Lagavulin","floor":11,"turns":5},{"damage":11,"enemies":"downfall:FleeingMerchant","floor":12,"turns":4},{"damage":3,"enemies":"downfall:LooterAlt","floor":14,"turns":1},{"damage":10,"enemies":"Exordium Thugs","floor":15,"turns":3},{"damage":24,"enemies":"WA_ARCHETYPE_RETAIN","floor":16,"turns":5},{"damage":20,"enemies":"3 Byrds","floor":19,"turns":3},{"damage":17,"enemies":"downfall:FleeingMerchant","floor":20,"turns":4},{"damage":0,"enemies":"Spheric Guardian","floor":25,"turns":3},{"damage":23,"enemies":"downfall:FleeingMerchant","floor":26,"turns":3},{"damage":7,"enemies":"Snake Plant","floor":31,"turns":2},{"damage":15,"enemies":"Shelled Parasite and Fungi","floor":32,"turns":4},{"damage":54,"enemies":"SI_MIRROR_ARCHETYPE","floor":33,"turns":6}],"seed_played":"-3380710696453534485","potions_obtained":[{"floor":2,"key":"AttackPotion"},{"floor":5,"key":"Adrenaline Potion"},{"floor":11,"key":"sneckomod:MuddlingPotion"},{"floor":14,"key":"Adrenaline Potion"},{"floor":32,"key":"FearPotion"}],"is_trial":false,"path_per_floor":["R","M","T","M","M","R","T","$","M","R","E","$","R","M","M","B",null,"R","M","$","?","?","R","T","M","$","T","R","T","R","M","M","B"],"character_chosen":"SLIMEBOUND","items_purchased":["expansioncontent:QuickStudy","DollysMirror","Slimebound:LeechLife","Slimebound:FlameTackle","Slimebound:BestDefense","Slimebound:SplitSpecialist","Replay:Baseball","Slimebound:Nibble"],"campfire_rested":0,"item_purchase_floors":[8,8,12,20,26,26,26,26],"current_hp_per_floor":[47,47,47,43,44,44,44,44,46,46,46,41,41,40,47,41,72,72,60,49,49,49,59,59,59,38,38,38,38,38,35,38,0,0,0],"gold":150,"neow_bonus":"TWO_FIFTY_GOLD","is_daily":false,"chose_seed":false,"campfire_upgraded":8,"win_rate":0.0,"timestamp":1614163175,"path_taken":["R","M","?","M","M","R","T","$","?","R","E","?","R","M","M","BOSS","R","M","$","?","?","R","T","?","$","?","R","?","R","?","M","BOSS"],"items_purchased_type":["Card","Relic","Card","Card","Card","Card","Relic","Card"],"build_version":"2020-12-22","purchased_purges":2,"victory":false,"max_hp_per_floor":[65,65,65,65,65,65,65,65,65,65,72,72,72,72,72,72,72,72,72,72,72,72,82,82,82,82,82,82,82,82,82,82,82,82,82],"card_choices":[{"not_picked":["Slimebound:Grow","Slimebound:SlimeBarrage"],"picked":"Slimebound:FlameTackle","floor":2},{"not_picked":["Slimebound:LeechEnergy","Slimebound:HauntingLick","Slimebound:LivingWall"],"picked":"SKIP","floor":4},{"not_picked":["Slimebound:SamplingLick","Slimebound:SplitAcid","Slimebound:SplitLeeching"],"picked":"SKIP","floor":5},{"not_picked":["Slimebound:LeechEnergy","Slimebound:SlimeSpikes"],"picked":"Slimebound:RainOfGoop","floor":8},{"not_picked":["Slimebound:BestDefense","Slimebound:LivingWall"],"picked":"Slimebound:OozeBath","floor":9},{"not_picked":["Slimebound:SpikyOuterGoop","Slimebound:SlimeSpikes"],"picked":"Slimebound:SlimeTap","floor":11},{"not_picked":["Slimebound:Dissolve","Slimebound:Schlurp"],"picked":"Slimebound:LeechEnergy","floor":12},{"not_picked":["Slimebound:GoopSpray","Slimebound:FinishingTackle"],"picked":"Slimebound:LeechEnergy","floor":14},{"not_picked":["Slimebound:LivingWall","Slimebound:SplitSpecialist"],"picked":"Slimebound:Repurpose","floor":15},{"not_picked":["Slimebound:Overexert","Slimebound:TagTeam"],"picked":"Slimebound:OneTwoCombo","floor":16},{"not_picked":["Slimebound:SplitAcid","Slimebound:ServeAndProtect+1"],"picked":"Slimebound:GoopTackle","floor":19},{"not_picked":["Slimebound:Schlurp","Slimebound:LeechingTouch"],"picked":"Slimebound:BestDefense","floor":20},{"not_picked":["Slimebound:SlimeSpikes","Slimebound:PressTheAttack"],"picked":"Slimebound:GoopTackle","floor":25},{"not_picked":["Slimebound:SlimeSpikes","Slimebound:SplitLeeching"],"picked":"Slimebound:Prepare+1","floor":26},{"not_picked":["Slimebound:LevelUp","Slimebound:GoopTackle"],"picked":"Slimebound:Teamwork","floor":31},{"not_picked":["Slimebound:LeechingTouch","Slimebound:SplitBruiser","Slimebound:SlimeBrawl+1"],"picked":"SKIP","floor":32}],"player_experience":435416,"relics_obtained":[{"floor":3,"key":"infinitespire:Beetle Shell"},{"floor":11,"key":"Strawberry"},{"floor":24,"key":"hubris:PeanutButter"},{"floor":27,"key":"Bottled Flame"},{"floor":29,"key":"Pet Ghost"}],"event_choices":[],"is_beta":false,"boss_relics":[{"not_picked":["hubris:BlackHole","SlaversCollar"],"picked":"Black Star"}],"items_purged_floors":[8,26],"is_endless":false,"potions_floor_spawned":[2,5,11,14,32],"killed_by":"SI_MIRROR_ARCHETYPE","ascension_level":0}}