{"host":"aycnbidq9d24owrh","time":1614160026,"event":{"mods":["Bard","BaseMod","BetterRewards","Colored Map","Downfall","Infinite Spire","Minty Spire (QoL Compilation)","Replay The Spire","Shop Mod","Spire Arcade","StSLib","The Cursed","The Disciple","The Hierophant","The Jungle","The Runesmith","TheBandit"],"gold_per_floor":[212,55,55,67,142,177,177,208,231,231,191,204,254,266,278,306,318,432,444,467,509,538,563,588,600,637,609,645,657,702,161,173,112,112,118,118,145,145,62,95,21,21,60,60,131,131,69,69,0,39,39,41],"floor_reached":53,"language":"ENG","playtime":1919,"items_purged":["SwitchConfidence","downfall:Aged"],"score":805,"play_id":"4460aafa-6c7b-40b4-82a1-2c34c01524bc","local_time":"20210224014706","is_ascension_mode":false,"campfire_choices":[{"floor":7,"key":"REST"},{"floor":10,"key":"REST"},{"floor":17,"key":"REST"},{"floor":25,"key":"REST"},{"floor":29,"key":"REST"},{"floor":34,"key":"REST"},{"data":"downfall:Aged","floor":42,"key":"PURGE"},{"floor":44,"key":"REST"},{"data":"Spreading Infection","floor":48,"key":"PURGE"},{"data":"ReplayTheSpireMod:??????????????????????","floor":51,"key":"SMITH"}],"circlet_count":0,"master_deck":["Strike_R","Strike_R","Strike_R+1","Strike_R","Strike_R","Defend_R","Defend_R+1","Defend_R","Defend_R","Bash","Intimidate+1","Bludgeon+1","Searing Blow+4","Armaments","Twin Strike+1","Infernal Blade","Feed","Perfected Strike+1","Perfected Strike+1","Replay:Undeath\u0027s Touch+1","ReplayTheSpireMod:Strike From Hell","Fire Breathing+1","TheCursedMod:Dregs","Shockwave","downfall:Bewildered","ReplayTheSpireMod:IOU","Regret","Mind Blast","ReplayTheSpireMod:IOU","ReplayTheSpireMod:IOU","TheCursedMod:Dregs","Bloodletting+1","Feed","CurseOfTheBell","ReplayTheSpireMod:??????????????????????+1","Thunderclap+1","Anger+1","Parasite","Replay:Undeath\u0027s Touch+1","downfall:Icky","Flame Barrier","Seeing Red+1"],"relics":["Burning Blood","ClockworkSouvenir","Question Card","Gremlin Food","Potion Belt","Anchor","Ring of Greed","MawBank","Replay:Wax Seal","Ring of Misfortune","Philosopher\u0027s Stone","Pet Ghost","Replay:Bandana","Juzu Bracelet","Medical Kit","King of Hearts","Membership Card","infinitespire:CursedDice","Iron Hammer","Strawberry","Calling Bell","Replay:Mystery Machine","infinitespire:WardingShard","Peace Pipe","Mirror","Black Star","Replay:Baseball","Ornamental Fan","Red Mask"],"acts_visited":["Exordium","TheCity","TheBeyond"],"potions_floor_usage":[8,16,18,18,20,22,23,33],"damage_taken":[{"damage":6,"enemies":"Cultist","floor":1,"turns":3},{"damage":11,"enemies":"Jaw Worm","floor":4,"turns":4},{"damage":27,"enemies":"3 Sentries","floor":6,"turns":6},{"damage":31,"enemies":"Lagavulin","floor":8,"turns":5},{"damage":0,"enemies":"2 Louse","floor":12,"turns":2},{"damage":4,"enemies":"Lots of Slimes","floor":16,"turns":5},{"damage":4,"enemies":"Slime Boss","floor":18,"turns":6},{"damage":15,"enemies":"2 Thieves","floor":20,"turns":3},{"damage":19,"enemies":"3 Byrds","floor":22,"turns":5},{"damage":32,"enemies":"Shelled Parasite and Fungi","floor":23,"turns":5},{"damage":15,"enemies":"Chosen and Byrds","floor":24,"turns":6},{"damage":14,"enemies":"Slavers","floor":26,"turns":5},{"damage":9,"enemies":"3 Cultists","floor":30,"turns":5},{"damage":9,"enemies":"Nightmare","floor":33,"turns":6},{"damage":26,"enemies":"Collector","floor":35,"turns":8},{"damage":4,"enemies":"3 Shapes","floor":37,"turns":3},{"damage":4,"enemies":"Orb Walker","floor":39,"turns":3},{"damage":12,"enemies":"Sphere and 2 Shapes","floor":40,"turns":6},{"damage":48,"enemies":"Writhing Mass","floor":43,"turns":6},{"damage":0,"enemies":"Spire Growth","floor":47,"turns":5},{"damage":3,"enemies":"Transient","floor":50,"turns":5},{"damage":0,"enemies":"Donu and Deca","floor":52,"turns":1}],"seed_played":"-8052075239943955577","potions_obtained":[{"floor":4,"key":"Strength Potion"},{"floor":8,"key":"Explosive Potion"},{"floor":11,"key":"DuplicationPotion"},{"floor":11,"key":"ElixirPotion"},{"floor":11,"key":"LifebloodPotion"},{"floor":12,"key":"SteroidPotion"},{"floor":22,"key":"Explosive Potion"},{"floor":30,"key":"PowerPotion"},{"floor":37,"key":"AttackPotion"},{"floor":47,"key":"ElixirPotion"}],"is_trial":false,"path_per_floor":["M","$","T","M","?","E","R","E","T","R","?","M","?","PTL","PTL","M","R_BF","B",null,"M","?","M","M","M","R","E","?","T","R","M","$","$","NM","R","B",null,"M","AVR","M","M","$","R","M","R","T","?","M","R","?","M","R","B",null],"character_chosen":"IRONCLAD","items_purchased":["ClockworkSouvenir","Juzu Bracelet","Medical Kit","King of Hearts","Mind Blast","BloodPotion","Weak Potion","Swift Potion","Membership Card","infinitespire:CursedDice","Iron Hammer","AttackPotion","Replay:Baseball"],"campfire_rested":7,"item_purchase_floors":[2,31,31,31,31,31,31,31,32,32,32,32,41],"current_hp_per_floor":[80,80,80,75,64,43,67,42,42,66,66,72,72,72,72,74,80,80,80,74,74,61,35,26,50,42,42,42,66,66,66,66,70,93,73,93,93,93,93,91,91,91,52,82,82,82,92,92,92,95,95,101],"gold":41,"neow_bonus":"HUNDRED_GOLD","is_daily":false,"chose_seed":false,"campfire_upgraded":1,"win_rate":0.0,"timestamp":1614160026,"path_taken":["M","$","?","M","?","E","R","E","T","R","?","?","?","PTL","PTL","M","R_BF","BOSS","M","?","M","M","M","R","E","?","T","R","?","?","$","NM","R","BOSS","M","AVR","M","M","$","R","M","R","T","?","M","R","?","M","R","BOSS"],"items_purchased_type":["Relic","Relic","Relic","Relic","Card","Potion","Potion","Potion","Relic","Relic","Relic","Potion","Relic"],"build_version":"2020-12-22","purchased_purges":2,"victory":true,"max_hp_per_floor":[80,80,80,80,80,80,80,80,80,80,80,80,80,80,80,80,80,80,80,83,83,83,83,83,83,83,83,83,83,86,86,86,93,93,93,93,93,93,93,97,97,97,100,100,100,100,104,104,104,104,104,104],"card_choices":[{"not_picked":["Massacre","Replay:Undeath\u0027s Touch"],"picked":"Intimidate","floor":1},{"not_picked":["Flame Barrier","Seeing Red","Heavy Blade"],"picked":"Bludgeon","floor":4},{"not_picked":["Sword Boomerang","Rupture","Battle Trance"],"picked":"Searing Blow","floor":6},{"not_picked":["Sever Soul","Rage","Run Through"],"picked":"Armaments","floor":8},{"not_picked":["Ghostly Armor","Run Through","Second Wind"],"picked":"Twin Strike","floor":12},{"not_picked":["Defy Death","Rage","Twin Strike"],"picked":"Infernal Blade","floor":16},{"not_picked":["Reaper","Limit Break","Bludgeon"],"picked":"Feed","floor":18},{"not_picked":["Body Slam","Sword Boomerang","Twin Strike+1"],"picked":"Perfected Strike+1","floor":20},{"not_picked":["Run Through","Headbutt+1","Shrug It Off"],"picked":"Perfected Strike+1","floor":22},{"not_picked":["Body Slam","Feel No Pain","Pommel Strike"],"picked":"Replay:Undeath\u0027s Touch+1","floor":23},{"not_picked":["Sword Boomerang","Thunderclap","Battle Trance"],"picked":"ReplayTheSpireMod:Strike From Hell","floor":24},{"not_picked":["Armaments","Burning Pact","Evolve"],"picked":"Fire Breathing+1","floor":26},{"not_picked":["Headbutt","Combust","Blood for Blood+1"],"picked":"Shockwave","floor":30},{"not_picked":["Demonic Infusion","Twin Strike","True Grit"],"picked":"Bloodletting+1","floor":33},{"not_picked":["Demonic Infusion","Bludgeon","Demon Form"],"picked":"Feed","floor":35},{"not_picked":["ReplayTheSpireMod:Muscle Training","Headbutt+1","Pummel+1"],"picked":"Flex+1","floor":37},{"not_picked":["Cleave+1","Wild Strike","ReplayTheSpireMod:Strike From Hell"],"picked":"Thunderclap+1","floor":39},{"not_picked":["Twin Strike+1","Shrug It Off","Flex+1"],"picked":"Anger+1","floor":40},{"not_picked":["Armaments","Havoc","Heavy Blade"],"picked":"Replay:Undeath\u0027s Touch+1","floor":43},{"not_picked":["Life Link","Headbutt+1","Heavy Blade+1"],"picked":"Flame Barrier","floor":47},{"not_picked":["Anger","Disarm","Shockwave+1"],"picked":"Seeing Red+1","floor":50}],"player_experience":17332,"relics_obtained":[{"floor":3,"key":"Question Card"},{"floor":6,"key":"Gremlin Food"},{"floor":8,"key":"Potion Belt"},{"floor":9,"key":"Anchor"},{"floor":13,"key":"Ring of Greed"},{"floor":13,"key":"MawBank"},{"floor":13,"key":"Replay:Wax Seal"},{"floor":13,"key":"Ring of Misfortune"},{"floor":26,"key":"Pet Ghost"},{"floor":28,"key":"Replay:Bandana"},{"floor":33,"key":"Strawberry"},{"floor":36,"key":"Replay:Mystery Machine"},{"floor":36,"key":"infinitespire:WardingShard"},{"floor":36,"key":"Peace Pipe"},{"floor":45,"key":"Ornamental Fan"}],"event_choices":[{"damage_healed":0,"gold_gain":75,"player_choice":"Gather Gold","damage_taken":11,"max_hp_gain":0,"max_hp_loss":0,"event_name":"World of Goop","floor":5,"gold_loss":0},{"damage_healed":0,"gold_gain":0,"player_choice":"Bought 3 Potions","damage_taken":0,"max_hp_gain":0,"max_hp_loss":0,"event_name":"The Woman in Blue","floor":11,"gold_loss":0},{"damage_healed":0,"gold_gain":0,"player_choice":"Upgraded Two","damage_taken":0,"max_hp_gain":0,"max_hp_loss":0,"event_name":"Designer","floor":27,"gold_loss":40,"cards_upgraded":["Bludgeon","Intimidate"]},{"cards_removed":["Flex"],"damage_healed":0,"gold_gain":0,"player_choice":"Removed Skill","damage_taken":0,"max_hp_gain":0,"max_hp_loss":0,"event_name":"Falling","floor":46,"gold_loss":0},{"damage_healed":0,"gold_gain":0,"player_choice":"Paid","damage_taken":0,"relics_obtained":["Red Mask"],"max_hp_gain":0,"max_hp_loss":0,"event_name":"Tomb of Lord Red Mask","floor":49,"gold_loss":69}],"is_beta":false,"boss_relics":[{"not_picked":["ReplayTheSpireMod:DimensionalGlitch","Replay:Fungal Core"],"picked":"Philosopher\u0027s Stone"},{"not_picked":["Busted Crown","Cursed Key"],"picked":"Calling Bell"}],"items_purged_floors":[31,32],"is_endless":false,"potions_floor_spawned":[4,8,12,22,30,37,47],"ascension_level":0}}