{"host":"5td1gsj4mnrioltg","time":1614173984,"event":{"mods":["2.2 Compatiblity","AchievementEnabler","Act Like it!","Aspiration","BaseMod","Beaked The Cultist","Better Altar","Better Match","Better Note","Better Sensory Stone","Better Silent Start","Better Skull","Better Third Choice","Better Vampires","BetterRewards","Bossed Relics","Colored Map","Colored Powertips","Displayed Cursed Tome","Downfall","Emptier Cage","Evolution","Friendly Minions","GifTheSpireLib","Highlight Path","Ironclad Rager","Jedi Mod","JesterMod","Mad Scientist","Menagerie","Minty Spire (QoL Compilation)","Permanent Neow","Quick Restart","Reliquary","Replay The Spire","Reworked Bosses","Shade Mod","Shapeshifter Mod","Spicy Shops","StSLib","The Blue Laboratory","The Dragon Tamer","The Dragonkin","The Druid","The Elementalist","The Marked","The Necromancer","The Runesmith","Thieving Mod","Transform Curses","Wandering Minibosses"],"gold_per_floor":[117,117,42,117,129,129,23,23,50,50,50,63,63,88,88,191,191,211,111,111,137,107,107,107],"floor_reached":23,"language":"ENG","playtime":1315,"items_purged":["StSShapeShifter:ShapeShifter_Defend","StSShapeShifter:ShapeShifter_Defend"],"score":241,"play_id":"e5c352b4-34ad-469d-aac1-ed52c41c973d","local_time":"20210224053944","is_ascension_mode":true,"campfire_choices":[{"data":"StSShapeShifter:EmbraceTheCycle","floor":6,"key":"SMITH"},{"data":"StSShapeShifter:OwlForm","floor":8,"key":"SMITH"}],"circlet_count":0,"master_deck":["StSShapeShifter:ShapeShifter_Strike","StSShapeShifter:ShapeShifter_Strike","StSShapeShifter:ShapeShifter_Strike","StSShapeShifter:ShapeShifter_Strike","StSShapeShifter:ShapeShifter_Strike","StSShapeShifter:ShapeShifter_Defend","StSShapeShifter:ShapeShifter_Defend","StSShapeShifter:Forgiveness","StSShapeShifter:EmbraceTheCycle+1","StSShapeShifter:BarkSkin","StSShapeShifter:OwlForm+1","StSShapeShifter:Evolution","StSShapeShifter:IntimidatingAura+1","StSShapeShifter:BurstingSpore","StSShapeShifter:BurstingSpore"],"relics":["StSShapeShifter:AnimalHeart","StSShapeShifter:TheShapeShiftersMagnolia","EVO:Axolotl","StSShapeShifter:DruidicMedallion","StSShapeShifter:EmeraldPantherFigurine","aspiration:PoetsPen_weak","Red Mask"],"acts_visited":["Exordium","TheCity"],"potions_floor_usage":[14,21,21],"damage_taken":[{"damage":1,"enemies":"2 Louse","floor":1,"turns":2},{"damage":24,"enemies":"Cultist","floor":5,"turns":7},{"damage":4,"enemies":"Jaw Worm","floor":12,"turns":6},{"damage":7,"enemies":"Replay:BlueRogue","floor":14,"turns":7},{"damage":35,"enemies":"Slime Boss","floor":16,"turns":14},{"damage":11,"enemies":"Spheric Guardian","floor":18,"turns":6},{"damage":33,"enemies":"Masked Bandits","floor":21,"turns":5},{"damage":8,"enemies":"2 Thieves","floor":22,"turns":5},{"damage":27,"enemies":"Book of Stabbing","floor":23,"turns":4}],"seed_played":"3104903476552249064","potions_obtained":[{"floor":1,"key":"hexamod:SoulburnPotion"},{"floor":5,"key":"blueLaboratory:ArtificerPotion"},{"floor":16,"key":"blueLaboratory:BottledHope"},{"floor":21,"key":"ThievingMod:ThievingPotion"}],"is_trial":false,"path_per_floor":["M","?","$","?","M","R","$","R","T","?","?","M","?","E","R_BF","B",null,"M","$","?","?","M","E"],"character_chosen":"SHAPESHIFTER","items_purchased":["StSShapeShifter:OwlForm","StSShapeShifter:Evolution"],"campfire_rested":0,"item_purchase_floors":[7,7],"current_hp_per_floor":[69,69,69,62,42,42,42,42,42,42,42,42,42,39,39,17,63,56,56,56,27,24,0,0],"gold":107,"neow_bonus":"ONE_RANDOM_RARE_CARD","is_daily":false,"chose_seed":false,"campfire_upgraded":2,"win_rate":0.0,"timestamp":1614173984,"path_taken":["M","?","$","?","?","R","$","R","T","?","?","M","?","E","R_BF","BOSS","M","$","?","?","M","E"],"items_purchased_type":["Card","Card"],"build_version":"2020-12-22","purchased_purges":2,"victory":false,"max_hp_per_floor":[78,78,78,78,78,78,78,78,78,78,78,78,78,78,78,78,78,78,78,78,78,78,78,78],"card_choices":[{"not_picked":["StSShapeShifter:Flourish","StSShapeShifter:DeerForm"],"picked":"StSShapeShifter:EmbraceTheCycle","floor":1},{"not_picked":["StSShapeShifter:PantherForm","StSShapeShifter:OakBlade"],"picked":"StSShapeShifter:BarkSkin","floor":5},{"not_picked":["StSShapeShifter:MagicMushrooms","StSShapeShifter:MultiSpiritedStrike"],"picked":"StSShapeShifter:BurstingSpore","floor":12},{"not_picked":["StSShapeShifter:FruitBasket","StSShapeShifter:ShiftingStrike","StSShapeShifter:BladeOfGrass"],"picked":"SKIP","floor":14},{"not_picked":["StSShapeShifter:PoisonIvy+1","StSShapeShifter:BarkSkin","StSShapeShifter:EagleForm"],"picked":"SKIP","floor":18},{"not_picked":["StSShapeShifter:FesteringBite","StSShapeShifter:RestoreBalance"],"picked":"StSShapeShifter:BurstingSpore","floor":22}],"player_experience":1395477,"relics_obtained":[{"floor":9,"key":"StSShapeShifter:DruidicMedallion"},{"floor":14,"key":"StSShapeShifter:EmeraldPantherFigurine"},{"floor":21,"key":"Red Mask"}],"event_choices":[{"damage_healed":0,"gold_gain":0,"player_choice":"Ignored","damage_taken":117,"max_hp_gain":0,"max_hp_loss":0,"event_name":"betterThird:BetterSerpent","floor":2,"gold_loss":0},{"damage_healed":0,"gold_gain":75,"player_choice":"Touch","damage_taken":7,"max_hp_gain":0,"max_hp_loss":0,"event_name":"FaceTrader","floor":4,"gold_loss":0},{"cards_removed":["StSShapeShifter:Lynx_Form"],"damage_healed":0,"gold_gain":0,"player_choice":"Forget","damage_taken":0,"max_hp_gain":0,"max_hp_loss":0,"event_name":"Living Wall","floor":15,"gold_loss":0},{"damage_healed":0,"gold_gain":0,"player_choice":"Ignored","damage_taken":0,"max_hp_gain":0,"max_hp_loss":0,"event_name":"Ghosts","floor":20,"gold_loss":0},{"damage_healed":0,"gold_gain":0,"player_choice":"Fought Bandits","damage_taken":0,"max_hp_gain":0,"max_hp_loss":0,"event_name":"Masked Bandits","floor":21,"gold_loss":0}],"is_beta":false,"boss_relics":[{"not_picked":["reliquary:RedCape","Busted Crown"],"picked":"aspiration:PoetsPen_weak"}],"items_purged_floors":[3,19],"is_endless":false,"potions_floor_spawned":[1,5,16,21],"killed_by":"Book of Stabbing","ascension_level":6}}