{"host":"lnnm69al9x392px5","time":1614143312,"event":{"mods":["BaseMod","Downfall","Minty Spire (QoL Compilation)","Reliquary","Replay The Spire","StSLib"],"gold_per_floor":[99,115,133,143,143,68,94,112,62,81,113,113,63,63,78,176,176,126,137,137,16,16,1,1,101,129,79,91,110,60,22,40,135,135,85,98,108,119,119,134,159,109,128,159,9,9,9,21,41,41,41,41],"floor_reached":50,"language":"ENG","playtime":2208,"items_purged":["downfall:Bewildered"],"score":544,"play_id":"840b0360-30d5-4b6e-9e9f-a8c5f5660943","local_time":"20210223210832","is_ascension_mode":false,"campfire_choices":[{"data":"Slimebound:Schlurp","floor":9,"key":"SMITH"},{"data":"Slimebound:TongueLash","floor":13,"key":"SMITH"},{"data":"Slimebound:TagTeam","floor":27,"key":"SMITH"},{"data":"Slimebound:ForwardTackle","floor":30,"key":"SMITH"},{"floor":35,"key":"RECALL"},{"data":"Slimebound:TagTeam","floor":42,"key":"SMITH"},{"data":"Slimebound:MassRepurpose","floor":45,"key":"SMITH"}],"circlet_count":0,"master_deck":["Slimebound:Strike_Slimebound","Slimebound:Strike_Slimebound","Slimebound:Tackle","Slimebound:Defend_Slimebound","Slimebound:Defend_Slimebound","Slimebound:Defend_Slimebound","Slimebound:Defend_Slimebound","Slimebound:Split","Slimebound:CorrosiveSpit","Slimebound:TongueLash+1","Slimebound:Schlurp+1","Slimebound:MegaLick","Slimebound:ServeAndProtect","Slimebound:DisruptingSlam","Slimebound:Replication","Slimebound:MassRepurpose+1","Slimebound:TagTeam+1","Slimebound:BestDefense","Slimebound:SplitAcid","Necronomicurse","Slimebound:PressTheAttack","Slimebound:MassFeed","Slimebound:MassFeed","Slimebound:ForwardTackle+1","Slimebound:AcidTongue","Slimebound:Overexert","Slimebound:LevelUp","Slimebound:TagTeam+1","Slimebound:SlimeBarrage+1","Slimebound:HauntingLick","Slimebound:SamplingLick+1","Slimebound:Recollect+1","Slimebound:RejuvenatingLick+1"],"relics":["downfall:ShatteredFragment","Slimebound:GreedOozeRelic","ReplayTheSpireMod:TigerMarble","m_BurningSludge","reliquary:RedPaperclip","Necronomicon","sneckomod:BabySnecko","Counterbalance","Potion Belt","Slimebound:AggressiveSlimeRelic","Black Star","reliquary:TuningFork","Singing Bowl","downfall:HeartBlessingGreen"],"acts_visited":["Exordium","TheCity","TheBeyond"],"potions_floor_usage":[32,43,50],"damage_taken":[{"damage":0,"enemies":"Small Slimes","floor":2,"turns":3},{"damage":0,"enemies":"2 Louse","floor":3,"turns":2},{"damage":0,"enemies":"Jaw Worm","floor":4,"turns":2},{"damage":7,"enemies":"2 Fungi Beasts","floor":8,"turns":3},{"damage":1,"enemies":"Blue Slaver","floor":10,"turns":2},{"damage":13,"enemies":"3 Sentries","floor":11,"turns":6},{"damage":0,"enemies":"3 Louse","floor":15,"turns":2},{"damage":17,"enemies":"IC_STATUS_ARCHETYPE","floor":16,"turns":6},{"damage":0,"enemies":"downfall:LooterAlt2","floor":19,"turns":3},{"damage":8,"enemies":"downfall:FleeingMerchant","floor":21,"turns":4},{"damage":5,"enemies":"downfall:FleeingMerchant","floor":23,"turns":4},{"damage":20,"enemies":"Book of Stabbing","floor":26,"turns":3},{"damage":3,"enemies":"Spheric Guardian","floor":28,"turns":2},{"damage":0,"enemies":"Cultist and Chosen","floor":29,"turns":2},{"damage":0,"enemies":"downfall:FleeingMerchant","floor":31,"turns":2},{"damage":15,"enemies":"Snake Plant","floor":32,"turns":2},{"damage":7,"enemies":"WA_ARCHETYPE_CALM","floor":33,"turns":5},{"damage":0,"enemies":"3 Shapes","floor":36,"turns":2},{"damage":5,"enemies":"Orb Walker","floor":37,"turns":2},{"damage":0,"enemies":"Maw","floor":38,"turns":5},{"damage":0,"enemies":"4 Shapes","floor":40,"turns":3},{"damage":0,"enemies":"Writhing Mass","floor":43,"turns":2},{"damage":23,"enemies":"Reptomancer","floor":44,"turns":3},{"damage":0,"enemies":"Transient","floor":48,"turns":5},{"damage":26,"enemies":"Spire Growth","floor":49,"turns":3},{"damage":55,"enemies":"DF_ARCHETYPE_ORBS","floor":50,"turns":4}],"seed_played":"-6180978066187585788","potions_obtained":[{"floor":2,"key":"BlessingOfTheForge"},{"floor":8,"key":"Strength Potion"},{"floor":28,"key":"PowerPotion"},{"floor":33,"key":"SteroidPotion"},{"floor":37,"key":"Adrenaline Potion"},{"floor":40,"key":"Energy Potion"},{"floor":43,"key":"Venom Potion"},{"floor":48,"key":"AttackPotion"}],"is_trial":false,"path_per_floor":["R","M","M","M","?","?","T","M","R","M","E","T","R","?","M","B",null,"R","M","?","$","?","$","T","?","E","R","M","M","R","$","M","B",null,"R","M","M","M","?","M","T","R","M","E","R","?","$","M","M","B"],"character_chosen":"SLIMEBOUND","items_purchased":["Slimebound:MassFeed","Slimebound:AggressiveSlimeRelic","Slimebound:Overexert"],"campfire_rested":0,"item_purchase_floors":[21,31,31],"current_hp_per_floor":[41,43,43,47,47,47,47,46,46,53,48,48,48,48,52,41,77,77,77,61,59,59,60,60,60,46,46,45,54,54,64,55,54,80,80,80,80,80,80,80,80,80,80,65,65,65,65,73,55,0,0,0],"gold":41,"neow_bonus":"TWENTY_PERCENT_HP_BONUS","is_daily":false,"chose_seed":false,"campfire_upgraded":6,"win_rate":0.0,"timestamp":1614143312,"path_taken":["R","M","M","M","?","?","T","M","R","M","E","?","R","?","M","BOSS","R","M","?","$","?","$","T","?","E","R","M","M","R","$","M","BOSS","R","M","M","M","?","M","T","R","M","E","R","?","$","M","M","BOSS"],"items_purchased_type":["Card","Relic","Card"],"build_version":"2020-12-22","purchased_purges":1,"victory":false,"max_hp_per_floor":[77,77,77,77,77,77,77,77,77,77,77,77,77,77,77,77,77,77,77,77,77,77,77,77,77,77,77,77,80,80,80,80,80,80,80,80,80,80,80,80,80,80,80,82,82,82,82,84,86,86,86,86],"card_choices":[{"not_picked":["Slimebound:Chomp","Slimebound:PressTheAttack"],"picked":"Slimebound:TongueLash","floor":2},{"not_picked":["Slimebound:FinishingTackle","Slimebound:SplitLeeching"],"picked":"Slimebound:Schlurp","floor":3},{"not_picked":["Slimebound:LeechingTouch","Slimebound:SplitLeeching"],"picked":"Slimebound:MegaLick","floor":4},{"not_picked":["Slimebound:SlimeSpikes","Slimebound:SpikyOuterGoop"],"picked":"Slimebound:ServeAndProtect","floor":8},{"not_picked":["Slimebound:SplitBruiser","Slimebound:PressTheAttack"],"picked":"Slimebound:DisruptingSlam","floor":10},{"not_picked":["Slimebound:LevelUp","Slimebound:FlameTackle"],"picked":"Slimebound:Replication","floor":11},{"not_picked":["Slimebound:Prepare","Slimebound:ForwardTackle"],"picked":"Slimebound:MassRepurpose","floor":15},{"not_picked":["Slimebound:Teamwork","Slimebound:Darklings"],"picked":"Slimebound:TagTeam","floor":16},{"not_picked":["Slimebound:SlimeSpikes","Slimebound:Schlurp"],"picked":"Slimebound:SplitAcid","floor":19},{"not_picked":["Slimebound:TongueLash","Slimebound:FinishingTackle+1"],"picked":"Slimebound:PressTheAttack","floor":21},{"not_picked":["Slimebound:LivingWall","Slimebound:FlameTackle","Slimebound:SlimeSpikes"],"picked":"SKIP","floor":23},{"not_picked":["Slimebound:LeechEnergy+1","Slimebound:Equalize"],"picked":"Slimebound:ForwardTackle","floor":26},{"not_picked":["Slimebound:FlameTackle","Slimebound:SlimeSpikes+1"],"picked":"Slimebound:AcidTongue","floor":28},{"not_picked":["Slimebound:SplitBruiser","Slimebound:GoopSpray","Slimebound:Grow"],"picked":"SKIP","floor":29},{"not_picked":["Slimebound:SplitBruiser","Slimebound:ViciousTackle","Slimebound:LeechEnergy"],"picked":"SKIP","floor":31},{"not_picked":["Slimebound:Prepare+1","Slimebound:ItLooksTasty"],"picked":"Slimebound:LevelUp","floor":32},{"not_picked":["Slimebound:DouseInSlime","Slimebound:Overexert"],"picked":"Slimebound:TagTeam","floor":33},{"not_picked":["Slimebound:SplitMire","Slimebound:LivingWall+1"],"picked":"Slimebound:SlimeBarrage+1","floor":36},{"not_picked":["Slimebound:Schlurp+1","Slimebound:GoopTackle+1"],"picked":"Slimebound:HauntingLick","floor":37},{"not_picked":["Slimebound:PressTheAttack","Slimebound:Prepare"],"picked":"Slimebound:SamplingLick+1","floor":38},{"not_picked":["Slimebound:LeechEnergy","Slimebound:MassFeed"],"picked":"Slimebound:Recollect+1","floor":40},{"not_picked":["Slimebound:MegaLick","Slimebound:DisruptingSlam+1"],"picked":"Slimebound:RejuvenatingLick+1","floor":43},{"not_picked":["Slimebound:LivingWall","Slimebound:Teamwork","Slimebound:SlimeSpikes+1"],"picked":"Singing Bowl","floor":44},{"not_picked":["Slimebound:SplitBruiser","Slimebound:SplitAcid","Slimebound:LivingWall"],"picked":"Singing Bowl","floor":48},{"not_picked":["Slimebound:Repurpose+1","Slimebound:SplitBruiser","Slimebound:LeechEnergy+1"],"picked":"Singing Bowl","floor":49}],"player_experience":322450,"relics_obtained":[{"floor":7,"key":"Juzu Bracelet"},{"floor":11,"key":"ReplayTheSpireMod:TigerMarble"},{"floor":12,"key":"Nunchaku"},{"floor":20,"key":"Necronomicon"},{"floor":24,"key":"Counterbalance"},{"floor":26,"key":"Potion Belt"},{"floor":44,"key":"reliquary:TuningFork"},{"floor":44,"key":"Singing Bowl"}],"event_choices":[],"is_beta":false,"boss_relics":[{"not_picked":["Sozu","reliquary:Ember"],"picked":"reliquary:RedPaperclip"},{"not_picked":["Ring of Chaos","reliquary:RedCape"],"picked":"Black Star"}],"items_purged_floors":[31],"is_endless":false,"potions_floor_spawned":[2,8,28,33,37,40,43,48],"killed_by":"DF_ARCHETYPE_ORBS","ascension_level":0}}