{"host":"bikm2o78umlg9iwk","time":1614203926,"event":{"mods":["AchievementEnabler","BaseMod","Colored Map","Colored Powertips","Highlight Path","Minty Spire (QoL Compilation)","Quick Restart","Relic Stats"],"gold_per_floor":[113,131,150,163,163,195,195,208,208,240,254,265,285,299,299,373,373,391,391,407,424,64,64,64],"floor_reached":23,"language":"ENG","playtime":1443,"items_purged":["Strike_B"],"score":408,"play_id":"cdd594d8-9079-4c90-b218-e8354a27688d","local_time":"20210224225846","is_ascension_mode":true,"campfire_choices":[{"data":"Streamline","floor":7,"key":"SMITH"},{"floor":15,"key":"REST"}],"circlet_count":0,"master_deck":["AscendersBane","Strike_B","Strike_B","Strike_B","Defend_B","Defend_B","Defend_B","Defend_B","Zap","Dualcast","Conserve Battery","Sweeping Beam","Cold Snap","Streamline+1","Defragment","BootSequence","Coolheaded","Stack","Compile Driver","Genetic Algorithm","Core Surge+1","Melter+1","Compile Driver","Hologram","Defragment"],"relics":["Cracked Core","Symbiotic Virus","Matryoshka","Cursed Key","Nloth\u0027s Gift","Whetstone"],"acts_visited":["Exordium","TheCity"],"potions_floor_usage":[6,14,16,18,20],"damage_taken":[{"damage":7,"enemies":"2 Louse","floor":1,"turns":3},{"damage":0,"enemies":"Cultist","floor":2,"turns":3},{"damage":0,"enemies":"Small Slimes","floor":3,"turns":2},{"damage":1,"enemies":"Exordium Wildlife","floor":4,"turns":3},{"damage":11,"enemies":"3 Sentries","floor":6,"turns":7},{"damage":3,"enemies":"Large Slime","floor":8,"turns":4},{"damage":33,"enemies":"Gremlin Nob","floor":10,"turns":4},{"damage":4,"enemies":"Red Slaver","floor":11,"turns":3},{"damage":0,"enemies":"2 Fungi Beasts","floor":12,"turns":3},{"damage":4,"enemies":"Looter","floor":13,"turns":3},{"damage":2,"enemies":"Exordium Thugs","floor":14,"turns":3},{"damage":16,"enemies":"Hexaghost","floor":16,"turns":12},{"damage":2,"enemies":"2 Thieves","floor":18,"turns":5},{"damage":10,"enemies":"Shell Parasite","floor":20,"turns":3},{"damage":0,"enemies":"Centurion and Healer","floor":21,"turns":7},{"damage":50,"enemies":"Gremlin Leader","floor":23,"turns":7}],"seed_played":"-4595700434834051870","potions_obtained":[{"floor":4,"key":"EssenceOfSteel"},{"floor":6,"key":"Explosive Potion"},{"floor":11,"key":"Explosive Potion"},{"floor":13,"key":"SteroidPotion"},{"floor":14,"key":"SkillPotion"},{"floor":16,"key":"SkillPotion"},{"floor":18,"key":"FearPotion"}],"is_trial":false,"path_per_floor":["M","M","M","M","?","E","R","M","T","E","M","M","M","M","R","B",null,"M","?","M","M","$","E"],"character_chosen":"DEFECT","items_purchased":["Whetstone","Hologram","Defragment"],"campfire_rested":1,"item_purchase_floors":[22,22,22],"current_hp_per_floor":[64,64,64,63,63,52,52,49,49,16,12,12,8,6,29,13,62,60,60,50,50,50,0,0],"gold":64,"neow_bonus":"TEN_PERCENT_HP_BONUS","is_daily":false,"chose_seed":false,"campfire_upgraded":1,"win_rate":0.0,"timestamp":1614203926,"path_taken":["M","M","M","M","?","E","R","M","T","E","?","M","?","M","R","BOSS","M","?","?","M","$","E"],"items_purchased_type":["Relic","Card","Card"],"build_version":"2020-12-22","purchased_purges":1,"victory":false,"max_hp_per_floor":[78,78,78,78,78,78,78,78,78,78,78,78,78,78,78,78,78,78,78,78,78,78,78,78],"relic_stats":{"counters":[16,72],"Nloth\u0027s Gift":0,"Whetstone":["Core Surge","Melter"],"Cursed Key":0,"obtain_stats":[{"Matryoshka":9,"Dead Branch":10,"Nloth\u0027s Gift":19,"Whetstone":22,"Cracked Core":0,"Symbiotic Virus":6,"Cursed Key":17},{"Matryoshka":6,"Dead Branch":7,"Nloth\u0027s Gift":13,"Whetstone":15,"Cracked Core":0,"Symbiotic Virus":5,"Cursed Key":12},{"Matryoshka":22,"Dead Branch":26,"Nloth\u0027s Gift":55,"Whetstone":65,"Cracked Core":0,"Symbiotic Virus":18,"Cursed Key":50}]},"card_choices":[{"not_picked":["Beam Cell","Barrage"],"picked":"Conserve Battery","floor":1},{"not_picked":["Tempest","Conserve Battery"],"picked":"Sweeping Beam","floor":2},{"not_picked":["Storm","Static Discharge"],"picked":"Cold Snap","floor":3},{"not_picked":["Rebound","Static Discharge"],"picked":"Streamline","floor":4},{"not_picked":["Leap","Self Repair"],"picked":"BootSequence","floor":6},{"not_picked":["Creative AI","Rebound","Barrage"],"picked":"SKIP","floor":8},{"not_picked":["Chill","Steam Power"],"picked":"Coolheaded","floor":10},{"not_picked":["Streamline","Beam Cell"],"picked":"Stack","floor":11},{"not_picked":["Gash","Doom and Gloom"],"picked":"Compile Driver","floor":12},{"not_picked":["Stack","Turbo"],"picked":"Genetic Algorithm","floor":13},{"not_picked":["Barrage","Sunder","Redo"],"picked":"SKIP","floor":14},{"not_picked":["Creative AI","Fission"],"picked":"Core Surge","floor":16},{"not_picked":["Gash","Ball Lightning"],"picked":"Melter","floor":18},{"not_picked":["BootSequence","Turbo","Auto Shields"],"picked":"SKIP","floor":20},{"not_picked":["Rebound","Leap"],"picked":"Compile Driver","floor":21}],"player_experience":1692355,"relics_obtained":[{"floor":6,"key":"Symbiotic Virus"},{"floor":9,"key":"Matryoshka"},{"floor":10,"key":"Dead Branch"}],"event_choices":[{"damage_healed":0,"gold_gain":0,"player_choice":"1 cards matched","damage_taken":0,"max_hp_gain":0,"max_hp_loss":0,"event_name":"Match and Keep!","floor":5,"gold_loss":0,"cards_obtained":["Defragment"]},{"damage_healed":0,"gold_gain":0,"player_choice":"Traded Relic","damage_taken":0,"relics_obtained":["Nloth\u0027s Gift"],"max_hp_gain":0,"max_hp_loss":0,"event_name":"N\u0027loth","floor":19,"relics_lost":["Dead Branch"],"gold_loss":0}],"is_beta":false,"boss_relics":[{"not_picked":["Black Star","Philosopher\u0027s Stone"],"picked":"Cursed Key"}],"items_purged_floors":[22],"is_endless":false,"potions_floor_spawned":[4,6,11,13,14,16,18],"killed_by":"Gremlin Leader","ascension_level":19}}