{"host":"ELF","time":1614163328,"event":{"mods":["BaseMod","Bestiary","Minty Spire (QoL Compilation)","Relic Stats","Slay the Relics Exporter"],"gold_per_floor":[114,189,209,209,228,228,228],"floor_reached":6,"language":"ENG","playtime":153,"items_purged":[],"score":72,"play_id":"52488dc5-d91f-43a8-a03c-329451657867","local_time":"20210224044208","is_ascension_mode":true,"campfire_choices":[],"circlet_count":0,"master_deck":["AscendersBane","Strike_B","Strike_B","Strike_B","Strike_B","Defend_B","Defend_B","Defend_B","Defend_B","Zap","Dualcast","Defragment","Redo","Streamline"],"relics":["Cracked Core","Regal Pillow","Mango"],"acts_visited":["Exordium"],"potions_floor_usage":[],"damage_taken":[{"damage":7,"enemies":"Jaw Worm","floor":1,"turns":3},{"damage":7,"enemies":"Small Slimes","floor":3,"turns":4},{"damage":6,"enemies":"2 Louse","floor":5,"turns":2},{"damage":45,"enemies":"Lagavulin","floor":6,"turns":5}],"seed_played":"-6413390041724023178","potions_obtained":[{"floor":3,"key":"Fire Potion"}],"is_trial":false,"path_per_floor":["M","?","M","?","M","E"],"character_chosen":"DEFECT","items_purchased":[],"campfire_rested":0,"item_purchase_floors":[],"current_hp_per_floor":[57,46,39,48,42,0,0],"gold":228,"neow_bonus":"RANDOM_COMMON_RELIC","is_daily":false,"chose_seed":false,"campfire_upgraded":0,"win_rate":0.0,"timestamp":1614163328,"path_taken":["M","?","M","?","M","E"],"items_purchased_type":[],"build_version":"2020-12-18","purchased_purges":0,"victory":false,"max_hp_per_floor":[71,71,71,85,85,85,85],"relic_stats":{"Regal Pillow":0,"counters":[4,14],"obtain_stats":[{"Regal Pillow":0,"Mango":4,"Cracked Core":0},{"Regal Pillow":0,"Mango":2,"Cracked Core":0},{"Regal Pillow":0,"Mango":7,"Cracked Core":0}]},"card_choices":[{"not_picked":["Go for the Eyes","Stack"],"picked":"Defragment","floor":1},{"not_picked":["Steam","Leap"],"picked":"Redo","floor":3},{"not_picked":["Chaos","Amplify"],"picked":"Streamline","floor":5}],"player_experience":3548941,"relics_obtained":[],"event_choices":[{"damage_healed":0,"gold_gain":75,"player_choice":"Gather Gold","damage_taken":11,"max_hp_gain":0,"max_hp_loss":0,"event_name":"World of Goop","floor":2,"gold_loss":0},{"damage_healed":0,"gold_gain":0,"player_choice":"Success","damage_taken":5,"relics_obtained":["Mango"],"max_hp_gain":0,"max_hp_loss":0,"event_name":"Scrap Ooze","floor":4,"gold_loss":0}],"is_beta":true,"boss_relics":[],"items_purged_floors":[],"is_endless":false,"potions_floor_spawned":[3],"killed_by":"Lagavulin","ascension_level":20}}