{"host":"6h53a8yusadhw57r","time":1614196882,"event":{"mods":["BaseMod","Infinite Spire","KomeijiMod","Minty Spire (QoL Compilation)","StSLib"],"gold_per_floor":[175,175,175,140,165,200,200,243,267,267,298,105,126,140,140,264,264,289,364,382,397,397,437,437,456,456,456,270,369,407,424,424,557,557,588,608,608],"floor_reached":36,"language":"FRA","playtime":3052,"items_purged":["Decay"],"score":545,"play_id":"d6b31973-0fc7-4125-b97f-2e0b37a17852","local_time":"20210224210122","is_ascension_mode":true,"campfire_choices":[{"data":"FateSonata","floor":15.0,"key":"SMITH"},{"floor":24.0,"key":"REST"},{"data":"BathedInBlood","floor":27.0,"key":"SMITH"},{"data":"VampirishNight","floor":32.0,"key":"SMITH"}],"circlet_count":0,"master_deck":["Strike_Remiria+1","Strike_Remiria","Strike_Remiria","Strike_Remiria","Defend_Remirira+1","Defend_Remirira","Defend_Remirira","Absorbed","Scratch","DemonLordWalk","FateSonata+1","BodyStrengthen+1","TricksterDevil+1","Finesse+1","Exsanguinate","DamonLordCradle_Remiria+1","FitfulNightmare","BloodPact+1","VampireKiss_Remiria+1","Cripple","CurseofVladTepes+1","BathedInBlood+1","Feint","VampirishNight+1","RedtheNightlessCastle"],"relics":["UnsealingCross","Bag of Marbles","Golden Idol","Regal Pillow","Toxic Egg 2","Happy Flower","infinitespire:Beetle Shell","Membership Card","infinitespire:FocusingShard","White Beast Statue","infinitespire:Midas Blood","Gremlin Horn","SlaversCollar"],"acts_visited":["Exordium","TheCity","TheBeyond"],"potions_floor_usage":[35,35,36],"damage_taken":[{"damage":0.0,"enemies":"2 Louse","floor":1.0,"turns":1.0},{"damage":0.0,"enemies":"Jaw Worm","floor":5.0,"turns":1.0},{"damage":1.0,"enemies":"Gremlin Nob","floor":6.0,"turns":3.0},{"damage":18.0,"enemies":"Lagavulin","floor":8.0,"turns":5.0},{"damage":21.0,"enemies":"3 Sentries","floor":11.0,"turns":9.0},{"damage":0.0,"enemies":"Small Slimes","floor":13.0,"turns":2.0},{"damage":0.0,"enemies":"Exordium Wildlife","floor":14.0,"turns":5.0},{"damage":0.0,"enemies":"The Guardian","floor":16.0,"turns":7.0},{"damage":4.0,"enemies":"2 Thieves","floor":18.0,"turns":5.0},{"damage":15.0,"enemies":"Shell Parasite","floor":20.0,"turns":5.0},{"damage":16.0,"enemies":"3 Cultists","floor":21.0,"turns":5.0},{"damage":25.0,"enemies":"Book of Stabbing","floor":23.0,"turns":4.0},{"damage":10.0,"enemies":"Snecko","floor":25.0,"turns":4.0},{"damage":0.0,"enemies":"Slavers","floor":30.0,"turns":2.0},{"damage":10.0,"enemies":"Centurion and Healer","floor":31.0,"turns":3.0},{"damage":38.0,"enemies":"Champ","floor":33.0,"turns":10.0},{"damage":14,"enemies":"3 Shapes","floor":35,"turns":3},{"damage":114,"enemies":"2 Orb Walkers","floor":36,"turns":5}],"seed_played":"-8110163859322435576","potions_obtained":[{"floor":1.0,"key":"Dexterity Potion"},{"floor":5.0,"key":"Explosive Potion"},{"floor":11.0,"key":"BlessingOfTheForge"},{"floor":18.0,"key":"SteroidPotion"},{"floor":21.0,"key":"Strength Potion"},{"floor":30.0,"key":"ColorlessPotion"},{"floor":31.0,"key":"Explosive Potion"},{"floor":33.0,"key":"Swift Potion"},{"floor":35,"key":"BlessingOfTheForge"}],"is_trial":false,"path_per_floor":["M","?","?","?","M","E","?","E","T","T","E","$","M","M","R","B",null,"M","?","M","M","?","E","R","M","T","R","$","?","E","M","R","B",null,"M","?"],"character_chosen":"RemiriaScarlet","items_purchased":["Membership Card","Finesse+1","infinitespire:Midas Blood","Block Potion"],"campfire_rested":1,"item_purchase_floors":[12,12,28,28],"current_hp_per_floor":[100,75,55,80,80,79,72,54,54,54,33,33,33,33,33,33,100,96,86,71,55,55,42,87,85,85,85,85,85,85,78,78,50,100,86,0,0],"gold":608,"neow_bonus":"RANDOM_COMMON_RELIC","is_daily":false,"chose_seed":false,"campfire_upgraded":3,"win_rate":0.0,"timestamp":1614196882,"path_taken":["M","?","?","?","M","E","?","E","T","?","E","$","?","M","R","BOSS","M","?","?","M","?","E","R","M","T","R","?","?","E","M","R","BOSS","M","?"],"items_purchased_type":["Relic","Card","Relic","Potion"],"build_version":"2020-12-22","purchased_purges":1,"victory":false,"max_hp_per_floor":[100,100,100,100,100,100,100,100,100,100,100,100,100,100,100,100,100,100,100,100,100,100,100,100,100,100,100,100,100,100,100,100,100,100,100,100,100],"card_choices":[{"not_picked":["TricksterDevil","FateMeister","VampireKiss_Remiria"],"picked":"SKIP","floor":1.0},{"not_picked":["DemonsDinnerFork_Remiria","ServantFlier"],"picked":"DemonLordWalk","floor":5.0},{"not_picked":["BloodCollect","DamonLordCradle_Remiria"],"picked":"FateSonata","floor":6.0},{"not_picked":["NaturallyHealing","Paradox+1"],"picked":"BodyStrengthen+1","floor":8.0},{"not_picked":["FastHealing+1","Impregnable+1"],"picked":"TricksterDevil+1","floor":11.0},{"not_picked":["Cripple","FateCollect+1"],"picked":"Exsanguinate","floor":13.0},{"not_picked":["AllTheWorldInNightmare+1","DemonsDinnerFork_Remiria+1"],"picked":"DamonLordCradle_Remiria+1","floor":14.0},{"not_picked":["RemiliaStalker","AllTheWorldInNightmare+1"],"picked":"FitfulNightmare","floor":16.0},{"not_picked":["Impregnable+1","FastHealing+1"],"picked":"BloodPact+1","floor":18.0},{"not_picked":["BloodCleaner","DemonsDinnerFork_Remiria+1"],"picked":"VampireKiss_Remiria+1","floor":20.0},{"not_picked":["PainBurst","BodyStrengthen+1"],"picked":"Cripple","floor":21.0},{"not_picked":["Tearing+1","DemonsDinnerFork_Remiria+1"],"picked":"CurseofVladTepes+1","floor":23.0},{"not_picked":["DemonsDinnerFork_Remiria+1","SeparateFleshBlood"],"picked":"BathedInBlood","floor":25.0},{"not_picked":["DamonLordCradle_Remiria+1","Culling"],"picked":"Feint","floor":30.0},{"not_picked":["BloodySuit+1","AllTheWorldInNightmare+1"],"picked":"VampirishNight","floor":31.0},{"not_picked":["RedMagic","BadLadyScramble+1"],"picked":"RedtheNightlessCastle","floor":33.0},{"not_picked":["SealingFear+1","BloodCollect+1","Tepes+1"],"picked":"SKIP","floor":35}],"player_experience":421528,"relics_obtained":[{"floor":6.0,"key":"Regal Pillow"},{"floor":8.0,"key":"Toxic Egg 2"},{"floor":10.0,"key":"Happy Flower"},{"floor":11.0,"key":"infinitespire:Beetle Shell"},{"floor":23.0,"key":"infinitespire:FocusingShard"},{"floor":26.0,"key":"White Beast Statue"},{"floor":30.0,"key":"Gremlin Horn"}],"event_choices":[{"damage_healed":0.0,"max_hp_gain":0.0,"max_hp_loss":0.0,"gold_gain":0.0,"event_name":"Golden Idol","player_choice":"Take Damage","floor":2.0,"gold_loss":0.0,"damage_taken":25.0,"relics_obtained":["Golden Idol"]},{"damage_healed":0.0,"max_hp_gain":0.0,"max_hp_loss":0.0,"gold_gain":0.0,"event_name":"Shining Light","player_choice":"Entered Light","floor":3.0,"gold_loss":0.0,"damage_taken":20.0,"cards_upgraded":["Defend_Remirira","Strike_Remiria"]},{"damage_healed":25.0,"max_hp_gain":0.0,"max_hp_loss":0.0,"gold_gain":0.0,"event_name":"The Cleric","player_choice":"Healed","floor":4.0,"gold_loss":35.0,"damage_taken":0.0},{"cards_removed":["Defend_Remirira"],"damage_healed":0.0,"max_hp_gain":0.0,"max_hp_loss":0.0,"gold_gain":0.0,"event_name":"Golden Wing","player_choice":"Card Removal","floor":7.0,"gold_loss":0.0,"damage_taken":7.0},{"damage_healed":0.0,"max_hp_gain":0.0,"max_hp_loss":0.0,"gold_gain":75.0,"event_name":"FaceTrader","player_choice":"Touch","floor":19.0,"gold_loss":0.0,"damage_taken":10.0},{"damage_healed":0.0,"max_hp_gain":0.0,"max_hp_loss":0.0,"gold_gain":0.0,"event_name":"Wheel of Change","player_choice":"Cursed","floor":22.0,"gold_loss":0.0,"damage_taken":0.0,"cards_obtained":["Decay"]},{"damage_healed":0.0,"max_hp_gain":0.0,"max_hp_loss":0.0,"gold_gain":99.0,"event_name":"Nest","player_choice":"Stole From Cult","floor":29.0,"gold_loss":0.0,"damage_taken":0.0},{"damage_healed":0,"gold_gain":0,"player_choice":"Fight","damage_taken":0,"max_hp_gain":0,"max_hp_loss":0,"event_name":"Mysterious Sphere","floor":36,"gold_loss":0}],"is_beta":false,"boss_relics":[{"not_picked":["Astrolabe","Pandora\u0027s Box"],"picked":"UnsealingCross"},{"not_picked":["Velvet Choker","Calling Bell"],"picked":"SlaversCollar"}],"items_purged_floors":[28],"is_endless":false,"potions_floor_spawned":[1,5,11,18,20,21,30,31,33,35],"killed_by":"2 Orb Walkers","ascension_level":2}}