{"host":"fm9e0lfunjlbhzxv","time":1614145970,"event":{"mods":["2.2 Compatiblity","Alarm Clock","BaseMod","Bestiary","Colored Map","Colored Powertips","Key Reminder","Minty Spire (QoL Compilation)","Permanent Neow","Random Character Button","Rare Cards Sparkle","Relic Stats","StSLib","slay the spire mod where everything is the same but ironclad has a cowboy hat"],"gold_per_floor":[115,129,129,152,165,200,150,150,174,174,174],"floor_reached":10,"language":"ENG","playtime":460,"items_purged":[],"score":82,"play_id":"12db4650-c459-443b-8645-c698af6d2d30","local_time":"20210223215250","is_ascension_mode":true,"campfire_choices":[{"floor":8,"key":"REST"}],"circlet_count":0,"master_deck":["Strike_P","Strike_P","Strike_P","Defend_P","Defend_P","Defend_P","Defend_P","Eruption","Vigilance","Adaptation","Meditate","SandsOfTime","Halt"],"relics":["Runic Dome","Golden Idol","Happy Flower","keyreminder:keyreminder"],"acts_visited":["Exordium"],"potions_floor_usage":[],"damage_taken":[{"damage":2,"enemies":"Jaw Worm","floor":1,"turns":2},{"damage":0,"enemies":"Small Slimes","floor":2,"turns":3},{"damage":7,"enemies":"2 Louse","floor":4,"turns":4},{"damage":6,"enemies":"Looter","floor":5,"turns":3},{"damage":35,"enemies":"3 Sentries","floor":6,"turns":7},{"damage":28,"enemies":"Gremlin Nob","floor":10,"turns":3}],"seed_played":"8393097935321591422","potions_obtained":[{"floor":1,"key":"Strength Potion"},{"floor":5,"key":"Dexterity Potion"}],"is_trial":false,"path_per_floor":["M","M","?","M","M","E","?","R","T","E"],"character_chosen":"WATCHER","items_purchased":[],"campfire_rested":1,"item_purchase_floors":[],"current_hp_per_floor":[70,70,52,45,39,4,4,25,25,0,0],"gold":174,"neow_bonus":"BOSS_RELIC","is_daily":false,"chose_seed":false,"campfire_upgraded":0,"win_rate":0.0,"timestamp":1614145970,"path_taken":["M","M","?","M","M","E","?","R","T","E"],"items_purchased_type":[],"build_version":"2020-12-22","purchased_purges":0,"victory":false,"max_hp_per_floor":[72,72,72,72,72,72,72,72,72,72,72],"relic_stats":{"Happy Flower":[1],"counters":[6,22],"Golden Idol":15,"obtain_stats":[{"keyreminder:keyreminder":9,"Runic Dome":0,"Happy Flower":6,"Golden Idol":3,"PureWater":0},{"keyreminder:keyreminder":5,"Runic Dome":0,"Happy Flower":5,"Golden Idol":2,"PureWater":0},{"keyreminder:keyreminder":19,"Runic Dome":0,"Happy Flower":19,"Golden Idol":5,"PureWater":0}]},"card_choices":[{"not_picked":["SandsOfTime","Halt"],"picked":"Adaptation","floor":1},{"not_picked":["PathToVictory","Fasting2"],"picked":"Meditate","floor":2},{"not_picked":["Worship","Protect"],"picked":"SandsOfTime","floor":4},{"not_picked":["JustLucky","Crescendo","Protect"],"picked":"SKIP","floor":5},{"not_picked":["Sanctity","Alpha"],"picked":"Halt","floor":6}],"player_experience":447058,"relics_obtained":[{"floor":6,"key":"Happy Flower"}],"event_choices":[{"damage_healed":0,"gold_gain":0,"player_choice":"Take Damage","damage_taken":18,"relics_obtained":["Golden Idol"],"max_hp_gain":0,"max_hp_loss":0,"event_name":"Golden Idol","floor":3,"gold_loss":0},{"cards_removed":["Strike_P"],"damage_healed":0,"gold_gain":0,"player_choice":"Card Removal","damage_taken":0,"max_hp_gain":0,"max_hp_loss":0,"event_name":"The Cleric","floor":7,"gold_loss":50}],"is_beta":false,"boss_relics":[],"items_purged_floors":[],"is_endless":false,"potions_floor_spawned":[1,5],"killed_by":"Gremlin Nob","ascension_level":4}}