{"host":"7ue15d6wz1o7m0ar","time":1614187388,"event":{"mods":["BaseMod","Filter the Spire","Hermit","Minty Spire (QoL Compilation)","Replay The Spire","StSLib"],"gold_per_floor":[111,124,52,65,106,140,140,154,154,213,40,53,79,43,43,148,148,165,165,165,182,198,226,226,85,109,109,123,123,139,154,154,250,250,261,261,276,276,54,79,79,108,133,166,179,196,196,227,227,227],"floor_reached":51,"language":"ENG","playtime":7699,"items_purged":["Writhe"],"score":867,"play_id":"045b4b34-1d74-4b6d-9246-334f295fcf2d","local_time":"20210224112308","is_ascension_mode":true,"campfire_choices":[{"data":"Cloak And Dagger","floor":7,"key":"SMITH"},{"data":"Hidden Blade","floor":15,"key":"SMITH"},{"data":"Setup","floor":24,"key":"SMITH"},{"data":"Infinite Blades","floor":27,"key":"SMITH"},{"floor":29,"key":"REST"},{"data":"Cloak And Dagger","floor":32,"key":"SMITH"},{"floor":41,"key":"REST"},{"floor":47,"key":"REST"},{"floor":49,"key":"REST"}],"circlet_count":0,"master_deck":["Strike_G+1","Strike_G+1","Strike_G+1","Strike_G+1","Strike_G+1","Defend_G+1","Defend_G+1","Defend_G+1","Defend_G+1","Defend_G+1","Survivor","Neutralize","Cloak And Dagger+1","Hidden Blade","Infinite Blades+1","Setup+1","Hidden Blade","Hidden Blade+1","Acrobatics","Corpse Explosion","Poisoned Strike","Masterful Stab","Hidden Blade+1","After Image","Calculated Gamble","Prepared+1","After Image","Cloak And Dagger+1","Flash of Steel","Hidden Blade","Outmaneuver+1","Cloak And Dagger+1","Catalyst+1","Envenom","Blade Dance+1","ReplayTheSpireMod:Scrap Shanks","Replay:Bag of Tricks","Pot Of Greed","Pot Of Greed","Pot Of Greed","Pot Of Greed","Noxious Fumes+1","Accuracy+1","Infinite Blades+1","Infinite Blades+1"],"relics":["WristBlade","ReplayTheSpireMod:CursedCoin","Kunai","Eternal Feather","Snack Pack","Odd Mushroom","HoveringKite","ReplayTheSpireMod:Ninjato","Boot","Replay:Grab Bag","ReplayTheSpireMod:DimensionalGlitch","Fusion Hammer","Black Star","Lee\u0027s Waffle","Happy Flower","Akabeko","Pocketwatch","Grinning Jar","Blood Vial","Frozen Egg 2","The Specimen","ReplayFunnel","Sundial"],"acts_visited":["Exordium","TheCity","TheBeyond"],"potions_floor_usage":[6,8,10,13,30,33,37],"damage_taken":[{"damage":0,"enemies":"Cultist","floor":1,"turns":3},{"damage":1,"enemies":"2 Louse","floor":2,"turns":3},{"damage":2,"enemies":"Jaw Worm","floor":4,"turns":4},{"damage":15,"enemies":"Lagavulin","floor":6,"turns":5},{"damage":4,"enemies":"Exordium Wildlife","floor":8,"turns":3},{"damage":24,"enemies":"Gremlin Nob","floor":10,"turns":4},{"damage":7,"enemies":"Blue Slaver","floor":12,"turns":2},{"damage":0,"enemies":"The Mushroom Lair","floor":13,"turns":1},{"damage":0,"enemies":"Slime Boss","floor":16,"turns":6},{"damage":15,"enemies":"2 Thieves","floor":18,"turns":4},{"damage":0,"enemies":"Spheric Guardian","floor":21,"turns":3},{"damage":9,"enemies":"Snecko","floor":22,"turns":3},{"damage":24,"enemies":"Book of Stabbing","floor":23,"turns":5},{"damage":12,"enemies":"Snake Plant","floor":28,"turns":3},{"damage":0,"enemies":"3 Cultists","floor":30,"turns":2},{"damage":0,"enemies":"Cultist and Chosen","floor":31,"turns":4},{"damage":27,"enemies":"Collector","floor":33,"turns":5},{"damage":11,"enemies":"Orb Walker","floor":35,"turns":3},{"damage":43,"enemies":"3 Shapes","floor":37,"turns":2},{"damage":8,"enemies":"Nemesis","floor":40,"turns":3},{"damage":6,"enemies":"Giant Head","floor":42,"turns":5},{"damage":32,"enemies":"Reptomancer","floor":44,"turns":5},{"damage":16,"enemies":"Maw","floor":45,"turns":4},{"damage":6,"enemies":"4 Shapes","floor":46,"turns":5},{"damage":51,"enemies":"Nemesis","floor":48,"turns":5},{"damage":43,"enemies":"Replay:Hell Engine","floor":50,"turns":5}],"seed_played":"8109006556775370779","potions_obtained":[{"floor":2,"key":"SpeedPotion"},{"floor":4,"key":"SkillPotion"},{"floor":6,"key":"Adrenaline Potion"},{"floor":10,"key":"CunningPotion"},{"floor":16,"key":"Weak Potion"},{"floor":28,"key":"Energy Potion"},{"floor":30,"key":"CunningPotion"},{"floor":31,"key":"Dexterity Potion"},{"floor":33,"key":"Weak Potion"},{"floor":40,"key":"SpeedPotion"}],"is_trial":false,"path_per_floor":["M","M","$","M","$","E","R","M","T","?","$","M","?","$","R","B",null,"M","?","$","M","M","E","R","$","T","R","M","R","M","M","R","B",null,"M","?","M","?","$","E","R","E","T","E","M","M","R","E","R","B",null],"character_chosen":"THE_SILENT","items_purchased":["Infinite Blades","Hidden Blade","ReplayTheSpireMod:CursedCoin","Poisoned Strike","Hidden Blade+1","Flash of Steel","Hidden Blade","ReplayTheSpireMod:Scrap Shanks","Lee\u0027s Waffle"],"campfire_rested":4,"item_purchase_floors":[3,5,5,11,14,25,25,39,39],"current_hp_per_floor":[70,69,69,67,67,52,52,48,48,24,24,21,23,23,35,45,70,57,57,57,61,58,46,61,61,61,70,58,70,70,70,70,55,70,61,61,21,21,77,73,77,77,77,53,47,43,77,32,77,46],"gold":227,"neow_bonus":"BOSS_RELIC","is_daily":false,"chose_seed":false,"campfire_upgraded":5,"win_rate":0.0,"timestamp":1614187388,"path_taken":["M","?","$","M","$","E","R","M","T","?","$","M","?","?","R","BOSS","M","?","$","M","M","E","R","$","T","R","M","R","M","M","R","BOSS","M","?","M","?","$","E","R","E","T","E","M","M","R","E","R","BOSS"],"items_purchased_type":["Card","Card","Relic","Card","Card","Card","Card","Card","Relic"],"build_version":"2020-12-22","purchased_purges":1,"victory":true,"max_hp_per_floor":[70,70,70,70,70,70,70,70,70,70,70,70,70,70,70,70,70,70,70,70,70,70,70,70,70,70,70,70,70,70,70,70,70,70,70,70,70,70,77,77,77,77,77,77,77,77,77,77,77,77],"card_choices":[{"not_picked":["Acrobatics","ReplayTheSpireMod:Exploit Weakness"],"picked":"Cloak And Dagger","floor":1},{"not_picked":["Dagger Throw","ReplayTheSpireMod:Speed Training"],"picked":"Hidden Blade","floor":2},{"not_picked":["Flying Knee","Dagger Throw"],"picked":"Setup","floor":4},{"not_picked":["Sucker Punch","Flying Knee","Quick Slash"],"picked":"SKIP","floor":6},{"not_picked":["Replay:Poison Smokescreen","Backflip"],"picked":"Acrobatics","floor":8},{"not_picked":["Slice","Sucker Punch"],"picked":"Corpse Explosion","floor":10},{"not_picked":["All Out Attack","Replay:Poison Smokescreen","Sucker Punch"],"picked":"SKIP","floor":12},{"not_picked":["Riddle With Holes","Tactician"],"picked":"Masterful Stab","floor":13},{"not_picked":["Poison Darts","Die Die Die"],"picked":"After Image","floor":16},{"not_picked":["Deadly Poison","Leg Sweep"],"picked":"Calculated Gamble","floor":18},{"not_picked":["Underhanded Strike+1","Dodge and Roll+1"],"picked":"Prepared+1","floor":21},{"not_picked":["Acrobatics","Hidden Blade+1"],"picked":"After Image","floor":22},{"not_picked":["Leg Sweep","Hidden Blade"],"picked":"Cloak And Dagger+1","floor":23},{"not_picked":["Dagger Spray","Expertise"],"picked":"Outmaneuver+1","floor":28},{"not_picked":["Dodge and Roll+1","Dagger Throw"],"picked":"Cloak And Dagger","floor":30},{"not_picked":["Hidden Blade","Dagger Throw"],"picked":"Catalyst+1","floor":31},{"not_picked":["Bullet Time","Unload"],"picked":"Envenom","floor":33},{"not_picked":["Poisoned Stab","Noxious Fumes"],"picked":"Blade Dance+1","floor":35},{"not_picked":["Dodge and Roll+1","Underhanded Strike","Dagger Throw+1"],"picked":"SKIP","floor":37},{"not_picked":["Outmaneuver","Well Laid Plans"],"picked":"Replay:Bag of Tricks","floor":40},{"not_picked":["Underhanded Strike","Dodge and Roll+1"],"picked":"Noxious Fumes+1","floor":42},{"not_picked":["Slice","Underhanded Strike+1"],"picked":"Accuracy+1","floor":44},{"not_picked":["Sneak Up+1","Bouncing Flask"],"picked":"Infinite Blades+1","floor":45},{"not_picked":["Caltrops+1","Expertise","Replay:Poison Smokescreen"],"picked":"SKIP","floor":46},{"not_picked":["Flying Knee+1","Poisoned Stab"],"picked":"Infinite Blades+1","floor":48}],"player_experience":523310,"relics_obtained":[{"floor":6,"key":"Kunai"},{"floor":9,"key":"Eternal Feather"},{"floor":10,"key":"Snack Pack"},{"floor":13,"key":"Odd Mushroom"},{"floor":23,"key":"ReplayTheSpireMod:Ninjato"},{"floor":26,"key":"Boot"},{"floor":40,"key":"Happy Flower"},{"floor":40,"key":"Akabeko"},{"floor":42,"key":"Pocketwatch"},{"floor":42,"key":"Grinning Jar"},{"floor":43,"key":"Blood Vial"},{"floor":44,"key":"Frozen Egg 2"},{"floor":44,"key":"The Specimen"},{"floor":48,"key":"ReplayFunnel"},{"floor":48,"key":"Sundial"}],"event_choices":[{"damage_healed":0,"gold_gain":0,"player_choice":"Searched \u00272\u0027 times","damage_taken":0,"max_hp_gain":0,"max_hp_loss":0,"event_name":"Dead Adventurer","floor":10,"gold_loss":0},{"damage_healed":0,"gold_gain":0,"player_choice":"Fought Mushrooms","damage_taken":0,"max_hp_gain":0,"max_hp_loss":0,"event_name":"Mushrooms","floor":13,"gold_loss":0},{"damage_healed":0,"gold_gain":0,"player_choice":"Simplicity","damage_taken":0,"max_hp_gain":0,"max_hp_loss":0,"event_name":"Back to Basics","floor":19,"gold_loss":0,"cards_upgraded":["Strike_G","Strike_G","Strike_G","Strike_G","Strike_G","Defend_G","Defend_G","Defend_G","Defend_G","Defend_G"]},{"damage_healed":0,"gold_gain":0,"player_choice":"Memory 1","damage_taken":0,"max_hp_gain":0,"max_hp_loss":0,"event_name":"SensoryStone","floor":38,"gold_loss":0}],"is_beta":false,"boss_relics":[{"not_picked":["Astrolabe","Snecko Eye"],"picked":"HoveringKite"},{"not_picked":["Sozu","Cursed Key"],"picked":"Replay:Grab Bag"},{"not_picked":["Runic Dome","ReplayTheSpireMod:Onyx Gauntlets"],"picked":"ReplayTheSpireMod:DimensionalGlitch"},{"not_picked":["Replay:Bronze Core","Velvet Choker"],"picked":"Fusion Hammer"},{"not_picked":["Replay:Drink Me","SacredBark"],"picked":"Black Star"}],"items_purged_floors":[5],"is_endless":false,"potions_floor_spawned":[2,4,6,10,16,28,30,31,33,35,40,45,46,48],"ascension_level":4}}