{"host":"tlbbab9afexrkdtf","time":1614200335,"event":{"mods":["2.2 Compatiblity","AchievementEnabler","BaseMod","Colored Map","Colored Powertips","Minty Spire (QoL Compilation)","Rare Cards Sparkle","StSLib"],"gold_per_floor":[216,72,72,84,259,259,270,270,270,282,327,354,384,413,425,536,548,527,539,174,8,8,8,8,8,8,8,21,41,41,41,41],"floor_reached":31,"language":"ENG","playtime":660,"items_purged":[],"score":338,"play_id":"21e2bfda-e8e0-4041-9e91-82fac93b5fec","local_time":"20210224155855","is_ascension_mode":true,"campfire_choices":[{"floor":6,"key":"REST"},{"data":"Hello World","floor":8,"key":"SMITH"},{"floor":15,"key":"REST"},{"floor":23,"key":"REST"},{"floor":25,"key":"REST"},{"data":"Defragment","floor":27,"key":"SMITH"}],"circlet_count":0,"master_deck":["Strike_B","Strike_B","Strike_B","Defend_B","Defend_B","Defend_B","Defend_B","Zap","Dualcast","Ball Lightning","Hello World+1","Ball Lightning","Coolheaded","Self Repair","Redo","Core Surge","Leap","Capacitor","Beam Cell","Meteor Strike","Conserve Battery","Defragment+1","Cold Snap","Consume+1"],"relics":["Cracked Core","MawBank","Regal Pillow","SlaversCollar","Membership Card","Juzu Bracelet","Toxic Egg 2","Symbiotic Virus","PreservedInsect"],"acts_visited":["Exordium","TheCity"],"potions_floor_usage":[11,11,16],"damage_taken":[{"damage":5,"enemies":"Cultist","floor":1,"turns":4},{"damage":7,"enemies":"Jaw Worm","floor":4,"turns":2},{"damage":9,"enemies":"2 Louse","floor":7,"turns":2},{"damage":23,"enemies":"3 Sentries","floor":11,"turns":5},{"damage":14,"enemies":"Gremlin Gang","floor":12,"turns":5},{"damage":14,"enemies":"Exordium Wildlife","floor":13,"turns":3},{"damage":19,"enemies":"2 Fungi Beasts","floor":14,"turns":3},{"damage":30,"enemies":"Hexaghost","floor":16,"turns":10},{"damage":65,"enemies":"2 Thieves","floor":18,"turns":5},{"damage":20,"enemies":"Spheric Guardian","floor":28,"turns":4},{"damage":44,"enemies":"3 Cultists","floor":29,"turns":5},{"damage":34,"enemies":"Centurion and Healer","floor":31,"turns":5}],"seed_played":"4782550007847122779","potions_obtained":[{"floor":4,"key":"Block Potion"},{"floor":7,"key":"PotionOfCapacity"},{"floor":12,"key":"Weak Potion"},{"floor":29,"key":"CultistPotion"}],"is_trial":false,"path_per_floor":["M","$","?","M","?","R","M","R","T","$","E","M","M","M","R","B",null,"M","?","$","$","?","R","?","R","T","R","M","M","?","M"],"character_chosen":"DEFECT","items_purchased":["Hello World","Ball Lightning","Coolheaded","Membership Card","Juzu Bracelet","Toxic Egg 2","Defragment","Symbiotic Virus","Static Discharge"],"campfire_rested":4,"item_purchase_floors":[2,2,2,20,20,20,20,21,21],"current_hp_per_floor":[63,63,68,61,61,80,71,71,71,71,55,48,41,29,68,45,71,13,13,13,13,13,52,52,80,80,80,67,30,30,0,0],"gold":41,"neow_bonus":"HUNDRED_GOLD","is_daily":false,"chose_seed":false,"campfire_upgraded":2,"win_rate":0.0,"timestamp":1614200335,"path_taken":["M","?","?","M","?","R","M","R","T","$","E","M","M","M","R","BOSS","M","?","?","$","?","R","?","R","T","R","M","M","?","M"],"items_purchased_type":["Card","Card","Card","Relic","Relic","Relic","Card","Relic","Card"],"build_version":"2020-12-22","purchased_purges":0,"victory":false,"max_hp_per_floor":[75,75,80,80,80,80,80,80,80,80,80,80,80,80,80,80,80,80,80,80,80,80,80,80,80,80,80,80,80,80,80,80],"card_choices":[{"not_picked":["Stack","Go for the Eyes"],"picked":"Ball Lightning","floor":1},{"not_picked":["Fusion","Conserve Battery"],"picked":"Self Repair","floor":4},{"not_picked":["Rebound","Streamline"],"picked":"Redo","floor":7},{"not_picked":["Hello World","BootSequence"],"picked":"Core Surge","floor":11},{"not_picked":["Sweeping Beam","Rip and Tear"],"picked":"Leap","floor":12},{"not_picked":["Leap","Redo"],"picked":"Capacitor","floor":13},{"not_picked":["Fusion","Go for the Eyes"],"picked":"Beam Cell","floor":14},{"not_picked":["Amplify","Core Surge"],"picked":"Meteor Strike","floor":16},{"not_picked":["Auto Shields","Leap+1"],"picked":"Conserve Battery","floor":18},{"not_picked":["Lockon+1","Barrage+1"],"picked":"Cold Snap","floor":28},{"not_picked":["Ball Lightning+1","Reboot+1"],"picked":"Consume+1","floor":29}],"player_experience":364458,"relics_obtained":[{"floor":9,"key":"MawBank"},{"floor":11,"key":"Regal Pillow"}],"event_choices":[{"damage_healed":0,"gold_gain":0,"player_choice":"Donut","damage_taken":0,"max_hp_gain":5,"max_hp_loss":0,"event_name":"Big Fish","floor":3,"gold_loss":0},{"damage_healed":0,"gold_gain":175,"player_choice":"AGREE","damage_taken":0,"max_hp_gain":0,"max_hp_loss":0,"event_name":"Liars Game","floor":5,"gold_loss":0,"cards_obtained":["Doubt"]},{"cards_removed":["Doubt"],"damage_healed":0,"gold_gain":0,"player_choice":"Card Removal","damage_taken":0,"max_hp_gain":0,"max_hp_loss":0,"event_name":"Wheel of Change","floor":19,"gold_loss":0},{"cards_removed":["Static Discharge"],"damage_healed":0,"gold_gain":0,"player_choice":"Gave Card","damage_taken":0,"relics_obtained":["PreservedInsect"],"max_hp_gain":0,"max_hp_loss":0,"event_name":"WeMeetAgain","floor":22,"gold_loss":0},{"cards_removed":["Strike_B"],"damage_healed":0,"gold_gain":0,"player_choice":"Purged","damage_taken":0,"max_hp_gain":0,"max_hp_loss":0,"event_name":"Purifier","floor":24,"gold_loss":0},{"damage_healed":0,"gold_gain":0,"player_choice":"Ignored","damage_taken":0,"max_hp_gain":0,"max_hp_loss":0,"event_name":"Vampires","floor":30,"gold_loss":0}],"is_beta":false,"boss_relics":[{"not_picked":["Snecko Eye","Ectoplasm"],"picked":"SlaversCollar"}],"items_purged_floors":[],"is_endless":false,"potions_floor_spawned":[4,7,12,29],"killed_by":"Centurion and Healer","ascension_level":9}}