{"host":"skr63qsdfgeey3it","time":1614135311,"event":{"mods":["BaseMod","Colored Map","Hubris","Minty Spire (QoL Compilation)","Monster B Gone","Reliquary","Replay The Spire","Spicy Shops","StSLib"],"gold_per_floor":[118,118,207,221,34,65,84,104,104,104,133,133,49,66,118,118,118],"floor_reached":16,"language":"ENG","playtime":362,"items_purged":[],"score":198,"play_id":"a8cd98d8-01ba-4c3f-9e78-ff7734aa42da","local_time":"20210223205511","is_ascension_mode":true,"campfire_choices":[{"floor":10,"key":"REST"}],"circlet_count":0,"master_deck":["AscendersBane","Strike_B","Strike_B","Strike_B","Defend_B","Defend_B","Defend_B","Defend_B","Zap","Dualcast","Coolheaded","FTL+1","Rebound","Cold Snap","Auto Shields","BasicCrystalCard","Apotheosis","ReplayTheSpireMod:Omega Cannon","Streamline","Cold Snap","Blizzard","Stack"],"relics":["Cracked Core","NeowsBlessing","Gremlin Horn","reliquary:PrincelyHelmet","Pen Nib"],"acts_visited":["Exordium"],"potions_floor_usage":[11,11],"damage_taken":[{"damage":0,"enemies":"2 Louse","floor":1,"turns":1},{"damage":0,"enemies":"Small Slimes","floor":4,"turns":1},{"damage":5,"enemies":"3 Sentries","floor":6,"turns":2},{"damage":2,"enemies":"Jaw Worm","floor":7,"turns":3},{"damage":3,"enemies":"Exordium Thugs","floor":8,"turns":2},{"damage":4,"enemies":"Gremlin Nob","floor":11,"turns":4},{"damage":0,"enemies":"Lots of Slimes","floor":14,"turns":1},{"damage":0,"enemies":"Fading Forest","floor":16,"turns":1}],"seed_played":"-5171507005979654552","potions_obtained":[{"floor":4,"key":"SkillPotion"},{"floor":8,"key":"Swift Potion"},{"floor":12,"key":"Weak Potion"},{"floor":12,"key":"Swift Potion"}],"is_trial":false,"path_per_floor":["M","?","?","M","$","E","M","M","T","R","E","?","$","M","R_BF","B"],"character_chosen":"DEFECT","items_purchased":["Apotheosis","Blizzard"],"campfire_rested":1,"item_purchase_floors":[5,13],"current_hp_per_floor":[64,64,36,36,36,31,29,26,26,47,43,43,43,43,43,43,43],"gold":118,"neow_bonus":"THREE_ENEMY_KILL","is_daily":false,"chose_seed":false,"campfire_upgraded":0,"win_rate":0.0,"timestamp":1614135311,"path_taken":["M","?","?","?","$","E","M","?","T","R","E","?","$","M","R_BF","BOSS"],"items_purchased_type":["Card","Card"],"build_version":"2020-12-22","purchased_purges":0,"victory":false,"max_hp_per_floor":[71,71,71,71,71,71,71,71,71,71,71,71,71,71,71,71,71],"card_choices":[{"not_picked":["Leap","Barrage"],"picked":"Coolheaded","floor":1},{"not_picked":["Stack","Turbo"],"picked":"Rebound","floor":3},{"not_picked":["Panic Button","Gash"],"picked":"Cold Snap","floor":3},{"not_picked":["Hologram","hubris:Ukulele"],"picked":"Auto Shields","floor":3},{"not_picked":["Scrape","Beam Cell"],"picked":"BasicCrystalCard","floor":4},{"not_picked":["Tempest","Steam Power"],"picked":"ReplayTheSpireMod:Omega Cannon","floor":6},{"not_picked":["Recycle","Steam"],"picked":"Streamline","floor":7},{"not_picked":["BasicCrystalCard","Hologram"],"picked":"Cold Snap","floor":8},{"not_picked":["Streamline","hubris:Ukulele","All For One"],"picked":"SKIP","floor":11},{"not_picked":["Turbo","ReplayGash"],"picked":"Stack","floor":14}],"player_experience":1002398,"relics_obtained":[{"floor":6,"key":"Gremlin Horn"},{"floor":9,"key":"reliquary:PrincelyHelmet"},{"floor":11,"key":"Pen Nib"}],"event_choices":[{"damage_healed":0,"gold_gain":0,"player_choice":"Got Potions","damage_taken":0,"max_hp_gain":0,"max_hp_loss":0,"event_name":"Lab","floor":12,"gold_loss":0}],"is_beta":false,"boss_relics":[],"items_purged_floors":[],"is_endless":false,"potions_floor_spawned":[4,8,14],"killed_by":"Fading Forest","ascension_level":16}}