{"host":"7gewg82ormp6yt4e","time":1614179344,"event":{"mods":["BaseMod","Block Reminder","Colored Map","DeckTracker","Highlight Path","Minty Spire (QoL Compilation)","Relic Stats","StSLib","ojb\u0027s Info Mod"],"gold_per_floor":[109,129,147,147,147,182,182,211,211,20,46,58,58,93,93,167,167,178,188,30,30,30,30,30,50,50,80,80,80,80,105,105,180,180,226,176,224,1223,1265,1265,1322,1322,1369,1369,1396,770,770,810,810,810,810,810,810,40,65,65],"floor_reached":57,"language":"JPN","playtime":5385,"items_purged":["Normality","Normality"],"score":3044,"play_id":"8dc0dd98-dec8-492c-a320-a9fa5e3c0a8e","local_time":"20210225000904","is_ascension_mode":true,"campfire_choices":[{"data":"Eruption","floor":7.0,"key":"SMITH"},{"floor":15.0,"key":"REST"},{"data":"Omniscience","floor":23.0,"key":"SMITH"},{"data":"LessonLearned","floor":28.0,"key":"SMITH"},{"data":"Vault","floor":30.0,"key":"SMITH"},{"data":"TalkToTheHand","floor":32.0,"key":"SMITH"},{"floor":40.0,"key":"RECALL"},{"floor":42.0,"key":"REST"},{"data":"1","floor":44.0,"key":"LIFT"},{"floor":49.0,"key":"REST"},{"data":"2","floor":53,"key":"LIFT"}],"circlet_count":0,"master_deck":["AscendersBane","Eruption+1","Vigilance+1","Omniscience+1","Establishment+1","TalkToTheHand+1","ReachHeaven+1","Vault+1","ThirdEye+1","ThirdEye+1","InnerPeace+1","Swivel+1","TalkToTheHand+1","CarveReality+1","LessonLearned+1","Meditate+1","Ragnarok+1","Vault+1","Devotion+1","EmptyBody+1","Prostrate+1","Tantrum+1","SpiritShield+1","WheelKick+1","Wish+1","Protect+1","EmptyMind+1","Normality","CutThroughFate+1","DeceiveReality+1","TalkToTheHand+1","ThirdEye+1","Prostrate+1","Blind+1"],"relics":["Pandora\u0027s Box","Dream Catcher","Toxic Egg 2","Matryoshka","Singing Bowl","Anchor","Girya","Bag of Preparation","SlaversCollar","Happy Flower","CultistMask","Blue Candle","Mango","Shuriken","CaptainsWheel","Cursed Key","Bag of Marbles","Toolbox","Nunchaku","Regal Pillow","Bronze Scales","Pocketwatch","Boot"],"acts_visited":["Exordium","TheCity","TheBeyond","TheEnding"],"potions_floor_usage":[51,56],"damage_taken":[{"damage":0.0,"enemies":"2 Louse","floor":1.0,"turns":2.0},{"damage":8.0,"enemies":"Jaw Worm","floor":2.0,"turns":2.0},{"damage":10.0,"enemies":"Small Slimes","floor":3.0,"turns":6.0},{"damage":3.0,"enemies":"Gremlin Nob","floor":6.0,"turns":4.0},{"damage":0.0,"enemies":"Lagavulin","floor":8.0,"turns":5.0},{"damage":18.0,"enemies":"Gremlin Nob","floor":11.0,"turns":3.0},{"damage":0.0,"enemies":"Exordium Thugs","floor":12.0,"turns":4.0},{"damage":6.0,"enemies":"3 Sentries","floor":14.0,"turns":4.0},{"damage":0.0,"enemies":"Hexaghost","floor":16.0,"turns":10.0},{"damage":0.0,"enemies":"Chosen","floor":18.0,"turns":4.0},{"damage":0.0,"enemies":"2 Thieves","floor":19.0,"turns":4.0},{"damage":0.0,"enemies":"Snecko","floor":25.0,"turns":5.0},{"damage":4.0,"enemies":"Slavers","floor":27.0,"turns":6.0},{"damage":0.0,"enemies":"Gremlin Leader","floor":31.0,"turns":6.0},{"damage":10.0,"enemies":"Automaton","floor":33.0,"turns":9.0},{"damage":8.0,"enemies":"3 Darklings","floor":35.0,"turns":6.0},{"damage":0.0,"enemies":"3 Shapes","floor":37.0,"turns":7.0},{"damage":4.0,"enemies":"3 Darklings","floor":39.0,"turns":5.0},{"damage":23.0,"enemies":"Nemesis","floor":41.0,"turns":10.0},{"damage":19.0,"enemies":"Reptomancer","floor":45.0,"turns":4.0},{"damage":2.0,"enemies":"Spire Growth","floor":48.0,"turns":5.0},{"damage":8,"enemies":"Time Eater","floor":50,"turns":7},{"damage":2,"enemies":"Awakened One","floor":51,"turns":13},{"damage":1,"enemies":"Shield and Spear","floor":55,"turns":11},{"damage":33,"enemies":"The Heart","floor":56,"turns":10}],"seed_played":"7355346990483072297","potions_obtained":[{"floor":1.0,"key":"Strength Potion"},{"floor":2.0,"key":"DuplicationPotion"},{"floor":6.0,"key":"Fire Potion"},{"floor":19.0,"key":"PowerPotion"},{"floor":27.0,"key":"Dexterity Potion"},{"floor":39.0,"key":"Ambrosia"},{"floor":41.0,"key":"Block Potion"},{"floor":48.0,"key":"Block Potion"}],"is_trial":false,"path_per_floor":["M","M","M","?","?","E","R","E","T","$","E","M","?","E","R","B",null,"M","M","$","?","$","R","?","M","T","E","R","?","R","E","R","B",null,"M","?","M","?","M","R","E","R","T","R","E","$","?","M","R","B","B",null,"R","$","E","B",null],"character_chosen":"WATCHER","items_purchased":["CultistPotion","CarveReality","Happy Flower","Toolbox","Nunchaku","Regal Pillow","ColorlessPotion","Bronze Scales","Dexterity Potion","Blind+1","Pocketwatch"],"campfire_rested":3,"item_purchase_floors":[10,10,20,46,46,46,46,54,54,54,54],"current_hp_per_floor":[61,53,43,43,38,35,35,35,35,35,17,17,17,11,33,33,61,61,63,63,43,43,43,43,43,57,55,55,55,55,55,55,45,81,73,73,73,73,69,69,48,76,76,76,57,57,57,55,90,82,80,88,88,88,89,56],"gold":65,"neow_bonus":"BOSS_RELIC","is_daily":false,"chose_seed":false,"campfire_upgraded":5,"win_rate":0.0,"timestamp":1614179344,"path_taken":["M","M","M","?","?","E","R","E","T","?","E","M","?","E","R","BOSS","M","M","$","?","?","R","?","?","T","E","R","?","R","E","R","BOSS","M","?","?","?","M","R","E","R","T","R","E","$","?","M","R","BOSS","BOSS","R","$","E","BOSS"],"items_purchased_type":["Potion","Card","Relic","Relic","Relic","Relic","Potion","Relic","Potion","Card","Relic"],"build_version":"2020-12-22","purchased_purges":2,"victory":true,"max_hp_per_floor":[68,68,68,68,68,68,68,68,68,68,68,68,68,68,70,70,70,70,72,72,77,77,77,77,77,91,93,93,93,93,93,93,93,93,93,93,93,93,93,93,95,95,95,95,95,95,90,90,90,90,90,90,90,90,92,92],"relic_stats":{"Regal Pillow":8,"Singing Bowl":10,"Happy Flower":[34],"counters":[25,152],"Blue Candle":[14],"Bag of Preparation":[34],"Cursed Key":1,"Boot":[0],"Dream Catcher":3,"Nunchaku":[8],"Shuriken":[25],"Bronze Scales":[123],"Pandora\u0027s Box":["Omniscience","Establishment","Crescendo","TalkToTheHand","ReachHeaven","Vault","FlyingSleeves","Blasphemy"],"obtain_stats":[{"Girya":11,"Regal Pillow":46,"Singing Bowl":9,"Happy Flower":20,"Blue Candle":26,"Mango":26,"Bag of Preparation":14,"Cursed Key":34,"Boot":55,"SlaversCollar":17,"Dream Catcher":5,"Anchor":9,"CaptainsWheel":31,"Nunchaku":46,"Matryoshka":8,"Shuriken":27,"Bronze Scales":54,"Toolbox":46,"Pandora\u0027s Box":0,"CultistMask":24,"Bag of Marbles":45,"PureWater":0,"Toxic Egg 2":6,"Pocketwatch":54},{"Girya":6,"Regal Pillow":20,"Singing Bowl":5,"Happy Flower":11,"Blue Candle":12,"Mango":12,"Bag of Preparation":8,"Cursed Key":15,"Boot":24,"SlaversCollar":9,"Dream Catcher":3,"Anchor":5,"CaptainsWheel":14,"Nunchaku":20,"Matryoshka":5,"Shuriken":13,"Bronze Scales":23,"Toolbox":20,"Pandora\u0027s Box":0,"CultistMask":11,"Bag of Marbles":20,"PureWater":0,"Toxic Egg 2":4,"Pocketwatch":23},{"Girya":22,"Regal Pillow":106,"Singing Bowl":19,"Happy Flower":48,"Blue Candle":53,"Mango":53,"Bag of Preparation":30,"Cursed Key":74,"Boot":142,"SlaversCollar":40,"Dream Catcher":10,"Anchor":19,"CaptainsWheel":65,"Nunchaku":106,"Matryoshka":19,"Shuriken":59,"Bronze Scales":131,"Toolbox":106,"Pandora\u0027s Box":0,"CultistMask":48,"Bag of Marbles":106,"PureWater":0,"Toxic Egg 2":14,"Pocketwatch":131}],"Pocketwatch":[9]},"card_choices":[{"not_picked":["SashWhip","BowlingBash"],"picked":"ThirdEye","floor":1.0},{"not_picked":["WaveOfTheHand","Halt"],"picked":"ThirdEye","floor":2.0},{"not_picked":["JustLucky","SashWhip"],"picked":"InnerPeace","floor":3.0},{"not_picked":["SignatureMove","SashWhip"],"picked":"Swivel+1","floor":6.0},{"not_picked":["Sanctity+1","WaveOfTheHand+1"],"picked":"TalkToTheHand","floor":8.0},{"not_picked":["PathToVictory+1","JustLucky"],"picked":"LessonLearned","floor":11.0},{"not_picked":["FlurryOfBlows","InnerPeace+1"],"picked":"Meditate+1","floor":12.0},{"not_picked":["ThirdEye+1","ForeignInfluence+1"],"picked":"Vault+1","floor":14.0},{"not_picked":["WheelKick","Protect+1","PathToVictory+1"],"picked":"Singing Bowl","floor":15.0},{"not_picked":["LessonLearned","Establishment"],"picked":"Devotion","floor":16.0},{"not_picked":["SignatureMove","BowlingBash"],"picked":"EmptyBody+1","floor":18.0},{"not_picked":["JustLucky","Crescendo+1","CrushJoints"],"picked":"Singing Bowl","floor":19.0},{"not_picked":["Adaptation","FlyingSleeves"],"picked":"Prostrate+1","floor":25.0},{"not_picked":["InnerPeace+1","EmptyBody+1","Evaluate+1"],"picked":"Singing Bowl","floor":27.0},{"not_picked":["BattleHymn","FollowUp"],"picked":"WheelKick+1","floor":31.0},{"not_picked":["Scrawl+1","Establishment"],"picked":"Wish+1","floor":33.0},{"not_picked":["Study","BowlingBash+1"],"picked":"Protect+1","floor":35.0},{"not_picked":["ClearTheMind+1","CrushJoints"],"picked":"EmptyMind+1","floor":37.0},{"not_picked":["ThirdEye+1","BowlingBash"],"picked":"CutThroughFate+1","floor":39.0},{"not_picked":["Nirvana","ReachHeaven","LikeWater+1"],"picked":"Singing Bowl","floor":41.0},{"not_picked":["EmptyBody+1","Halt+1"],"picked":"DeceiveReality+1","floor":42.0},{"not_picked":["LessonLearned","Consecrate"],"picked":"TalkToTheHand","floor":45.0},{"not_picked":["FollowUp","LikeWater"],"picked":"ThirdEye+1","floor":48.0},{"not_picked":["Crescendo+1","InnerPeace+1"],"picked":"Prostrate+1","floor":49.0},{"not_picked":["Collect+1","BattleHymn","WindmillStrike"],"picked":"Singing Bowl","floor":55}],"player_experience":2920803,"relics_obtained":[{"floor":6.0,"key":"Toxic Egg 2"},{"floor":8.0,"key":"Matryoshka"},{"floor":9.0,"key":"Singing Bowl"},{"floor":9.0,"key":"Anchor"},{"floor":11.0,"key":"Girya"},{"floor":14.0,"key":"Bag of Preparation"},{"floor":26.0,"key":"Blue Candle"},{"floor":26.0,"key":"Mango"},{"floor":27.0,"key":"Shuriken"},{"floor":31.0,"key":"CaptainsWheel"},{"floor":45.0,"key":"Bag of Marbles"},{"floor":55,"key":"Boot"}],"event_choices":[{"damage_healed":0.0,"max_hp_gain":0.0,"max_hp_loss":0.0,"gold_gain":0.0,"event_name":"Liars Game","player_choice":"Ignored","floor":4.0,"gold_loss":0.0,"damage_taken":0.0},{"damage_healed":0.0,"max_hp_gain":0.0,"max_hp_loss":0.0,"gold_gain":0.0,"event_name":"Scrap Ooze","player_choice":"Success","floor":5.0,"gold_loss":0.0,"damage_taken":5.0,"relics_obtained":["Dream Catcher"]},{"damage_healed":0.0,"max_hp_gain":0.0,"max_hp_loss":0.0,"gold_gain":0.0,"cards_transformed":["Crescendo"],"event_name":"Transmorgrifier","player_choice":"Transformed","floor":13.0,"gold_loss":0.0,"damage_taken":0.0,"cards_obtained":["Ragnarok"]},{"damage_healed":0.0,"max_hp_gain":5.0,"max_hp_loss":0.0,"gold_gain":0.0,"event_name":"Forgotten Altar","player_choice":"Shed Blood","floor":21.0,"gold_loss":0.0,"damage_taken":25.0},{"damage_healed":0.0,"max_hp_gain":0.0,"max_hp_loss":0.0,"gold_gain":0.0,"event_name":"FaceTrader","player_choice":"Trade","floor":24.0,"gold_loss":0.0,"damage_taken":0.0,"relics_obtained":["CultistMask"]},{"damage_healed":0.0,"max_hp_gain":0.0,"max_hp_loss":0.0,"gold_gain":0.0,"cards_transformed":["Blasphemy","FlyingSleeves"],"event_name":"Drug Dealer","player_choice":"Became Test Subject","floor":29.0,"gold_loss":0.0,"damage_taken":0.0,"cards_obtained":["Tantrum","SpiritShield"]},{"damage_healed":0.0,"max_hp_gain":0.0,"max_hp_loss":0.0,"gold_gain":0.0,"event_name":"Designer","player_choice":"Upgraded Two","floor":36.0,"gold_loss":50.0,"damage_taken":0.0,"cards_upgraded":["Ragnarok","InnerPeace"]},{"damage_healed":0.0,"max_hp_gain":0.0,"max_hp_loss":0.0,"gold_gain":999.0,"event_name":"MindBloom","player_choice":"Gold","floor":38.0,"gold_loss":0.0,"damage_taken":0.0,"cards_obtained":["Normality","Normality"]},{"damage_healed":0.0,"max_hp_gain":0.0,"max_hp_loss":5.0,"gold_gain":0.0,"event_name":"Winding Halls","player_choice":"Max HP","floor":47.0,"gold_loss":0.0,"damage_taken":0.0}],"is_beta":false,"boss_relics":[{"not_picked":["Coffee Dripper","Busted Crown"],"picked":"SlaversCollar"},{"not_picked":["SacredBark","Tiny House"],"picked":"Cursed Key"}],"items_purged_floors":[46,54],"is_endless":false,"potions_floor_spawned":[1,2,6,11,19,27,39,41,48],"ascension_level":20}}