{"host":"f97mkdti7dx29mjq","time":1614209064,"event":{"mods":["BaseMod","Colored Powertips","Minty Spire (QoL Compilation)","Quick Restart","Rare Cards Sparkle","StSLib"],"gold_per_floor":[210,230,247,422,438,470,470,501,501,513,478,403,415,450,450,554,554,567,580,599,609,609,634,634,668,668,684,684,684],"floor_reached":28,"language":"ENG","playtime":1638,"items_purged":["Strike_R"],"score":296,"play_id":"29562e4d-bb8a-46a6-9978-d827a7480aa6","local_time":"20210224182424","is_ascension_mode":true,"campfire_choices":[{"data":"Fire Breathing","floor":15,"key":"SMITH"},{"data":"Evolve","floor":24,"key":"SMITH"}],"circlet_count":0,"master_deck":["Strike_R","Strike_R","Strike_R","Strike_R","Defend_R","Defend_R","Defend_R","Defend_R","Bash","Reckless Charge","Armaments+1","Wild Strike","Doubt","Spot Weakness","Thunderclap","Fire Breathing+1","Evolve+1","Sword Boomerang","Iron Wave","Feed","Combust","Anger","Feed","Blood for Blood","Metallicize","Combust","Perfected Strike"],"relics":["Burning Blood","Mercury Hourglass","Akabeko","InkBottle","Ice Cream","Coffee Dripper","Art of War","Anchor","MealTicket"],"acts_visited":["Exordium","TheCity"],"potions_floor_usage":[8,16,16,21,23,23,23,25,28],"damage_taken":[{"damage":5,"enemies":"Cultist","floor":1,"turns":4},{"damage":0,"enemies":"Small Slimes","floor":2,"turns":4},{"damage":3,"enemies":"2 Louse","floor":3,"turns":4},{"damage":14,"enemies":"Blue Slaver","floor":5,"turns":4},{"damage":29,"enemies":"3 Sentries","floor":6,"turns":9},{"damage":23,"enemies":"Gremlin Nob","floor":8,"turns":4},{"damage":0,"enemies":"Large Slime","floor":10,"turns":3},{"damage":5,"enemies":"Looter","floor":13,"turns":2},{"damage":22,"enemies":"3 Sentries","floor":14,"turns":4},{"damage":50,"enemies":"The Guardian","floor":16,"turns":9},{"damage":7,"enemies":"3 Byrds","floor":18,"turns":3},{"damage":1,"enemies":"Spheric Guardian","floor":19,"turns":3},{"damage":16,"enemies":"Centurion and Healer","floor":20,"turns":5},{"damage":17,"enemies":"Snecko","floor":21,"turns":5},{"damage":47,"enemies":"Book of Stabbing","floor":23,"turns":5},{"damage":17,"enemies":"Gremlin Leader","floor":25,"turns":5},{"damage":33,"enemies":"Snake Plant","floor":27,"turns":4},{"damage":18,"enemies":"Book of Stabbing","floor":28,"turns":2}],"seed_played":"1204150929783973744","potions_obtained":[{"floor":2,"key":"SpeedPotion"},{"floor":6,"key":"DuplicationPotion"},{"floor":8,"key":"BloodPotion"},{"floor":10,"key":"GamblersBrew"},{"floor":13,"key":"SpeedPotion"},{"floor":16,"key":"Ancient Potion"},{"floor":19,"key":"Block Potion"},{"floor":20,"key":"EntropicBrew"},{"floor":21,"key":"AttackPotion"},{"floor":27,"key":"CultistPotion"}],"is_trial":false,"path_per_floor":["M","M","M","?","M","E","?","E","T","M","?","$","M","E","R","B",null,"M","M","M","M","$","E","R","E","T","M","E"],"character_chosen":"IRONCLAD","items_purchased":[],"campfire_rested":0,"item_purchase_floors":[],"current_hp_per_floor":[80,80,80,80,72,49,49,32,32,38,58,58,59,43,43,15,80,79,80,70,59,59,18,18,7,7,8,0,0],"gold":684,"neow_bonus":"HUNDRED_GOLD","is_daily":false,"chose_seed":false,"campfire_upgraded":2,"win_rate":0.0,"timestamp":1614209064,"path_taken":["M","?","M","?","M","E","?","E","T","M","?","$","M","E","R","BOSS","M","M","M","M","$","E","R","E","T","M","E"],"items_purchased_type":[],"build_version":"2020-12-22","purchased_purges":1,"victory":false,"max_hp_per_floor":[80,80,80,80,80,80,80,80,80,80,80,80,80,80,80,80,80,80,80,80,80,80,80,80,80,80,80,80,80],"card_choices":[{"not_picked":["Iron Wave","Shrug It Off"],"picked":"Reckless Charge","floor":1},{"not_picked":["Battle Trance","Intimidate"],"picked":"Armaments","floor":2},{"not_picked":["Intimidate","Body Slam"],"picked":"Wild Strike","floor":3},{"not_picked":["Bloodletting","Combust"],"picked":"Spot Weakness","floor":5},{"not_picked":["Carnage","Burning Pact"],"picked":"Thunderclap","floor":6},{"not_picked":["Twin Strike","Wild Strike"],"picked":"Fire Breathing","floor":8},{"not_picked":["Shockwave","Sword Boomerang"],"picked":"Evolve","floor":10},{"not_picked":["Dual Wield","Carnage"],"picked":"Sword Boomerang","floor":13},{"not_picked":["Impervious","Evolve"],"picked":"Iron Wave","floor":14},{"not_picked":["Exhume","Double Tap"],"picked":"Feed","floor":16},{"not_picked":["Cleave","Twin Strike"],"picked":"Combust","floor":18},{"not_picked":["Heavy Blade","Shockwave"],"picked":"Anger","floor":19},{"not_picked":["Havoc","Perfected Strike"],"picked":"Feed","floor":20},{"not_picked":["Infernal Blade","Thunderclap"],"picked":"Blood for Blood","floor":21},{"not_picked":["Warcry","Dual Wield"],"picked":"Metallicize","floor":23},{"not_picked":["Body Slam","Reaper"],"picked":"Combust","floor":25},{"not_picked":["Headbutt","Body Slam"],"picked":"Perfected Strike","floor":27}],"player_experience":204303,"relics_obtained":[{"floor":6,"key":"Mercury Hourglass"},{"floor":8,"key":"Akabeko"},{"floor":9,"key":"InkBottle"},{"floor":14,"key":"Ice Cream"},{"floor":23,"key":"Art of War"},{"floor":25,"key":"Anchor"},{"floor":26,"key":"MealTicket"}],"event_choices":[{"damage_healed":0,"gold_gain":175,"player_choice":"AGREE","damage_taken":0,"max_hp_gain":0,"max_hp_loss":0,"event_name":"Liars Game","floor":4,"gold_loss":0,"cards_obtained":["Doubt"]},{"damage_healed":0,"gold_gain":0,"player_choice":"Grow","damage_taken":0,"max_hp_gain":0,"max_hp_loss":0,"event_name":"Living Wall","floor":7,"gold_loss":0,"cards_upgraded":["Armaments"]},{"damage_healed":20,"gold_gain":0,"player_choice":"Healed","damage_taken":0,"max_hp_gain":0,"max_hp_loss":0,"event_name":"The Cleric","floor":11,"gold_loss":35}],"is_beta":false,"boss_relics":[{"not_picked":["Velvet Choker","Fusion Hammer"],"picked":"Coffee Dripper"}],"items_purged_floors":[12],"is_endless":false,"potions_floor_spawned":[2,6,8,10,13,16,19,20,21,27],"killed_by":"Book of Stabbing","ascension_level":1}}