{"host":"epc8efk9vrywpcsw","time":1614177365,"event":{"mods":["BaseMod","Minty Spire (QoL Compilation)","Relic Stats","StSLib"],"gold_per_floor":[119,119,39,39,62,62,91,104,104,138,138,149,166,178,178,250,250,265,285,301,311,311,311,341,341,341,353,288,305,138,173,173,173,173],"floor_reached":33,"language":"ENG","playtime":1106,"items_purged":[],"score":669,"play_id":"63498c51-035b-4a57-bdf0-62720c79e95f","local_time":"20210224153605","is_ascension_mode":true,"campfire_choices":[{"data":"Neutralize","floor":6,"key":"SMITH"},{"floor":11,"key":"REST"},{"data":"Terror","floor":15,"key":"SMITH"},{"floor":23,"key":"REST"},{"floor":32,"key":"REST"}],"circlet_count":0,"master_deck":["AscendersBane","Defend_G+1","Defend_G+1","Defend_G+1","Defend_G+1","Survivor+1","Neutralize+1","Escape Plan+1","Endless Agony","Dagger Spray","Flying Knee","All Out Attack","Flying Knee","Terror+1","Die Die Die","Dagger Throw","Dash","PiercingWail+1","Calculated Gamble","Bite","Bite","Bite","Bite","Bite","Blur","Quick Slash","HandOfGreed","PiercingWail"],"relics":["Ring of the Snake","NeowsBlessing","Oddly Smooth Stone","The Courier","Centennial Puzzle","Fusion Hammer","Paper Crane","Boot","Letter Opener"],"acts_visited":["Exordium","TheCity"],"potions_floor_usage":[16,16,24,27,31],"damage_taken":[{"damage":0,"enemies":"Cultist","floor":1,"turns":1},{"damage":0,"enemies":"Gremlin Nob","floor":7,"turns":1},{"damage":0,"enemies":"Jaw Worm","floor":8,"turns":1},{"damage":26,"enemies":"3 Sentries","floor":10,"turns":8},{"damage":3,"enemies":"Small Slimes","floor":12,"turns":3},{"damage":0,"enemies":"2 Fungi Beasts","floor":13,"turns":2},{"damage":8,"enemies":"Blue Slaver","floor":14,"turns":3},{"damage":27,"enemies":"Hexaghost","floor":16,"turns":10},{"damage":8,"enemies":"3 Byrds","floor":18,"turns":3},{"damage":1,"enemies":"2 Thieves","floor":19,"turns":3},{"damage":1,"enemies":"Snake Plant","floor":20,"turns":4},{"damage":17,"enemies":"Centurion and Healer","floor":21,"turns":4},{"damage":23,"enemies":"Slavers","floor":24,"turns":5},{"damage":0,"enemies":"Chosen and Byrds","floor":27,"turns":5},{"damage":26,"enemies":"Snake Plant","floor":29,"turns":4},{"damage":18,"enemies":"Gremlin Leader","floor":31,"turns":5},{"damage":76,"enemies":"Automaton","floor":33,"turns":8}],"seed_played":"-1521032189121488102","potions_obtained":[{"floor":7,"key":"SpeedPotion"},{"floor":12,"key":"SkillPotion"},{"floor":16,"key":"LiquidBronze"},{"floor":18,"key":"Ancient Potion"},{"floor":27,"key":"BlessingOfTheForge"}],"is_trial":false,"path_per_floor":["M","?","$","?","T","R","E","M","T","E","R","M","M","M","R","B",null,"M","M","M","M","?","R","E","?","T","M","$","M","$","E","R","B"],"character_chosen":"THE_SILENT","items_purchased":["Endless Agony","Blur","HandOfGreed"],"campfire_rested":3,"item_purchase_floors":[3,28,30],"current_hp_per_floor":[59,39,39,32,32,32,34,36,36,12,31,30,32,26,26,1,50,44,45,46,31,31,50,35,35,35,49,49,37,37,33,52,0,0],"gold":173,"neow_bonus":"THREE_ENEMY_KILL","is_daily":false,"chose_seed":false,"campfire_upgraded":2,"win_rate":0.0,"timestamp":1614177365,"path_taken":["M","?","$","?","?","R","E","?","T","E","R","M","M","M","R","BOSS","M","M","?","?","?","R","E","?","T","M","?","M","$","E","R","BOSS"],"items_purchased_type":["Card","Card","Card"],"build_version":"2020-12-22","purchased_purges":0,"victory":false,"max_hp_per_floor":[66,66,66,66,66,66,66,66,66,66,66,66,66,66,66,66,66,66,66,66,66,66,66,66,66,66,66,66,66,66,66,66,66,66],"relic_stats":{"Centennial Puzzle":[35],"counters":[17,70],"Letter Opener":[0],"Boot":[39],"obtain_stats":[{"Blood Vial":5,"Centennial Puzzle":10,"NeowsBlessing":0,"Oddly Smooth Stone":7,"The Courier":9,"Fusion Hammer":17,"Letter Opener":31,"Paper Crane":24,"Boot":26,"Ring of the Snake":0},{"Blood Vial":1,"Centennial Puzzle":4,"NeowsBlessing":0,"Oddly Smooth Stone":2,"The Courier":3,"Fusion Hammer":8,"Letter Opener":16,"Paper Crane":13,"Boot":13,"Ring of the Snake":0},{"Blood Vial":1,"Centennial Puzzle":11,"NeowsBlessing":0,"Oddly Smooth Stone":2,"The Courier":3,"Fusion Hammer":29,"Letter Opener":62,"Paper Crane":48,"Boot":48,"Ring of the Snake":0}],"Ring of the Snake":[37]},"card_choices":[{"not_picked":["Acrobatics","Sucker Punch"],"picked":"Escape Plan","floor":1},{"not_picked":["Catalyst","Dagger Throw"],"picked":"Dagger Spray","floor":7},{"not_picked":["Underhanded Strike","Bane","Deadly Poison"],"picked":"SKIP","floor":8},{"not_picked":["Masterful Stab","Accuracy"],"picked":"Flying Knee","floor":10},{"not_picked":["Dodge and Roll","Bane"],"picked":"All Out Attack","floor":12},{"not_picked":["Quick Slash","Accuracy"],"picked":"Flying Knee","floor":13},{"not_picked":["Deadly Poison","Backstab"],"picked":"Terror","floor":14},{"not_picked":["Grand Finale","Corpse Explosion"],"picked":"Die Die Die","floor":16},{"not_picked":["Quick Slash","Setup"],"picked":"Dagger Throw","floor":18},{"not_picked":["Dagger Throw","Deadly Poison"],"picked":"Dash","floor":19},{"not_picked":["Wraith Form v2","Acrobatics+1"],"picked":"PiercingWail+1","floor":20},{"not_picked":["Dodge and Roll","Finisher"],"picked":"Calculated Gamble","floor":21},{"not_picked":["Bullet Time","PiercingWail","Dagger Spray"],"picked":"SKIP","floor":24},{"not_picked":["Outmaneuver+1","Flying Knee","Unload"],"picked":"SKIP","floor":27},{"not_picked":["Flying Knee","Prepared"],"picked":"Quick Slash","floor":29},{"not_picked":["Prepared","Terror"],"picked":"PiercingWail","floor":31}],"player_experience":539912,"relics_obtained":[{"floor":5,"key":"Blood Vial"},{"floor":7,"key":"Oddly Smooth Stone"},{"floor":9,"key":"The Courier"},{"floor":10,"key":"Centennial Puzzle"},{"floor":24,"key":"Paper Crane"},{"floor":26,"key":"Boot"},{"floor":31,"key":"Letter Opener"}],"event_choices":[{"damage_healed":0,"gold_gain":0,"player_choice":"Entered Light","damage_taken":20,"max_hp_gain":0,"max_hp_loss":0,"event_name":"Shining Light","floor":2,"gold_loss":0,"cards_upgraded":["Escape Plan","Survivor"]},{"cards_removed":["Defend_G"],"damage_healed":0,"gold_gain":0,"player_choice":"Card Removal","damage_taken":7,"max_hp_gain":0,"max_hp_loss":0,"event_name":"Golden Wing","floor":4,"gold_loss":0},{"damage_healed":0,"gold_gain":0,"player_choice":"Became a vampire (Vial)","damage_taken":0,"max_hp_gain":0,"max_hp_loss":0,"event_name":"Vampires","floor":22,"relics_lost":["Blood Vial"],"gold_loss":0,"cards_obtained":["Bite","Bite","Bite","Bite","Bite"]},{"damage_healed":0,"gold_gain":0,"player_choice":"Simplicity","damage_taken":0,"max_hp_gain":0,"max_hp_loss":0,"event_name":"Back to Basics","floor":25,"gold_loss":0,"cards_upgraded":["Defend_G","Defend_G","Defend_G","Defend_G"]}],"is_beta":false,"boss_relics":[{"not_picked":["Snecko Eye","WristBlade"],"picked":"Fusion Hammer"}],"items_purged_floors":[],"is_endless":false,"potions_floor_spawned":[7,12,13,16,18,21,27],"killed_by":"Automaton","ascension_level":20}}