{"host":"11728qvdvolffudn","time":1614186201,"event":{"mods":["BaseMod","Block Reminder","Colored Powertips","Curses Come First","Custom Start","Displayed Cursed Tome","Highlight Path","Minty Spire (QoL Compilation)","Permanent Neow","Quick Restart","Rare Cards Sparkle","Relic Stats","StSLib","Weighted Paths"],"gold_per_floor":[11,11,86,36,36,36,56,79,79,79,109,128,142,53,53,174,174,188,188,188,212,212,212],"floor_reached":22,"language":"ENG","playtime":1231,"items_purged":["Strike_R"],"score":183,"play_id":"ddfd4286-8341-4283-9e14-4952e77a2610","local_time":"20210224170321","is_ascension_mode":true,"campfire_choices":[{"data":"Defend_R","floor":6,"key":"SMITH"},{"data":"Limit Break","floor":10,"key":"SMITH"},{"data":"Whirlwind","floor":15,"key":"SMITH"}],"circlet_count":0,"master_deck":["Strike_R","Strike_R","Strike_R","Defend_R+1","Defend_R","Defend_R","Defend_R","Bash","Limit Break+1","Flex","Pummel","Whirlwind+1","Feed","RitualDagger"],"relics":["Burning Blood","Golden Idol","Pantograph","The Courier","Velvet Choker"],"acts_visited":["Exordium","TheCity"],"potions_floor_usage":[16,16,21],"damage_taken":[{"damage":9,"enemies":"2 Louse","floor":1,"turns":3},{"damage":6,"enemies":"Small Slimes","floor":7,"turns":4},{"damage":6,"enemies":"Jaw Worm","floor":8,"turns":3},{"damage":7,"enemies":"3 Louse","floor":12,"turns":4},{"damage":0,"enemies":"Large Slime","floor":13,"turns":4},{"damage":38,"enemies":"Hexaghost","floor":16,"turns":8},{"damage":1,"enemies":"3 Byrds","floor":18,"turns":3},{"damage":58,"enemies":"Chosen","floor":21,"turns":8},{"damage":0,"enemies":"Snake Plant","floor":22,"turns":2}],"seed_played":"-5917211573961304110","potions_obtained":[{"floor":1,"key":"CultistPotion"},{"floor":7,"key":"SneckoOil"},{"floor":13,"key":"PowerPotion"},{"floor":21,"key":"Fire Potion"}],"is_trial":false,"path_per_floor":["M","?","?","?","$","R","M","M","T","R","?","M","M","$","R","B",null,"M","?","?","M","M"],"character_chosen":"IRONCLAD","items_purchased":["Whirlwind"],"campfire_rested":0,"item_purchase_floors":[14],"current_hp_per_floor":[77,57,46,46,46,46,46,46,46,46,46,45,51,51,51,44,80,83,77,83,31,31,31],"gold":212,"neow_bonus":"THREE_RARE_CARDS","is_daily":false,"chose_seed":false,"campfire_upgraded":3,"win_rate":0.0,"timestamp":1614186201,"path_taken":["M","?","?","?","?","R","M","M","T","R","?","M","M","$","R","BOSS","M","?","?","?","?"],"items_purchased_type":["Card"],"build_version":"2020-12-22","purchased_purges":1,"victory":false,"max_hp_per_floor":[80,80,80,80,80,80,80,80,80,80,80,80,80,80,80,80,80,83,83,83,83,83,83],"relic_stats":{"counters":[9,39],"Golden Idol":48,"Pantograph":25,"obtain_stats":[{"Golden Idol":2,"Pantograph":9,"Velvet Choker":17,"The Courier":11,"Burning Blood":0},{"Golden Idol":1,"Pantograph":3,"Velvet Choker":6,"The Courier":3,"Burning Blood":0},{"Golden Idol":3,"Pantograph":10,"Velvet Choker":26,"The Courier":10,"Burning Blood":0}],"Burning Blood":43},"card_choices":[{"not_picked":["Offering","Exhume"],"picked":"Limit Break","floor":0},{"not_picked":["Seeing Red","Feel No Pain","Perfected Strike"],"picked":"SKIP","floor":1},{"not_picked":["Sword Boomerang","Shockwave"],"picked":"Flex","floor":7},{"not_picked":["Heavy Blade","Wild Strike"],"picked":"Pummel","floor":8},{"not_picked":["Rupture","Rage","Twin Strike"],"picked":"SKIP","floor":12},{"not_picked":["Dual Wield","Clothesline","Clash"],"picked":"SKIP","floor":13},{"not_picked":["Juggernaut","Brutality"],"picked":"Feed","floor":16},{"not_picked":["Fire Breathing","Bloodletting","Warcry"],"picked":"SKIP","floor":18},{"not_picked":["Heavy Blade","Body Slam","Shrug It Off"],"picked":"SKIP","floor":21}],"player_experience":133433,"relics_obtained":[{"floor":9,"key":"Pantograph"}],"event_choices":[{"damage_healed":0,"gold_gain":0,"player_choice":"Take Damage","damage_taken":20,"relics_obtained":["Golden Idol"],"max_hp_gain":0,"max_hp_loss":0,"event_name":"Golden Idol","floor":2,"gold_loss":0},{"damage_healed":0,"gold_gain":75,"player_choice":"Gather Gold","damage_taken":11,"max_hp_gain":0,"max_hp_loss":0,"event_name":"World of Goop","floor":3,"gold_loss":0},{"cards_removed":["Strike_R"],"damage_healed":0,"gold_gain":0,"player_choice":"Card Removal","damage_taken":0,"max_hp_gain":0,"max_hp_loss":0,"event_name":"The Cleric","floor":4,"gold_loss":50},{"damage_healed":0,"gold_gain":30,"player_choice":"Searched \u00273\u0027 times","damage_taken":0,"relics_obtained":["The Courier"],"max_hp_gain":0,"max_hp_loss":0,"event_name":"Dead Adventurer","floor":11,"gold_loss":0},{"damage_healed":0,"gold_gain":0,"player_choice":"Joined the Cult","damage_taken":6,"max_hp_gain":0,"max_hp_loss":0,"event_name":"Nest","floor":19,"gold_loss":0,"cards_obtained":["RitualDagger"]},{"damage_healed":6,"gold_gain":0,"player_choice":"Full Heal","damage_taken":0,"max_hp_gain":0,"max_hp_loss":0,"event_name":"Wheel of Change","floor":20,"gold_loss":0}],"is_beta":false,"boss_relics":[{"not_picked":["Runic Cube","Calling Bell"],"picked":"Velvet Choker"}],"items_purged_floors":[14],"is_endless":false,"potions_floor_spawned":[1,7,13,21],"killed_by":"Snake Plant","ascension_level":1}}