{"host":"hxbbrccw7ig68b38","time":1614175270,"event":{"mods":["BaseMod","Hermit","Minty Spire (QoL Compilation)","Replay The Spire","StSLib","The Cursed"],"gold_per_floor":[119,119,130,147,3,3,68,143,143,169,189,135,135,135,135,235,235,251,601,209,141,56,113,113,155,155,155,36,75,111,111,111,243,243,287,287,43,0,0,0,48,48,72,98,140,38,38,85,85,113,113,113,1,65,103,103],"floor_reached":55,"language":"KOR","playtime":2233,"items_purged":["Injury","Normality","Replay:Hysterical Blindness"],"score":706,"play_id":"5799c17f-236e-406a-a4e6-1c521ff05a46","local_time":"20210224230110","is_ascension_mode":false,"campfire_choices":[{"data":"Neutralize","floor":6,"key":"SMITH"},{"floor":13,"key":"REST"},{"floor":15,"key":"REST"},{"floor":24,"key":"REST"},{"floor":27,"key":"RECALL"},{"floor":47,"key":"REST"},{"floor":49,"key":"REST"}],"circlet_count":0,"master_deck":["Strike_G","Strike_G","Strike_G","Strike_G","Strike_G","Defend_G","Defend_G","Defend_G+1","Defend_G","Defend_G","Survivor","Neutralize+1","Backstab+1","Slice+1","Infinite Blades+1","PiercingWail+1","Dagger Throw","Sucker Punch","Underhanded Strike+1","Amnesia","Accuracy","Dramatic Entrance+1","Dagger Throw+1","Outmaneuver","Dash+1","ReplayTheSpireMod:The Works","Blade Dance+1","Hidden Blade","Acrobatics+1","Flying Knee","Flying Knee","Terror","Parasite","Finisher","Blade Dance","Bandage Up","CommonCold","Cloak And Dagger","Finisher+1","Quick Slash","Quick Slash"],"relics":["Happy Flower","Guide Book","Pear","Ginger","Sizzling Blood","Fusion Hammer","ReplayTheSpireMod:Ring of Addiction","Potion Belt","Chameleon Ring","Ring of Greed","Old Coin","Replay:Bandana","Membership Card","Gremlin Food","PreservedInsect","Replay:Bottled Snecko","Enchiridion","Quantum Egg","Red Mask","Whetstone","Vajra","Replay:Kaleidoscope"],"acts_visited":["Exordium","TheCity","TheBeyond","TheEnding"],"potions_floor_usage":[16,21,23,33,33,33,41,41,41,50,50,50,50,54,54,55,55,55],"damage_taken":[{"damage":7,"enemies":"2 Louse","floor":1,"turns":3},{"damage":0,"enemies":"Small Slimes","floor":3,"turns":3},{"damage":0,"enemies":"Jaw Worm","floor":4,"turns":3},{"damage":36,"enemies":"3 Sentries","floor":10,"turns":10},{"damage":0,"enemies":"Looter","floor":11,"turns":3},{"damage":51,"enemies":"The Guardian","floor":16,"turns":14},{"damage":17,"enemies":"2 Thieves","floor":18,"turns":5},{"damage":19,"enemies":"Shell Parasite","floor":21,"turns":6},{"damage":26,"enemies":"Book of Stabbing","floor":23,"turns":6},{"damage":18,"enemies":"Centurion and Healer","floor":25,"turns":5},{"damage":8,"enemies":"Sentry and Sphere","floor":29,"turns":4},{"damage":2,"enemies":"Cultist and Chosen","floor":30,"turns":5},{"damage":49,"enemies":"Champ","floor":33,"turns":7},{"damage":2,"enemies":"Orb Walker","floor":35,"turns":3},{"damage":8,"enemies":"3 Darklings","floor":41,"turns":4},{"damage":19,"enemies":"Jaw Worm Horde","floor":45,"turns":4},{"damage":10,"enemies":"Sphere and 2 Shapes","floor":48,"turns":3},{"damage":44,"enemies":"Donu and Deca","floor":50,"turns":4},{"damage":53,"enemies":"Shield and Spear","floor":54,"turns":5},{"damage":55,"enemies":"The Heart","floor":55,"turns":3}],"seed_played":"-6177521645811349985","potions_obtained":[{"floor":3,"key":"Block Potion"},{"floor":10,"key":"BlessingOfTheForge"},{"floor":16,"key":"CunningPotion"},{"floor":19,"key":"BlessingOfTheForge"},{"floor":19,"key":"SpeedPotion"},{"floor":19,"key":"Regen Potion"},{"floor":21,"key":"AttackPotion"},{"floor":25,"key":"Swift Potion"},{"floor":40,"key":"Dexterity Potion"},{"floor":42,"key":"Milkshake"},{"floor":42,"key":"LiquidBronze"},{"floor":45,"key":"Elixir"},{"floor":52,"key":"Regen Potion"},{"floor":52,"key":"Block Potion"}],"is_trial":false,"path_per_floor":["M","?","M","M","$","R","?","?","T","E","M","$","R","?","R","B",null,"M","?","$","M","?","E","R","M","T","R","$","M","M","?","R","B",null,"M","?","$","?","$","R","M","R","T","T","M","$","R","M","R","B",null,"R","$","E","B"],"character_chosen":"THE_SILENT","items_purchased":["Guide Book","Sucker Punch","Accuracy","Membership Card","Dramatic Entrance","Dagger Throw+1","Outmaneuver","Hidden Blade","Acrobatics","Flying Knee","Block Potion","Strength Potion","Quantum Egg","Blade Dance","Bandage Up","Vajra","Quick Slash","SkillPotion","Swift Potion"],"campfire_rested":5,"item_purchase_floors":[5,12,20,20,20,20,20,28,28,28,37,37,37,37,37,46,46,53,53],"current_hp_per_floor":[63,63,63,63,63,63,63,52,62,26,26,26,50,54,79,32,84,71,71,71,56,56,59,84,70,70,70,70,66,68,52,78,33,78,78,78,76,76,76,74,70,70,70,70,55,55,72,64,70,30,70,70,70,36,0,0],"gold":103,"neow_bonus":"RANDOM_COMMON_RELIC","is_daily":false,"chose_seed":false,"campfire_upgraded":1,"win_rate":0.0,"timestamp":1614175270,"path_taken":["M","?","M","M","$","R","?","?","T","E","M","$","R","?","R","BOSS","M","?","$","M","?","E","R","M","T","R","?","M","M","?","R","BOSS","M","?","$","?","?","R","?","R","T","?","M","$","R","?","R","BOSS","R","$","E","BOSS"],"items_purchased_type":["Relic","Card","Card","Relic","Card","Card","Card","Card","Card","Card","Potion","Potion","Relic","Card","Card","Relic","Card","Potion","Potion"],"build_version":"2020-12-22","purchased_purges":3,"victory":false,"max_hp_per_floor":[70,70,70,70,70,70,70,70,80,80,80,80,80,84,84,84,84,84,84,84,84,84,84,84,84,84,82,82,82,80,80,80,78,78,78,78,76,76,76,74,74,74,74,74,72,72,72,70,70,70,70,70,70,68,68,68],"card_choices":[{"not_picked":["Acrobatics","Sucker Punch"],"picked":"Backstab","floor":1},{"not_picked":["Well Laid Plans","Deadly Poison"],"picked":"Slice","floor":3},{"not_picked":["Flying Knee","Choke"],"picked":"Infinite Blades","floor":4},{"not_picked":["Well Laid Plans","All Out Attack"],"picked":"PiercingWail","floor":10},{"not_picked":["PiercingWail","Masterful Stab"],"picked":"Dagger Throw","floor":11},{"not_picked":["Calculated Gamble","Footwork"],"picked":"Underhanded Strike+1","floor":18},{"not_picked":["All Out Attack","Well Laid Plans"],"picked":"Dash+1","floor":21},{"not_picked":["Sneak Up","Outmaneuver"],"picked":"ReplayTheSpireMod:The Works","floor":23},{"not_picked":["Sucker Punch+1","Glass Knife"],"picked":"Blade Dance+1","floor":25},{"not_picked":["ReplayTheSpireMod:The Works","Outmaneuver","Tactician"],"picked":"SKIP","floor":29},{"not_picked":["Dodge and Roll","Replay:Poison Smokescreen"],"picked":"Terror","floor":30},{"not_picked":["Blur+1","Footwork"],"picked":"Finisher","floor":35},{"not_picked":["ReplayTheSpireMod:The Works","Dagger Throw+1"],"picked":"Cloak And Dagger","floor":41},{"not_picked":["Poisoned Stab","Deflect"],"picked":"Finisher+1","floor":45},{"not_picked":["Dodge and Roll","Acrobatics"],"picked":"Quick Slash","floor":48},{"not_picked":["Dagger Throw","Dagger Spray+1","Replay:Poison Smokescreen+1"],"picked":"SKIP","floor":54}],"player_experience":102556,"relics_obtained":[{"floor":9,"key":"Pear"},{"floor":10,"key":"Ginger"},{"floor":19,"key":"ReplayTheSpireMod:Ring of Addiction"},{"floor":19,"key":"Potion Belt"},{"floor":19,"key":"Chameleon Ring"},{"floor":19,"key":"Ring of Greed"},{"floor":19,"key":"Old Coin"},{"floor":19,"key":"Replay:Bandana"},{"floor":23,"key":"PreservedInsect"},{"floor":26,"key":"Replay:Bottled Snecko"},{"floor":31,"key":"Enchiridion"},{"floor":44,"key":"Whetstone"},{"floor":54,"key":"Replay:Kaleidoscope"}],"event_choices":[{"damage_healed":0,"gold_gain":0,"player_choice":"Leave","damage_taken":0,"max_hp_gain":0,"max_hp_loss":0,"event_name":"The Cleric","floor":2,"gold_loss":0},{"damage_healed":0,"gold_gain":65,"player_choice":"Gained Gold","damage_taken":0,"max_hp_gain":0,"max_hp_loss":0,"event_name":"Golden Wing","floor":7,"gold_loss":0},{"damage_healed":0,"gold_gain":75,"player_choice":"Gather Gold","damage_taken":11,"max_hp_gain":0,"max_hp_loss":0,"event_name":"World of Goop","floor":8,"gold_loss":0},{"damage_healed":0,"gold_gain":0,"player_choice":"Obtained Relic","damage_taken":0,"relics_obtained":["Gremlin Food"],"max_hp_gain":0,"max_hp_loss":0,"event_name":"Addict","floor":22,"gold_loss":85},{"damage_healed":0,"gold_gain":0,"player_choice":"Obtained Book","damage_taken":16,"max_hp_gain":0,"max_hp_loss":0,"event_name":"Cursed Tome","floor":31,"gold_loss":0},{"damage_healed":26,"gold_gain":0,"player_choice":"Heal","damage_taken":0,"max_hp_gain":0,"max_hp_loss":0,"event_name":"The Library","floor":32,"gold_loss":0},{"damage_healed":0,"gold_gain":0,"player_choice":"Ignored","damage_taken":0,"max_hp_gain":0,"max_hp_loss":0,"event_name":"Mysterious Sphere","floor":36,"gold_loss":0},{"damage_healed":0,"gold_gain":0,"player_choice":"Paid","damage_taken":0,"relics_obtained":["Red Mask"],"max_hp_gain":0,"max_hp_loss":0,"event_name":"Tomb of Lord Red Mask","floor":38,"gold_loss":43}],"is_beta":false,"boss_relics":[{"not_picked":["Honey Jar","Runic Dome"],"picked":"Fusion Hammer"},{"not_picked":["Sozu","Replay:Drink Me","Replay:Ancient Bell"]}],"items_purged_floors":[20,28,53],"is_endless":false,"potions_floor_spawned":[3,10,16,21,25,30,45],"killed_by":"The Heart","ascension_level":0}}