{"host":"nw2z3r121qgmn6la","time":1614143169,"event":{"mods":["BaseMod","Colored Map","Downfall","Highlight Path","Minty Spire (QoL Compilation)","Random Character Button","Relic Sorter","StSLib"],"gold_per_floor":[114,114,389,404,404,434,434,434,509,509,15,30,60,75,75,175,175,190,205,120,120,120,120,150,0,25,40,55,70,70,85,85,85,85,85],"floor_reached":33,"language":"ENG","playtime":1823,"items_purged":[],"score":275,"play_id":"5ece1a7d-2e3b-430d-a780-63ed3a972cf5","local_time":"20210224050609","daily_mods":["Allstar","Time Dilation","Terminal"],"is_ascension_mode":false,"campfire_choices":[{"data":"Chrysalis","floor":8,"key":"SMITH"},{"data":"Dramatic Entrance","floor":10,"key":"SMITH"},{"data":"Transmutation","floor":15,"key":"SMITH"},{"data":"Slimebound:Darklings","floor":23,"key":"SMITH"},{"data":"Slimebound:OozeBath","floor":32,"key":"SMITH"}],"circlet_count":0,"master_deck":["Slimebound:Strike_Slimebound+1","Slimebound:Strike_Slimebound","Slimebound:Strike_Slimebound","Slimebound:Tackle+1","Slimebound:Defend_Slimebound","Slimebound:Defend_Slimebound","Slimebound:Defend_Slimebound","Slimebound:Defend_Slimebound","Slimebound:Split","Slimebound:CorrosiveSpit","Good Instincts","Mind Blast","Dramatic Entrance+1","Chrysalis+1","Sadistic Nature","Slimebound:SamplingLick","Slimebound:HauntingLick","Regret","Transmutation+1","Slimebound:SplitMire","Slimebound:Schlurp","Slimebound:Darklings+1","Slimebound:SplitLeeching","Slimebound:Schlurp","Slimebound:LevelUp","Slimebound:SplitAcid","Slimebound:OozeBath+1","Slimebound:SamplingLick","Slimebound:HauntingLick"],"relics":["Slimebound:AbsorbEndCombat","Slimebound:MaxSlimesRelic","Mummified Hand","Gremlin Horn","MealTicket","Whetstone","Guardian:PocketSentry","Sozu","Shuriken","Pantograph","Strawberry","Blood Vial","MutagenicStrength"],"acts_visited":["Exordium","TheCity"],"potions_floor_usage":[13,16,16],"damage_taken":[{"damage":0,"enemies":"Cultist","floor":1,"turns":2},{"damage":3,"enemies":"Jaw Worm","floor":4,"turns":4},{"damage":4,"enemies":"Lagavulin","floor":6,"turns":4},{"damage":0,"enemies":"2 Louse","floor":12,"turns":1},{"damage":10,"enemies":"Gremlin Nob","floor":13,"turns":3},{"damage":4,"enemies":"Blue Slaver","floor":14,"turns":2},{"damage":23,"enemies":"The Guardian","floor":16,"turns":3},{"damage":1,"enemies":"Spheric Guardian","floor":18,"turns":3},{"damage":9,"enemies":"2 Thieves","floor":19,"turns":2},{"damage":13,"enemies":"Book of Stabbing","floor":24,"turns":5},{"damage":0,"enemies":"Snecko","floor":27,"turns":3},{"damage":0,"enemies":"Centurion and Healer","floor":28,"turns":3},{"damage":0,"enemies":"Snake Plant","floor":29,"turns":1},{"damage":0,"enemies":"Cultist and Chosen","floor":31,"turns":3},{"damage":46,"enemies":"Automaton","floor":33,"turns":6}],"seed_played":"1986488565424594500","potions_obtained":[{"floor":4,"key":"Regen Potion"},{"floor":6,"key":"AttackPotion"},{"floor":14,"key":"EssenceOfSteel"}],"is_trial":false,"path_per_floor":["M","$","?","M","?","E","?","R","T","R","$","M","E","M","R","B",null,"M","M","?","?","?","R","E","$","T","M","M","M","?","M","R","B"],"character_chosen":"SLIMEBOUND","items_purchased":["MealTicket","Whetstone","Transmutation","Strawberry"],"campfire_rested":0,"item_purchase_floors":[11,11,11,25],"current_hp_per_floor":[63,62,61,59,59,58,57,56,55,54,53,52,42,40,40,30,47,46,39,39,39,39,39,28,46,45,44,43,42,41,40,39,0,0,0],"gold":85,"neow_bonus":"","is_daily":true,"chose_seed":false,"campfire_upgraded":5,"win_rate":0.0,"timestamp":1614143169,"path_taken":["M","?","?","?","?","E","?","R","T","R","?","M","E","M","R","BOSS","M","M","?","?","?","R","E","$","T","M","M","M","?","M","R","BOSS"],"items_purchased_type":["Relic","Relic","Card","Relic"],"build_version":"2020-12-22","purchased_purges":0,"victory":false,"max_hp_per_floor":[63,62,61,60,59,58,57,56,55,54,53,52,51,50,49,48,47,46,45,44,43,42,41,40,46,45,44,43,42,41,40,39,39,39,39],"card_choices":[{"not_picked":["Slimebound:SlimeTap","Slimebound:PressTheAttack"],"picked":"Slimebound:SamplingLick","floor":1},{"not_picked":["Slimebound:ComboTackle","Slimebound:PressTheAttack"],"picked":"Slimebound:HauntingLick","floor":4},{"not_picked":["Slimebound:PressTheAttack","Slimebound:RollThrough","Slimebound:LeechEnergy"],"picked":"SKIP","floor":6},{"not_picked":["Slimebound:FinishingTackle","Slimebound:HungryTackle"],"picked":"Slimebound:SplitMire","floor":12},{"not_picked":["Slimebound:SpikyOuterGoop","Slimebound:GrowthPunch","Slimebound:CheckThePlaybook"],"picked":"SKIP","floor":13},{"not_picked":["Slimebound:FinishingTackle","Slimebound:BestDefense"],"picked":"Slimebound:Schlurp","floor":14},{"not_picked":["Slimebound:MassRepurpose","Slimebound:Teamwork"],"picked":"Slimebound:Darklings","floor":16},{"not_picked":["Slimebound:SlimeSpikes+1","Slimebound:Dissolve"],"picked":"Slimebound:SplitLeeching","floor":18},{"not_picked":["Slimebound:ForwardTackle","Slimebound:SplitMire"],"picked":"Slimebound:Schlurp","floor":19},{"not_picked":["Slimebound:ProtectTheBoss","Slimebound:SlimeSpikes"],"picked":"Slimebound:SplitAcid","floor":24},{"not_picked":["Slimebound:DivideAndConquer+1","Slimebound:SplitAcid+1"],"picked":"Slimebound:OozeBath","floor":27},{"not_picked":["Slimebound:RollThrough","Slimebound:GoopSpray"],"picked":"Slimebound:SamplingLick","floor":28},{"not_picked":["Slimebound:GrowthPunch","Slimebound:PressTheAttack+1","Slimebound:FinishingTackle+1"],"picked":"SKIP","floor":29},{"not_picked":["Slimebound:BestDefense","Slimebound:LivingWall"],"picked":"Slimebound:HauntingLick","floor":31}],"player_experience":282227,"relics_obtained":[{"floor":6,"key":"Slimebound:MaxSlimesRelic"},{"floor":9,"key":"Gremlin Horn"},{"floor":13,"key":"Guardian:PocketSentry"},{"floor":24,"key":"Pantograph"},{"floor":26,"key":"Blood Vial"}],"event_choices":[{"damage_healed":0,"gold_gain":275,"player_choice":"Desecrate","damage_taken":0,"max_hp_gain":0,"max_hp_loss":0,"event_name":"Golden Shrine","floor":3,"gold_loss":0,"cards_obtained":["Regret"]},{"cards_removed":["Regret"],"damage_healed":0,"gold_gain":0,"player_choice":"Forget","damage_taken":0,"max_hp_gain":0,"max_hp_loss":0,"event_name":"Living Wall","floor":5,"gold_loss":0},{"damage_healed":0,"gold_gain":0,"player_choice":"Box","damage_taken":0,"relics_obtained":["Mummified Hand"],"max_hp_gain":0,"max_hp_loss":0,"event_name":"Big Fish","floor":7,"gold_loss":0,"cards_obtained":["Regret"]},{"damage_healed":0,"gold_gain":0,"player_choice":"Obtained Relic","damage_taken":0,"relics_obtained":["Shuriken"],"max_hp_gain":0,"max_hp_loss":0,"event_name":"Addict","floor":20,"gold_loss":85},{"damage_healed":0,"gold_gain":0,"player_choice":"Ignored","damage_taken":0,"max_hp_gain":0,"max_hp_loss":0,"event_name":"Vampires","floor":21,"gold_loss":0},{"damage_healed":0,"gold_gain":0,"player_choice":"Read","damage_taken":0,"max_hp_gain":0,"max_hp_loss":0,"event_name":"The Library","floor":22,"gold_loss":0,"cards_obtained":["Slimebound:LevelUp"]},{"damage_healed":0,"gold_gain":0,"player_choice":"Inject Mutagens","damage_taken":0,"relics_obtained":["MutagenicStrength"],"max_hp_gain":0,"max_hp_loss":0,"event_name":"Drug Dealer","floor":30,"gold_loss":0}],"is_beta":false,"boss_relics":[{"not_picked":["Coffee Dripper","bronze:MakeshiftBattery"],"picked":"Sozu"}],"items_purged_floors":[],"is_endless":false,"potions_floor_spawned":[4,6,14,19,27,28,31],"killed_by":"Automaton","ascension_level":0}}