{"host":"y9jgkjnf95sujozk","time":1614178617,"event":{"mods":["2.2 Compatiblity","AchievementEnabler","Act Like it!","Aspiration","BaseMod","BetterRewards","Block Reminder","Colored Map","Colored Powertips","Downfall","Friendly Minions","Gensokyo","GifTheSpireLib","Hallownest","Hermit","Highlight Path","HololiveMod","Hubris","Infinite Spire","Jorbs\u0027s Wanderer Trilogy","Koishi","Marisa（霧雨　魔理沙）","Minty Spire (QoL Compilation)","Quick Restart","Random Character Button","Rare Cards Sparkle","Reimu（博??梦）","Remilia（蕾米莉?）","Replay The Spire","Shop Mod","StSLib","SuperFastMode","The Administrix","The Bug Knight","The Cursed","The Disciple","The Hierophant","The Jungle","The Runesmith","The Senshi","The Servant 0.9.4"],"gold_per_floor":[119,119,130,144,161,30,30,61,61,118,118,132,132,132,149,24,24,126,126,142,156,156,116,116,116,116,116,139,152,183,183,183,196,196,292,292,310,310,328,328,345,363,16,16,40,40,40,59,75,75,75,75],"floor_reached":53,"language":"ENG","playtime":1656,"items_purged":[],"score":977,"play_id":"5b40aee7-a58d-474e-ab32-7b4715a69a24","local_time":"20210224155657","is_ascension_mode":false,"campfire_choices":[{"floor":7.0,"key":"REST"},{"floor":17.0,"key":"REST"},{"floor":25.0,"key":"REST"},{"floor":31.0,"key":"REST"},{"floor":34.0,"key":"REST"},{"floor":44.0,"key":"REST"},{"floor":46.0,"key":"REST"}],"circlet_count":0,"master_deck":["theSenshi:SailorKick","theSenshi:SailorKick","theSenshi:SailorKick","theSenshi:SailorKick","theSenshi:SailorBlock","theSenshi:SailorBlock","theSenshi:SailorBlock","theSenshi:SailorBlock","theSenshi:RoseThrow","theSenshi:MoonPrismPowerMakeUp","theSenshi:SaturnsMystery","theSenshi:SailorVenusAssists","theSenshi:MoonTiaraMagic","theSenshi:LunasBite","theSenshi:SailorUranusAssists","theSenshi:UranusStrength","theSenshi:SailorMercuryAssists","theSenshi:SailorVenusAssists","theSenshi:MoonKick","theSenshi:SailorChibiMoonAssists","theSenshi:SailorMarsAssists","theSenshi:SailorMarsAssists","Impatience","theSenshi:SailorCosmosAssists","theSenshi:EncouragingSpeech","theSenshi:SailorChibiMoonAssists","infinitespire:UltimateForm","theSenshi:LunaSensingAllies","theSenshi:VenusGlamour","theSenshi:MoonPrincessHalation","theSenshi:ChibiMoonsLove","theSenshi:LunasBite+1","theSenshi:SailorPlanetAttack","theSenshi:SailorMarsAssists+1","theSenshi:SailorMarsAssists+1","theSenshi:SailorMercuryAssists","theSenshi:EncouragingSpeech","theSenshi:VenusGlamour"],"relics":["theSenshi:TransformationBroochRelic","Replay:Multitool","theSenshi:TiaraRelic","ReplayTheSpireMod:Shallot","Gensokyo:OccultBall","aspiration:PoetsPen_weak","Pet Ghost","ZunR:ReiMu","Oddly Smooth Stone","ReplayTheSpireMod:TigerMarble","ReplayTheSpireMod:Ninjato","aspiration:RitualStick","bronze:MakeshiftBattery","Runesmith:Locket","Toolbox","Hololive_LightStick","Smiling Mask","Gensokyo:DualWield"],"acts_visited":["Exordium","TheCity","TheCity"],"potions_floor_usage":[52,52,52],"damage_taken":[{"damage":0.0,"enemies":"Gensokyo:2_Kodama","floor":1.0,"turns":5.0},{"damage":13.0,"enemies":"Gensokyo:3_Fairies","floor":3.0,"turns":7.0},{"damage":8.0,"enemies":"Gensokyo:Gryphon","floor":4.0,"turns":4.0},{"damage":0.0,"enemies":"Gensokyo:2_Rabbits","floor":5.0,"turns":6.0},{"damage":24.0,"enemies":"Gensokyo:Mamizou","floor":8.0,"turns":10.0},{"damage":4.0,"enemies":"Gensokyo:CorruptedTreant","floor":12.0,"turns":3.0},{"damage":3.0,"enemies":"Gensokyo:Gryphon_and_Rabbit","floor":15.0,"turns":6.0},{"damage":34.0,"enemies":"Gensokyo:Kokoro","floor":18.0,"turns":12.0},{"damage":11.0,"enemies":"Shell Parasite","floor":20.0,"turns":4.0},{"damage":0.0,"enemies":"Centurion and Healer","floor":21.0,"turns":5.0},{"damage":7.0,"enemies":"Chosen and Byrds","floor":29.0,"turns":5.0},{"damage":0.0,"enemies":"HollowMod:Nosk","floor":30.0,"turns":5.0},{"damage":10.0,"enemies":"3 Cultists","floor":33.0,"turns":3.0},{"damage":69.0,"enemies":"Collector","floor":35.0,"turns":7.0},{"damage":14.0,"enemies":"Gensokyo:AncientGuardian","floor":37.0,"turns":5.0},{"damage":0.0,"enemies":"Gensokyo:3_Bats","floor":39.0,"turns":1.0},{"damage":21.0,"enemies":"Gensokyo:Dusk_and_Dawn","floor":41.0,"turns":4.0},{"damage":15.0,"enemies":"Gensokyo:Rafflesia","floor":42.0,"turns":5.0},{"damage":0.0,"enemies":"Gensokyo:AtlasGolem","floor":48.0,"turns":4.0},{"damage":0.0,"enemies":"Gensokyo:3_Boulders","floor":49.0,"turns":2.0},{"damage":48,"enemies":"Gensokyo:Yuyuko","floor":52,"turns":4}],"seed_played":"-2322335357053556271","potions_obtained":[{"floor":1.0,"key":"AttackPotion"},{"floor":5.0,"key":"Dexterity Potion"},{"floor":8.0,"key":"Regen Potion"},{"floor":20.0,"key":"Doom Potion"},{"floor":39.0,"key":"LiquidMemories"},{"floor":42.0,"key":"Death Potion"},{"floor":51.0,"key":"LifebloodPotion"}],"is_trial":false,"path_per_floor":["M","?","M","M","M","$","R","E","T","?","?","M","PTL","PTL","M","$","R","B",null,"M","M","AVR","?","?","R","?","T","T","M","E","R","?","M","R","B",null,"M","?","M","?","M","M","$","R","T","R","?","M","M","?","R","B",null],"character_chosen":"THE_SENSHI","items_purchased":["theSenshi:SailorUranusAssists","theSenshi:UranusStrength","theSenshi:SailorMarsAssists","Impatience","theSenshi:SailorMercuryAssists","Toolbox","Hololive_LightStick"],"campfire_rested":7,"item_purchase_floors":[6,6,16,16,43,43,43],"current_hp_per_floor":[75,75,69,67,68,68,75,51,51,51,51,47,47,47,44,44,66,44,75,64,64,64,64,50,74,74,74,74,67,77,80,64,70,80,11,80,66,74,80,48,47,42,42,66,66,80,80,80,80,80,80,80],"gold":75,"neow_bonus":"","is_daily":false,"chose_seed":false,"campfire_upgraded":0,"win_rate":0.0,"timestamp":1614178617,"path_taken":["M","?","?","M","M","$","R","E","T","?","?","M","PTL","PTL","M","$","R","BOSS","M","M","AVR","?","?","R","?","?","T","M","E","R","?","M","R","BOSS","M","?","?","?","M","?","$","R","T","R","?","?","M","?","R","BOSS"],"items_purchased_type":["Card","Card","Card","Card","Card","Relic","Relic"],"build_version":"2020-12-22","purchased_purges":0,"victory":true,"max_hp_per_floor":[75,75,75,75,75,75,75,75,75,75,75,75,75,75,75,75,75,75,75,75,75,75,75,80,80,80,80,80,80,80,80,80,80,80,80,80,80,80,80,80,80,80,80,80,80,80,80,80,80,80,80,80],"card_choices":[{"not_picked":["theSenshi:SailorV","theSenshi:CrisisMakeUp"],"picked":"theSenshi:SaturnsMystery","floor":1.0},{"not_picked":["theSenshi:SchoolBag","theSenshi:MoonsReflection"],"picked":"theSenshi:SailorVenusAssists","floor":3.0},{"not_picked":["theSenshi:LateForSchool","theSenshi:SilverMoonCrystalPowerKiss"],"picked":"theSenshi:MoonTiaraMagic","floor":4.0},{"not_picked":["theSenshi:YouCanTalk","theSenshi:MoonlightKnight"],"picked":"theSenshi:LunasBite","floor":5.0},{"not_picked":["theSenshi:StudyParty","theSenshi:LateForSchool"],"picked":"theSenshi:SailorMercuryAssists","floor":8.0},{"not_picked":["theSenshi:LateForSchool","theSenshi:TuxedoSmokingBomber"],"picked":"theSenshi:SailorVenusAssists","floor":10.0},{"not_picked":["theSenshi:MoonPower","theSenshi:SchoolBag"],"picked":"theSenshi:MoonKick","floor":12.0},{"not_picked":["theSenshi:MoonPrincessHalation","theSenshi:SteeledNerves"],"picked":"theSenshi:SailorChibiMoonAssists","floor":15.0},{"not_picked":["theSenshi:MoonGorgeousMeditation","theSenshi:SailorPlutoAssists"],"picked":"theSenshi:SailorCosmosAssists","floor":18.0},{"not_picked":["theSenshi:LunaWiseMentor","theSenshi:MoonTiaraMagic"],"picked":"theSenshi:EncouragingSpeech","floor":20.0},{"not_picked":["theSenshi:MoonPunch","theSenshi:EncouragingSpeech"],"picked":"theSenshi:SailorChibiMoonAssists","floor":21.0},{"not_picked":["theSenshi:MoonKick","theSenshi:MoonTiaraMagic"],"picked":"theSenshi:LunaSensingAllies","floor":29.0},{"not_picked":["theSenshi:Overload","theSenshi:SailorVenusAssists"],"picked":"theSenshi:VenusGlamour","floor":30.0},{"not_picked":["theSenshi:MoonTiaraMagic+1","theSenshi:TallSilhouette"],"picked":"theSenshi:MoonPrincessHalation","floor":33.0},{"not_picked":["theSenshi:StudyParty","theSenshi:SailorCosmosAssists"],"picked":"theSenshi:ChibiMoonsLove","floor":35.0},{"not_picked":["theSenshi:EncouragingSpeech+1","theSenshi:GatheringStrength"],"picked":"theSenshi:LunasBite+1","floor":37.0},{"not_picked":["theSenshi:YouCanTalk","theSenshi:SailorV"],"picked":"theSenshi:SailorPlanetAttack","floor":39.0},{"not_picked":["theSenshi:MoonlightKnight+1","theSenshi:TuxedoSmokingBomber"],"picked":"theSenshi:SailorMarsAssists+1","floor":41.0},{"not_picked":["theSenshi:LunasBite+1","theSenshi:SailorStarFighterAssists"],"picked":"theSenshi:SailorMarsAssists+1","floor":42.0},{"not_picked":["theSenshi:MoonPrincessHalation+1","theSenshi:SchoolBag+1"],"picked":"theSenshi:EncouragingSpeech","floor":48.0},{"not_picked":["theSenshi:SupersonicWaves+1","theSenshi:MoonPrincessHalation"],"picked":"theSenshi:VenusGlamour","floor":49.0}],"player_experience":192384,"relics_obtained":[{"floor":8.0,"key":"theSenshi:TiaraRelic"},{"floor":9.0,"key":"ReplayTheSpireMod:Shallot"},{"floor":18.0,"key":"Gensokyo:OccultBall"},{"floor":27.0,"key":"Oddly Smooth Stone"},{"floor":28.0,"key":"ReplayTheSpireMod:TigerMarble"},{"floor":30.0,"key":"ReplayTheSpireMod:Ninjato"},{"floor":35.0,"key":"Gensokyo:OccultBall"},{"floor":41.0,"key":"Gensokyo:OccultBall"},{"floor":45.0,"key":"Smiling Mask"}],"event_choices":[{"damage_healed":0.0,"max_hp_gain":0.0,"max_hp_loss":0.0,"gold_gain":0.0,"event_name":"ZunEvent","player_choice":"Keep O-miki","floor":23.0,"gold_loss":40.0,"damage_taken":0.0,"relics_obtained":["ZunR:ReiMu"]},{"damage_healed":0.0,"max_hp_gain":5.0,"max_hp_loss":0.0,"gold_gain":0.0,"event_name":"Forgotten Altar","player_choice":"Shed Blood","floor":24.0,"gold_loss":0.0,"damage_taken":19.0}],"is_beta":false,"boss_relics":[{"not_picked":["hubris:GrandSneckoEye","Runic Dome"],"picked":"aspiration:PoetsPen_weak"},{"not_picked":["Astrolabe","hubris:VirtuousBlindfold"],"picked":"bronze:MakeshiftBattery"}],"items_purged_floors":[],"is_endless":false,"potions_floor_spawned":[1,5,8,12,20,39,42],"ascension_level":0}}