{"host":"43wsnxh97mgjl5zw","time":1614185573,"event":{"mods":["Aspiration","BaseMod","Colored Map","Colored Powertips","Conspire","Downfall","Halation","Hubris","Minty Spire (QoL Compilation)","Quick Restart","Rare Cards Sparkle","Relic Sorter","Reliquary","Replay The Spire","StSLib"],"gold_per_floor":[112,112,128,108,126,126,154,166,178,190,235,247,259,271,271],"floor_reached":14,"language":"ENG","playtime":232,"items_purged":[],"score":192,"play_id":"fb1b3303-538d-41e3-925a-fddc865c9bf2","local_time":"20210224185253","is_ascension_mode":true,"campfire_choices":[{"data":"Clothesline","floor":6,"key":"SMITH"},{"data":"Shockwave","floor":10,"key":"SMITH"},{"data":"ReplayTheSpireMod:Limb From Limb","floor":12,"key":"SMITH"}],"circlet_count":0,"master_deck":["AscendersBane","Strike_R","Strike_R","Strike_R","Strike_R","Strike_R","Defend_R","Defend_R+1","Defend_R+1","Defend_R","Bash+1","Clothesline+1","Shockwave+1","Thunderclap","ReplayTheSpireMod:Limb From Limb+1"],"relics":["Burning Blood","NeowsBlessing","MawBank","halation:StarCompass","reliquary:Stiletto"],"acts_visited":["Exordium"],"potions_floor_usage":[7,7],"damage_taken":[{"damage":0,"enemies":"Small Slimes","floor":1,"turns":1},{"damage":0,"enemies":"2 Louse","floor":3,"turns":1},{"damage":0,"enemies":"Cultist","floor":5,"turns":1},{"damage":19,"enemies":"Gremlin Nob","floor":7,"turns":5},{"damage":34,"enemies":"Lagavulin","floor":11,"turns":9},{"damage":19,"enemies":"Gremlin Nob","floor":14,"turns":4}],"seed_played":"8934368149510027992","potions_obtained":[{"floor":1,"key":"BlessingOfTheForge"},{"floor":4,"key":"Flashbang"}],"is_trial":false,"path_per_floor":["M","?","M","?","M","R","E","?","T","R","E","R","?","E"],"character_chosen":"IRONCLAD","items_purchased":[],"campfire_rested":0,"item_purchase_floors":[],"current_hp_per_floor":[74,51,57,57,63,63,50,50,50,50,22,22,22,3,3],"gold":271,"neow_bonus":"THREE_ENEMY_KILL","is_daily":false,"chose_seed":false,"campfire_upgraded":3,"win_rate":0.0,"timestamp":1614185573,"path_taken":["M","?","M","?","?","R","E","?","T","R","E","R","?","E"],"items_purchased_type":[],"build_version":"2020-12-22","purchased_purges":0,"victory":false,"max_hp_per_floor":[75,75,75,75,75,75,75,75,75,75,75,75,75,75,75],"card_choices":[{"not_picked":["Blood for Blood","hubris:CleavingFinish"],"picked":"Clothesline","floor":1},{"not_picked":["Reckless Charge","Replay:Undeath\u0027s Touch","Rage"],"picked":"SKIP","floor":3},{"not_picked":["ReplayTheSpireMod:Strike From Hell","Sword Boomerang"],"picked":"Shockwave","floor":5},{"not_picked":["Hemokinesis","Defy Death"],"picked":"Thunderclap","floor":7},{"not_picked":["Whirlwind","Berserk"],"picked":"ReplayTheSpireMod:Limb From Limb","floor":11}],"player_experience":1287257,"relics_obtained":[{"floor":7,"key":"MawBank"},{"floor":11,"key":"reliquary:Stiletto"}],"event_choices":[{"damage_healed":0,"gold_gain":0,"player_choice":"Entered Light","damage_taken":23,"max_hp_gain":0,"max_hp_loss":0,"event_name":"Shining Light","floor":2,"gold_loss":0,"cards_upgraded":["Defend_R","Defend_R"]},{"damage_healed":0,"gold_gain":0,"player_choice":"Bought 1 Potion","damage_taken":0,"max_hp_gain":0,"max_hp_loss":0,"event_name":"The Woman in Blue","floor":4,"gold_loss":0}],"is_beta":false,"boss_relics":[],"items_purged_floors":[],"is_endless":false,"potions_floor_spawned":[1],"killed_by":"Gremlin Nob","ascension_level":20}}