{"host":"9nndy8b5p9ivqzyi","time":1614206087,"event":{"mods":["Act Like it!","Aspiration","BaseMod","Colored Powertips","Conspire","Downfall","Halation","Hubris","Minty Spire (QoL Compilation)","Relic Sorter","Reliquary","Replay The Spire","Ruina","StSLib"],"gold_per_floor":[99,118,128,128,141,154,154,154,180,197,214,214,214,241,254,254,254,254],"floor_reached":16,"language":"ENG","playtime":694,"items_purged":[],"score":164,"play_id":"b59c3ca0-cd0d-4c9f-b887-6c08e1e6b7d8","local_time":"20210224223447","is_ascension_mode":false,"campfire_choices":[{"floor":1,"key":"RECALL"},{"floor":12,"key":"REST"}],"circlet_count":0,"master_deck":["Guardian:Strike_Guardian","Guardian:Strike_Guardian","Guardian:Strike_Guardian","Guardian:Strike_Guardian","Guardian:Defend_Guardian","Guardian:Defend_Guardian","Guardian:Defend_Guardian","Guardian:Defend_Guardian","Guardian:CurlUp","Guardian:TwinSlam","Guardian:WalkerClaw","Regret","Pain"],"relics":["Guardian:ModeShifter","reliquary:Sideboard","Incense Burner","WarpedTongs","reliquary:Stiletto","Replay:Bottled Flurry"],"acts_visited":["Exordium"],"potions_floor_usage":[14,16,16],"damage_taken":[{"damage":2,"enemies":"Small Slimes","floor":2,"turns":5},{"damage":1,"enemies":"Cultist","floor":3,"turns":5},{"damage":0,"enemies":"2 Louse","floor":5,"turns":2},{"damage":9,"enemies":"Exordium Wildlife","floor":6,"turns":4},{"damage":14,"enemies":"Replay:BlueRogue","floor":9,"turns":7},{"damage":16,"enemies":"downfall:LooterAlt","floor":10,"turns":3},{"damage":23,"enemies":"Exordium Thugs","floor":11,"turns":7},{"damage":8,"enemies":"Gremlin Nob","floor":14,"turns":4},{"damage":22,"enemies":"Exordium Wildlife","floor":15,"turns":5},{"damage":10,"enemies":"IC_STATUS_ARCHETYPE","floor":16,"turns":5}],"seed_played":"8736509039919546555","potions_obtained":[{"floor":0,"key":"FearPotion"},{"floor":0,"key":"Guardian:DefensiveModePotion"},{"floor":0,"key":"Venom Potion"},{"floor":11,"key":"SteroidPotion"},{"floor":15,"key":"GamblersBrew"}],"is_trial":false,"path_per_floor":["R","M","M","?","M","M","T","?","E","M","M","R","?","E","M","B"],"character_chosen":"GUARDIAN","items_purchased":[],"campfire_rested":1,"item_purchase_floors":[],"current_hp_per_floor":[80,78,77,77,77,68,68,68,54,38,15,39,39,31,9,0,0,0],"gold":254,"neow_bonus":"THREE_SMALL_POTIONS","is_daily":false,"chose_seed":false,"campfire_upgraded":0,"win_rate":0.0,"timestamp":1614206087,"path_taken":["R","M","M","?","M","M","T","?","E","M","?","R","?","E","M","BOSS"],"items_purchased_type":[],"build_version":"2020-12-22","purchased_purges":0,"victory":false,"max_hp_per_floor":[80,80,80,80,80,80,80,80,80,80,80,80,80,80,80,80,80,80],"card_choices":[{"not_picked":["Guardian:PiercingHide","Guardian:Gem_Red"],"picked":"Guardian:WalkerClaw","floor":2},{"not_picked":["Guardian:Reroute","Guardian:Recover","Guardian:MultiBeam"],"picked":"SKIP","floor":3},{"not_picked":["Guardian:Suspension","Guardian:PrismaticBarrier"],"picked":"Guardian:Incinerate","floor":5},{"not_picked":["Guardian:TemporalStrike","Guardian:VentSteam"],"picked":"Guardian:Suspension","floor":6},{"not_picked":["Guardian:StasisField","Guardian:Gem_Yellow"],"picked":"Guardian:Gem_Red","floor":9},{"not_picked":["Guardian:ChargeCore","Guardian:RefractedBeam"],"picked":"Guardian:Gem_Red","floor":10},{"not_picked":["Guardian:Gem_Red","Guardian:Reroute"],"picked":"Guardian:EvasiveProtocol","floor":11},{"not_picked":["Guardian:WalkerClaw","Guardian:Incinerate"],"picked":"Guardian:PrimingBeam","floor":14},{"not_picked":["Guardian:RollAttack","Guardian:PolyBeam"],"picked":"Guardian:Gem_Crimson","floor":15}],"player_experience":125607,"relics_obtained":[{"floor":7,"key":"Incense Burner"},{"floor":9,"key":"reliquary:Stiletto"},{"floor":14,"key":"Replay:Bottled Flurry"}],"event_choices":[{"damage_healed":0,"gold_gain":0,"player_choice":"Box","damage_taken":0,"relics_obtained":["reliquary:Sideboard"],"max_hp_gain":0,"max_hp_loss":0,"event_name":"Big Fish","floor":4,"gold_loss":0,"cards_obtained":["Regret"]}],"is_beta":false,"boss_relics":[],"items_purged_floors":[],"is_endless":false,"potions_floor_spawned":[9,10,11,15],"killed_by":"IC_STATUS_ARCHETYPE","ascension_level":0}}