{"host":"1poy056mauca3bbh","time":1614139408,"event":{"mods":["Ascension Unlocker","BaseMod","Bestiary","Block Reminder","Colored Map","Colored Powertips","Curses Come First","Highlight Path","Minty Spire (QoL Compilation)","Permanent Neow","Quick Restart","Rare Cards Sparkle","Relic Stats","Smile Girya","StSLib","UnlockEverythingMod"],"gold_per_floor":[118,168,188,32,44,44,62,72,118,134,134,163,163,174,174,245,245,258,272,272,322,337,337,337,337],"floor_reached":24,"language":"ENG","playtime":1141,"items_purged":[],"score":400,"play_id":"0f8460a0-7703-4b8a-8eee-34c1fd23b491","local_time":"20210223230328","is_ascension_mode":true,"campfire_choices":[{"data":"Footwork","floor":6.0,"key":"SMITH"},{"floor":11.0,"key":"REST"},{"floor":15.0,"key":"REST"},{"floor":23.0,"key":"REST"}],"circlet_count":0,"master_deck":["AscendersBane","Strike_G+1","Strike_G","Strike_G","Strike_G+1","Strike_G","Defend_G","Defend_G","Defend_G","Defend_G","Defend_G","Survivor","Neutralize","Deadly Poison","Cloak And Dagger","Deadly Poison","Footwork+1","Slice","Poisoned Stab","Cloak And Dagger","Caltrops","Backstab","Footwork+1","Outmaneuver","Venomology","CurseOfTheBell","PiercingWail","Distraction","Noxious Fumes"],"relics":["Runic Pyramid","Whetstone","HornCleat","Calling Bell","Boot","Mercury Hourglass","Incense Burner","Ancient Tea Set"],"acts_visited":["Exordium","TheCity"],"potions_floor_usage":[24],"damage_taken":[{"damage":4.0,"enemies":"2 Louse","floor":1.0,"turns":3.0},{"damage":0.0,"enemies":"Cultist","floor":3.0,"turns":4.0},{"damage":0.0,"enemies":"Jaw Worm","floor":5.0,"turns":5.0},{"damage":33.0,"enemies":"Lots of Slimes","floor":7.0,"turns":5.0},{"damage":0.0,"enemies":"3 Louse","floor":8.0,"turns":5.0},{"damage":12.0,"enemies":"Large Slime","floor":10.0,"turns":6.0},{"damage":3.0,"enemies":"Lagavulin","floor":12.0,"turns":7.0},{"damage":0.0,"enemies":"Looter","floor":14.0,"turns":3.0},{"damage":35.0,"enemies":"The Guardian","floor":16.0,"turns":10.0},{"damage":0.0,"enemies":"Chosen","floor":18.0,"turns":3.0},{"damage":21.0,"enemies":"Shell Parasite","floor":19.0,"turns":3.0},{"damage":14.0,"enemies":"Sentry and Sphere","floor":22.0,"turns":7.0},{"damage":36,"enemies":"Book of Stabbing","floor":24,"turns":4}],"seed_played":"7910753463844375607","potions_obtained":[{"floor":3.0,"key":"FearPotion"},{"floor":10.0,"key":"SneckoOil"},{"floor":12.0,"key":"Strength Potion"},{"floor":14.0,"key":"Fire Potion"},{"floor":16.0,"key":"DistilledChaos"},{"floor":19.0,"key":"Dexterity Potion"}],"is_trial":false,"path_per_floor":["M","?","M","$","M","R","M","M","T","M","R","E","?","M","R","B",null,"M","M","T","?","M","R","E"],"character_chosen":"THE_SILENT","items_purchased":["Deadly Poison","Footwork","Slice"],"campfire_rested":3,"item_purchase_floors":[4,4,4],"current_hp_per_floor":[55,55,55,55,55,55,22,22,22,10,29,26,26,26,45,10,52,52,31,31,31,17,36,0,0],"gold":337,"neow_bonus":"BOSS_RELIC","is_daily":false,"chose_seed":false,"campfire_upgraded":1,"win_rate":0.0,"timestamp":1614139408,"path_taken":["M","?","?","?","M","R","M","M","T","M","R","E","?","?","R","BOSS","M","M","?","?","?","R","E"],"items_purchased_type":["Card","Card","Card"],"build_version":"2020-12-22","purchased_purges":0,"victory":false,"max_hp_per_floor":[66,66,66,66,66,66,66,66,66,66,66,66,66,66,66,66,66,66,66,66,66,66,66,66,66],"relic_stats":{"counters":[13,65],"Whetstone":["Strike_G","Strike_G"],"Boot":[4],"obtain_stats":[{"Calling Bell":17,"HornCleat":12,"Incense Burner":17,"Whetstone":9,"Boot":17,"Ancient Tea Set":20,"Ring of the Snake":0,"Runic Pyramid":0,"Mercury Hourglass":17},{"Calling Bell":9,"HornCleat":7,"Incense Burner":9,"Whetstone":5,"Boot":9,"Ancient Tea Set":11,"Ring of the Snake":0,"Runic Pyramid":0,"Mercury Hourglass":9},{"Calling Bell":48,"HornCleat":35,"Incense Burner":48,"Whetstone":22,"Boot":48,"Ancient Tea Set":54,"Ring of the Snake":0,"Runic Pyramid":0,"Mercury Hourglass":48}],"Mercury Hourglass":[33]},"card_choices":[{"not_picked":["Dodge and Roll","Outmaneuver"],"picked":"Deadly Poison","floor":1.0},{"not_picked":["PiercingWail","Dagger Throw"],"picked":"Cloak And Dagger","floor":3.0},{"not_picked":["Quick Slash","Acrobatics"],"picked":"Poisoned Stab","floor":5.0},{"not_picked":["Bane","Masterful Stab"],"picked":"Cloak And Dagger","floor":7.0},{"not_picked":["Dagger Spray","Quick Slash"],"picked":"Caltrops","floor":8.0},{"not_picked":["Backflip","Poisoned Stab"],"picked":"Backstab","floor":10.0},{"not_picked":["Choke","Deflect"],"picked":"Footwork","floor":12.0},{"not_picked":["Concentrate","Dash"],"picked":"Outmaneuver","floor":14.0},{"not_picked":["Wraith Form v2","Tools of the Trade"],"picked":"Venomology","floor":16.0},{"not_picked":["Prepared","Masterful Stab"],"picked":"PiercingWail","floor":18.0},{"not_picked":["Deflect","All Out Attack"],"picked":"Distraction","floor":19.0},{"not_picked":["Poisoned Stab","Masterful Stab"],"picked":"Noxious Fumes","floor":22.0}],"player_experience":174965,"relics_obtained":[{"floor":9.0,"key":"Whetstone"},{"floor":12.0,"key":"HornCleat"},{"floor":17.0,"key":"Boot"},{"floor":17.0,"key":"Mercury Hourglass"},{"floor":17.0,"key":"Incense Burner"},{"floor":20.0,"key":"Ancient Tea Set"}],"event_choices":[{"damage_healed":0.0,"max_hp_gain":0.0,"max_hp_loss":0.0,"gold_gain":50.0,"event_name":"Golden Shrine","player_choice":"Pray","floor":2.0,"gold_loss":0.0,"damage_taken":0.0},{"damage_healed":0.0,"max_hp_gain":0.0,"max_hp_loss":0.0,"gold_gain":0.0,"event_name":"Accursed Blacksmith","player_choice":"Forge","floor":13.0,"gold_loss":0.0,"damage_taken":0.0,"cards_upgraded":["Footwork"]},{"damage_healed":0.0,"max_hp_gain":0.0,"max_hp_loss":0.0,"gold_gain":50.0,"event_name":"Golden Shrine","player_choice":"Pray","floor":21.0,"gold_loss":0.0,"damage_taken":0.0}],"is_beta":false,"boss_relics":[{"not_picked":["Tiny House","HoveringKite"],"picked":"Calling Bell"}],"items_purged_floors":[],"is_endless":false,"potions_floor_spawned":[3,10,12,14,16,19],"killed_by":"Book of Stabbing","ascension_level":20}}