{"host":"qp7xs8nuzfsyommi","time":1614183402,"event":{"mods":["2.2 Compatiblity","BaseMod","Colored Powertips","DeckTracker","Highlight Path","Minty Spire (QoL Compilation)","Permanent Neow","Quick Restart","StSLib","Weighted Paths"],"gold_per_floor":[365,375,375,390,108,140,140,165,165,165,184,184,201,201,201,274,274,289,71,89,89,89,89],"floor_reached":22,"language":"ENG","playtime":885,"items_purged":[],"score":388,"play_id":"0f2bbdfa-2871-4dcc-a972-982a8d5dab5c","local_time":"20210224111642","is_ascension_mode":true,"campfire_choices":[{"floor":7.0,"key":"REST"},{"floor":12.0,"key":"REST"},{"data":"Undo","floor":15.0,"key":"SMITH"}],"circlet_count":0,"master_deck":["AscendersBane","Strike_B","Strike_B","Strike_B","Defend_B","Defend_B","Defend_B","Defend_B","Zap","Dualcast","Turbo+1","Undo+1","Chill","Conserve Battery","Doom and Gloom","All For One","Capacitor+1","White Noise","Multi-Cast","Hologram","Force Field","Gash","FTL","Darkness","Decay"],"relics":["Cracked Core","Letter Opener","Frozen Egg 2","Ginger","Pantograph","InkBottle","Snecko Eye"],"acts_visited":["Exordium","TheCity"],"potions_floor_usage":[22],"damage_taken":[{"damage":1.0,"enemies":"Cultist","floor":1.0,"turns":3.0},{"damage":10.0,"enemies":"2 Louse","floor":2.0,"turns":3.0},{"damage":2.0,"enemies":"Jaw Worm","floor":4.0,"turns":4.0},{"damage":48.0,"enemies":"Gremlin Nob","floor":6.0,"turns":4.0},{"damage":8.0,"enemies":"3 Sentries","floor":8.0,"turns":10.0},{"damage":4.0,"enemies":"3 Louse","floor":11.0,"turns":2.0},{"damage":3.0,"enemies":"Exordium Wildlife","floor":13.0,"turns":3.0},{"damage":27.0,"enemies":"Slime Boss","floor":16.0,"turns":10.0},{"damage":1.0,"enemies":"2 Thieves","floor":18.0,"turns":3.0},{"damage":4.0,"enemies":"Chosen","floor":20.0,"turns":4.0},{"damage":54,"enemies":"3 Cultists","floor":22,"turns":5}],"seed_played":"7513372077095367577","potions_obtained":[{"floor":1.0,"key":"Fire Potion"},{"floor":2.0,"key":"SneckoOil"},{"floor":6.0,"key":"GamblersBrew"},{"floor":8.0,"key":"FocusPotion"}],"is_trial":false,"path_per_floor":["M","M","T","M","$","E","R","E","T","?","M","R","M","?","R","B",null,"M","$","M","?","M"],"character_chosen":"DEFECT","items_purchased":["Frozen Egg 2","Force Field","Gash","FTL"],"campfire_rested":2,"item_purchase_floors":[5,19,19,19],"current_hp_per_floor":[63,53,53,51,51,3,22,14,14,14,10,29,26,26,26,24,54,53,53,49,49,0,0],"gold":89,"neow_bonus":"TWO_FIFTY_GOLD","is_daily":false,"chose_seed":false,"campfire_upgraded":1,"win_rate":0.0,"timestamp":1614183402,"path_taken":["M","M","?","M","$","E","R","E","T","?","?","R","M","?","R","BOSS","M","$","M","?","M"],"items_purchased_type":["Relic","Card","Card","Card"],"build_version":"2020-12-22","purchased_purges":0,"victory":false,"max_hp_per_floor":[64,64,64,64,64,64,64,64,64,64,64,64,64,64,64,64,64,64,64,64,64,64,64],"card_choices":[{"not_picked":["Defragment","Tempest"],"picked":"Turbo","floor":1.0},{"not_picked":["Heatsinks","Steam"],"picked":"Undo","floor":2.0},{"not_picked":["Tempest","Ball Lightning"],"picked":"Chill","floor":4.0},{"not_picked":["Turbo","Steam"],"picked":"Conserve Battery","floor":6.0},{"not_picked":["Skim","Steam"],"picked":"Doom and Gloom","floor":8.0},{"not_picked":["Cold Snap","Leap"],"picked":"All For One","floor":11.0},{"not_picked":["Auto Shields","Sweeping Beam"],"picked":"Capacitor+1","floor":13.0},{"not_picked":["Seek","Creative AI+1"],"picked":"Multi-Cast","floor":16.0},{"not_picked":["Barrage","Leap"],"picked":"Hologram","floor":18.0},{"not_picked":["Recycle","Turbo"],"picked":"Darkness","floor":20.0}],"player_experience":1497463,"relics_obtained":[{"floor":3.0,"key":"Letter Opener"},{"floor":6.0,"key":"Ginger"},{"floor":8.0,"key":"Pantograph"},{"floor":9.0,"key":"InkBottle"}],"event_choices":[{"damage_healed":0.0,"max_hp_gain":0.0,"max_hp_loss":0.0,"gold_gain":0.0,"event_name":"Upgrade Shrine","player_choice":"Upgraded","floor":10.0,"gold_loss":0.0,"damage_taken":0.0,"cards_upgraded":["Turbo"]},{"damage_healed":0.0,"max_hp_gain":0.0,"max_hp_loss":0.0,"gold_gain":0.0,"cards_transformed":["Strike_B"],"event_name":"Living Wall","player_choice":"Change","floor":14.0,"gold_loss":0.0,"damage_taken":0.0,"cards_obtained":["White Noise"]},{"damage_healed":0.0,"max_hp_gain":0.0,"max_hp_loss":0.0,"gold_gain":0.0,"event_name":"Forgotten Altar","player_choice":"Smashed Altar","floor":21.0,"gold_loss":0.0,"damage_taken":0.0,"cards_obtained":["Decay"]}],"is_beta":false,"boss_relics":[{"not_picked":["Velvet Choker","Inserter"],"picked":"Snecko Eye"}],"items_purged_floors":[],"is_endless":false,"potions_floor_spawned":[1,2,6,8],"killed_by":"3 Cultists","ascension_level":20}}