{"host":"zwfzlkwql9nyrw94","time":1614140228,"event":{"mods":["AchievementEnabler","BaseMod","Colored Map","Filter the Spire","Grow up Mod","Highlight Path","Minty Spire (QoL Compilation)","Remove Card Discount Mod"],"gold_per_floor":[111,48,48,223,223,251,251,285,285,285,285,285],"floor_reached":11,"language":"ENG","playtime":285,"items_purged":["Strike_B","Strike_B","Strike_B","Strike_B","Defend_B"],"score":131,"play_id":"931e32b7-af3b-4cfa-91c7-ad8be59e631a","local_time":"20210223221708","is_ascension_mode":true,"campfire_choices":[{"data":"Zap","floor":7,"key":"SMITH"}],"circlet_count":0,"master_deck":["Defend_B","Defend_B","Defend_B","Zap+1","Dualcast","Thunder Strike","Hologram","Doubt","Regret","Gash","White Noise","Injury"],"relics":["Cracked Core","Darkstone Periapt","Turnip","Bottled Lightning","MealTicket","Golden Idol"],"acts_visited":["Exordium"],"potions_floor_usage":[],"damage_taken":[{"damage":0,"enemies":"Small Slimes","floor":1,"turns":3},{"damage":44,"enemies":"Lagavulin","floor":6,"turns":6},{"damage":41,"enemies":"Gremlin Nob","floor":8,"turns":5},{"damage":0,"enemies":"Lagavulin","floor":11,"turns":1}],"seed_played":"6427405679467490912","potions_obtained":[{"floor":1,"key":"AttackPotion"},{"floor":6,"key":"PotionOfCapacity"}],"is_trial":false,"path_per_floor":["M","$","?","?","?","E","R","E","T","?","E"],"character_chosen":"DEFECT","items_purchased":["Hologram"],"campfire_rested":0,"item_purchase_floors":[2],"current_hp_per_floor":[88,98,105,121,137,103,113,82,92,108,108,108],"gold":285,"neow_bonus":"THREE_RARE_CARDS","is_daily":false,"chose_seed":false,"campfire_upgraded":1,"win_rate":0.0,"timestamp":1614140228,"path_taken":["M","$","?","?","?","E","R","E","T","?","E"],"items_purchased_type":["Card"],"build_version":"2020-12-22","purchased_purges":5,"victory":false,"max_hp_per_floor":[88,98,108,124,140,150,160,170,180,196,196,196],"card_choices":[{"not_picked":["Meteor Strike","Echo Form"],"picked":"Thunder Strike","floor":0},{"not_picked":["Darkness","Coolheaded","Beam Cell"],"picked":"SKIP","floor":1},{"not_picked":["Melter","Sweeping Beam"],"picked":"Gash","floor":6},{"not_picked":["Auto Shields","Go for the Eyes"],"picked":"White Noise","floor":8}],"player_experience":239382,"relics_obtained":[{"floor":6,"key":"Bottled Lightning"},{"floor":8,"key":"MealTicket"}],"event_choices":[{"damage_healed":0,"gold_gain":0,"player_choice":"Success","damage_taken":3,"relics_obtained":["Darkstone Periapt"],"max_hp_gain":0,"max_hp_loss":0,"event_name":"Scrap Ooze","floor":3,"gold_loss":0},{"damage_healed":0,"gold_gain":175,"player_choice":"AGREE","damage_taken":0,"max_hp_gain":0,"max_hp_loss":0,"event_name":"Liars Game","floor":4,"gold_loss":0,"cards_obtained":["Doubt"]},{"damage_healed":0,"gold_gain":0,"player_choice":"Box","damage_taken":0,"relics_obtained":["Turnip"],"max_hp_gain":0,"max_hp_loss":0,"event_name":"Big Fish","floor":5,"gold_loss":0,"cards_obtained":["Regret"]},{"damage_healed":0,"gold_gain":0,"player_choice":"Take Wound","damage_taken":0,"relics_obtained":["Golden Idol"],"max_hp_gain":0,"max_hp_loss":0,"event_name":"Golden Idol","floor":10,"gold_loss":0,"cards_obtained":["Injury"]}],"is_beta":false,"boss_relics":[],"items_purged_floors":[2,2,2,2,2],"is_endless":false,"potions_floor_spawned":[1,6],"killed_by":"Lagavulin","ascension_level":1}}