{"host":"d73an99q9oevilk5","time":1614160269,"event":{"mods":["2.2 Compatiblity","AchievementEnabler","Act Like it!","Aspiration","BaseMod","Beaked The Cultist","Better Third Choice","BetterRewards","Colored Map","Colored Powertips","Conspire","Downfall","GifTheSpireLib","Halation","Hubris","Infinite Spire","Marisa????????","Mimic Mod","Minty Spire (QoL Compilation)","MostiFishMod","Quick Restart","Relic Sorter","Reliquary","Replay The Spire","Shop Mod","Spikes Relics","StSLib","Stuff the Spire","The Cursed","The Jungle","The Necromancer","The Saiyan","Waifu the Spire","egg","slay the spire mod where everything is the same but ironclad has a cowboy hat"],"gold_per_floor":[199,213,229,329,347,74,98,114,125,141,160,73,73,98,113,213,213,13,28,28,28,13,23,56,56,74,89,89,89,89,140,151,248,248,203,220,240,240,250,82,82,82,92,92,92,111,136,153,165,165,165,165,165,165],"floor_reached":52,"language":"ENG","playtime":3055,"items_purged":[],"score":660,"play_id":"48037080-7941-4d9e-a885-dd5d1b0ac3f9","local_time":"20210224025109","is_ascension_mode":false,"campfire_choices":[{"data":"Slimebound:CorrosiveSpit","floor":1.0,"key":"SMITH"},{"data":"Slimebound:MassRepurpose","floor":13.0,"key":"SMITH"},{"data":"Slimebound:SpikyOuterGoop","floor":18.0,"key":"SMITH"},{"floor":25.0,"key":"RECALL"},{"floor":30.0,"key":"REST"},{"data":"Slimebound:LevelUp","floor":42,"key":"SMITH"},{"data":"Slimebound:LevelUp+1","floor":45,"key":"SMITH"}],"circlet_count":0,"master_deck":["Slimebound:Strike_Slimebound","Slimebound:Strike_Slimebound","Slimebound:Strike_Slimebound","Slimebound:Tackle","Slimebound:Defend_Slimebound","Slimebound:Defend_Slimebound","Slimebound:Defend_Slimebound","Slimebound:Defend_Slimebound","Slimebound:Split","Slimebound:CorrosiveSpit+1","Slimebound:SlimeSpikes","Slimebound:SpikyOuterGoop+1","Slimebound:Schlurp","Slimebound:SplitLeeching","Slimebound:LeechingTouch","Slimebound:RallyTheTroops","Slimebound:SplitMire","Slimebound:MassRepurpose+1","Slimebound:MegaLick","Slimebound:SlimeSpikes","Slimebound:SplitBruiser","Slimebound:OozeBath","Slimebound:Equalize","Slimebound:SplitAcid+1","Slimebound:LevelUp+2","Slimebound:LivingWall","ReplayTheSpireMod:Splinters","Slimebound:SpikyOuterGoop","Slimebound:SamplingLick","Slimebound:SplitMire+1","Slimebound:PrepareCrush","Slimebound:SamplingLick","Slimebound:LivingWall","Slimebound:FormOfPuddle+1","Slimebound:LeechEnergy+1","Slimebound:LevelUp","Slimebound:FormOfPuddle+1","Slimebound:ProtectTheBoss+1","Slimebound:GoopSpray+1"],"relics":["Slimebound:AbsorbEndCombat","hubris:Reverence","hubris:Icosahedron","DaveBox","White Beast Statue","infinitespire:BottledMercury","infinitespire:Cupcake","downfall:HeartBlessingBlue","downfall:HeartBlessingGreen","SlaversCollar","downfall:RedIOU","StuffTheSpire:RubySignet","Slimebound:SlimedTailRelic","conspire:InfiniteJournal","reliquary:QuartzCube","Slimebound:TarBlob","downfall:HeartBlessingRed","hubris:Towel","Blood Vial","Toxic Egg 2","halation:EternalFortune","infinitespire:Broken Mirror"],"acts_visited":["Exordium","TheCity","TheBeyond","TheEnding"],"potions_floor_usage":[46,47,50,50,50,50],"damage_taken":[{"damage":4.0,"enemies":"Cultist","floor":2.0,"turns":3.0},{"damage":0.0,"enemies":"2 Louse","floor":3.0,"turns":3.0},{"damage":1.0,"enemies":"Jaw Worm","floor":5.0,"turns":5.0},{"damage":8.0,"enemies":"downfall:FleeingMerchant","floor":6.0,"turns":4.0},{"damage":0.0,"enemies":"2 Fungi Beasts","floor":8.0,"turns":4.0},{"damage":15.0,"enemies":"Exordium Wildlife","floor":9.0,"turns":6.0},{"damage":10.0,"enemies":"Blue Slaver","floor":10.0,"turns":2.0},{"damage":14.0,"enemies":"Gremlin Gang","floor":11.0,"turns":4.0},{"damage":0.0,"enemies":"downfall:FleeingMerchant","floor":12.0,"turns":4.0},{"damage":15.0,"enemies":"3 Sentries","floor":14.0,"turns":7.0},{"damage":2.0,"enemies":"downfall:LooterAlt","floor":15.0,"turns":3.0},{"damage":3.0,"enemies":"WA_ARCHETYPE_RETAIN","floor":16.0,"turns":10.0},{"damage":15.0,"enemies":"downfall:LooterAlt2","floor":19.0,"turns":3.0},{"damage":0.0,"enemies":"downfall:FleeingMerchant","floor":22.0,"turns":4.0},{"damage":3.0,"enemies":"3 Byrds","floor":23.0,"turns":5.0},{"damage":0.0,"enemies":"Snake Plant","floor":24.0,"turns":8.0},{"damage":15.0,"enemies":"Snake Plant","floor":26.0,"turns":3.0},{"damage":10.0,"enemies":"Cultist and Chosen","floor":27.0,"turns":4.0},{"damage":1.0,"enemies":"Shelled Parasite and Fungi","floor":32.0,"turns":7.0},{"damage":45.0,"enemies":"SI_MIRROR_ARCHETYPE","floor":33.0,"turns":13.0},{"damage":14.0,"enemies":"3 Darklings","floor":36.0,"turns":7.0},{"damage":3.0,"enemies":"3 Shapes","floor":37.0,"turns":5.0},{"damage":26.0,"enemies":"Sphere and 2 Shapes","floor":39.0,"turns":4.0},{"damage":14,"enemies":"downfall:FleeingMerchant","floor":40,"turns":4},{"damage":22,"enemies":"Spire Growth","floor":43,"turns":5},{"damage":9,"enemies":"Jaw Worm Horde","floor":46,"turns":5},{"damage":6,"enemies":"conspire:MimicChest","floor":47,"turns":5},{"damage":0,"enemies":"3 Darklings","floor":48,"turns":4},{"damage":6,"enemies":"Maw","floor":49,"turns":6},{"damage":61,"enemies":"IC_BLOCK_ARCHETYPE","floor":50,"turns":14},{"damage":97,"enemies":"downfall:CharBossMerchant","floor":52,"turns":12}],"seed_played":"-5300335771738929070","potions_obtained":[{"floor":3.0,"key":"SpeedPotion"},{"floor":5.0,"key":"Fruit Juice"},{"floor":8.0,"key":"champ:CounterPotion"},{"floor":9.0,"key":"Regen Potion"},{"floor":10.0,"key":"Slimebound:SlimyTonguePotion"},{"floor":11.0,"key":"FearPotion"},{"floor":12.0,"key":"Dexterity Potion"},{"floor":16.0,"key":"Cursed Concoction"},{"floor":19.0,"key":"Slimebound:SlimedPotion"},{"floor":22.0,"key":"SneckoOil"},{"floor":23.0,"key":"Slimebound:ThreeZeroPotion"},{"floor":26.0,"key":"Languid Potion"},{"floor":27.0,"key":"Slimebound:SlimedPotion"},{"floor":32.0,"key":"Dexterity Potion"},{"floor":33.0,"key":"Elixir"},{"floor":36.0,"key":"PowerPotion"},{"floor":37.0,"key":"LiquidMemories"},{"floor":39.0,"key":"Strength Potion"},{"floor":46,"key":"ColorlessPotion"},{"floor":47,"key":"Dexterity Potion"}],"is_trial":false,"path_per_floor":["R","M","M","?","M","$","T","M","M","M","M","$","R","E","M","B",null,"R","M","AVR","?","$","M","MIM","R","M","M","?","$","R","?","M","B",null,"R_BF","M","M","?","M","$","T","R","M","?","R","M","?","M","M","B",null,"E"],"character_chosen":"SLIMEBOUND","items_purchased":["White Beast Statue","Slimebound:MegaLick","Slimebound:SlimedTailRelic","conspire:InfiniteJournal","Blood Vial"],"campfire_rested":1,"item_purchase_floors":[6,12,29,29,40],"current_hp_per_floor":[65,63,65,65,70,64,64,66,59,51,55,61,61,54,56,61,70,80,71,71,71,80,80,80,80,67,71,71,32,56,56,69,42,80,80,74,80,80,70,70,70,70,58,61,61,70,82,83,83,38,83,0,0,0],"gold":165,"neow_bonus":"HUNDRED_GOLD","is_daily":false,"chose_seed":false,"campfire_upgraded":5,"win_rate":0.0,"timestamp":1614160269,"path_taken":["R","M","?","?","?","$","T","M","M","M","M","$","R","E","M","BOSS","R","M","AVR","?","$","M","MIM","R","M","M","?","?","R","?","M","BOSS","R_BF","M","M","?","M","$","T","R","M","?","R","M","?","M","M","BOSS","E"],"items_purchased_type":["Relic","Card","Relic","Relic","Relic"],"build_version":"2020-12-22","purchased_purges":0,"victory":false,"max_hp_per_floor":[65,65,65,65,70,70,70,70,70,70,70,70,70,70,70,70,70,80,80,80,80,80,80,80,80,80,80,80,80,80,80,80,80,80,80,80,80,80,80,80,80,80,80,83,83,83,83,83,83,83,83,83,83,83],"card_choices":[{"not_picked":["Slimebound:LeechEnergy","Slimebound:Replication"],"picked":"Slimebound:SlimeSpikes","floor":2.0},{"not_picked":["Slimebound:SlimeSpikes","Slimebound:GoopTackle"],"picked":"Slimebound:SpikyOuterGoop","floor":3.0},{"not_picked":["Slimebound:SlimeSpikes","Slimebound:GrowthPunch"],"picked":"Slimebound:Schlurp","floor":5.0},{"not_picked":["Slimebound:ItLooksTasty","Slimebound:HungryTackle"],"picked":"Slimebound:SplitLeeching","floor":6.0},{"not_picked":["Slimebound:SamplingLick","Slimebound:Replication","Slimebound:Prepare"],"picked":"SKIP","floor":8.0},{"not_picked":["Slimebound:GrowthPunch","Slimebound:ComboTackle"],"picked":"Slimebound:LeechingTouch","floor":9.0},{"not_picked":["Slimebound:LeechEnergy","Slimebound:GoopTackle"],"picked":"Slimebound:RallyTheTroops","floor":10.0},{"not_picked":["Slimebound:LeechEnergy","Slimebound:ForwardTackle"],"picked":"Slimebound:SplitMire","floor":11.0},{"not_picked":["Slimebound:PressTheAttack","Slimebound:Recollect"],"picked":"Slimebound:MassRepurpose","floor":12.0},{"not_picked":["Slimebound:TongueLash","Slimebound:ViciousTackle"],"picked":"Slimebound:SlimeSpikes","floor":14.0},{"not_picked":["Slimebound:PressTheAttack","Slimebound:HauntingLick"],"picked":"Slimebound:SplitBruiser","floor":15.0},{"not_picked":["Slimebound:DuplicatedForm","Slimebound:OneTwoCombo"],"picked":"Slimebound:OozeBath","floor":16.0},{"not_picked":["Slimebound:SplitLeeching","Slimebound:RollThrough+1"],"picked":"Slimebound:Equalize","floor":19.0},{"not_picked":["Slimebound:SplitLeeching","Slimebound:Overexert"],"picked":"Slimebound:SplitAcid+1","floor":22.0},{"not_picked":["Slimebound:SlimeSpikes","Slimebound:SamplingLick","Slimebound:Prepare+1"],"picked":"SKIP","floor":23.0},{"not_picked":["Slimebound:Repurpose","Slimebound:HauntingLick+1"],"picked":"Slimebound:LevelUp","floor":26.0},{"not_picked":["Slimebound:RollThrough","Slimebound:MegaLick+1"],"picked":"Slimebound:LivingWall","floor":27.0},{"not_picked":["Slimebound:Prepare","Slimebound:Chomp+1"],"picked":"Slimebound:SpikyOuterGoop","floor":31.0},{"not_picked":["Slimebound:SplitAcid","Slimebound:Prepare"],"picked":"Slimebound:SamplingLick","floor":31.0},{"not_picked":["Slimebound:SplitAcid+1","Slimebound:GoopTackle"],"picked":"Slimebound:SplitMire+1","floor":32.0},{"not_picked":["Slimebound:DuplicatedForm","Slimebound:OneTwoCombo"],"picked":"Slimebound:PrepareCrush","floor":33.0},{"not_picked":["Slimebound:SplitBruiser+1","Slimebound:SplitLeeching"],"picked":"Slimebound:SamplingLick","floor":36.0},{"not_picked":["Slimebound:SpikyOuterGoop","Slimebound:SamplingLick"],"picked":"Slimebound:LivingWall","floor":37.0},{"not_picked":["Slimebound:GoopSpray","Slimebound:BestDefense+1"],"picked":"Slimebound:FormOfPuddle+1","floor":39.0},{"not_picked":["Slimebound:MegaLick","Slimebound:RollThrough"],"picked":"Slimebound:LeechEnergy+1","floor":40},{"not_picked":["Slimebound:ItLooksTasty+1","Slimebound:ViciousTackle+1","Slimebound:RollThrough+1"],"picked":"SKIP","floor":43},{"not_picked":["Slimebound:GrowthPunch+1","Slimebound:SplitBruiser+1"],"picked":"Slimebound:LevelUp","floor":46},{"not_picked":["Slimebound:FlameTackle+1","Slimebound:SplitSpecialist+1"],"picked":"Slimebound:FormOfPuddle+1","floor":47},{"not_picked":["Slimebound:LivingWall+1","Slimebound:FinishingTackle"],"picked":"Slimebound:ProtectTheBoss+1","floor":48},{"not_picked":["Slimebound:Grow","Slimebound:SlimeSpikes+1"],"picked":"Slimebound:GoopSpray+1","floor":49}],"player_experience":1991291,"relics_obtained":[{"floor":14.0,"key":"infinitespire:BottledMercury"},{"floor":24.0,"key":"StuffTheSpire:RubySignet"},{"floor":31.0,"key":"reliquary:QuartzCube"},{"floor":41,"key":"Toxic Egg 2"},{"floor":47,"key":"infinitespire:Broken Mirror"}],"event_choices":[],"is_beta":false,"boss_relics":[{"not_picked":["Coffee Dripper","halation:Yufonium"],"picked":"infinitespire:Cupcake"},{"not_picked":["halation:PinkAlligatorPlush","hubris:CrackedHourglass"],"picked":"Slimebound:TarBlob"}],"items_purged_floors":[],"is_endless":false,"potions_floor_spawned":[3,5,8,9,10,11,12,14,15,16,19,22,23,24,26,27,32,33,36,37,39,40,43,46,47,48,49],"killed_by":"downfall:CharBossMerchant","ascension_level":0}}