{"host":"2se5dq1do2gp0x9k","time":1614179976,"event":{"mods":["AchievementEnabler","BaseMod","Block Reminder","Colored Map","Colored Powertips","Minty Spire (QoL Compilation)","Relic Stats","StSLib","SuperFastMode"],"gold_per_floor":[111,124,138,138,148,148,183,183,183,183,183,183,217,228,228,302,352,352,352],"floor_reached":18,"language":"ENG","playtime":643,"items_purged":[],"score":380,"play_id":"03b7cd71-7665-469a-90c4-29002bb39b7c","local_time":"20210224071936","is_ascension_mode":true,"campfire_choices":[{"data":"FlyingSleeves","floor":6.0,"key":"SMITH"},{"data":"Establishment","floor":8.0,"key":"SMITH"},{"data":"Vault","floor":10.0,"key":"SMITH"},{"data":"MentalFortress","floor":12.0,"key":"SMITH"},{"floor":15.0,"key":"REST"}],"circlet_count":0,"master_deck":["AscendersBane","Strike_P","Strike_P","Strike_P","Strike_P+1","Defend_P","Defend_P","Defend_P","Defend_P","Eruption","Vigilance","Vault+1","FlyingSleeves+1","MentalFortress+1","ClearTheMind","DeceiveReality","Establishment+1","Wireheading","BowlingBash","LessonLearned","Protect"],"relics":["PureWater","Dead Branch","The Courier","Art of War","Blood Vial","Tiny House"],"acts_visited":["Exordium","TheCity"],"potions_floor_usage":[],"damage_taken":[{"damage":0.0,"enemies":"Cultist","floor":1.0,"turns":4.0},{"damage":7.0,"enemies":"Jaw Worm","floor":2.0,"turns":5.0},{"damage":4.0,"enemies":"Small Slimes","floor":3.0,"turns":5.0},{"damage":19.0,"enemies":"3 Louse","floor":5.0,"turns":5.0},{"damage":0.0,"enemies":"Lagavulin","floor":7.0,"turns":7.0},{"damage":40.0,"enemies":"Gremlin Nob","floor":13.0,"turns":5.0},{"damage":12.0,"enemies":"Exordium Wildlife","floor":14.0,"turns":4.0},{"damage":3.0,"enemies":"The Guardian","floor":16.0,"turns":10.0},{"damage":6,"enemies":"3 Byrds","floor":18,"turns":2}],"seed_played":"6788387803266773906","potions_obtained":[{"floor":5.0,"key":"EntropicBrew"},{"floor":7.0,"key":"Energy Potion"},{"floor":17.0,"key":"FairyPotion"}],"is_trial":false,"path_per_floor":["M","M","M","T","M","R","E","R","T","R","?","R","E","M","R","B",null,"M"],"character_chosen":"WATCHER","items_purchased":[],"campfire_rested":1,"item_purchase_floors":[],"current_hp_per_floor":[61,54,50,50,31,31,31,31,31,31,68,68,28,18,38,37,65,61,61],"gold":352,"neow_bonus":"ONE_RANDOM_RARE_CARD","is_daily":false,"chose_seed":false,"campfire_upgraded":4,"win_rate":0.0,"timestamp":1614179976,"path_taken":["M","?","M","?","M","R","E","R","T","R","?","R","E","M","R","BOSS","M"],"items_purchased_type":[],"build_version":"2020-12-22","purchased_purges":0,"victory":false,"max_hp_per_floor":[68,68,68,68,68,68,68,68,68,68,68,68,68,68,68,68,73,73,73],"relic_stats":{"Blood Vial":6,"counters":[9,47],"Dead Branch":[20],"Art of War":[5],"obtain_stats":[{"Blood Vial":13,"Tiny House":17,"Dead Branch":4,"The Courier":7,"Art of War":9,"PureWater":0},{"Blood Vial":6,"Tiny House":8,"Dead Branch":3,"The Courier":5,"Art of War":5,"PureWater":0},{"Blood Vial":31,"Tiny House":45,"Dead Branch":14,"The Courier":26,"Art of War":26,"PureWater":0}]},"card_choices":[{"not_picked":["PathToVictory","Prostrate"],"picked":"FlyingSleeves","floor":1.0},{"not_picked":["CrushJoints","ClearTheMind"],"picked":"MentalFortress","floor":2.0},{"not_picked":["Judgement","Consecrate"],"picked":"ClearTheMind","floor":3.0},{"not_picked":["Evaluate","PathToVictory"],"picked":"DeceiveReality","floor":5.0},{"not_picked":["PathToVictory","Perseverance"],"picked":"Establishment","floor":7.0},{"not_picked":["Adaptation","CutThroughFate"],"picked":"Wireheading","floor":13.0},{"not_picked":["Evaluate","Halt"],"picked":"BowlingBash","floor":14.0},{"not_picked":["Brilliance","Vault"],"picked":"LessonLearned","floor":16.0},{"not_picked":["WreathOfFlame","EmptyMind"],"picked":"Protect","floor":17.0}],"player_experience":4139216,"relics_obtained":[{"floor":4.0,"key":"Dead Branch"},{"floor":7.0,"key":"The Courier"},{"floor":9.0,"key":"Art of War"},{"floor":13.0,"key":"Blood Vial"}],"event_choices":[{"damage_healed":37.0,"max_hp_gain":0.0,"max_hp_loss":0.0,"gold_gain":0.0,"event_name":"Wheel of Change","player_choice":"Full Heal","floor":11.0,"gold_loss":0.0,"damage_taken":0.0}],"is_beta":false,"boss_relics":[{"not_picked":["Runic Dome","Black Star"],"picked":"Tiny House"}],"items_purged_floors":[],"is_endless":false,"potions_floor_spawned":[5,7],"killed_by":"3 Byrds","ascension_level":19}}