{"host":"emqr263yqun247y7","time":1614188928,"event":{"mods":["Aspiration","BaseMod","Bestiary","BetterRewards","Colored Map","Curses Come First","Downfall","Hubris","Infinite Spire","Jorbs\u0027s Wanderer Trilogy","Marisa????????","Minty Spire (QoL Compilation)","READ ME - Guardian Mod","Replay The Spire","Robot Space Explorer","Spire Arcade","StSLib","The Bug Knight","The Cursed","The Disciple","The Hierophant","The Runesmith","The Servant 0.9.4","Yuri Mod","slay the spire mod where everything is the same but ironclad has a cowboy hat"],"gold_per_floor":[99,109,124,136,311,324,351,385,398,398,411,211,211,246,260,260,260,260],"floor_reached":16,"language":"ENG","playtime":1577,"items_purged":[],"score":164,"play_id":"052c92f1-f66c-4ea7-81bd-5586bc898156","local_time":"20210224094848","is_ascension_mode":false,"campfire_choices":[{"floor":1,"key":"RECALL"},{"floor":12,"key":"REST"}],"circlet_count":0,"master_deck":["champ:Strike","champ:Strike","champ:Strike","champ:Strike+1","champ:Defend","champ:Defend","champ:Defend","champ:Defend","champ:Execute","champ:Taunt","champ:SkillfulDodge","champ:AdrenalArmor","champ:Lariat","Doubt","champ:FaceSlap+1","champ:PreciseThrust+1","champ:TripleStrike","champ:RecklessLeap","champ:Backstep","champ:ShieldWall","hubris:NaturalOne"],"relics":["champ:ChampionCrown","Whetstone","hubris:Icosahedron","downfall:HeartBlessingRed","downfall:HeartBlessingBlue","Mango"],"acts_visited":["Exordium"],"potions_floor_usage":[9],"damage_taken":[{"damage":10,"enemies":"2 Louse","floor":2,"turns":3},{"damage":22,"enemies":"Jaw Worm","floor":3,"turns":8},{"damage":10,"enemies":"Small Slimes","floor":4,"turns":3},{"damage":10,"enemies":"2 Fungi Beasts","floor":6,"turns":4},{"damage":88,"enemies":"Lagavulin","floor":8,"turns":7},{"damage":38,"enemies":"Gremlin Gang","floor":9,"turns":5},{"damage":3,"enemies":"downfall:LooterAlt","floor":11,"turns":3},{"damage":31,"enemies":"Gremlin Nob","floor":14,"turns":4},{"damage":0,"enemies":"Large Slime","floor":15,"turns":4},{"damage":62,"enemies":"IC_STATUS_ARCHETYPE","floor":16,"turns":8}],"seed_played":"-642339246798965685","potions_obtained":[{"floor":3,"key":"Explosive Potion"},{"floor":4,"key":"sneckomod:MuddlingPotion"},{"floor":6,"key":"Elixir"}],"is_trial":false,"path_per_floor":["R","M","M","M","?","M","T","E","M","?","M","R","?","E","M","B"],"character_chosen":"THE_CHAMP","items_purchased":[],"campfire_rested":1,"item_purchase_floors":[],"current_hp_per_floor":[99,99,87,87,87,87,87,39,22,22,19,61,61,59,59,0,0,0],"gold":260,"neow_bonus":"TEN_PERCENT_HP_BONUS","is_daily":false,"chose_seed":false,"campfire_upgraded":0,"win_rate":0.0,"timestamp":1614188928,"path_taken":["R","M","M","M","?","M","T","E","M","?","M","R","?","E","M","BOSS"],"items_purchased_type":[],"build_version":"2020-12-22","purchased_purges":0,"victory":false,"max_hp_per_floor":[99,99,99,99,99,99,99,99,99,99,99,109,109,123,123,123,123,123],"card_choices":[{"not_picked":["champ:CalledShot","champ:StanceDance"],"picked":"champ:SkillfulDodge","floor":2},{"not_picked":["champ:BerserkersShout","champ:FaceSlap"],"picked":"champ:AdrenalArmor","floor":3},{"not_picked":["champ:Haymaker","champ:PreemptiveStrike"],"picked":"champ:Lariat","floor":4},{"not_picked":["champ:Haymaker","champ:EnGarde"],"picked":"champ:FaceSlap","floor":6},{"not_picked":["champ:TornadoPunch","champ:Parry"],"picked":"champ:PreciseThrust","floor":8},{"not_picked":["champ:BladeFlurry","champ:EnGarde"],"picked":"champ:TripleStrike","floor":9},{"not_picked":["champ:StanceDance","champ:BerserkersShout"],"picked":"champ:RecklessLeap","floor":11},{"not_picked":["champ:RecklessLeap","champ:CalledShot"],"picked":"champ:Backstep","floor":14},{"not_picked":["champ:BerserkersShout","champ:GladiatorForm"],"picked":"champ:ShieldWall","floor":15}],"player_experience":711363,"relics_obtained":[{"floor":8,"key":"Whetstone"},{"floor":14,"key":"Mango"}],"event_choices":[{"damage_healed":0,"gold_gain":0,"player_choice":"Grow","damage_taken":0,"max_hp_gain":0,"max_hp_loss":0,"event_name":"Living Wall","floor":13,"gold_loss":0,"cards_upgraded":["champ:PreciseThrust"]}],"is_beta":false,"boss_relics":[],"items_purged_floors":[],"is_endless":false,"potions_floor_spawned":[3,4,6],"killed_by":"IC_STATUS_ARCHETYPE","ascension_level":0}}