{"host":"4ag909k4xupnj24b","time":1614164094,"event":{"mods":["BaseMod","Minty Spire (QoL Compilation)","StSLib"],"gold_per_floor":[110,123,197,212,225,245,245,202,202,202,254,265,278,288,288,386,686,697,175,175,175,175,175,187,187,187,19,19,51,51,68,68,173,173,188,207,207,207],"floor_reached":37,"language":"ENG","playtime":1665,"items_purged":["Strike_G"],"score":591,"play_id":"98be89d7-e93a-421c-9c1b-3b272b48d68f","local_time":"20210224025454","is_ascension_mode":true,"campfire_choices":[{"floor":7,"key":"REST"},{"data":"Mayhem","floor":10,"key":"SMITH"},{"floor":15,"key":"REST"},{"floor":25,"key":"REST"},{"floor":28,"key":"REST"},{"floor":30,"key":"REST"},{"floor":32,"key":"REST"}],"circlet_count":0,"master_deck":["AscendersBane","Strike_G","Defend_G","Defend_G","Defend_G","Defend_G","Defend_G","Survivor","Neutralize","Mayhem+1","Choke","Leg Sweep","Blade Dance","Backflip","Deadly Poison","Noxious Fumes","Prepared","Dodge and Roll","A Thousand Cuts","CurseOfTheBell","Deadly Poison+1","Necronomicurse","The Bomb+1","Noxious Fumes","After Image","Footwork+1","Dagger Throw+1","Catalyst+1","Riddle With Holes+1","Leg Sweep+1"],"relics":["Ring of the Snake","Bottled Tornado","Vajra","Calling Bell","Bag of Marbles","Old Coin","Toxic Egg 2","TwistedFunnel","Shuriken","Necronomicon","Omamori","Question Card","Shovel","Astrolabe"],"acts_visited":["Exordium","TheCity","TheBeyond"],"potions_floor_usage":[5,14,14,24,29,33,33,37],"damage_taken":[{"damage":4,"enemies":"Cultist","floor":1,"turns":5},{"damage":16,"enemies":"2 Louse","floor":2,"turns":3},{"damage":7,"enemies":"Jaw Worm","floor":4,"turns":5},{"damage":0,"enemies":"Looter","floor":5,"turns":4},{"damage":2,"enemies":"Exordium Wildlife","floor":6,"turns":6},{"damage":0,"enemies":"Blue Slaver","floor":12,"turns":4},{"damage":12,"enemies":"Large Slime","floor":13,"turns":7},{"damage":11,"enemies":"Gremlin Gang","floor":14,"turns":4},{"damage":28,"enemies":"Hexaghost","floor":16,"turns":10},{"damage":11,"enemies":"Chosen","floor":18,"turns":6},{"damage":5,"enemies":"3 Byrds","floor":24,"turns":4},{"damage":33,"enemies":"Slavers","floor":29,"turns":3},{"damage":26,"enemies":"Snake Plant","floor":31,"turns":4},{"damage":34,"enemies":"Champ","floor":33,"turns":12},{"damage":22,"enemies":"3 Shapes","floor":35,"turns":6},{"damage":25,"enemies":"3 Darklings","floor":36,"turns":5},{"damage":11,"enemies":"Sphere and 2 Shapes","floor":37,"turns":1}],"seed_played":"-1065430335094044926","potions_obtained":[{"floor":2,"key":"EntropicBrew"},{"floor":5,"key":"AttackPotion"},{"floor":13,"key":"DistilledChaos"},{"floor":16,"key":"CunningPotion"},{"floor":24,"key":"SkillPotion"},{"floor":29,"key":"LiquidBronze"},{"floor":33,"key":"LiquidBronze"},{"floor":36,"key":"Dexterity Potion"}],"is_trial":false,"path_per_floor":["M","M","T","M","M","M","R","?","T","R","T","M","M","M","R","B",null,"M","$","?","?","T","?","M","R","T","$","R","E","R","M","R","B",null,"M","M","M"],"character_chosen":"THE_SILENT","items_purchased":["TwistedFunnel","Shuriken","BlessingOfTheForge","The Bomb+1"],"campfire_rested":6,"item_purchase_floors":[19,19,19,27],"current_hp_per_floor":[41,25,25,18,18,16,37,37,37,37,37,37,25,14,35,7,54,43,43,27,14,14,14,9,31,31,31,53,20,42,16,38,4,57,35,10,0,0],"gold":207,"neow_bonus":"RANDOM_COLORLESS_2","is_daily":false,"chose_seed":false,"campfire_upgraded":1,"win_rate":0.0,"timestamp":1614164094,"path_taken":["M","M","?","?","M","?","R","?","T","R","?","M","M","M","R","BOSS","M","$","?","?","?","?","M","R","T","$","R","E","R","M","R","BOSS","M","M","?"],"items_purchased_type":["Relic","Relic","Potion","Card"],"build_version":"2020-12-22","purchased_purges":1,"victory":false,"max_hp_per_floor":[70,70,70,70,70,70,70,70,70,70,70,70,70,70,70,70,70,70,70,70,75,75,75,75,75,75,75,75,75,75,75,75,75,75,75,75,75,75],"card_choices":[{"not_picked":["HandOfGreed","Secret Weapon"],"picked":"Mayhem","floor":0},{"not_picked":["Dodge and Roll","Expertise"],"picked":"Choke","floor":1},{"not_picked":["Calculated Gamble","Deadly Poison"],"picked":"Leg Sweep","floor":2},{"not_picked":["Dodge and Roll","Footwork"],"picked":"Blade Dance","floor":4},{"not_picked":["Accuracy","Bane"],"picked":"Backflip","floor":5},{"not_picked":["PiercingWail","Slice"],"picked":"Deadly Poison","floor":6},{"not_picked":["Deadly Poison","Well Laid Plans"],"picked":"Noxious Fumes","floor":12},{"not_picked":["Calculated Gamble","Poisoned Stab"],"picked":"Prepared","floor":13},{"not_picked":["Catalyst","Backflip"],"picked":"Dodge and Roll","floor":14},{"not_picked":["Night Terror","Venomology"],"picked":"A Thousand Cuts","floor":16},{"not_picked":["Dodge and Roll+1","Backflip+1"],"picked":"Deadly Poison+1","floor":18},{"not_picked":["Endless Agony","Slice","Dagger Spray+1"],"picked":"SKIP","floor":24},{"not_picked":["Terror+1","Infinite Blades","Malaise+1"],"picked":"Noxious Fumes","floor":29},{"not_picked":["Underhanded Strike","Slice","Predator","Bane+1"],"picked":"SKIP","floor":31},{"not_picked":["Bullet Time+1","Phantasmal Killer+1","Malaise+1"],"picked":"After Image","floor":33},{"not_picked":["Poisoned Stab","Accuracy","Deflect+1"],"picked":"Riddle With Holes+1","floor":35},{"not_picked":["Underhanded Strike","Reflex+1","Prepared+1"],"picked":"Leg Sweep+1","floor":36}],"player_experience":894671,"relics_obtained":[{"floor":3,"key":"Bottled Tornado"},{"floor":11,"key":"Vajra"},{"floor":17,"key":"Bag of Marbles"},{"floor":17,"key":"Old Coin"},{"floor":17,"key":"Toxic Egg 2"},{"floor":20,"key":"Necronomicon"},{"floor":22,"key":"Omamori"},{"floor":26,"key":"Question Card"},{"floor":29,"key":"Shovel"}],"event_choices":[{"damage_healed":0,"gold_gain":0,"player_choice":"Left Gold","damage_taken":0,"max_hp_gain":0,"max_hp_loss":0,"event_name":"World of Goop","floor":8,"gold_loss":43},{"damage_healed":0,"gold_gain":0,"player_choice":"Obtained Book","damage_taken":16,"max_hp_gain":0,"max_hp_loss":0,"event_name":"Cursed Tome","floor":20,"gold_loss":0},{"damage_healed":0,"gold_gain":0,"player_choice":"Shed Blood","damage_taken":18,"max_hp_gain":5,"max_hp_loss":0,"event_name":"Forgotten Altar","floor":21,"gold_loss":0},{"damage_healed":0,"gold_gain":0,"player_choice":"Got Potions","damage_taken":0,"max_hp_gain":0,"max_hp_loss":0,"event_name":"Lab","floor":23,"gold_loss":0}],"is_beta":false,"boss_relics":[{"not_picked":["Ring of the Serpent","Busted Crown"],"picked":"Calling Bell"},{"not_picked":["HoveringKite","Empty Cage"],"picked":"Astrolabe"}],"items_purged_floors":[19],"is_endless":false,"potions_floor_spawned":[2,5,12,13,16,24,29,33,36],"killed_by":"Sphere and 2 Shapes","ascension_level":11}}