{"host":"y9t3brv5y5t41vuj","time":1614166476,"event":{"mods":["AchievementEnabler","BaseMod","BetterRewards","Block Reminder","Colored Map","Colored Powertips","Conspire","Highlight Path","Hubris","Infinite Spire","Minty Spire (QoL Compilation)","Quick Restart","Replay The Spire","Shop Mod","StSLib","SuperFastMode","Unceasing Turn Reminder"],"gold_per_floor":[113,130,130,55,75,75,102,102,127,127,127,159,7,32,32,32,32],"floor_reached":16,"language":"ENG","playtime":301,"items_purged":["Strike_G"],"score":145,"play_id":"9ba861e6-88e6-4c8f-859d-ee5fde960302","local_time":"20210224123436","is_ascension_mode":true,"campfire_choices":[{"data":"Replay:Fractal Strike","floor":6,"key":"SMITH"},{"floor":8,"key":"REST"},{"data":"conspire:PoisonWeapons","floor":10,"key":"SMITH"},{"data":"Deadly Poison","floor":15,"key":"SMITH"}],"circlet_count":0,"master_deck":["Strike_G","Strike_G","Strike_G","Strike_G","Defend_G","Defend_G","Defend_G","Defend_G","Defend_G","Survivor","Neutralize","conspire:PoisonWeapons+1","Outmaneuver","Replay:Fractal Strike+1","Replay:Bag of Tricks","Burst","Deadly Poison+1"],"relics":["Ring of the Snake","NeowsBlessing","Sundial","infinitespire:Beetle Shell","conspire:Flyswatter","Lee\u0027s Waffle","hubris:TinFlute"],"acts_visited":["Exordium"],"potions_floor_usage":[7],"damage_taken":[{"damage":0,"enemies":"2 Louse","floor":1,"turns":1},{"damage":0,"enemies":"Jaw Worm","floor":2,"turns":1},{"damage":0,"enemies":"Cultist","floor":5,"turns":1},{"damage":24,"enemies":"Gremlin Nob","floor":7,"turns":4},{"damage":33,"enemies":"3 Sentries","floor":12,"turns":9},{"damage":15,"enemies":"Lagavulin","floor":14,"turns":4},{"damage":92,"enemies":"Fading Forest","floor":16,"turns":7}],"seed_played":"-7610965008046824597","potions_obtained":[{"floor":2,"key":"Adrenaline Potion"}],"is_trial":false,"path_per_floor":["M","M","?","$","M","R","E","R","T","R","?","E","$","E","R","B"],"character_chosen":"THE_SILENT","items_purchased":["Lee\u0027s Waffle"],"campfire_rested":1,"item_purchase_floors":[13],"current_hp_per_floor":[70,70,53,53,53,53,29,50,50,50,55,22,82,67,67,0,0],"gold":32,"neow_bonus":"THREE_ENEMY_KILL","is_daily":false,"chose_seed":false,"campfire_upgraded":3,"win_rate":0.0,"timestamp":1614166476,"path_taken":["M","M","?","$","M","R","E","R","T","R","?","E","?","E","R","BOSS"],"items_purchased_type":["Relic"],"build_version":"2020-12-22","purchased_purges":1,"victory":false,"max_hp_per_floor":[70,70,70,70,70,70,70,70,70,70,75,75,82,82,82,82,82],"card_choices":[{"not_picked":["Masterful Stab","Hidden Blade"],"picked":"conspire:PoisonWeapons","floor":1},{"not_picked":["hubris:SlightOfHand","Flying Knee"],"picked":"Outmaneuver","floor":2},{"not_picked":["infinitespire:UltimateForm","infinitespire:Oblivion"],"picked":"Replay:Fractal Strike","floor":3},{"not_picked":["Dodge and Roll","Sucker Punch"],"picked":"Replay:Bag of Tricks","floor":5},{"not_picked":["Flechettes","PiercingWail"],"picked":"Burst","floor":7},{"not_picked":["Flying Knee","Riddle With Holes","Acrobatics"],"picked":"SKIP","floor":12},{"not_picked":["Sucker Punch","hubris:SlightOfHand"],"picked":"Deadly Poison","floor":14}],"player_experience":555688,"relics_obtained":[{"floor":7,"key":"Sundial"},{"floor":9,"key":"infinitespire:Beetle Shell"},{"floor":12,"key":"conspire:Flyswatter"},{"floor":14,"key":"hubris:TinFlute"}],"event_choices":[{"damage_healed":0,"gold_gain":0,"player_choice":"Donut","damage_taken":0,"max_hp_gain":5,"max_hp_loss":0,"event_name":"Big Fish","floor":11,"gold_loss":0}],"is_beta":false,"boss_relics":[],"items_purged_floors":[4],"is_endless":false,"potions_floor_spawned":[2],"killed_by":"Fading Forest","ascension_level":5}}