{"host":"2wfkxmfk74kgfdwc","time":1614167455,"event":{"mods":["Act Like it!","BaseMod","Bossed Relics","Colored Map","Colored Powertips","Curses Come First","Minty Spire (QoL Compilation)","Permanent Neow","Quick Restart","Relic Filter Mod","Relic Stats","Reliquary","Spire Arcade","StSLib","óô»ðÖ¸ÄÏ"],"gold_per_floor":[109,34,109,126,126,126,126,126],"floor_reached":7,"language":"ZHS","playtime":2378,"items_purged":["Decay"],"score":39,"play_id":"2c256c94-1b79-47f2-b985-dfa84148cbaa","local_time":"20210224195055","is_ascension_mode":false,"campfire_choices":[{"data":"Eruption","floor":6.0,"key":"SMITH"}],"circlet_count":0,"master_deck":["Strike_P","Strike_P","Strike_P+1","Strike_P","Defend_P","Defend_P","Defend_P","Eruption+1","Vigilance+1","LessonLearned","FlurryOfBlows"],"relics":["PureWater"],"acts_visited":["Exordium"],"potions_floor_usage":[],"damage_taken":[{"damage":13.0,"enemies":"Small Slimes","floor":1.0,"turns":3.0},{"damage":2.0,"enemies":"Cultist","floor":4.0,"turns":3.0},{"damage":0,"enemies":"Lagavulin","floor":7,"turns":1}],"seed_played":"-773180941808684535","potions_obtained":[{"floor":1.0,"key":"Ancient Potion"},{"floor":4.0,"key":"ColorlessPotion"}],"is_trial":false,"path_per_floor":["M","$","?","M","?","R","E"],"character_chosen":"WATCHER","items_purchased":[],"campfire_rested":0,"item_purchase_floors":[],"current_hp_per_floor":[59,59,48,46,46,46,46,46],"gold":126,"neow_bonus":"THREE_RARE_CARDS","is_daily":false,"chose_seed":false,"campfire_upgraded":1,"win_rate":0.0,"timestamp":1614167455,"path_taken":["M","$","?","M","?","R","E"],"items_purchased_type":[],"build_version":"2020-12-22","purchased_purges":1,"victory":false,"max_hp_per_floor":[72,72,72,72,72,72,72,72],"relic_stats":{"counters":[3,7],"obtain_stats":[{"PureWater":0},{"PureWater":0},{"PureWater":0}]},"card_choices":[{"not_picked":["Vault","Ragnarok"],"picked":"LessonLearned","floor":0.0},{"not_picked":["ClearTheMind","ReachHeaven"],"picked":"FlurryOfBlows","floor":1.0},{"not_picked":["Evaluate","FlyingSleeves","CrushJoints"],"picked":"SKIP","floor":4.0}],"player_experience":27453,"relics_obtained":[],"event_choices":[{"damage_healed":0.0,"max_hp_gain":0.0,"max_hp_loss":0.0,"gold_gain":75.0,"event_name":"World of Goop","player_choice":"Gather Gold","floor":3.0,"gold_loss":0.0,"damage_taken":11.0},{"cards_removed":["Defend_P"],"damage_healed":0.0,"max_hp_gain":0.0,"max_hp_loss":0.0,"gold_gain":0.0,"event_name":"Purifier","player_choice":"Purged","floor":5.0,"gold_loss":0.0,"damage_taken":0.0}],"is_beta":false,"boss_relics":[],"items_purged_floors":[2],"is_endless":false,"potions_floor_spawned":[1,4],"killed_by":"Lagavulin","ascension_level":0}}