{"host":"pjjzz70vl4t83ifx","time":1614127951,"event":{"mods":["AchievementEnabler","BaseMod","Card Forge","Colored Map","Colored Powertips","Highlight Path","Infinite Spire","Minty Spire (QoL Compilation)","Permanent Neow","Practice Mode","Rare Cards Sparkle","Relic Stats","StSLib","Synergy Search"],"gold_per_floor":[118,128,143,143,32,32,47,47,71,101,101,131,143,168,180,294,306,329,341,378,403,425,462,474,517,529,541,572,594,639,667,679,787,799,830,855,892,424,424,424,56,74,74,105,115,115,115,115,115,115],"floor_reached":51,"language":"ENG","playtime":2191,"items_purged":["Strike_G","Strike_G"],"score":1167,"play_id":"bec7fc23-97e1-4f5c-ac70-3abfd4767655","local_time":"20210223165231","is_ascension_mode":true,"campfire_choices":[{"data":"Noxious Fumes","floor":6,"key":"SMITH"},{"data":"Noxious Fumes","floor":8,"key":"SMITH"},{"data":"Noxious Fumes","floor":15,"key":"SMITH"},{"floor":24,"key":"REST"},{"floor":27,"key":"REST"},{"floor":32,"key":"REST"},{"floor":40,"key":"REST"},{"floor":49,"key":"REST"}],"circlet_count":0,"master_deck":["Strike_G+1","Strike_G","Strike_G+1","Defend_G","Defend_G","Defend_G","Defend_G","Defend_G","Survivor+1","Neutralize+1","Flechettes","Noxious Fumes+1","Dash","Noxious Fumes+1","Blur","Noxious Fumes+1","Adrenaline","Noxious Fumes","Crippling Poison+1","Bane","PiercingWail+1","Well Laid Plans+1","Noxious Fumes","Corpse Explosion","Escape Plan","Footwork+1","Flash of Steel","Noxious Fumes","Deflect+1","Catalyst","Leg Sweep"],"relics":["Ring of the Snake","Hammer of Thor","Seething Fire","Anvil of the Gods","Strawberry","Whetstone","MawBank","Lantern","Fusion Hammer","infinitespire:Beetle Shell","Regal Pillow","Tiny Chest","Happy Flower","Ninja Scroll","Question Card","SlaversCollar","Smiling Mask","Letter Opener","infinitespire:ShieldingShard","infinitespire:FocusingShard","The Courier","infinitespire:BottledMercury"],"acts_visited":["Exordium","TheCity","TheBeyond"],"potions_floor_usage":[10,10,10,10,16,45,45,50],"damage_taken":[{"damage":0,"enemies":"Cultist","floor":1,"turns":3},{"damage":2,"enemies":"2 Louse","floor":2,"turns":2},{"damage":4,"enemies":"Jaw Worm","floor":3,"turns":4},{"damage":0,"enemies":"Blue Slaver","floor":7,"turns":5},{"damage":10,"enemies":"3 Sentries","floor":10,"turns":5},{"damage":1,"enemies":"Exordium Wildlife","floor":12,"turns":4},{"damage":5,"enemies":"Exordium Thugs","floor":14,"turns":4},{"damage":0,"enemies":"The Guardian","floor":16,"turns":8},{"damage":0,"enemies":"3 Byrds","floor":18,"turns":4},{"damage":13,"enemies":"2 Thieves","floor":21,"turns":4},{"damage":0,"enemies":"Snecko","floor":22,"turns":5},{"damage":21,"enemies":"Gremlin Leader","floor":23,"turns":6},{"damage":43,"enemies":"Slavers","floor":25,"turns":5},{"damage":0,"enemies":"3 Cultists","floor":28,"turns":3},{"damage":0,"enemies":"Centurion and Healer","floor":29,"turns":6},{"damage":11,"enemies":"Gremlin Leader","floor":30,"turns":6},{"damage":17,"enemies":"Snake Plant","floor":31,"turns":5},{"damage":35,"enemies":"Champ","floor":33,"turns":12},{"damage":9,"enemies":"Orb Walker","floor":35,"turns":5},{"damage":26,"enemies":"3 Darklings","floor":36,"turns":4},{"damage":0,"enemies":"4 Shapes","floor":42,"turns":3},{"damage":25,"enemies":"Nemesis","floor":44,"turns":7},{"damage":0,"enemies":"Jaw Worm Horde","floor":45,"turns":2},{"damage":22,"enemies":"Time Eater","floor":50,"turns":8}],"seed_played":"-8181783967851523207","potions_obtained":[{"floor":2,"key":"EntropicBrew"},{"floor":3,"key":"AttackPotion"},{"floor":10,"key":"Ancient Potion"},{"floor":14,"key":"Block Potion"},{"floor":16,"key":"FairyPotion"},{"floor":21,"key":"LiquidBronze"},{"floor":42,"key":"Energy Potion"},{"floor":45,"key":"Swift Potion"}],"is_trial":false,"path_per_floor":["M","M","M","?","$","R","M","R","T","E","?","M","T","M","R","B",null,"M","?","T","M","M","E","R","E","T","R","M","M","E","M","R","B",null,"M","M","T","$","?","R","$","M","T","E","M","T","?","?","R","B",null],"character_chosen":"THE_SILENT","items_purchased":["Noxious Fumes","Blur","Footwork","Letter Opener","Flash of Steel","infinitespire:ShieldingShard","Noxious Fumes"],"campfire_rested":5,"item_purchase_floors":[5,5,38,38,38,41,41],"current_hp_per_floor":[63,61,57,43,43,43,43,43,50,40,40,39,39,34,34,34,66,66,66,66,53,53,32,70,27,27,65,65,65,54,37,75,40,68,59,33,33,33,33,71,71,71,71,46,46,46,46,46,77,55],"gold":115,"neow_bonus":"RANDOM_COLORLESS","is_daily":false,"chose_seed":false,"campfire_upgraded":3,"win_rate":0.0,"timestamp":1614127951,"path_taken":["M","?","M","?","$","R","M","R","T","E","?","M","?","M","R","BOSS","M","?","?","M","M","E","R","E","T","R","M","?","E","M","R","BOSS","M","M","?","$","?","R","$","M","T","E","M","?","?","?","R","BOSS"],"items_purchased_type":["Card","Card","Card","Relic","Card","Relic","Card"],"build_version":"2020-12-22","purchased_purges":2,"victory":true,"max_hp_per_floor":[70,70,70,70,70,70,70,70,77,77,77,77,77,77,77,77,77,77,77,77,77,77,77,77,77,77,77,77,77,77,77,77,77,77,77,77,77,77,77,77,77,77,77,77,77,77,77,77,77,77],"relic_stats":{"Regal Pillow":68,"Happy Flower":[20],"counters":[24,120],"Tiny Chest":1,"Whetstone":["Strike_G","Neutralize"],"Letter Opener":[40],"MawBank":324,"Question Card":10,"Smiling Mask":75,"obtain_stats":[{"infinitespire:BottledMercury":46,"Lantern":13,"Regal Pillow":20,"Happy Flower":25,"Hammer of Thor":0,"infinitespire:Beetle Shell":19,"infinitespire:FocusingShard":43,"The Courier":44,"Seething Fire":0,"Whetstone":10,"Letter Opener":38,"MawBank":11,"Question Card":30,"Smiling Mask":37,"SlaversCollar":34,"infinitespire:ShieldingShard":41,"Anvil of the Gods":0,"Ninja Scroll":26,"Strawberry":9,"Tiny Chest":23,"Fusion Hammer":17,"Ring of the Snake":0},{"infinitespire:BottledMercury":23,"Lantern":6,"Regal Pillow":9,"Happy Flower":13,"Hammer of Thor":0,"infinitespire:Beetle Shell":9,"infinitespire:FocusingShard":21,"The Courier":22,"Seething Fire":0,"Whetstone":5,"Letter Opener":20,"MawBank":5,"Question Card":16,"Smiling Mask":20,"SlaversCollar":18,"infinitespire:ShieldingShard":20,"Anvil of the Gods":0,"Ninja Scroll":13,"Strawberry":4,"Tiny Chest":12,"Fusion Hammer":8,"Ring of the Snake":0},{"infinitespire:BottledMercury":112,"Lantern":23,"Regal Pillow":39,"Happy Flower":59,"Hammer of Thor":0,"infinitespire:Beetle Shell":39,"infinitespire:FocusingShard":103,"The Courier":110,"Seething Fire":0,"Whetstone":19,"Letter Opener":100,"MawBank":19,"Question Card":74,"Smiling Mask":100,"SlaversCollar":91,"infinitespire:ShieldingShard":100,"Anvil of the Gods":0,"Ninja Scroll":59,"Strawberry":14,"Tiny Chest":54,"Fusion Hammer":35,"Ring of the Snake":0}],"Ring of the Snake":[48]},"card_choices":[{"not_picked":["Enlightenment","Blind"],"picked":"Dramatic Entrance","floor":0},{"not_picked":["Quick Slash","Well Laid Plans"],"picked":"Flechettes","floor":1},{"not_picked":["Deflect","Choke"],"picked":"Noxious Fumes","floor":2},{"not_picked":["Dodge and Roll","Cloak And Dagger"],"picked":"Dash","floor":3},{"not_picked":["Concentrate","Outmaneuver","Acrobatics"],"picked":"SKIP","floor":7},{"not_picked":["Expertise","Cloak And Dagger"],"picked":"Noxious Fumes","floor":10},{"not_picked":["Blade Dance","Phantasmal Killer","Masterful Stab"],"picked":"SKIP","floor":12},{"not_picked":["Choke","Predator","Masterful Stab"],"picked":"SKIP","floor":14},{"not_picked":["Bullet Time","Burst"],"picked":"Adrenaline","floor":16},{"not_picked":["Slice","Reflex"],"picked":"Noxious Fumes","floor":18},{"not_picked":["Outmaneuver+1","Skewer"],"picked":"Crippling Poison+1","floor":21},{"not_picked":["Acrobatics+1","Endless Agony"],"picked":"Bane","floor":22},{"not_picked":["Terror+1","Underhanded Strike"],"picked":"PiercingWail+1","floor":23},{"not_picked":["Deflect","Doppelganger"],"picked":"Well Laid Plans+1","floor":25},{"not_picked":["Eviscerate","Predator","PiercingWail"],"picked":"SKIP","floor":28},{"not_picked":["Eviscerate+1","Blur"],"picked":"Noxious Fumes","floor":29},{"not_picked":["Underhanded Strike","Dodge and Roll","Infinite Blades"],"picked":"SKIP","floor":30},{"not_picked":["Outmaneuver+1","Dodge and Roll","Dagger Throw","Blade Dance"],"picked":"SKIP","floor":31},{"not_picked":["After Image","Envenom","Grand Finale"],"picked":"Corpse Explosion","floor":33},{"not_picked":["Acrobatics","Slice+1","Choke"],"picked":"Escape Plan","floor":35},{"not_picked":["Cloak And Dagger+1","Predator","Accuracy+1","Underhanded Strike"],"picked":"SKIP","floor":36},{"not_picked":["PiercingWail+1","Dagger Throw","Underhanded Strike+1"],"picked":"Deflect+1","floor":42},{"not_picked":["Slice","Poisoned Stab+1","Wraith Form v2"],"picked":"Catalyst","floor":44},{"not_picked":["Sucker Punch+1","Escape Plan+1","Quick Slash"],"picked":"Leg Sweep","floor":45}],"player_experience":269759,"relics_obtained":[{"floor":9,"key":"Strawberry"},{"floor":10,"key":"Whetstone"},{"floor":13,"key":"Lantern"},{"floor":20,"key":"Regal Pillow"},{"floor":23,"key":"Tiny Chest"},{"floor":25,"key":"Happy Flower"},{"floor":26,"key":"Ninja Scroll"},{"floor":30,"key":"Question Card"},{"floor":37,"key":"Smiling Mask"},{"floor":43,"key":"infinitespire:FocusingShard"},{"floor":44,"key":"The Courier"},{"floor":46,"key":"infinitespire:BottledMercury"}],"event_choices":[{"damage_healed":0,"gold_gain":0,"player_choice":"Entered Light","damage_taken":14,"max_hp_gain":0,"max_hp_loss":0,"event_name":"Shining Light","floor":4,"gold_loss":0,"cards_upgraded":["Survivor","Strike_G"]},{"damage_healed":0,"gold_gain":0,"player_choice":"Searched \u00271\u0027 times","damage_taken":0,"relics_obtained":["MawBank"],"max_hp_gain":0,"max_hp_loss":0,"event_name":"Dead Adventurer","floor":11,"gold_loss":0},{"damage_healed":0,"gold_gain":0,"player_choice":"Opened","damage_taken":0,"relics_obtained":["infinitespire:Beetle Shell"],"max_hp_gain":0,"max_hp_loss":0,"event_name":"The Mausoleum","floor":19,"gold_loss":0},{"cards_removed":["Dramatic Entrance"],"damage_healed":0,"gold_gain":0,"player_choice":"Removed Attack","damage_taken":0,"max_hp_gain":0,"max_hp_loss":0,"event_name":"Falling","floor":47,"gold_loss":0},{"damage_healed":0,"gold_gain":0,"player_choice":"Forge","damage_taken":0,"max_hp_gain":0,"max_hp_loss":0,"event_name":"Accursed Blacksmith","floor":48,"gold_loss":0,"cards_upgraded":["Footwork"]}],"is_beta":false,"boss_relics":[{"not_picked":["Ring of the Serpent","Pandora\u0027s Box"],"picked":"Fusion Hammer"},{"not_picked":["Snecko Eye","Busted Crown"],"picked":"SlaversCollar"}],"items_purged_floors":[38,41],"is_endless":false,"potions_floor_spawned":[2,3,10,14,16,21,25,29,30,31,33,42,45],"ascension_level":8}}