{"host":"whe4vf9w0yuhsr02","time":1614178920,"event":{"mods":["AchievementEnabler","Act Like it!","BaseMod","Better Altar","Better Match","Better Note","Better Sensory Stone","Better Skull","Better Third Choice","Colored Map","Dark Map","Friendly Minions","Highlight Path","Hubris","Library of Ruina","Library of Ruina Extra","Minty Spire (QoL Compilation)","Poor People Problems","Quick Restart","Replay The Spire","StSLib","everything is the same but u backflip on backflip"],"gold_per_floor":[210,53,53,53,70,70,84,111,111,128,128,140,415,430,430,528,528,543,555,575,424,439,439,454,454,454,454,489,334,334,352,352,456,456,476,476,476,494,494,494,549,549,549,177,187,187,37,51,51,51,51],"floor_reached":52,"language":"ENG","playtime":571,"items_purged":["Amnesia"],"score":1047,"play_id":"3b5b3746-597b-4cba-bcda-b192626fe266","local_time":"20210224170200","is_ascension_mode":false,"campfire_choices":[{"data":"DegradedShockwave","floor":6,"key":"SMITH"},{"data":"DegradedLock","floor":15,"key":"SMITH"},{"data":"DegradedPillar","floor":25,"key":"SMITH"},{"data":"DegradedPillar","floor":27,"key":"SMITH"},{"data":"DegradedChain","floor":40,"key":"SMITH"},{"data":"DegradedChain","floor":42,"key":"SMITH"},{"data":"DegradedFairy","floor":46,"key":"SMITH"},{"data":"DegradedFairy","floor":49,"key":"SMITH"}],"circlet_count":0,"master_deck":["DegradedFairy+1","DegradedFairy+1","DegradedChain+1","DegradedChain+1","DegradedLock+1","DegradedPillar+1","DegradedPillar+1","DegradedShockwave+1"],"relics":["PageOfLibrarian","hubris:ToyBattleship","hubris:Metronome","Replay:WaspNest","Empty Cage","Orichalcum","MealTicket","Toy Ornithopter","Pen Nib","Busted Crown","Ring of Fury","Ring of Hypnosis","hubris:Towel","PageOfAspirationHeart","PageOfJudgementBird","PageOfSnowWhitesApple","Omamori","Bag of Marbles"],"acts_visited":["Exordium","TheCity","TheBeyond"],"potions_floor_usage":[33,33],"damage_taken":[{"damage":0,"enemies":"Cultist","floor":1,"turns":1},{"damage":0,"enemies":"Small Slimes","floor":5,"turns":1},{"damage":0,"enemies":"2 Louse","floor":7,"turns":1},{"damage":0,"enemies":"3 Sentries","floor":8,"turns":2},{"damage":0,"enemies":"Exordium Thugs","floor":10,"turns":2},{"damage":0,"enemies":"Red Slaver","floor":12,"turns":1},{"damage":0,"enemies":"3 Louse","floor":14,"turns":1},{"damage":8,"enemies":"Slime Boss","floor":16,"turns":4},{"damage":0,"enemies":"2 Thieves","floor":18,"turns":2},{"damage":0,"enemies":"Chosen","floor":19,"turns":2},{"damage":0,"enemies":"Snecko","floor":20,"turns":2},{"damage":0,"enemies":"Centurion and Healer","floor":22,"turns":2},{"damage":0,"enemies":"Snake Plant","floor":24,"turns":1},{"damage":0,"enemies":"Book of Stabbing","floor":28,"turns":2},{"damage":0,"enemies":"Snecko","floor":31,"turns":2},{"damage":84,"enemies":"hubris:MusketHawk","floor":33,"turns":7},{"damage":0,"enemies":"Orb Walker","floor":35,"turns":1},{"damage":8,"enemies":"3 Shapes","floor":38,"turns":2},{"damage":0,"enemies":"2 Orb Walkers","floor":41,"turns":2},{"damage":0,"enemies":"3 Darklings","floor":45,"turns":1},{"damage":0,"enemies":"Writhing Mass","floor":48,"turns":1},{"damage":0,"enemies":"Awakened One","floor":50,"turns":4},{"damage":1,"enemies":"Awakened One","floor":51,"turns":3}],"seed_played":"2497769853780405662","potions_obtained":[{"floor":1,"key":"Fire Potion"},{"floor":4,"key":"EssenceOfSteel"},{"floor":4,"key":"EssenceOfSteel"},{"floor":31,"key":"DuplicationPotion"},{"floor":38,"key":"EssenceOfSteel"},{"floor":45,"key":"Explosive Potion"}],"is_trial":false,"path_per_floor":["M","$","?","?","M","R","M","E","T","M","$","M","?","M","R","B",null,"M","M","M","$","M","?","M","R","T","R","E","$","?","M","R_BF","B",null,"M","?","?","M","?","R","?","R","T","$","M","R","$","M","R","B",null,null],"character_chosen":"Librarian","items_purchased":["hubris:ToyBattleship","Orichalcum","Pen Nib","PageOfSnowWhitesApple","Omamori","Bag of Marbles"],"campfire_rested":0,"item_purchase_floors":[2,21,29,44,44,47],"current_hp_per_floor":[60,60,60,60,60,60,60,60,60,60,60,60,60,60,60,52,90,90,90,90,90,90,90,90,90,90,90,90,90,90,90,90,16,90,90,90,90,82,82,82,82,82,82,90,90,90,90,90,90,90,89],"gold":51,"neow_bonus":"HUNDRED_GOLD","is_daily":false,"chose_seed":false,"campfire_upgraded":8,"win_rate":0.0,"timestamp":1614178920,"path_taken":["M","$","?","?","M","R","M","E","T","?","?","M","?","M","R","BOSS","M","?","M","$","M","?","M","R","T","R","E","$","?","M","R_BF","BOSS","M","?","?","M","?","R","?","R","T","$","M","R","$","?","R","BOSS"],"items_purchased_type":["Relic","Relic","Relic","Relic","Relic","Relic"],"build_version":"2020-12-22","purchased_purges":1,"victory":true,"max_hp_per_floor":[90,90,90,90,90,90,90,90,90,90,90,90,90,90,90,90,90,90,90,90,90,90,90,90,90,90,90,90,90,90,90,90,90,90,90,90,90,90,90,90,90,90,90,90,90,90,90,90,90,90,90],"card_choices":[{"not_picked":["FieryDragonSlash","FieryWaltz","TendonChords","Laceration","FeelinGood","Overpower","Eliminate","LossOfSenses","Crush"],"picked":"SKIP","floor":1},{"not_picked":["FleetEdge","SharpSwipe","EnergyStrike","FrontalAssault","Parry","Diversion","HandleRequest","Pound","EnergyShield"],"picked":"SKIP","floor":5},{"not_picked":["IllEndYou","FierceCharge","FlowOfTheSword","Pound","BurningFlash","SnakeSlit","CoordinatedAssault","Suppress","MultiBlock"],"picked":"SKIP","floor":7},{"not_picked":["Riposte","SomberProcuration","ScratchThat","AsThePrescriptOrders","SharpenedBlade","Parry2","StructuralAnalysis","SilentMist","SweepTheBackstreets"],"picked":"SKIP","floor":8},{"not_picked":["ViolentFlame","FieryDragonSlash","FleetFootsteps","Juggling","SmokingPipe","SharpNails","AGoldenOpportunity","StrikeDown","SunsetBlade"],"picked":"SKIP","floor":10},{"not_picked":["Outburst","QuickAttack","Struggle","BattleCommand","UpbeatPerformance","AssaultOrder","DimensionalRift","CoordinatedAssault","TasteMyFlamingBat"],"picked":"SKIP","floor":12},{"not_picked":["HiddenBlade","Multislash","FormingStorm","EnergyShield","UnavoidableGaze","TendonChords","FleetFootsteps","ToWhereThePrescriptPoints","Outburst"],"picked":"SKIP","floor":14},{"not_picked":["GaleKick","Pound","Unlock1","BackAttack","ToOvercomeCrisis","TendonChords","CookingPrep+1","Fence","FrontalAssault"],"picked":"SKIP","floor":18},{"not_picked":["GrazeTheGrass","Reload+1","Faith+1","MultiBlock","SparkingSpear","UpbeatPerformance","DesperateStruggle","PreemptiveStrike","SinglePointStab"],"picked":"SKIP","floor":19},{"not_picked":["Gamble","ToOvercomeCrisis","Juggling","BackAttack","FieryWaltz","Leap_lor+1","SuanNi","BattleCommand+1","PreemptiveStrike"],"picked":"SKIP","floor":20},{"not_picked":["LossOfSenses","BackAttack","OpportunitySpotted+1","SharpSwipe+1","TendonChords","StrongStrike","YoureTooSlow","SpearedSweep+1","EnergyShield"],"picked":"SKIP","floor":22},{"not_picked":["PreemptiveStrike","FierceCharge","VenomousFangs","Overpower","HiddenBlade","MultiBlock","SharpSwipe","DirtyBlow","StructuralAnalysis+1"],"picked":"SKIP","floor":24},{"not_picked":["SharpSwipe","Outburst","Overcharge","SparkingSpear+1","FleshFillet","EndlessBattle","Thrust","Brawl+1","Retaliate+1"],"picked":"SKIP","floor":28},{"not_picked":["SinglePointStab","Reload","TheRedNotes+1","SilentNight","FendThisOffIfYouCan","Parry","GuardingStance","Collision","TheArtOfRapidSteps"],"picked":"SKIP","floor":31},{"not_picked":["MultiBlock+1","FleetFootsteps+1","HardRehearsal+1","InhaleSmoke+1","BiAn","MultiHit+1","UpbeatPerformance+1"],"picked":"SKIP","floor":35},{"not_picked":["EnergyShield","PreemptiveStrike+1","PinpointShot+1","Pound","FleetEdge","SmokingPipe","DesperateStruggle+1"],"picked":"SKIP","floor":38},{"not_picked":["EndlessBattle+1","SunsetBlade","WillOfThePrescript","FocusFire+1","DesperateStruggle+1","HiddenBlade","JiaoTu+1"],"picked":"SKIP","floor":45},{"not_picked":["SetFire+1","SmokingPipe","Transpierce","HighKick+1","QuickSuppression","Juggling+1","FlyingSword"],"picked":"SKIP","floor":48}],"player_experience":447176,"relics_obtained":[{"floor":8,"key":"hubris:Metronome"},{"floor":9,"key":"Replay:WaspNest"},{"floor":26,"key":"MealTicket"},{"floor":28,"key":"Toy Ornithopter"},{"floor":36,"key":"Ring of Fury"},{"floor":36,"key":"Ring of Hypnosis"},{"floor":41,"key":"PageOfAspirationHeart"},{"floor":43,"key":"PageOfJudgementBird"}],"event_choices":[{"damage_healed":0,"gold_gain":1,"player_choice":"1","damage_taken":0,"max_hp_gain":0,"max_hp_loss":0,"event_name":"betterStone:BetterStone","floor":3,"gold_loss":0},{"damage_healed":0,"gold_gain":0,"player_choice":"Got Potions","damage_taken":0,"max_hp_gain":0,"max_hp_loss":0,"event_name":"Lab","floor":4,"gold_loss":0},{"damage_healed":0,"gold_gain":275,"player_choice":"Desecrate","damage_taken":0,"max_hp_gain":0,"max_hp_loss":0,"event_name":"Golden Shrine","floor":13,"gold_loss":0,"cards_obtained":["Regret"]},{"damage_healed":0,"gold_gain":0,"player_choice":"Ignored","damage_taken":0,"max_hp_gain":0,"max_hp_loss":0,"event_name":"betterNote:BetterNote","floor":23,"gold_loss":0,"cards_obtained":["ShockingBlow"]},{"damage_healed":0,"gold_gain":0,"player_choice":"Ignored","damage_taken":0,"max_hp_gain":0,"max_hp_loss":0,"event_name":"Tomb of Lord Red Mask","floor":39,"gold_loss":0},{"damage_healed":0,"gold_gain":0,"player_choice":"Fight","damage_taken":0,"max_hp_gain":0,"max_hp_loss":0,"event_name":"Mysterious Sphere","floor":41,"gold_loss":0}],"is_beta":false,"boss_relics":[{"not_picked":["ReplayTheSpireMod:DimensionalGlitch","hubris:RunicObelisk"],"picked":"Empty Cage"},{"not_picked":["hubris:VirtuousBlindfold","SlaversCollar"],"picked":"Busted Crown"}],"items_purged_floors":[44],"is_endless":false,"potions_floor_spawned":[1,7,18,22,31,38,45],"ascension_level":0}}