{"host":"Ringo","time":1614171991,"event":{"mods":["BaseMod","Colored Map","Conspire","Dota2Spire","Hubris","Minty Spire (QoL Compilation)","Replay The Spire","StSLib","The Construct","[IsaacMod]ÒÔÈö¼âËþ","¡¾ÒÅÎï¿¨ÅÆ¡¿REMEMod"],"gold_per_floor":[112,124,157,182,194,237,293,345,384,429,966,978,1030,1080,1092,1200,1212,1346,1308,779,779,803,834,867,928,928,1008,1089,1089,1157,1229,1229,1410,1410,1464,1464,1022,638,687,830,201,275,351,439,550,550,623,741,741,731,356],"floor_reached":52,"language":"ZHS","playtime":1390,"items_purged":[],"score":3807,"play_id":"ef32e8e4-2a21-4d2c-b009-594b1823660d","local_time":"20210224210631","daily_mods":["SealedDeck","Vintage","Colorless Cards","Heirloom","Time Dilation","Flight","DeadlyEvents","Elite Swarm","Lethality","Binary"],"is_ascension_mode":true,"campfire_choices":[{"data":"Armaments","floor":12.0,"key":"SMITH"},{"data":"hubris:ReadiedAction","floor":15.0,"key":"SMITH"},{"data":"conspire:Banana","floor":29.0,"key":"SMITH"},{"data":"Brutality","floor":32.0,"key":"SMITH"},{"data":"Heavy Blade","floor":49,"key":"SMITH"}],"circlet_count":0,"master_deck":["AscendersBane","hubris:ReadiedAction+1","Inflame","Replay:Undeath\u0027s Touch","Heavy Blade+1","Anger","Pummel","Armaments+1","ReplayTheSpireMod:Muscle Training","Shrug It Off+1","ReplayTheSpireMod:Trickstab","Finisher+1","Cleave","hubris:SharpeningStone+1","conspire:Banana+1","Sword Boomerang","Brutality+1","Thunderclap","Offering+1","Twin Strike+1","Poisoned Strike+1"],"relics":["Burning Blood","Busted Crown","HushsDoor","REME_ComplimentaryCards","replay:Trail_Library","Replay:Kaleidoscope","DeadEye","MawBank","Golden Idol","Pear","Dota2Spire:Mjollnir","ReplayFunnel","Dota2Spire:Vanguard","Dota2Spire:PhaseBoots","TheBean","Counterbalance","PillsDrop","BookOfRevelations","Dota2Spire:RefresherOrb","BloodBag","Question Card","Sling","Omamori","hubris:Towel","GuppysTail","Centennial Puzzle","Replay:Bandana","Vajra","InkBottle","Dota2Spire:OctarineCore","Bronze Scales","EdensBlessing","Golden Egg","hubris:Stopwatch","Chameleon Ring","Singing Bowl","Toolbox","hubris:SlimyHat","Medical Kit","Dota2Spire:CrimsonGuard","GuppysPaw","conspire:Dentures","REME_OnlineShoppingPlatform","War Paint","Garlic","Dota2Spire:EchoSabre","Dota2Spire:OrchidMalevolence","ReplayTheSpireMod:Ring of Exchange","Ring of Peace","ReplayTheSpireMod:Shallot","Dota2Spire:EyeOfSkadi"],"acts_visited":["Exordium","TheCity","TheBeyond"],"potions_floor_usage":[50,50,50,50,50,50,50,51,51,51,51,51,51,51,51,51,51,51,51,51,51,51,51,51,51,51,51,51],"damage_taken":[{"damage":0.0,"enemies":"Cultist","floor":1.0,"turns":1.0},{"damage":1.0,"enemies":"Jaw Worm","floor":3.0,"turns":1.0},{"damage":1.0,"enemies":"Small Slimes","floor":4.0,"turns":2.0},{"damage":1.0,"enemies":"Replay:BlueRogue","floor":6.0,"turns":1.0},{"damage":1.0,"enemies":"Gremlin Nob","floor":7.0,"turns":2.0},{"damage":1.0,"enemies":"Lagavulin","floor":8.0,"turns":2.0},{"damage":1.0,"enemies":"3 Sentries","floor":10.0,"turns":2.0},{"damage":1.0,"enemies":"Replay:BlueRogue","floor":11.0,"turns":1.0},{"damage":1.0,"enemies":"Gremlin Nob","floor":13.0,"turns":2.0},{"damage":0.0,"enemies":"Replay:BlueRogue","floor":14.0,"turns":1.0},{"damage":0.0,"enemies":"Hexaghost","floor":16.0,"turns":2.0},{"damage":0.0,"enemies":"Chosen","floor":18.0,"turns":1.0},{"damage":0.0,"enemies":"3 Byrds","floor":22.0,"turns":2.0},{"damage":0.0,"enemies":"Gremlin Leader","floor":23.0,"turns":2.0},{"damage":0.0,"enemies":"Replay:Snechameleon","floor":24.0,"turns":2.0},{"damage":0.0,"enemies":"conspire:Head Lice","floor":25.0,"turns":1.0},{"damage":0.0,"enemies":"REME_1_Revenger","floor":27.0,"turns":1.0},{"damage":0.0,"enemies":"Gremlin Leader","floor":28.0,"turns":1.0},{"damage":0.0,"enemies":"Replay:Snechameleon","floor":30.0,"turns":1.0},{"damage":0.0,"enemies":"Collector","floor":33.0,"turns":2.0},{"damage":0.0,"enemies":"Orb Walker","floor":35.0,"turns":1.0},{"damage":18.0,"enemies":"3 Shapes","floor":39.0,"turns":1.0},{"damage":0.0,"enemies":"Reptomancer","floor":40.0,"turns":1.0},{"damage":0.0,"enemies":"Nemesis","floor":42.0,"turns":1.0},{"damage":0.0,"enemies":"Reptomancer","floor":44.0,"turns":1.0},{"damage":0.0,"enemies":"Giant Head","floor":45.0,"turns":1.0},{"damage":0,"enemies":"Maw","floor":47,"turns":2},{"damage":0,"enemies":"Reptomancer","floor":48,"turns":1},{"damage":0,"enemies":"Awakened One","floor":50,"turns":2},{"damage":0,"enemies":"Donu and Deca","floor":51,"turns":1}],"seed_played":"5819659234209667844","potions_obtained":[{"floor":1.0,"key":"Strength Potion"},{"floor":7.0,"key":"EntropicBrew"},{"floor":8.0,"key":"LiquidMemories"},{"floor":10.0,"key":"Adrenaline Potion"},{"floor":16.0,"key":"Adrenaline Potion"},{"floor":23.0,"key":"Swift Potion"},{"floor":30.0,"key":"EssenceOfSteel"},{"floor":33.0,"key":"SteroidPotion"},{"floor":35.0,"key":"PowerPotion"},{"floor":39.0,"key":"REME_GoldPotion"}],"is_trial":true,"path_per_floor":["M","?","M","M","$","E","E","E","T","E","E","R","E","E","R","B",null,"M","?","$","?","M","E","E","E","T","E","E","R","E","T","R","B",null,"M","?","$","$","M","E","$","E","T","E","E","?","M","E","R","B","B",null],"character_chosen":"IRONCLAD","items_purchased":["Sling","Omamori","hubris:SharpeningStone+1","conspire:Banana","Sword Boomerang","Singing Bowl","Toolbox","hubris:SlimyHat","Medical Kit","Twin Strike","conspire:Dentures","REME_OnlineShoppingPlatform","Poisoned Strike"],"campfire_rested":0,"item_purchase_floors":[20,20,20,20,20,37,37,38,38,38,41,41,41],"current_hp_per_floor":[74,48,63,68,68,73,78,83,83,85,16,16,21,27,27,33,68,71,71,71,71,78,85,90,91,91,92,92,92,94,94,94,96,96,98,98,98,98,88,80,80,84,84,88,92,92,94,103,103,105,105],"gold":356,"neow_bonus":"","is_daily":false,"chose_seed":false,"campfire_upgraded":5,"win_rate":0.0,"timestamp":1614171991,"path_taken":["M","?","M","?","?","E","E","E","T","E","E","R","E","?","R","BOSS","M","?","$","?","M","E","E","E","T","E","E","R","E","?","R","BOSS","M","?","$","$","?","E","$","E","T","E","E","?","M","E","R","BOSS","BOSS"],"items_purchased_type":["Relic","Relic","Card","Card","Card","Relic","Relic","Relic","Relic","Card","Relic","Relic","Card"],"build_version":"2020-12-18","purchased_purges":0,"victory":true,"max_hp_per_floor":[75,75,85,85,85,85,85,85,85,85,85,85,85,85,85,80,80,87,87,87,87,88,89,90,91,91,92,92,92,94,94,94,96,96,98,98,98,98,100,80,80,84,84,88,92,92,94,103,103,105,105],"card_choices":[{"not_picked":["REME_BodyOfCthun"],"picked":"SKIP","floor":23.0},{"not_picked":["Eclipse"],"picked":"SKIP","floor":24.0},{"not_picked":["REME_PuzzleBox"],"picked":"SKIP","floor":25.0},{"not_picked":[],"picked":"Brutality","floor":27.0},{"not_picked":["ReplayTheSpireMod:Brewmster"],"picked":"SKIP","floor":28.0},{"not_picked":[],"picked":"Offering","floor":30.0},{"not_picked":["Double Tap"],"picked":"Singing Bowl","floor":40.0},{"not_picked":["Double Tap"],"picked":"Singing Bowl","floor":42.0},{"not_picked":["Brutality"],"picked":"Singing Bowl","floor":44.0},{"not_picked":["Magnetism"],"picked":"Singing Bowl","floor":45.0},{"not_picked":["BloodyBrimstone"],"picked":"Singing Bowl","floor":48}],"player_experience":752348,"relics_obtained":[{"floor":1.0,"key":"MawBank"},{"floor":3.0,"key":"Pear"},{"floor":4.0,"key":"Dota2Spire:Mjollnir"},{"floor":6.0,"key":"ReplayFunnel"},{"floor":7.0,"key":"Dota2Spire:Vanguard"},{"floor":8.0,"key":"Dota2Spire:PhaseBoots"},{"floor":9.0,"key":"TheBean"},{"floor":10.0,"key":"Counterbalance"},{"floor":11.0,"key":"BloodDonationMachine"},{"floor":13.0,"key":"PillsDrop"},{"floor":14.0,"key":"BookOfRevelations"},{"floor":18.0,"key":"Question Card"},{"floor":22.0,"key":"GuppysTail"},{"floor":23.0,"key":"Centennial Puzzle"},{"floor":24.0,"key":"Replay:Bandana"},{"floor":25.0,"key":"Vajra"},{"floor":26.0,"key":"InkBottle"},{"floor":27.0,"key":"Dota2Spire:OctarineCore"},{"floor":28.0,"key":"Bronze Scales"},{"floor":30.0,"key":"EdensBlessing"},{"floor":31.0,"key":"Golden Egg"},{"floor":35.0,"key":"Chameleon Ring"},{"floor":39.0,"key":"Dota2Spire:CrimsonGuard"},{"floor":40.0,"key":"GuppysPaw"},{"floor":42.0,"key":"War Paint"},{"floor":43.0,"key":"Garlic"},{"floor":44.0,"key":"Dota2Spire:EchoSabre"},{"floor":45.0,"key":"Dota2Spire:OrchidMalevolence"},{"floor":46,"key":"ReplayTheSpireMod:Ring of Exchange"},{"floor":46,"key":"Ring of Peace"},{"floor":47,"key":"ReplayTheSpireMod:Shallot"},{"floor":48,"key":"Dota2Spire:EyeOfSkadi"}],"event_choices":[{"damage_healed":0.0,"max_hp_gain":0.0,"max_hp_loss":0.0,"gold_gain":0.0,"event_name":"Golden Idol","player_choice":"Take Damage","floor":2.0,"gold_loss":0.0,"damage_taken":26.0,"relics_obtained":["Golden Idol"]},{"damage_healed":0.0,"max_hp_gain":0.0,"max_hp_loss":0.0,"gold_gain":0.0,"event_name":"Designer","player_choice":"Upgrade","floor":19.0,"gold_loss":50.0,"damage_taken":0.0,"cards_upgraded":["Finisher"]},{"cards_removed":["Dramatic Entrance"],"damage_healed":0.0,"max_hp_gain":0.0,"max_hp_loss":0.0,"gold_gain":0.0,"event_name":"Falling","player_choice":"Removed Attack","floor":36.0,"gold_loss":0.0,"damage_taken":0.0}],"is_beta":true,"boss_relics":[{"not_picked":["construct:ClawGrip","Runic Cube"],"picked":"Dota2Spire:RefresherOrb"},{"not_picked":[]},{"not_picked":["Philosopher\u0027s Stone","Velvet Choker"],"picked":"hubris:Stopwatch"},{"not_picked":[]}],"items_purged_floors":[],"is_endless":false,"potions_floor_spawned":[1,7,8,10,13,16,23,30,33,35,39],"ascension_level":20}}