{"host":"dwyzfvnzfcqffr30","time":1614172940,"event":{"mods":["2.2 Compatiblity","Act Like it!","Aspiration","BaseMod","Beaked The Cultist","Better Altar","Better Match","Better Note","Better Sensory Stone","Better Skull","Better Third Choice","Clockwork Mod","Colored Map","Colored Powertips","Conspire","Downfall","Elementarium","GifTheSpireLib","Halation","Hermit","Hubris","Infinite Spire","Ironclad Rager","Jedi Mod","Menagerie","Mimic Mod","Minty Spire (QoL Compilation)","Permanent Neow","Random Character Button","Relic Filter Mod","Reliquary","Replay The Spire","Shapeshifter Mod","Spicy Shops","Spikes Relics","StSLib","Stuff the Spire","The Construct","The Disciple","The Druid","The Marked","TheFirefly","Trackpad","Wandering Minibosses"],"gold_per_floor":[116,137,137,137,160,199,199,228,278,278,324,74,92,92,92],"floor_reached":14,"language":"ENG","playtime":1662,"items_purged":[],"score":172,"play_id":"0453b62c-7375-4acb-bad0-0c2d9d7478d6","local_time":"20210224052220","is_ascension_mode":true,"campfire_choices":[],"circlet_count":0,"master_deck":["AscendersBane","DevaForm+1","Clockwork:Strike+1","Clockwork:Strike+1","Clockwork:Strike+1","Clockwork:Strike+1","Clockwork:Shield+1","Clockwork:Shield+1","Clockwork:Shield+1","Clockwork:Shield+1","Clockwork:Tinker+1","Clockwork:WarmUp+1","Clockwork:AeonShield+1","Apotheosis+1","MasterReality+1","hermit:WideOpen+1","Clockwork:Improve+1","Clockwork:RevUp+1"],"relics":["Clockwork:MomentumEngine","Frozen Egg 2","Toxic Egg 2","Molten Egg 2","Quantum Egg","SacredBark","conspire:InfiniteJournal","infinitespire:EvilPickle","halation:Prosthetics","hubris:TinFlute","Bottled Tornado","hubris:Towel","Clockwork:BloodPhial","Blue Candle","Menagerie:ShiftingBlessing","reliquary:PorcupineQuills","Sling","Clockwork:CopperScales","Clockwork:Varja"],"acts_visited":["Menagerie:Menagerie"],"potions_floor_usage":[6,14,14],"damage_taken":[{"damage":0,"enemies":"Menagerie:StygianBoar","floor":1,"turns":6},{"damage":0,"enemies":"Menagerie:MonstrousExperiment","floor":2,"turns":11},{"damage":0,"enemies":"Menagerie:2_RABBITS","floor":5,"turns":7},{"damage":38,"enemies":"Menagerie:Hydra","floor":6,"turns":8},{"damage":4,"enemies":"Menagerie:EntropyWarlock","floor":8,"turns":4},{"damage":24,"enemies":"Menagerie:VoidReaper","floor":11,"turns":12},{"damage":9,"enemies":"Menagerie:DREAD_MOTH_AND_GRAFTED_WORMS","floor":13,"turns":8},{"damage":23,"enemies":"Menagerie:MaskedSummoner","floor":14,"turns":5}],"seed_played":"-5229723588908006289","potions_obtained":[{"floor":5,"key":"ColorlessPotion"},{"floor":11,"key":"Elixir"},{"floor":13,"key":"PowerPotion"}],"is_trial":false,"path_per_floor":["M","M","?","?","M","E","?","M","T","?","E","$","M","E"],"character_chosen":"CLOCKWORK","items_purchased":["Clockwork:RevUp+1","Clockwork:CraftBloodPhial+1","Sling"],"campfire_rested":0,"item_purchase_floors":[12,12,12],"current_hp_per_floor":[84,84,84,84,84,46,34,32,32,36,14,14,11,0,0],"gold":92,"neow_bonus":"ONE_RANDOM_RARE_CARD","is_daily":false,"chose_seed":false,"campfire_upgraded":0,"win_rate":0.0,"timestamp":1614172940,"path_taken":["M","M","?","?","M","E","?","M","T","?","E","$","M","E"],"items_purchased_type":["Card","Card","Relic"],"build_version":"2020-12-22","purchased_purges":0,"victory":false,"max_hp_per_floor":[84,84,84,84,84,84,84,84,84,88,88,88,88,88,88],"card_choices":[{"not_picked":["Clockwork:LiteraryArmor+1","Clockwork:Minimalism+1"],"picked":"Clockwork:CraftBloodPhial+1","floor":1},{"not_picked":["Clockwork:SpurOn+1","Clockwork:ReserveSystems+1","Clockwork:Friction+1"],"picked":"SKIP","floor":2},{"not_picked":["WindUp","theMarked:WastefulAttack"],"picked":"hermit:WideOpen","floor":4},{"not_picked":["Clockwork:QuantumStrike+1","Clockwork:AdaptiveCannon+1"],"picked":"Clockwork:Improve+1","floor":5},{"not_picked":["Clockwork:Minimalism+1","Clockwork:SearchingStrike+1"],"picked":"Clockwork:CraftCopperScales+1","floor":6},{"not_picked":["Clockwork:AdaptiveCannon+1","Clockwork:HeadStart+1","Clockwork:Selectivity+1"],"picked":"SKIP","floor":8},{"not_picked":["Clockwork:Minimalism+1","Clockwork:AssemblyLine+1"],"picked":"Clockwork:CraftVarja+1","floor":11},{"not_picked":["Clockwork:SystemScan+1","Clockwork:AdaptiveCannon+1","Clockwork:ChargingShield+1"],"picked":"SKIP","floor":13}],"player_experience":3565274,"relics_obtained":[{"floor":6,"key":"Blue Candle"},{"floor":11,"key":"reliquary:PorcupineQuills"}],"event_choices":[{"damage_healed":0,"gold_gain":0,"player_choice":"Simplicity","damage_taken":0,"max_hp_gain":0,"max_hp_loss":8,"event_name":"betterThird:BetterWriting","floor":0,"gold_loss":0},{"damage_healed":0,"gold_gain":0,"player_choice":"Lion","damage_taken":0,"max_hp_gain":0,"max_hp_loss":0,"event_name":"Menagerie:ThreeAnimals","floor":4,"gold_loss":0},{"damage_healed":0,"gold_gain":0,"player_choice":"Touch","damage_taken":12,"relics_obtained":["Menagerie:ShiftingBlessing"],"max_hp_gain":0,"max_hp_loss":0,"event_name":"Menagerie:LunarGift","floor":7,"gold_loss":0},{"damage_healed":0,"gold_gain":0,"player_choice":"Shield","damage_taken":0,"max_hp_gain":4,"max_hp_loss":0,"event_name":"Menagerie:HarrowingRitual","floor":10,"gold_loss":0}],"is_beta":false,"boss_relics":[],"items_purged_floors":[],"is_endless":false,"potions_floor_spawned":[5,11,13],"killed_by":"Menagerie:MaskedSummoner","ascension_level":18}}