{"host":"k6l9gutfcx5zjx93","time":1614137724,"event":{"mods":["Aspiration","BaseMod","BetterRewards","Colored Map","Colored Powertips","Conspire","Downfall","Energized Spire","Hermit","Highlight Path","Hubris","Minty Spire (QoL Compilation)","Permanent Neow","RRrroohrrRGHHhhh!!","Rare Cards Sparkle","Relic Stats","Spicy Shops","StSLib","The Construct"],"gold_per_floor":[99,114,132,307,323,323,371,23,23,49,69,69,69,69,83,178,178,178,194,211,230,245,260,260,260,260,260,260,260,69,69,79,177,177,177,187,183,183,34,34,34,34,52,70,84,97,116,171,190,190],"floor_reached":51,"language":"ENG","playtime":3124,"items_purged":["Doubt","Slimebound:Tackle"],"score":776,"play_id":"f32bb585-b8aa-4ae8-88bb-f53024c409f2","local_time":"20210223203524","is_ascension_mode":false,"campfire_choices":[{"data":"Slimebound:OneTwoCombo","floor":1,"key":"SMITH"},{"data":"Slimebound:SplitBruiser","floor":6,"key":"SMITH"},{"data":"Slimebound:Repurpose","floor":9,"key":"SMITH"},{"data":"Slimebound:GrowthPunch","floor":12,"key":"SMITH"},{"data":"Slimebound:TagTeam","floor":18,"key":"SMITH"},{"data":"Slimebound:Nibble","floor":25,"key":"SMITH"},{"data":"Slimebound:Split","floor":27,"key":"SMITH"},{"floor":29,"key":"REST"},{"data":"Slimebound:MassFeed","floor":35,"key":"SMITH"},{"floor":40,"key":"REST"}],"circlet_count":0,"master_deck":["Slimebound:Strike_Slimebound","Slimebound:Strike_Slimebound","Slimebound:Strike_Slimebound","Slimebound:Defend_Slimebound","Slimebound:Defend_Slimebound","Slimebound:Defend_Slimebound","Slimebound:Defend_Slimebound","Slimebound:Split+1","Slimebound:CorrosiveSpit+1","Slimebound:OneTwoCombo+1","Slimebound:SlimeTap","Slimebound:SplitBruiser+1","Slimebound:SpikyOuterGoop","Slimebound:LivingWall","Slimebound:Repurpose+1","Slimebound:GrowthPunch+1","Slimebound:TagTeam+1","Slimebound:Nibble+1","Slimebound:SlimeBarrage+1","Slimebound:Schlurp","hubris:DuctTapeCard","Slimebound:LevelUp+1","Slimebound:MassFeed+1","Slimebound:GoopSpray+1","Slimebound:PressTheAttack+1","Slimebound:Equalize+1","Slimebound:Prepare","Slimebound:Recycling"],"relics":["Slimebound:AbsorbEndCombat","Toy Ornithopter","Anchor","Centennial Puzzle","Blue Candle","aspiration:RitualDagger","hubris:DuctTape","hubris:Towel","Enchiridion","ClockworkSouvenir","construct:RocketBooster","energizedSpire:NeverEndingSparkler","hubris:SphereOfDissonance","Oddly Smooth Stone","Vajra","Gremlin Horn","rorgmod:The Boot"],"acts_visited":["Exordium","TheCity","TheBeyond"],"potions_floor_usage":[8,11,23,30,33,33,45,50,50],"damage_taken":[{"damage":3,"enemies":"Small Slimes","floor":2,"turns":3},{"damage":1,"enemies":"conspire:RoseBush","floor":3,"turns":3},{"damage":14,"enemies":"2 Louse","floor":5,"turns":3},{"damage":5,"enemies":"downfall:FleeingMerchant","floor":8,"turns":4},{"damage":18,"enemies":"Lagavulin","floor":10,"turns":5},{"damage":0,"enemies":"2 Fungi Beasts","floor":11,"turns":2},{"damage":0,"enemies":"Exordium Wildlife","floor":15,"turns":3},{"damage":24,"enemies":"SI_SHIV_ARCHETYPE","floor":16,"turns":8},{"damage":9,"enemies":"Chosen","floor":19,"turns":3},{"damage":9,"enemies":"Shell Parasite","floor":20,"turns":3},{"damage":36,"enemies":"Centurion and Healer","floor":21,"turns":6},{"damage":13,"enemies":"Chosen and Byrds","floor":22,"turns":4},{"damage":32,"enemies":"Snake Plant","floor":23,"turns":3},{"damage":22,"enemies":"downfall:FleeingMerchant","floor":30,"turns":4},{"damage":20,"enemies":"conspire:HollyBat","floor":32,"turns":6},{"damage":16,"enemies":"WA_ARCHETYPE_CALM","floor":33,"turns":5},{"damage":37,"enemies":"3 Darklings","floor":36,"turns":3},{"damage":24,"enemies":"downfall:FleeingMerchant","floor":37,"turns":3},{"damage":13,"enemies":"3 Shapes","floor":43,"turns":4},{"damage":11,"enemies":"Jaw Worm Horde","floor":44,"turns":3},{"damage":15,"enemies":"Transient","floor":45,"turns":5},{"damage":19,"enemies":"Sphere and 2 Shapes","floor":46,"turns":3},{"damage":6,"enemies":"4 Shapes","floor":47,"turns":2},{"damage":46,"enemies":"Writhing Mass","floor":49,"turns":5},{"damage":28,"enemies":"IC_BLOCK_ARCHETYPE","floor":50,"turns":7}],"seed_played":"-3767516821252621448","potions_obtained":[{"floor":2,"key":"SneckoOil"},{"floor":10,"key":"Swift Potion"},{"floor":16,"key":"hexamod:SoulburnPotion"},{"floor":19,"key":"hexamod:SoulburnPotion"},{"floor":20,"key":"Strength Potion"},{"floor":32,"key":"SteroidPotion"},{"floor":36,"key":"BlessingOfTheForge"},{"floor":43,"key":"SkillPotion"},{"floor":44,"key":"Slimebound:SlimyTonguePotion"}],"is_trial":false,"path_per_floor":["R","M","M","?","M","R","T","$","R","E","M","R","?","?","M","B",null,"R","M","M","M","M","M","T","R","?","R","?","R","$","T","M","B",null,"R","M","$","?","$","R","T","?","M","M","M","M","M","?","M","B",null],"character_chosen":"SLIMEBOUND","items_purchased":["Slimebound:LivingWall","Slimebound:Repurpose","Anchor","ClockworkSouvenir","hubris:SphereOfDissonance","Oddly Smooth Stone","Slimebound:PressTheAttack","Vajra"],"campfire_rested":2,"item_purchase_floors":[8,8,8,30,37,37,37,39],"current_hp_per_floor":[65,64,64,64,52,52,52,58,58,44,51,51,46,51,55,39,70,70,65,62,34,23,70,70,70,70,70,54,70,62,62,66,70,70,70,53,58,58,58,70,70,70,71,76,78,78,78,78,64,79],"gold":190,"neow_bonus":"ONE_RANDOM_RARE_CARD","is_daily":false,"chose_seed":false,"campfire_upgraded":8,"win_rate":0.0,"timestamp":1614137724,"path_taken":["R","M","M","?","M","R","T","$","R","E","M","R","?","?","M","BOSS","R","M","M","M","M","M","T","R","?","R","?","R","$","?","M","BOSS","R","M","$","?","?","R","T","?","M","?","?","M","M","?","M","BOSS"],"items_purchased_type":["Card","Card","Relic","Relic","Relic","Relic","Card","Relic"],"build_version":"2020-12-22","purchased_purges":2,"victory":true,"max_hp_per_floor":[65,65,65,65,65,65,65,65,65,65,65,65,65,70,70,70,70,70,70,70,70,70,70,70,70,70,70,70,70,70,70,70,70,70,70,70,70,70,70,70,70,70,74,78,78,78,78,78,82,82],"relic_stats":{"Centennial Puzzle":[54],"Gremlin Horn":[10,10],"counters":[25,98],"Blue Candle":[0],"obtain_stats":[{"construct:RocketBooster":31,"hubris:DuctTape":24,"Gremlin Horn":41,"Blue Candle":13,"Enchiridion":28,"hubris:SphereOfDissonance":37,"Oddly Smooth Stone":37,"Vajra":39,"hubris:Towel":26,"ClockworkSouvenir":30,"Anchor":8,"Centennial Puzzle":10,"rorgmod:The Boot":48,"energizedSpire:NeverEndingSparkler":34,"Slimebound:AbsorbEndCombat":0,"aspiration:RitualDagger":17,"Toy Ornithopter":7},{"construct:RocketBooster":14,"hubris:DuctTape":13,"Gremlin Horn":18,"Blue Candle":6,"Enchiridion":13,"hubris:SphereOfDissonance":18,"Oddly Smooth Stone":18,"Vajra":18,"hubris:Towel":13,"ClockworkSouvenir":14,"Anchor":4,"Centennial Puzzle":5,"rorgmod:The Boot":23,"energizedSpire:NeverEndingSparkler":16,"Slimebound:AbsorbEndCombat":0,"aspiration:RitualDagger":8,"Toy Ornithopter":3},{"construct:RocketBooster":53,"hubris:DuctTape":49,"Gremlin Horn":70,"Blue Candle":20,"Enchiridion":49,"hubris:SphereOfDissonance":70,"Oddly Smooth Stone":70,"Vajra":70,"hubris:Towel":49,"ClockworkSouvenir":53,"Anchor":13,"Centennial Puzzle":18,"rorgmod:The Boot":87,"energizedSpire:NeverEndingSparkler":64,"Slimebound:AbsorbEndCombat":0,"aspiration:RitualDagger":31,"Toy Ornithopter":9}],"Toy Ornithopter":38},"card_choices":[{"not_picked":["Slimebound:ServeAndProtect","Slimebound:SlimeBarrage"],"picked":"Slimebound:SlimeTap","floor":2},{"not_picked":["Slimebound:GoopTackle","Slimebound:LeechEnergy"],"picked":"Slimebound:HauntingLick","floor":3},{"not_picked":["Slimebound:GoopTackle","Slimebound:FinishingTackle"],"picked":"Slimebound:SplitBruiser","floor":5},{"not_picked":["Slimebound:SamplingLick","Slimebound:DisruptingSlam"],"picked":"Slimebound:SpikyOuterGoop","floor":8},{"not_picked":["Slimebound:FinishingTackle","Slimebound:ItLooksTasty"],"picked":"Slimebound:GrowthPunch","floor":10},{"not_picked":["Slimebound:ProtectTheBoss","Slimebound:ComboTackle"],"picked":"Slimebound:SamplingLick","floor":11},{"not_picked":["Slimebound:SplitBruiser","Slimebound:ItLooksTasty","Slimebound:DisruptingSlam"],"picked":"SKIP","floor":15},{"not_picked":["Slimebound:Overexert","Slimebound:DouseInSlime"],"picked":"Slimebound:TagTeam","floor":16},{"not_picked":["Slimebound:ViciousTackle","Slimebound:SplitAcid+1"],"picked":"Slimebound:Nibble","floor":19},{"not_picked":["Slimebound:SplitLeeching","Slimebound:SamplingLick","Slimebound:SpikyOuterGoop"],"picked":"SKIP","floor":20},{"not_picked":["Slimebound:GoopTackle+1","Slimebound:LivingWall"],"picked":"Slimebound:SlimeBarrage+1","floor":21},{"not_picked":["Slimebound:HungryTackle","Slimebound:SpikyOuterGoop","Slimebound:GoopSpray"],"picked":"SKIP","floor":22},{"not_picked":["Slimebound:FinishingTackle","Slimebound:ComboTackle"],"picked":"Slimebound:Schlurp","floor":23},{"not_picked":["Slimebound:LivingWall","Slimebound:SlimeTap","Slimebound:FlameTackle+1"],"picked":"SKIP","floor":30},{"not_picked":["Slimebound:SlimeSpikes+1","Slimebound:ForwardTackle"],"picked":"Slimebound:LevelUp+1","floor":32},{"not_picked":["Slimebound:Teamwork","Slimebound:TagTeam"],"picked":"Slimebound:MassFeed","floor":33},{"not_picked":["Slimebound:GrowthPunch+1","Slimebound:ProtectTheBoss+1"],"picked":"Slimebound:GoopSpray+1","floor":36},{"not_picked":["Slimebound:Chomp","Slimebound:GoopTackle","Slimebound:SplitBruiser+1"],"picked":"SKIP","floor":37},{"not_picked":["Slimebound:SplitMire","Slimebound:SplitSpecialist"],"picked":"Slimebound:Equalize+1","floor":43},{"not_picked":["Slimebound:SplitAcid+1","Slimebound:SamplingLick+1","Slimebound:Schlurp+1"],"picked":"SKIP","floor":44},{"not_picked":["Slimebound:LivingWall","Slimebound:ServeAndProtect","Slimebound:MegaLick"],"picked":"SKIP","floor":45},{"not_picked":["Slimebound:SlimeSpikes+1","Slimebound:SplitAcid"],"picked":"Slimebound:Prepare","floor":46},{"not_picked":["Slimebound:SamplingLick+1","Slimebound:Recycling","Slimebound:Prepare+1"],"picked":"SKIP","floor":47},{"not_picked":["Slimebound:SamplingLick+1","Slimebound:Prepare+1"],"picked":"Slimebound:Recycling","floor":47},{"not_picked":["Slimebound:SplitLeeching","Slimebound:DisruptingSlam","Slimebound:Prepare"],"picked":"SKIP","floor":49}],"player_experience":387587,"relics_obtained":[{"floor":7,"key":"Toy Ornithopter"},{"floor":10,"key":"Centennial Puzzle"},{"floor":24,"key":"hubris:DuctTape"},{"floor":28,"key":"Enchiridion"},{"floor":31,"key":"construct:RocketBooster"},{"floor":41,"key":"Gremlin Horn"},{"floor":48,"key":"rorgmod:The Boot"}],"event_choices":[{"damage_healed":0,"gold_gain":0,"player_choice":"Donut","damage_taken":0,"max_hp_gain":5,"max_hp_loss":0,"event_name":"Big Fish","floor":14,"gold_loss":0},{"damage_healed":0,"gold_gain":0,"player_choice":"Forge","damage_taken":0,"max_hp_gain":0,"max_hp_loss":0,"event_name":"Accursed Blacksmith","floor":38,"gold_loss":0,"cards_upgraded":["Slimebound:PressTheAttack"]},{"damage_healed":0,"gold_gain":0,"player_choice":"Leave","damage_taken":0,"max_hp_gain":0,"max_hp_loss":0,"event_name":"conspire:Investor","floor":42,"gold_loss":0}],"is_beta":false,"boss_relics":[{"not_picked":["hubris:HollowSoul","conspire:SlowCooker"],"picked":"aspiration:RitualDagger"},{"not_picked":["hubris:Stopwatch","aspiration:FutureDiary"],"picked":"energizedSpire:NeverEndingSparkler"}],"items_purged_floors":[8,30],"is_endless":false,"potions_floor_spawned":[2,10,16,19,20,32,36,43,44],"ascension_level":0}}