{"host":"1dhlu4qzehvrzpot","time":1614160009,"event":{"mods":["2.2 Compatiblity","AchievementEnabler","BaseMod","Block Reminder","Minty Spire (QoL Compilation)","Permanent Neow","Quick Restart","Rare Cards Sparkle","Relic Stats","Say the Spire","Slay-I","StSLib","SuperFastMode"],"gold_per_floor":[114,114,389,404,404,434,449,479,554,554,579,594,594,609,609,709,709,724,649,664,664,664,694,709,739,789,379,394,394,424,439,439,539,539,554,554,554,584,214,214,244,319,369,396,423,465,492,229,229,229],"floor_reached":51,"language":"ENG","playtime":1039,"items_purged":["Defend_R","Defend_R","Strike_R"],"score":953,"play_id":"5e9a8ff2-f167-48bf-8acf-09b9d1fd63a3","local_time":"20210224104649","daily_mods":["Heirloom","Colorless Cards","DeadlyEvents"],"is_ascension_mode":false,"campfire_choices":[{"data":"Demon Form","floor":10.0,"key":"SMITH"},{"data":"Spot Weakness","floor":13.0,"key":"SMITH"},{"data":"Sword Boomerang","floor":15.0,"key":"SMITH"},{"data":"Limit Break","floor":29,"key":"SMITH"},{"data":"Heavy Blade","floor":32,"key":"SMITH"},{"data":"Apotheosis","floor":40,"key":"SMITH"},{"data":"Dual Wield","floor":49,"key":"SMITH"}],"circlet_count":0,"master_deck":["Strike_R","Strike_R+1","Strike_R","Strike_R+1","Defend_R","Defend_R+1","Bash","Cleave","Inflame+1","Flex","Heavy Blade+1","Demon Form+1","Spot Weakness+1","Sword Boomerang+1","Limit Break+1","Feel No Pain","Enlightenment","Whirlwind","Pommel Strike","Dark Embrace","Sword Boomerang","Blood for Blood","Apotheosis+1","True Grit+1","Madness","Madness","Bandage Up+1","Dual Wield+1","Panacea+1","Seeing Red","Headbutt+1","Panacea","Shrug It Off+1"],"relics":["Burning Blood","Magic Flower","Gremlin Horn","Sundial","Bottled Flame","Centennial Puzzle","Black Star","MutagenicStrength","Toy Ornithopter","Whetstone","Ice Cream","Red Skull","Mummified Hand","Tiny Chest","Lee\u0027s Waffle","Bag of Marbles","Potion Belt","Happy Flower","Coffee Dripper","Blue Candle","Gambling Chip","HandDrill","Frozen Egg 2","Singing Bowl","Bottled Lightning","MawBank","Strawberry","War Paint","Brimstone"],"acts_visited":["Exordium","TheCity","TheBeyond"],"potions_floor_usage":[25,33,41,41,46,50],"damage_taken":[{"damage":1.0,"enemies":"Cultist","floor":1.0,"turns":4.0},{"damage":14.0,"enemies":"Jaw Worm","floor":4.0,"turns":2.0},{"damage":43.0,"enemies":"Lagavulin","floor":6.0,"turns":8.0},{"damage":2.0,"enemies":"2 Louse","floor":7.0,"turns":2.0},{"damage":30.0,"enemies":"Gremlin Nob","floor":8.0,"turns":4.0},{"damage":12.0,"enemies":"Blue Slaver","floor":12.0,"turns":3.0},{"damage":2.0,"enemies":"3 Louse","floor":14.0,"turns":2.0},{"damage":48.0,"enemies":"The Guardian","floor":16.0,"turns":7.0},{"damage":0.0,"enemies":"Spheric Guardian","floor":18.0,"turns":2.0},{"damage":37.0,"enemies":"2 Thieves","floor":20.0,"turns":4.0},{"damage":26.0,"enemies":"Book of Stabbing","floor":23.0,"turns":4.0},{"damage":20.0,"enemies":"Snecko","floor":24.0,"turns":5.0},{"damage":37,"enemies":"Slavers","floor":25,"turns":3},{"damage":7,"enemies":"Centurion and Healer","floor":28,"turns":2},{"damage":25,"enemies":"Book of Stabbing","floor":30,"turns":3},{"damage":0,"enemies":"Snake Plant","floor":31,"turns":2},{"damage":42,"enemies":"Automaton","floor":33,"turns":5},{"damage":17,"enemies":"3 Shapes","floor":35,"turns":5},{"damage":43,"enemies":"Giant Head","floor":38,"turns":6},{"damage":18,"enemies":"Reptomancer","floor":41,"turns":2},{"damage":0,"enemies":"3 Darklings","floor":44,"turns":1},{"damage":53,"enemies":"Maw","floor":45,"turns":6},{"damage":24,"enemies":"Giant Head","floor":46,"turns":6},{"damage":0,"enemies":"Jaw Worm Horde","floor":47,"turns":1},{"damage":24,"enemies":"Time Eater","floor":50,"turns":2}],"seed_played":"1986488565424594500","potions_obtained":[{"floor":7.0,"key":"BloodPotion"},{"floor":8.0,"key":"Block Potion"},{"floor":14.0,"key":"EssenceOfSteel"},{"floor":18.0,"key":"DistilledChaos"},{"floor":28,"key":"AttackPotion"},{"floor":31,"key":"SmokeBomb"},{"floor":33,"key":"DistilledChaos"},{"floor":37,"key":"AttackPotion"},{"floor":37,"key":"Swift Potion"},{"floor":37,"key":"Swift Potion"},{"floor":44,"key":"BloodPotion"},{"floor":45,"key":"ColorlessPotion"}],"is_trial":false,"path_per_floor":["M","$","?","M","?","E","M","E","T","R","T","M","R","M","R","B",null,"M","?","M","?","T","E","M","E","T","$","M","R","E","M","R","B",null,"M","?","?","E","$","R","E","T","T","M","M","E","M","$","R","B",null],"character_chosen":"IRONCLAD","items_purchased":["Lee\u0027s Waffle","Bag of Marbles","Dark Embrace","Dual Wield","Panacea","HandDrill","Brimstone"],"campfire_rested":0,"item_purchase_floors":[27,27,27,39,39,39,48],"current_hp_per_floor":[80,80,80,75,75,41,48,27,27,27,27,24,24,31,31,16,80,80,80,52,52,52,43,32,12,12,87,87,87,71,80,80,54,87,79,68,68,34,34,34,50,50,50,59,26,61,70,70,70,63],"gold":229,"neow_bonus":"","is_daily":true,"chose_seed":false,"campfire_upgraded":7,"win_rate":0.0,"timestamp":1614160009,"path_taken":["M","?","?","?","?","E","?","?","T","R","?","?","R","M","R","BOSS","M","?","M","?","?","E","M","?","T","$","M","R","E","M","R","BOSS","M","?","?","?","$","R","E","?","T","M","?","E","M","$","R","BOSS"],"items_purchased_type":["Relic","Relic","Card","Card","Card","Relic","Relic"],"build_version":"2020-12-22","purchased_purges":3,"victory":true,"max_hp_per_floor":[80,80,80,80,80,80,80,80,80,80,80,80,80,80,80,80,80,80,80,80,80,80,80,80,80,80,87,87,87,87,87,87,87,87,87,87,87,87,87,87,87,87,87,87,89,96,96,96,96,96],"relic_stats":{"Lee\u0027s Waffle":75,"Gremlin Horn":[16,17],"Happy Flower":[12],"Singing Bowl":2,"counters":[25,91],"Blue Candle":[0],"Magic Flower":[113],"Whetstone":["Strike_R","Strike_R"],"War Paint":["Defend_R","Panacea"],"MawBank":60,"Burning Blood":206,"Centennial Puzzle":[48],"Sundial":[6],"Mummified Hand":[24],"Gambling Chip":[11],"Tiny Chest":1,"Black Star":6,"HandDrill":[6],"obtain_stats":[{"Ice Cream":23,"Gremlin Horn":6,"Singing Bowl":41,"Magic Flower":0,"Whetstone":23,"Burning Blood":0,"Centennial Puzzle":11,"Sundial":8,"Mummified Hand":25,"Gambling Chip":38,"Strawberry":46,"Tiny Chest":26,"HandDrill":39,"Red Skull":25,"Potion Belt":30,"Lee\u0027s Waffle":27,"Happy Flower":30,"Blue Candle":38,"Frozen Egg 2":41,"War Paint":46,"MawBank":43,"Bottled Flame":9,"Brimstone":48,"MutagenicStrength":21,"Black Star":17,"Bag of Marbles":27,"Coffee Dripper":34,"Bottled Lightning":42,"Toy Ornithopter":22},{"Ice Cream":11,"Gremlin Horn":3,"Singing Bowl":20,"Magic Flower":0,"Whetstone":11,"Burning Blood":0,"Centennial Puzzle":5,"Sundial":5,"Mummified Hand":13,"Gambling Chip":19,"Strawberry":23,"Tiny Chest":13,"HandDrill":19,"Red Skull":13,"Potion Belt":15,"Lee\u0027s Waffle":13,"Happy Flower":15,"Blue Candle":19,"Frozen Egg 2":20,"War Paint":23,"MawBank":20,"Bottled Flame":5,"Brimstone":24,"MutagenicStrength":10,"Black Star":8,"Bag of Marbles":13,"Coffee Dripper":17,"Bottled Lightning":20,"Toy Ornithopter":10},{"Ice Cream":42,"Gremlin Horn":14,"Singing Bowl":75,"Magic Flower":0,"Whetstone":42,"Burning Blood":0,"Centennial Puzzle":20,"Sundial":20,"Mummified Hand":50,"Gambling Chip":73,"Strawberry":88,"Tiny Chest":50,"HandDrill":73,"Red Skull":50,"Potion Belt":55,"Lee\u0027s Waffle":50,"Happy Flower":55,"Blue Candle":73,"Frozen Egg 2":75,"War Paint":88,"MawBank":75,"Bottled Flame":20,"Brimstone":89,"MutagenicStrength":38,"Black Star":32,"Bag of Marbles":50,"Coffee Dripper":62,"Bottled Lightning":75,"Toy Ornithopter":38}],"Toy Ornithopter":55},"card_choices":[{"not_picked":["Flex","Body Slam"],"picked":"Cleave","floor":1.0},{"not_picked":["Second Wind","Flash of Steel"],"picked":"Inflame","floor":4.0},{"not_picked":["Anger","Warcry"],"picked":"Flex","floor":6.0},{"not_picked":["Cleave","Dark Embrace"],"picked":"Heavy Blade","floor":7.0},{"not_picked":["Forethought","Feel No Pain"],"picked":"Demon Form","floor":8.0},{"not_picked":["Thunderclap","Pommel Strike"],"picked":"Spot Weakness","floor":12.0},{"not_picked":["Havoc","Shrug It Off"],"picked":"Sword Boomerang","floor":14.0},{"not_picked":["Chrysalis","Metamorphosis"],"picked":"Limit Break","floor":16.0},{"not_picked":["Pommel Strike","Warcry+1"],"picked":"Feel No Pain","floor":18.0},{"not_picked":["Evolve","Iron Wave","Heavy Blade"],"picked":"SKIP","floor":20.0},{"not_picked":["Perfected Strike","Deep Breath"],"picked":"Enlightenment","floor":23.0},{"not_picked":["Perfected Strike","Sword Boomerang"],"picked":"Whirlwind","floor":24.0},{"not_picked":["Entrench","Searing Blow"],"picked":"Pommel Strike","floor":25},{"not_picked":["Wild Strike","True Grit"],"picked":"Sword Boomerang","floor":28},{"not_picked":["Wild Strike","Flex"],"picked":"Blood for Blood","floor":30},{"not_picked":["Sword Boomerang+1","True Grit","Perfected Strike+1"],"picked":"SKIP","floor":31},{"not_picked":["Thinking Ahead","The Bomb"],"picked":"Apotheosis","floor":33},{"not_picked":["Wild Strike+1","True Grit+1","Anger+1"],"picked":"SKIP","floor":35},{"not_picked":["Wild Strike+1","Anger+1"],"picked":"True Grit+1","floor":35},{"not_picked":["Pommel Strike","Perfected Strike"],"picked":"Bandage Up+1","floor":38},{"not_picked":["Ghostly Armor+1","Cleave"],"picked":"Seeing Red","floor":41},{"not_picked":["Perfected Strike","Wild Strike+1"],"picked":"Headbutt+1","floor":44},{"not_picked":["Headbutt+1","Warcry+1","Power Through"],"picked":"Singing Bowl","floor":45},{"not_picked":["Bludgeon","Thunderclap"],"picked":"Panacea","floor":46},{"not_picked":["Cleave","Iron Wave+1"],"picked":"Shrug It Off+1","floor":47}],"player_experience":565203,"relics_obtained":[{"floor":6.0,"key":"Gremlin Horn"},{"floor":8.0,"key":"Sundial"},{"floor":9.0,"key":"Bottled Flame"},{"floor":11.0,"key":"Centennial Puzzle"},{"floor":22.0,"key":"Toy Ornithopter"},{"floor":23.0,"key":"Whetstone"},{"floor":23.0,"key":"Ice Cream"},{"floor":25,"key":"Red Skull"},{"floor":25,"key":"Mummified Hand"},{"floor":26,"key":"Tiny Chest"},{"floor":30,"key":"Potion Belt"},{"floor":30,"key":"Happy Flower"},{"floor":38,"key":"Blue Candle"},{"floor":38,"key":"Gambling Chip"},{"floor":41,"key":"Frozen Egg 2"},{"floor":41,"key":"Singing Bowl"},{"floor":42,"key":"Bottled Lightning"},{"floor":43,"key":"MawBank"},{"floor":46,"key":"Strawberry"},{"floor":46,"key":"War Paint"}],"event_choices":[{"damage_healed":0.0,"max_hp_gain":0.0,"max_hp_loss":0.0,"gold_gain":275.0,"event_name":"Golden Shrine","player_choice":"Desecrate","floor":3.0,"gold_loss":0.0,"damage_taken":0.0,"cards_obtained":["Regret"]},{"damage_healed":0.0,"max_hp_gain":0.0,"max_hp_loss":0.0,"gold_gain":0.0,"event_name":"Living Wall","player_choice":"Grow","floor":5.0,"gold_loss":0.0,"damage_taken":0.0,"cards_upgraded":["Inflame"]},{"cards_removed":["Regret"],"damage_healed":0.0,"max_hp_gain":0.0,"max_hp_loss":0.0,"gold_gain":0.0,"event_name":"Beggar","player_choice":"Gave Gold","floor":19.0,"gold_loss":75.0,"damage_taken":0.0},{"damage_healed":0.0,"max_hp_gain":0.0,"max_hp_loss":0.0,"gold_gain":0.0,"event_name":"Drug Dealer","player_choice":"Inject Mutagens","floor":21.0,"gold_loss":0.0,"damage_taken":0.0,"relics_obtained":["MutagenicStrength"]},{"damage_healed":0,"gold_gain":0,"player_choice":"Embrace Madness","damage_taken":11,"max_hp_gain":0,"max_hp_loss":0,"event_name":"Winding Halls","floor":36,"gold_loss":0,"cards_obtained":["Madness","Madness"]},{"damage_healed":0,"gold_gain":0,"player_choice":"Got Potions","damage_taken":0,"max_hp_gain":0,"max_hp_loss":0,"event_name":"Lab","floor":37,"gold_loss":0}],"is_beta":false,"boss_relics":[{"not_picked":["SlaversCollar","Tiny House"],"picked":"Black Star"},{"not_picked":["Runic Pyramid","Runic Cube"],"picked":"Coffee Dripper"}],"items_purged_floors":[27,39,48],"is_endless":false,"potions_floor_spawned":[7,8,14,18,28,31,33,44,45],"ascension_level":0}}