{"host":"fuszjwm6fqgjjp4d","time":1614185455,"event":{"mods":["BaseMod","Colored Map","Minty Spire (QoL Compilation)","Permanent Neow","Relic Sorter","Relic Stats","StSLib"],"gold_per_floor":[112,130,205,222,372,372,372,389,389,389,408,419,448,459,459,459,459],"floor_reached":16,"language":"ENG","playtime":331,"items_purged":[],"score":208,"play_id":"cb5d947a-03ed-4216-9dc5-5feaea5c438c","local_time":"20210224105055","is_ascension_mode":true,"campfire_choices":[{"data":"Bash","floor":6,"key":"SMITH"},{"data":"Ghostly Armor","floor":10,"key":"SMITH"},{"data":"Searing Blow","floor":15,"key":"SMITH"}],"circlet_count":0,"master_deck":["AscendersBane","Strike_R","Strike_R","Strike_R","Strike_R","Strike_R","Defend_R","Defend_R","Defend_R","Defend_R","Bash+1","Ghostly Armor+1","Searing Blow+1","Flex","Thunderclap"],"relics":["Busted Crown","HornCleat","Frozen Egg 2"],"acts_visited":["Exordium"],"potions_floor_usage":[11,13,14,15,16,16],"damage_taken":[{"damage":6,"enemies":"2 Louse","floor":1,"turns":3},{"damage":0,"enemies":"Small Slimes","floor":2,"turns":3},{"damage":2,"enemies":"Jaw Worm","floor":4,"turns":4},{"damage":8,"enemies":"Blue Slaver","floor":8,"turns":4},{"damage":4,"enemies":"3 Louse","floor":11,"turns":3},{"damage":0,"enemies":"Exordium Wildlife","floor":12,"turns":2},{"damage":25,"enemies":"3 Sentries","floor":13,"turns":12},{"damage":10,"enemies":"Large Slime","floor":14,"turns":7},{"damage":18,"enemies":"Slime Boss","floor":16,"turns":5}],"seed_played":"6318989639108758859","potions_obtained":[{"floor":1,"key":"Fire Potion"},{"floor":11,"key":"EssenceOfSteel"},{"floor":13,"key":"BloodPotion"},{"floor":14,"key":"EntropicBrew"}],"is_trial":false,"path_per_floor":["M","M","?","M","?","R","?","M","T","R","M","M","E","M","R","B"],"character_chosen":"IRONCLAD","items_purchased":[],"campfire_rested":0,"item_purchase_floors":[],"current_hp_per_floor":[62,62,51,49,49,49,42,34,34,34,30,30,5,10,10,0,0],"gold":459,"neow_bonus":"BOSS_RELIC","is_daily":false,"chose_seed":false,"campfire_upgraded":3,"win_rate":0.0,"timestamp":1614185455,"path_taken":["M","M","?","M","?","R","?","M","T","R","M","M","E","M","R","BOSS"],"items_purchased_type":[],"build_version":"2020-12-22","purchased_purges":0,"victory":false,"max_hp_per_floor":[75,75,75,75,75,75,75,75,75,75,75,75,75,75,75,75,75],"relic_stats":{"Busted Crown":16,"counters":[9,43],"obtain_stats":[{"Busted Crown":0,"HornCleat":9,"Frozen Egg 2":13,"Burning Blood":0},{"Busted Crown":0,"HornCleat":4,"Frozen Egg 2":7,"Burning Blood":0},{"Busted Crown":0,"HornCleat":14,"Frozen Egg 2":31,"Burning Blood":0}]},"card_choices":[{"not_picked":[],"picked":"Ghostly Armor","floor":1},{"not_picked":["True Grit"],"picked":"SKIP","floor":2},{"not_picked":["Sentinel"],"picked":"SKIP","floor":4},{"not_picked":["Armaments"],"picked":"SKIP","floor":8},{"not_picked":[],"picked":"Searing Blow","floor":11},{"not_picked":[],"picked":"Flex","floor":12},{"not_picked":["Heavy Blade"],"picked":"SKIP","floor":13},{"not_picked":[],"picked":"Thunderclap","floor":14}],"player_experience":1527584,"relics_obtained":[{"floor":9,"key":"HornCleat"},{"floor":13,"key":"Frozen Egg 2"}],"event_choices":[{"damage_healed":0,"gold_gain":75,"player_choice":"Gather Gold","damage_taken":11,"max_hp_gain":0,"max_hp_loss":0,"event_name":"World of Goop","floor":3,"gold_loss":0},{"damage_healed":0,"gold_gain":150,"player_choice":"AGREE","damage_taken":0,"max_hp_gain":0,"max_hp_loss":0,"event_name":"Liars Game","floor":5,"gold_loss":0,"cards_obtained":["Doubt"]},{"cards_removed":["Doubt"],"damage_healed":0,"gold_gain":0,"player_choice":"Card Removal","damage_taken":7,"max_hp_gain":0,"max_hp_loss":0,"event_name":"Golden Wing","floor":7,"gold_loss":0}],"is_beta":false,"boss_relics":[],"items_purged_floors":[],"is_endless":false,"potions_floor_spawned":[1,11,13,14],"killed_by":"Slime Boss","ascension_level":20}}