{"host":"dh4nu8nelr2izibb","time":1614184152,"event":{"mods":["BaseMod","Better Skull","Better Third Choice","Card Filter","Card Forge","Curses Come First","Displayed Cursed Tome","HololiveMod","Marisa????????","Minty Spire (QoL Compilation)","Poor People Problems","Quick Restart","Relic Filter","Reliquary","StSLib","The Servant 0.9.4","WarShipGirlsR/????R mod","Yakumo Yukari mod"],"gold_per_floor":[111,130,130,140,156,156,330,330,380,412,412,88,98,109,109,109,109],"floor_reached":16,"language":"ENG","playtime":580,"items_purged":["Strike_G"],"score":199,"play_id":"602cf083-4c5f-4c1b-bef3-164489790c3d","local_time":"20210224112912","is_ascension_mode":true,"campfire_choices":[{"data":"Skewer","floor":6,"key":"SMITH"},{"floor":8,"key":"REST"},{"data":"Leg Sweep","floor":11,"key":"SMITH"},{"data":"All Out Attack","floor":15,"key":"SMITH"}],"circlet_count":0,"master_deck":["AscendersBane","Strike_G","Strike_G","Defend_G","Defend_G","Defend_G","Defend_G","Survivor","Neutralize+1","Burst","Flying Knee","Skewer+1","Leg Sweep+1","Dagger Throw","Acrobatics","After Image","All Out Attack+1","Dagger Spray","Caltrops"],"relics":["Ring of the Snake","Hammer of Thor","Seething Fire","Anvil of the Gods","Pen Nib","reliquary:Stiletto","reliquary:TridentHead"],"acts_visited":["Exordium"],"potions_floor_usage":[10,10,16],"damage_taken":[{"damage":1,"enemies":"Small Slimes","floor":1,"turns":4},{"damage":0,"enemies":"Cultist","floor":2,"turns":4},{"damage":1,"enemies":"Jaw Worm","floor":4,"turns":3},{"damage":1,"enemies":"Blue Slaver","floor":5,"turns":6},{"damage":17,"enemies":"3 Sentries","floor":10,"turns":5},{"damage":0,"enemies":"Looter","floor":13,"turns":4},{"damage":0,"enemies":"2 Fungi Beasts","floor":14,"turns":3},{"damage":37,"enemies":"Hexaghost","floor":16,"turns":14}],"seed_played":"-3449466216416847395","potions_obtained":[{"floor":4,"key":"Explosive Potion"},{"floor":5,"key":"LiquidMemories"},{"floor":10,"key":"SteroidPotion"},{"floor":14,"key":"DistilledChaos"}],"is_trial":false,"path_per_floor":["M","M","?","M","M","R","?","R","T","E","R","$","M","M","R","B"],"character_chosen":"THE_SILENT","items_purchased":["After Image","All Out Attack"],"campfire_rested":1,"item_purchase_floors":[12,12],"current_hp_per_floor":[58,58,63,62,61,61,30,51,51,34,34,34,34,34,34,0,0],"gold":109,"neow_bonus":"TRANSFORM_CARD","is_daily":false,"chose_seed":false,"campfire_upgraded":3,"win_rate":0.0,"timestamp":1614184152,"path_taken":["M","M","?","M","M","R","?","R","T","E","R","$","M","M","R","BOSS"],"items_purchased_type":["Card","Card"],"build_version":"2020-12-22","purchased_purges":1,"victory":false,"max_hp_per_floor":[66,66,71,71,71,71,71,71,71,71,71,71,71,71,71,71,71],"card_choices":[{"not_picked":["Deflect","Riddle With Holes"],"picked":"Flying Knee","floor":1},{"not_picked":["Expertise","Endless Agony"],"picked":"Skewer","floor":2},{"not_picked":["Reflex","Poisoned Stab"],"picked":"Leg Sweep","floor":4},{"not_picked":["Flying Knee","Bane"],"picked":"Dagger Throw","floor":5},{"not_picked":["Caltrops","Bane"],"picked":"Acrobatics","floor":10},{"not_picked":["Crippling Poison","Calculated Gamble"],"picked":"Dagger Spray","floor":13},{"not_picked":["Dagger Spray","Crippling Poison"],"picked":"Caltrops","floor":14}],"player_experience":1204946,"relics_obtained":[{"floor":9,"key":"reliquary:Stiletto"},{"floor":10,"key":"reliquary:TridentHead"}],"event_choices":[{"damage_healed":0,"gold_gain":0,"player_choice":"Donut","damage_taken":0,"max_hp_gain":5,"max_hp_loss":0,"event_name":"Big Fish","floor":3,"gold_loss":0},{"damage_healed":0,"gold_gain":174,"player_choice":"RE GO GO ","damage_taken":35,"relics_obtained":["Pen Nib"],"max_hp_gain":0,"max_hp_loss":0,"event_name":"betterSkull:BetterSkull","floor":7,"gold_loss":0,"cards_upgraded":[]}],"is_beta":false,"boss_relics":[],"items_purged_floors":[12],"is_endless":false,"potions_floor_spawned":[4,5,10,14],"killed_by":"Hexaghost","ascension_level":19}}