{"host":"ocllwaoi18j60ltd","time":1614169738,"event":{"mods":["BaseMod","DeckTracker","Minty Spire (QoL Compilation)","Permanent Neow","Quick Restart","StSLib","SuperFastMode"],"gold_per_floor":[110,123,135,135,135,179,179,215,242,242,283,283,302,340,340,434,434,452,452,476,500,177,177,218,218,218,218,232,232,247,268,268,361,361,375,706,724,624,624,657,692,704,716,728,728],"floor_reached":44,"language":"KOR","playtime":1123,"items_purged":["Injury","Strike_B"],"score":997,"play_id":"b1cbb975-a232-49db-a77f-77de4d06282c","local_time":"20210224212858","is_ascension_mode":true,"campfire_choices":[{"floor":7.0,"key":"REST"},{"floor":12.0,"key":"REST"},{"floor":15.0,"key":"REST"},{"data":"Biased Cognition","floor":23.0,"key":"SMITH"},{"floor":25.0,"key":"REST"},{"floor":32.0,"key":"REST"},{"floor":42,"key":"RECALL"}],"circlet_count":0,"master_deck":["AscendersBane","Strike_B","Strike_B","Defend_B","Defend_B","Defend_B","Defend_B","Zap","Dualcast","Biased Cognition+1","Streamline","Cold Snap","Beam Cell","Core Surge","Barrage+1","Cold Snap","Capacitor","Electrodynamics","Turbo+1","Conserve Battery","Blizzard","Consume+1","Coolheaded+1","Buffer","Meteor Strike+1","Chill"],"relics":["FrozenCore","Golden Idol","DataDisk","MealTicket","Nunchaku","Bronze Scales","Strawberry","PreservedInsect","Regal Pillow","Molten Egg 2","Vajra","Sozu","Old Coin","MawBank"],"acts_visited":["Exordium","TheCity","TheBeyond"],"potions_floor_usage":[40],"damage_taken":[{"damage":2.0,"enemies":"Jaw Worm","floor":1.0,"turns":3.0},{"damage":3.0,"enemies":"2 Louse","floor":2.0,"turns":2.0},{"damage":4.0,"enemies":"Cultist","floor":3.0,"turns":3.0},{"damage":35.0,"enemies":"3 Sentries","floor":6.0,"turns":10.0},{"damage":11.0,"enemies":"Lagavulin","floor":8.0,"turns":6.0},{"damage":28.0,"enemies":"3 Sentries","floor":11.0,"turns":6.0},{"damage":7.0,"enemies":"Gremlin Gang","floor":13.0,"turns":4.0},{"damage":18.0,"enemies":"Lagavulin","floor":14.0,"turns":7.0},{"damage":11.0,"enemies":"Hexaghost","floor":16.0,"turns":9.0},{"damage":11.0,"enemies":"2 Thieves","floor":18.0,"turns":5.0},{"damage":13.0,"enemies":"Shell Parasite","floor":20.0,"turns":7.0},{"damage":13.0,"enemies":"Centurion and Healer","floor":21.0,"turns":7.0},{"damage":31.0,"enemies":"Book of Stabbing","floor":24.0,"turns":5.0},{"damage":2.0,"enemies":"Snecko","floor":28.0,"turns":7.0},{"damage":12.0,"enemies":"Chosen and Byrds","floor":30.0,"turns":7.0},{"damage":8.0,"enemies":"Centurion and Healer","floor":31.0,"turns":4.0},{"damage":46.0,"enemies":"Champ","floor":33.0,"turns":20.0},{"damage":8.0,"enemies":"Orb Walker","floor":35.0,"turns":5.0},{"damage":5.0,"enemies":"Mind Bloom Boss Battle","floor":36.0,"turns":7.0},{"damage":2.0,"enemies":"3 Shapes","floor":37.0,"turns":4.0},{"damage":33,"enemies":"Reptomancer","floor":40,"turns":4},{"damage":1,"enemies":"Sphere and 2 Shapes","floor":41,"turns":7},{"damage":45,"enemies":"Transient","floor":44,"turns":6}],"seed_played":"-6534110987186735570","potions_obtained":[{"floor":3.0,"key":"ColorlessPotion"},{"floor":6.0,"key":"Strength Potion"},{"floor":8.0,"key":"Dexterity Potion"},{"floor":14.0,"key":"Fire Potion"},{"floor":18.0,"key":"PotionOfCapacity"},{"floor":21.0,"key":"BlessingOfTheForge"},{"floor":30.0,"key":"Dexterity Potion"}],"is_trial":false,"path_per_floor":["M","M","M","?","?","E","R","E","T","?","E","R","M","E","R","B",null,"M","?","M","M","$","R","E","R","T","T","M","?","M","M","R","B",null,"M","?","M","$","?","E","M","R","T","M"],"character_chosen":"DEFECT","items_purchased":["PreservedInsect","Blizzard"],"campfire_rested":5,"item_purchase_floors":[22,22],"current_hp_per_floor":[62,59,55,55,48,13,34,23,23,46,18,39,32,21,44,33,67,56,52,39,26,41,41,10,48,48,48,46,46,34,26,64,18,63,55,50,48,63,63,30,29,29,29,0,0],"gold":728,"neow_bonus":"THREE_RARE_CARDS","is_daily":false,"chose_seed":false,"campfire_upgraded":1,"win_rate":0.0,"timestamp":1614169738,"path_taken":["M","M","M","?","?","E","R","E","T","?","E","R","M","E","R","BOSS","M","?","?","?","$","R","E","R","T","?","M","?","?","?","R","BOSS","M","?","M","$","?","E","?","R","T","M"],"items_purchased_type":["Relic","Card"],"build_version":"2020-12-22","purchased_purges":2,"victory":false,"max_hp_per_floor":[71,71,71,71,71,71,71,71,71,71,71,71,71,78,78,78,78,78,78,78,78,78,78,78,78,78,78,78,78,78,78,78,78,78,78,78,78,78,78,78,78,78,78,78,78],"card_choices":[{"not_picked":["Core Surge","Seek"],"picked":"Biased Cognition","floor":0.0},{"not_picked":["Go for the Eyes","Stack"],"picked":"Streamline","floor":1.0},{"not_picked":["Skim","Leap"],"picked":"Cold Snap","floor":2.0},{"not_picked":["Compile Driver","Streamline"],"picked":"Beam Cell","floor":3.0},{"not_picked":["Cold Snap","Sweeping Beam"],"picked":"Core Surge","floor":6.0},{"not_picked":["Go for the Eyes","Storm"],"picked":"Barrage","floor":8.0},{"not_picked":["Barrage","Steam"],"picked":"Cold Snap","floor":11.0},{"not_picked":["Streamline","Steam","Reprogram"],"picked":"SKIP","floor":13.0},{"not_picked":["Gash","Stack"],"picked":"Capacitor","floor":14.0},{"not_picked":["Fission","Amplify"],"picked":"Electrodynamics","floor":16.0},{"not_picked":["Aggregate","Barrage+1"],"picked":"Turbo+1","floor":18.0},{"not_picked":["Scrape","Rebound","Compile Driver+1"],"picked":"SKIP","floor":20.0},{"not_picked":["Compile Driver+1","Streamline"],"picked":"Conserve Battery","floor":21.0},{"not_picked":["Streamline","Fission"],"picked":"Consume+1","floor":24.0},{"not_picked":["Leap+1","Doom and Gloom+1"],"picked":"Coolheaded+1","floor":28.0},{"not_picked":["Coolheaded","Rebound+1","Hologram"],"picked":"SKIP","floor":30.0},{"not_picked":["Leap","Rebound+1","Melter+1"],"picked":"SKIP","floor":31.0},{"not_picked":["Electrodynamics","Creative AI"],"picked":"Buffer","floor":33.0},{"not_picked":["Barrage+1","Steam","Leap+1"],"picked":"SKIP","floor":35.0},{"not_picked":["Hologram","Force Field","Coolheaded+1"],"picked":"SKIP","floor":37.0},{"not_picked":["Hologram","Barrage+1"],"picked":"Chill","floor":40},{"not_picked":["BootSequence","Stack","Conserve Battery+1"],"picked":"SKIP","floor":41}],"player_experience":866196,"relics_obtained":[{"floor":6.0,"key":"DataDisk"},{"floor":8.0,"key":"MealTicket"},{"floor":9.0,"key":"Nunchaku"},{"floor":11.0,"key":"Bronze Scales"},{"floor":14.0,"key":"Strawberry"},{"floor":24.0,"key":"Regal Pillow"},{"floor":26.0,"key":"Molten Egg 2"},{"floor":27.0,"key":"Vajra"},{"floor":36.0,"key":"Old Coin"},{"floor":40,"key":"MawBank"}],"event_choices":[{"damage_healed":0.0,"max_hp_gain":0.0,"max_hp_loss":0.0,"gold_gain":0.0,"event_name":"Golden Idol","player_choice":"Take Wound","floor":4.0,"gold_loss":0.0,"damage_taken":0.0,"relics_obtained":["Golden Idol"],"cards_obtained":["Injury"]},{"cards_removed":["Injury"],"damage_healed":0.0,"max_hp_gain":0.0,"max_hp_loss":0.0,"gold_gain":0.0,"event_name":"Golden Wing","player_choice":"Card Removal","floor":5.0,"gold_loss":0.0,"damage_taken":7.0},{"damage_healed":23.0,"max_hp_gain":0.0,"max_hp_loss":0.0,"gold_gain":0.0,"event_name":"Big Fish","player_choice":"Banana","floor":10.0,"gold_loss":0.0,"damage_taken":0.0},{"damage_healed":0.0,"max_hp_gain":0.0,"max_hp_loss":0.0,"gold_gain":0.0,"event_name":"The Woman in Blue","player_choice":"Bought 0 Potions","floor":19.0,"gold_loss":0.0,"damage_taken":0.0},{"damage_healed":0.0,"max_hp_gain":0.0,"max_hp_loss":0.0,"gold_gain":0.0,"event_name":"Accursed Blacksmith","player_choice":"Forge","floor":29.0,"gold_loss":0.0,"damage_taken":0.0,"cards_upgraded":["Barrage"]},{"damage_healed":0.0,"max_hp_gain":0.0,"max_hp_loss":0.0,"gold_gain":0.0,"event_name":"MindBloom","player_choice":"Fight","floor":36.0,"gold_loss":0.0,"damage_taken":0.0},{"damage_healed":0.0,"max_hp_gain":0.0,"max_hp_loss":0.0,"gold_gain":0.0,"cards_transformed":["Strike_B"],"event_name":"Transmorgrifier","player_choice":"Transformed","floor":39.0,"gold_loss":0.0,"damage_taken":0.0,"cards_obtained":["Meteor Strike"]}],"is_beta":false,"boss_relics":[{"not_picked":["Busted Crown","Cursed Key"],"picked":"FrozenCore"},{"not_picked":["Runic Dome","SacredBark"],"picked":"Sozu"}],"items_purged_floors":[22,38],"is_endless":false,"potions_floor_spawned":[3,6,8,14,18,21,30,40],"killed_by":"Transient","ascension_level":20}}