{"host":"3kq0buktu0qm3oe2","time":1614200292,"event":{"mods":["BaseMod","Minty Spire (QoL Compilation)","StSLib"],"gold_per_floor":[111,36,36,54,74,74,74,85,85,85,117,117,142,154,154,258,258,278,278,122,122,136,136,154,154,181,210,227,260,30,30,30,132,132,143,143,143,143,193,193,193],"floor_reached":40,"language":"ENG","playtime":2563,"items_purged":["Shame"],"score":660,"play_id":"07cf7d75-6f55-4643-bed9-e0638b096e32","local_time":"20210224145812","is_ascension_mode":true,"campfire_choices":[{"data":"True Grit","floor":6,"key":"SMITH"},{"data":"Reckless Charge","floor":10,"key":"SMITH"},{"floor":12,"key":"REST"},{"data":"Bloodletting","floor":15,"key":"SMITH"},{"data":"Rupture","floor":23,"key":"SMITH"},{"data":"Whirlwind","floor":25,"key":"SMITH"},{"floor":32,"key":"REST"}],"circlet_count":0,"master_deck":["Strike_R","Strike_R","Defend_R","Defend_R","Defend_R","Bash","Feel No Pain","Shockwave","True Grit+1","Bloodletting+1","Iron Wave","Reckless Charge+1","Burning Pact","Inflame","Whirlwind+1","Immolate","Bandage Up","Rupture+1","Flame Barrier","Warcry+1","Heavy Blade","Demon Form","Shame","Brutality","Spot Weakness+1"],"relics":["Black Blood","Art of War","White Beast Statue","Bag of Preparation","Snecko Eye","Medical Kit","Tiny Chest","The Courier","Smiling Mask","Membership Card","WingedGreaves","Bronze Scales","Pantograph","Girya"],"acts_visited":["Exordium","TheCity","TheBeyond"],"potions_floor_usage":[13,16,16,27,29,29,33,33,39,40,40],"damage_taken":[{"damage":14,"enemies":"Small Slimes","floor":1,"turns":5},{"damage":7,"enemies":"2 Louse","floor":4,"turns":3},{"damage":9,"enemies":"Jaw Worm","floor":5,"turns":4},{"damage":17,"enemies":"Exordium Thugs","floor":8,"turns":5},{"damage":45,"enemies":"Lagavulin","floor":11,"turns":7},{"damage":23,"enemies":"Gremlin Nob","floor":13,"turns":4},{"damage":4,"enemies":"2 Fungi Beasts","floor":14,"turns":5},{"damage":37,"enemies":"Hexaghost","floor":16,"turns":10},{"damage":23,"enemies":"2 Thieves","floor":18,"turns":4},{"damage":0,"enemies":"Spheric Guardian","floor":22,"turns":3},{"damage":30,"enemies":"Snake Plant","floor":24,"turns":5},{"damage":3,"enemies":"Slavers","floor":27,"turns":1},{"damage":19,"enemies":"Sentry and Sphere","floor":28,"turns":5},{"damage":25,"enemies":"Gremlin Leader","floor":29,"turns":5},{"damage":36,"enemies":"Champ","floor":33,"turns":8},{"damage":10,"enemies":"Orb Walker","floor":35,"turns":4},{"damage":35,"enemies":"Mind Bloom Boss Battle","floor":39,"turns":7},{"damage":95,"enemies":"Giant Head","floor":40,"turns":8}],"seed_played":"-2448007203932837025","potions_obtained":[{"floor":1,"key":"LiquidBronze"},{"floor":13,"key":"BloodPotion"},{"floor":14,"key":"Weak Potion"},{"floor":16,"key":"Dexterity Potion"},{"floor":18,"key":"DuplicationPotion"},{"floor":22,"key":"SteroidPotion"},{"floor":24,"key":"Fire Potion"},{"floor":27,"key":"Explosive Potion"},{"floor":29,"key":"SteroidPotion"},{"floor":33,"key":"Dexterity Potion"},{"floor":35,"key":"Strength Potion"},{"floor":39,"key":"Dexterity Potion"}],"is_trial":false,"path_per_floor":["M","$","?","M","M","R","?","M","T","R","E","R","E","M","R","B",null,"M","?","$","?","M","R","M","R","T","E","M","E","$","?","R","B",null,"M","?","?","T","?","E"],"character_chosen":"IRONCLAD","items_purchased":["Medical Kit","Membership Card","WingedGreaves"],"campfire_rested":2,"item_purchase_floors":[20,30,30],"current_hp_per_floor":[64,64,64,63,60,60,65,54,54,54,15,40,23,25,25,11,67,50,85,85,73,83,83,61,61,61,64,55,36,36,36,61,31,72,78,78,78,78,66,0,0],"gold":193,"neow_bonus":"TRANSFORM_TWO_CARDS","is_daily":false,"chose_seed":false,"campfire_upgraded":5,"win_rate":0.0,"timestamp":1614200292,"path_taken":["M","$","?","M","M","R","?","M","T","R","E","R","E","M","R","BOSS","M","?","?","?","M","R","?","R","T","E","M","E","$","?","R","BOSS","M","?","?","?","?","E"],"items_purchased_type":["Relic","Relic","Relic"],"build_version":"2020-12-22","purchased_purges":1,"victory":false,"max_hp_per_floor":[80,80,80,80,80,80,85,85,85,85,85,85,85,85,85,85,85,85,85,85,85,85,85,85,85,85,85,85,85,85,85,85,85,85,85,85,85,85,85,85,85],"card_choices":[{"not_picked":["Anger","Havoc"],"picked":"True Grit","floor":1},{"not_picked":["Ghostly Armor","Cleave"],"picked":"Iron Wave","floor":4},{"not_picked":["Dark Embrace","Evolve"],"picked":"Reckless Charge","floor":5},{"not_picked":["Perfected Strike","Sword Boomerang"],"picked":"Burning Pact","floor":8},{"not_picked":["Pommel Strike","Iron Wave"],"picked":"Inflame","floor":11},{"not_picked":["Headbutt","Havoc"],"picked":"Whirlwind","floor":13},{"not_picked":["Perfected Strike","Inflame"],"picked":"Intimidate","floor":14},{"not_picked":["Exhume","Feed"],"picked":"Immolate","floor":16},{"not_picked":["Warcry","Perfected Strike+1","Twin Strike"],"picked":"SKIP","floor":18},{"not_picked":["Pommel Strike","Shrug It Off+1"],"picked":"Rupture","floor":22},{"not_picked":["Shrug It Off","Twin Strike"],"picked":"Flame Barrier","floor":24},{"not_picked":["Sword Boomerang","Whirlwind"],"picked":"Warcry+1","floor":27},{"not_picked":["Clash","Perfected Strike"],"picked":"Heavy Blade","floor":28},{"not_picked":["Flex","Iron Wave+1"],"picked":"Demon Form","floor":29},{"not_picked":["Offering","Barricade"],"picked":"Brutality","floor":33},{"not_picked":["Thunderclap+1","Twin Strike","Cleave"],"picked":"SKIP","floor":35},{"not_picked":["Bloodletting+1","Inflame+1"],"picked":"Spot Weakness+1","floor":39}],"player_experience":526430,"relics_obtained":[{"floor":9,"key":"Art of War"},{"floor":11,"key":"White Beast Statue"},{"floor":13,"key":"Bag of Preparation"},{"floor":26,"key":"Tiny Chest"},{"floor":27,"key":"The Courier"},{"floor":29,"key":"Smiling Mask"},{"floor":38,"key":"Pantograph"},{"floor":39,"key":"Girya"}],"event_choices":[{"damage_healed":0,"gold_gain":0,"cards_transformed":["Defend_R"],"player_choice":"Change","damage_taken":0,"max_hp_gain":0,"max_hp_loss":0,"event_name":"Living Wall","floor":3,"gold_loss":0,"cards_obtained":["Bloodletting"]},{"damage_healed":0,"gold_gain":0,"player_choice":"Donut","damage_taken":0,"max_hp_gain":5,"max_hp_loss":0,"event_name":"Big Fish","floor":7,"gold_loss":0},{"cards_removed":["Intimidate"],"damage_healed":35,"gold_gain":0,"player_choice":"Offered Uncommon","damage_taken":0,"max_hp_gain":0,"max_hp_loss":0,"event_name":"Bonfire Elementals","floor":19,"gold_loss":0},{"damage_healed":0,"gold_gain":0,"player_choice":"CARD ","damage_taken":12,"max_hp_gain":0,"max_hp_loss":0,"event_name":"Knowing Skull","floor":21,"potions_obtained":[],"gold_loss":0,"cards_obtained":["Bandage Up"]},{"damage_healed":0,"gold_gain":0,"player_choice":"Stole Relic","damage_taken":0,"relics_obtained":["Bronze Scales"],"max_hp_gain":0,"max_hp_loss":0,"event_name":"Addict","floor":31,"gold_loss":0,"cards_obtained":["Shame"]},{"cards_removed":["Strike_R"],"damage_healed":0,"gold_gain":0,"player_choice":"Removed Attack","damage_taken":0,"max_hp_gain":0,"max_hp_loss":0,"event_name":"Falling","floor":36,"gold_loss":0},{"damage_healed":0,"gold_gain":0,"player_choice":"Ignored","damage_taken":0,"max_hp_gain":0,"max_hp_loss":0,"event_name":"Tomb of Lord Red Mask","floor":37,"gold_loss":0},{"damage_healed":0,"gold_gain":0,"player_choice":"Fight","damage_taken":0,"max_hp_gain":0,"max_hp_loss":0,"event_name":"MindBloom","floor":39,"gold_loss":0}],"is_beta":false,"boss_relics":[{"not_picked":["Sozu","Empty Cage"],"picked":"Snecko Eye"},{"not_picked":["Coffee Dripper","Runic Pyramid"],"picked":"Black Blood"}],"items_purged_floors":[2],"is_endless":false,"potions_floor_spawned":[1,13,14,16,18,22,24,27,28,29,33,35,39],"killed_by":"Giant Head","ascension_level":9}}