{"host":"y1nstw52wejfnhs9","time":1614152636,"event":{"mods":["BaseMod","Bestiary","Better Note","Better Skull","Better Third Choice","Custom Start","Minty Spire (QoL Compilation)","Practice Mode","Replay The Spire","SOS???????","StSLib","SuperFastMode","The Bug Knight","The Forsaken","The Wild Card"],"gold_per_floor":[113,113,133,146,71,103,103,123,123,123,123,123,143,143,143,266,266,287,287,312,62,80,80,103,103,130,130,229,249,249,269,269,388,388,402,417,26,26,40,76,76,76,76,76,101,126,145,145,145],"floor_reached":48,"language":"ENG","playtime":2231,"items_purged":["Strike_R","Anger+1"],"score":723,"play_id":"73e5cd2a-1389-482e-befe-fdd94abdc96a","local_time":"20210223234356","is_ascension_mode":true,"campfire_choices":[{"data":"ReplayTheSpireMod:LeadingStrike","floor":7.0,"key":"SMITH"},{"data":"Bash","floor":12.0,"key":"SMITH"},{"data":"Clothesline","floor":15.0,"key":"SMITH"},{"data":"Inflame","floor":23.0,"key":"SMITH"},{"data":"Iron Wave","floor":25.0,"key":"SMITH"},{"data":"Strike_R","floor":27.0,"key":"SMITH"},{"data":"Strike_R+1","floor":30.0,"key":"SMITH"},{"data":"Strike_R+2","floor":32.0,"key":"SMITH"},{"data":"Limit Break","floor":41.0,"key":"SMITH"},{"data":"Shrug It Off","floor":44.0,"key":"SMITH"}],"circlet_count":0,"master_deck":["Strike_R+1","Defend_R+1","Defend_R+1","Defend_R+1","Iron Wave+1","Metallicize","Shrug It Off","ReplayTheSpireMod:LeadingStrike+1","Clothesline+1","Inflame+1","Replay:Many Hands","Cleave+1","Twin Strike+1","Replay:Undeath\u0027s Touch","Run Through+1","Shrug It Off+1","Limit Break+1","Twin Strike+1","Armaments+1","Shrug It Off+1","Sword Boomerang+1","Shrug It Off+1","Pummel+1","Pommel Strike+1"],"relics":["Burning Blood","Strawberry","theForsaken:ScaryMask","Golden Idol","Replay:Bronze Core","Gremlin Horn","Simple Rune","Astrolabe","Gambling Chip","Replay:Towering Pillar of Hats","InkBottle"],"acts_visited":["Exordium","TheCity","TheBeyond"],"potions_floor_usage":[48],"damage_taken":[{"damage":15.0,"enemies":"Small Slimes","floor":1.0,"turns":4.0},{"damage":0.0,"enemies":"2 Louse","floor":3.0,"turns":4.0},{"damage":0.0,"enemies":"Jaw Worm","floor":4.0,"turns":5.0},{"damage":41.0,"enemies":"HollowMod:MossKnight","floor":6.0,"turns":25.0},{"damage":6.0,"enemies":"Looter","floor":8.0,"turns":3.0},{"damage":0.0,"enemies":"2 Fungi Beasts","floor":13.0,"turns":4.0},{"damage":10.0,"enemies":"The Guardian","floor":16.0,"turns":13.0},{"damage":14.0,"enemies":"Shell Parasite","floor":18.0,"turns":3.0},{"damage":0.0,"enemies":"Chosen","floor":20.0,"turns":5.0},{"damage":6.0,"enemies":"Snake Plant","floor":22.0,"turns":5.0},{"damage":7.0,"enemies":"3 Cultists","floor":24.0,"turns":5.0},{"damage":0.0,"enemies":"Centurion and Healer","floor":29.0,"turns":4.0},{"damage":12.0,"enemies":"Snake Plant","floor":31.0,"turns":4.0},{"damage":28.0,"enemies":"Champ","floor":33.0,"turns":6.0},{"damage":4.0,"enemies":"Orb Walker","floor":35.0,"turns":4.0},{"damage":19.0,"enemies":"3 Darklings","floor":36.0,"turns":5.0},{"damage":25.0,"enemies":"Sphere and 2 Shapes","floor":39.0,"turns":6.0},{"damage":17.0,"enemies":"Reptomancer","floor":40.0,"turns":6.0},{"damage":17.0,"enemies":"Writhing Mass","floor":45.0,"turns":6.0},{"damage":0.0,"enemies":"Transient","floor":46.0,"turns":5.0},{"damage":13.0,"enemies":"Jaw Worm Horde","floor":47.0,"turns":4.0},{"damage":33,"enemies":"Nemesis","floor":48,"turns":2}],"seed_played":"-453838487925172743","potions_obtained":[{"floor":3.0,"key":"FearPotion"},{"floor":4.0,"key":"Dexterity Potion"},{"floor":6.0,"key":"Toxic Potion"},{"floor":8.0,"key":"DuplicationPotion"},{"floor":18.0,"key":"DuplicationPotion"},{"floor":20.0,"key":"Venom Potion"},{"floor":22.0,"key":"SkillPotion"},{"floor":31.0,"key":"CultistPotion"},{"floor":40.0,"key":"Fire Potion"},{"floor":46.0,"key":"Energy Potion"}],"is_trial":false,"path_per_floor":["M","?","M","M","$","E","R","M","T","?","?","R","M","?","R","B",null,"M","?","M","$","M","R","M","R","T","R","?","M","R","M","R","B",null,"M","M","$","?","M","E","R","?","T","R","M","M","M","E"],"character_chosen":"IRONCLAD","items_purchased":["Gremlin Horn","Gambling Chip"],"campfire_rested":0,"item_purchase_floors":[21,37],"current_hp_per_floor":[58,39,45,51,51,23,23,23,23,23,23,23,29,29,29,25,78,70,70,76,76,76,76,75,75,75,75,75,81,81,75,75,53,85,87,74,74,74,55,44,44,44,44,44,33,39,32,0,0],"gold":145,"neow_bonus":"TWENTY_PERCENT_HP_BONUS","is_daily":false,"chose_seed":false,"campfire_upgraded":10,"win_rate":0.0,"timestamp":1614152636,"path_taken":["M","?","M","M","$","E","R","M","T","?","?","R","?","?","R","BOSS","M","?","M","$","M","R","M","R","T","R","?","M","R","M","R","BOSS","M","M","$","?","M","E","R","?","T","R","M","M","M","E"],"items_purchased_type":["Relic","Relic"],"build_version":"2020-12-22","purchased_purges":2,"victory":false,"max_hp_per_floor":[96,96,96,96,96,103,103,103,103,95,95,95,95,95,95,95,95,95,95,95,95,95,95,95,95,95,95,95,95,95,95,95,95,95,95,95,95,95,95,95,95,95,95,95,95,95,95,95,95],"card_choices":[{"not_picked":["Heavy Blade","Pummel"],"picked":"Iron Wave","floor":1.0},{"not_picked":["Reckless Charge","Burning Pact"],"picked":"Metallicize","floor":3.0},{"not_picked":["Pommel Strike","Armaments"],"picked":"Shrug It Off","floor":4.0},{"not_picked":["Headbutt","Wild Strike"],"picked":"ReplayTheSpireMod:LeadingStrike","floor":6.0},{"not_picked":["Dropkick","Pommel Strike"],"picked":"Clothesline","floor":8.0},{"not_picked":["ReplayReversal","Shrug It Off"],"picked":"Inflame","floor":13.0},{"not_picked":["Fiend Fire","Berserk"],"picked":"Replay:Many Hands","floor":16.0},{"not_picked":["ReplayReversal+1","Warcry"],"picked":"Cleave+1","floor":18.0},{"not_picked":["ReplayTheSpireMod:Strike From Hell","Sentinel","Havoc"],"picked":"SKIP","floor":20.0},{"not_picked":["Wild Strike","Clash+1"],"picked":"Twin Strike+1","floor":22.0},{"not_picked":["Havoc","Clothesline"],"picked":"Replay:Undeath\u0027s Touch","floor":24.0},{"not_picked":["Body Slam","Anger"],"picked":"Run Through+1","floor":29.0},{"not_picked":["Perfected Strike","Warcry"],"picked":"Shrug It Off","floor":31.0},{"not_picked":["Brutality","Reaper"],"picked":"Limit Break","floor":33.0},{"not_picked":["Carnage","Body Slam"],"picked":"Shrug It Off+1","floor":35.0},{"not_picked":["Evolve","Armaments+1"],"picked":"Sword Boomerang+1","floor":36.0},{"not_picked":["Havoc+1","Perfected Strike+1","Anger"],"picked":"SKIP","floor":39.0},{"not_picked":["True Grit","Iron Wave+1"],"picked":"Shrug It Off+1","floor":40.0},{"not_picked":["Shockwave","Twin Strike"],"picked":"Pummel+1","floor":45.0},{"not_picked":["Anger+1","Reckless Charge"],"picked":"Pommel Strike+1","floor":46.0},{"not_picked":["Second Wind","Intimidate","Replay:Many Hands"],"picked":"SKIP","floor":47.0}],"player_experience":455739,"relics_obtained":[{"floor":6.0,"key":"Strawberry"},{"floor":9.0,"key":"theForsaken:ScaryMask"},{"floor":26.0,"key":"Simple Rune"},{"floor":40.0,"key":"Replay:Towering Pillar of Hats"},{"floor":43.0,"key":"InkBottle"}],"event_choices":[{"damage_healed":58.0,"max_hp_gain":0.0,"max_hp_loss":96.0,"gold_gain":0.0,"event_name":"betterThird:BetterShining","player_choice":"Upgrade","floor":2.0,"gold_loss":0.0,"damage_taken":19.0,"cards_upgraded":["Defend_R","Defend_R"]},{"damage_healed":0.0,"max_hp_gain":0.0,"max_hp_loss":8.0,"gold_gain":0.0,"event_name":"Golden Idol","player_choice":"Lose Max HP","floor":10.0,"gold_loss":0.0,"damage_taken":0.0,"relics_obtained":["Golden Idol"]},{"cards_removed":["Strike_R"],"damage_healed":0.0,"max_hp_gain":0.0,"max_hp_loss":0.0,"gold_gain":0.0,"event_name":"Wheel of Change","player_choice":"Card Removal","floor":11.0,"gold_loss":0.0,"damage_taken":0.0},{"damage_healed":0.0,"max_hp_gain":0.0,"max_hp_loss":0.0,"gold_gain":0.0,"event_name":"betterNote:BetterNote","player_choice":"Ignored","floor":19.0,"gold_loss":0.0,"damage_taken":0.0,"cards_obtained":["Feed"]},{"damage_healed":0.0,"max_hp_gain":0.0,"max_hp_loss":0.0,"gold_gain":99.0,"event_name":"betterThird:BetterNest","player_choice":"Steal","floor":28.0,"gold_loss":0.0,"damage_taken":0.0},{"damage_healed":0.0,"max_hp_gain":0.0,"max_hp_loss":0.0,"gold_gain":0.0,"event_name":"SensoryStone","player_choice":"Memory 1","floor":38.0,"gold_loss":0.0,"damage_taken":0.0},{"cards_removed":["Bash"],"damage_healed":0.0,"max_hp_gain":0.0,"max_hp_loss":0.0,"gold_gain":0.0,"event_name":"Falling","player_choice":"Removed Attack","floor":42.0,"gold_loss":0.0,"damage_taken":0.0}],"is_beta":false,"boss_relics":[{"not_picked":["Runic Dome","ChewingGum"],"picked":"Replay:Bronze Core"},{"not_picked":["theForsaken:PaleLantern","Runic Pyramid"],"picked":"Astrolabe"}],"items_purged_floors":[5,37],"is_endless":false,"potions_floor_spawned":[3,4,6,8,16,18,20,22,31,40,46],"killed_by":"Nemesis","ascension_level":9}}