{"host":"vx488ommchhibo3k","time":1614126769,"event":{"mods":["BaseMod","BetterRewards","Colored Map","Colored Powertips","Highlight Path","Minty Spire (QoL Compilation)","Quick Restart","Rare Cards Sparkle","Shop Mod","StSLib","SuperFastMode"],"gold_per_floor":[115,115,36,36,49,88,88,112,112,187,202,202,226,246,246,374,374,393,416,430,448,60,60,60,60,60,60,81,81,97,120,120,120,120],"floor_reached":33,"language":"JPN","playtime":2480,"items_purged":["Vengeance"],"score":251,"play_id":"75dcc257-9c61-42c2-b79f-d871fafa01e8","local_time":"20210224093249","is_ascension_mode":false,"campfire_choices":[{"data":"LikeWater","floor":12,"key":"SMITH"},{"floor":15,"key":"RECALL"},{"data":"Apotheosis","floor":23,"key":"SMITH"},{"data":"LikeWater","floor":27,"key":"SMITH"},{"data":"Establishment","floor":29,"key":"SMITH"},{"data":"BattleHymn","floor":32,"key":"SMITH"}],"circlet_count":0,"master_deck":["Eruption","Vigilance","ThirdEye","Wireheading","Conclude","LikeWater+1","CutThroughFate","CrushJoints","Consecrate","ThirdEye","LikeWater+1","SashWhip","DeusExMachina","Establishment+1","SashWhip","Study","BattleHymn+1","Protect","Devotion","Conclude","Crescendo","Nirvana+1","Apotheosis+1","Sanctity","CrushJoints","BattleHymn"],"relics":["PureWater","GoldenEye","Gambling Chip","White Beast Statue","Golden Idol","Ornamental Fan","Bronze Scales","MerchantsRug","Nilry\u0027s Codex","Du-Vu Doll","Shuriken"],"acts_visited":["Exordium","TheCity"],"potions_floor_usage":[6,11,13,14,16,16,19,20,20,21,30,31,31,33],"damage_taken":[{"damage":0,"enemies":"2 Louse","floor":1,"turns":4},{"damage":0,"enemies":"Small Slimes","floor":5,"turns":3},{"damage":2,"enemies":"Lagavulin","floor":6,"turns":4},{"damage":0,"enemies":"Jaw Worm","floor":8,"turns":2},{"damage":0,"enemies":"Exordium Wildlife","floor":11,"turns":3},{"damage":0,"enemies":"Large Slime","floor":13,"turns":5},{"damage":0,"enemies":"Blue Slaver","floor":14,"turns":3},{"damage":7,"enemies":"Hexaghost","floor":16,"turns":12},{"damage":0,"enemies":"Spheric Guardian","floor":18,"turns":5},{"damage":0,"enemies":"Chosen","floor":19,"turns":5},{"damage":10,"enemies":"Snake Plant","floor":20,"turns":4},{"damage":10,"enemies":"Sentry and Sphere","floor":21,"turns":5},{"damage":14,"enemies":"3 Cultists","floor":28,"turns":5},{"damage":1,"enemies":"Snake Plant","floor":30,"turns":5},{"damage":3,"enemies":"Shelled Parasite and Fungi","floor":31,"turns":6},{"damage":32,"enemies":"Collector","floor":33,"turns":2}],"seed_played":"-3523986047899693810","potions_obtained":[{"floor":1,"key":"AttackPotion"},{"floor":5,"key":"Block Potion"},{"floor":6,"key":"Explosive Potion"},{"floor":11,"key":"Swift Potion"},{"floor":13,"key":"Dexterity Potion"},{"floor":14,"key":"DuplicationPotion"},{"floor":16,"key":"PowerPotion"},{"floor":18,"key":"FearPotion"},{"floor":19,"key":"Weak Potion"},{"floor":20,"key":"Fire Potion"},{"floor":21,"key":"SteroidPotion"},{"floor":28,"key":"StancePotion"},{"floor":30,"key":"Energy Potion"},{"floor":31,"key":"DistilledChaos"}],"is_trial":false,"path_per_floor":["M","?","$","?","M","E","?","M","T","?","M","R","M","M","R","B",null,"M","M","M","M","$","R","?","?","T","R","M","R","M","M","R","B"],"character_chosen":"WATCHER","items_purchased":["Gambling Chip","White Beast Statue","ThirdEye","Wireheading","Explosive Potion","LikeWater","MerchantsRug","Apotheosis","Sanctity","CrushJoints"],"campfire_rested":0,"item_purchase_floors":[0,0,0,0,0,3,22,22,22,22],"current_hp_per_floor":[72,54,54,59,59,57,54,54,54,43,43,43,43,43,43,36,77,77,77,67,57,57,57,41,41,41,41,27,27,26,23,23,0,0],"gold":120,"neow_bonus":"","is_daily":false,"chose_seed":false,"campfire_upgraded":5,"win_rate":0.0,"timestamp":1614126769,"path_taken":["M","?","$","?","M","E","?","M","T","?","M","R","M","M","R","BOSS","M","M","M","M","$","R","?","?","T","R","M","R","M","M","R","BOSS"],"items_purchased_type":["Relic","Relic","Card","Card","Potion","Card","Relic","Card","Card","Card"],"build_version":"2020-12-22","purchased_purges":1,"victory":false,"max_hp_per_floor":[72,72,72,77,77,77,77,77,77,77,77,77,77,77,77,77,77,77,77,77,77,77,77,77,77,77,77,77,77,77,77,77,77,77],"card_choices":[{"not_picked":["CutThroughFate","Crescendo"],"picked":"Conclude","floor":1},{"not_picked":["Evaluate","Weave"],"picked":"CutThroughFate","floor":5},{"not_picked":["FlurryOfBlows","CutThroughFate"],"picked":"CrushJoints","floor":6},{"not_picked":["SandsOfTime","EmptyBody"],"picked":"Consecrate","floor":8},{"not_picked":["EmptyBody","Alpha"],"picked":"ThirdEye","floor":11},{"not_picked":["Conclude","FollowUp"],"picked":"LikeWater","floor":13},{"not_picked":["Worship","Halt"],"picked":"SashWhip","floor":14},{"not_picked":["Wish","Ragnarok"],"picked":"DeusExMachina","floor":16},{"not_picked":["Adaptation","FearNoEvil","Conclude"],"picked":"SKIP","floor":18},{"not_picked":["CrushJoints","Halt"],"picked":"Crescendo","floor":19},{"not_picked":["Protect","Halt+1","ThirdEye"],"picked":"SKIP","floor":20},{"not_picked":["Halt","Consecrate"],"picked":"Nirvana+1","floor":21},{"not_picked":["FollowUp","JustLucky"],"picked":"BattleHymn","floor":28},{"not_picked":["EmptyFist","EmptyMind","Prostrate+1"],"picked":"SKIP","floor":30},{"not_picked":["Devotion","MentalFortress","EmptyFist"],"picked":"SKIP","floor":31}],"player_experience":160922,"relics_obtained":[{"floor":6,"key":"Ornamental Fan"},{"floor":24,"key":"Nilry\u0027s Codex"},{"floor":26,"key":"Shuriken"}],"event_choices":[{"damage_healed":0,"gold_gain":0,"player_choice":"Take Damage","damage_taken":18,"relics_obtained":["Golden Idol"],"max_hp_gain":0,"max_hp_loss":0,"event_name":"Golden Idol","floor":2,"gold_loss":0},{"damage_healed":0,"gold_gain":0,"player_choice":"Donut","damage_taken":0,"max_hp_gain":5,"max_hp_loss":0,"event_name":"Big Fish","floor":4,"gold_loss":0},{"damage_healed":0,"gold_gain":0,"player_choice":"Success","damage_taken":3,"relics_obtained":["Bronze Scales"],"max_hp_gain":0,"max_hp_loss":0,"event_name":"Scrap Ooze","floor":7,"gold_loss":0},{"damage_healed":0,"gold_gain":75,"player_choice":"Gather Gold","damage_taken":11,"max_hp_gain":0,"max_hp_loss":0,"event_name":"World of Goop","floor":10,"gold_loss":0},{"damage_healed":0,"gold_gain":0,"player_choice":"Obtained Book","damage_taken":16,"max_hp_gain":0,"max_hp_loss":0,"event_name":"Cursed Tome","floor":24,"gold_loss":0},{"damage_healed":0,"gold_gain":0,"player_choice":"Opened","damage_taken":0,"relics_obtained":["Du-Vu Doll"],"max_hp_gain":0,"max_hp_loss":0,"event_name":"The Mausoleum","floor":25,"gold_loss":0}],"is_beta":false,"boss_relics":[{"not_picked":["Fusion Hammer","Runic Dome"],"picked":"Pandora\u0027s Box"}],"items_purged_floors":[22],"is_endless":false,"potions_floor_spawned":[1,5,6,8,11,13,14,16,18,19,20,21,28,30,31],"killed_by":"Collector","ascension_level":0}}