{"host":"Doisman","time":1614185972,"event":{"mods":["AchievementEnabler","BaseMod","Better Note","Curses Come First","Minty Spire (QoL Compilation)","Permanent Neow","Quick Restart","Relic Stats","Replay The Spire","StSLib","slay the spire mod where everything is the same but ironclad has a cowboy hat"],"gold_per_floor":[116,116,116,131,151,151,178,178,202,219,244,263,338,372,372,476,503,531,286,286,32,59,399,419,419,445,180,215,215,253,289,289,392,392,402,418,24,35,35,35,63,144,170,170,189,200,210,243,243,243],"floor_reached":51,"language":"ENG","playtime":4697,"items_purged":["Strike_R","Strike_R","Dropkick+1","Defend_R"],"score":766,"play_id":"35b93109-d0a5-4dcf-8fa3-e97589932ea6","local_time":"20210224105932","is_ascension_mode":true,"campfire_choices":[{"data":"Fire Breathing","floor":6,"key":"SMITH"},{"data":"Disarm","floor":8,"key":"SMITH"},{"data":"Uppercut","floor":15,"key":"SMITH"},{"data":"Evolve","floor":25,"key":"SMITH"},{"data":"Battle Trance","floor":32,"key":"SMITH"},{"data":"Spot Weakness","floor":40,"key":"SMITH"},{"data":"Bash","floor":44,"key":"SMITH"},{"data":"Shrug It Off","floor":49,"key":"SMITH"}],"circlet_count":0,"master_deck":["Defend_R","Defend_R","Defend_R","Bash+1","Disarm+1","Fire Breathing+1","Impervious+1","Uppercut+1","Shrug It Off+1","Shrug It Off","Intimidate+1","Battle Trance+1","Limit Break+1","Evolve+1","Spot Weakness+1","Shrug It Off","Battle Trance+1","Power Through+1","Fire Breathing+1","True Grit+1","Shrug It Off+1"],"relics":["ChewingGum","Gremlin Food","Blood Vial","Strawberry","CeramicFish","Astrolabe","Guide Book","Old Coin","Tiny Chest","DollysMirror","Singing Bowl","Toxic Egg 2","Dream Catcher","Red Mask","Philosopher\u0027s Stone","Mummified Hand","StrikeDummy","Replay:Bottled Steam","ReplayTheSpireMod:Lightbulb","Happy Flower"],"acts_visited":["Exordium","TheCity","TheBeyond"],"potions_floor_usage":[11,11,23,30,33,45,45,48],"damage_taken":[{"damage":0,"enemies":"Small Slimes","floor":1,"turns":3},{"damage":0,"enemies":"2 Louse","floor":4,"turns":2},{"damage":1,"enemies":"Cultist","floor":5,"turns":4},{"damage":11,"enemies":"Replay:BlueRogue","floor":7,"turns":5},{"damage":0,"enemies":"Blue Slaver","floor":10,"turns":4},{"damage":2,"enemies":"3 Sentries","floor":11,"turns":4},{"damage":10,"enemies":"Exordium Wildlife","floor":12,"turns":4},{"damage":11,"enemies":"Gremlin Nob","floor":14,"turns":4},{"damage":4,"enemies":"Hexaghost","floor":16,"turns":9},{"damage":1,"enemies":"Chosen","floor":18,"turns":5},{"damage":2,"enemies":"Spheric Guardian","floor":22,"turns":5},{"damage":10,"enemies":"Slavers","floor":23,"turns":5},{"damage":4,"enemies":"Centurion and Healer","floor":24,"turns":6},{"damage":0,"enemies":"Replay:Snechameleon","floor":28,"turns":4},{"damage":30,"enemies":"Gremlin Leader","floor":30,"turns":5},{"damage":0,"enemies":"Masked Bandits","floor":31,"turns":3},{"damage":9,"enemies":"Automaton","floor":33,"turns":8},{"damage":6,"enemies":"Orb Walker","floor":35,"turns":4},{"damage":0,"enemies":"3 Darklings","floor":36,"turns":4},{"damage":0,"enemies":"4 Shapes","floor":38,"turns":4},{"damage":0,"enemies":"Giant Head","floor":41,"turns":8},{"damage":22,"enemies":"Sphere and 2 Shapes","floor":45,"turns":5},{"damage":0,"enemies":"Writhing Mass","floor":46,"turns":6},{"damage":0,"enemies":"Jaw Worm Horde","floor":47,"turns":4},{"damage":0,"enemies":"Reptomancer","floor":48,"turns":4},{"damage":19,"enemies":"Replay:Hell Engine","floor":50,"turns":8}],"seed_played":"-2431538024345064572","potions_obtained":[{"floor":1,"key":"DistilledChaos"},{"floor":5,"key":"PowerPotion"},{"floor":7,"key":"HeartOfIron"},{"floor":12,"key":"SteroidPotion"},{"floor":23,"key":"LifebloodPotion"},{"floor":24,"key":"Regen Potion"},{"floor":35,"key":"FearPotion"},{"floor":38,"key":"AttackPotion"},{"floor":48,"key":"Energy Potion"}],"is_trial":false,"path_per_floor":["M","?","?","M","M","R","E","R","T","M","E","M","?","E","R","B",null,"M","$","?","$","M","E","M","R","T","$","E","?","E","?","R","B",null,"M","M","$","M","?","R","E","T","T","R","M","M","M","E","R","B",null],"character_chosen":"IRONCLAD","items_purchased":["Evolve","Spot Weakness","Shrug It Off","Guide Book","DollysMirror","Mummified Hand"],"campfire_rested":0,"item_purchase_floors":[19,19,19,21,27,37],"current_hp_per_floor":[80,80,80,80,79,79,68,68,68,70,77,69,58,49,49,47,87,86,86,86,86,85,77,75,75,75,75,79,79,51,53,53,63,91,87,91,91,95,95,95,99,99,99,99,79,83,87,91,91,74],"gold":243,"neow_bonus":"BOSS_RELIC","is_daily":false,"chose_seed":false,"campfire_upgraded":8,"win_rate":0.0,"timestamp":1614185972,"path_taken":["M","?","?","M","M","R","E","R","T","M","E","M","?","E","R","BOSS","M","$","?","$","M","E","M","R","T","$","E","?","E","?","R","BOSS","M","M","$","M","?","R","E","?","T","R","?","?","M","E","R","BOSS"],"items_purchased_type":["Card","Card","Card","Relic","Relic","Relic"],"build_version":"2020-12-18","purchased_purges":4,"victory":true,"max_hp_per_floor":[80,80,80,80,80,80,80,80,80,80,87,87,87,87,87,87,87,87,87,87,87,87,87,87,87,87,87,89,89,89,89,89,91,91,93,95,95,97,97,97,99,99,99,99,101,103,105,107,107,107],"relic_stats":{"Blood Vial":37,"Dream Catcher":0,"Singing Bowl":20,"Happy Flower":[2],"counters":[26,127],"Mummified Hand":[28],"CeramicFish":117,"Astrolabe":["Intimidate","Battle Trance","Limit Break"],"Tiny Chest":1,"obtain_stats":[{"Gremlin Food":7,"Singing Bowl":28,"Happy Flower":48,"CeramicFish":14,"Astrolabe":17,"Guide Book":21,"Burning Blood":0,"Old Coin":23,"Blood Vial":9,"Dream Catcher":30,"DollysMirror":27,"Mummified Hand":37,"Strawberry":11,"ChewingGum":0,"Tiny Chest":26,"Philosopher\u0027s Stone":34,"Red Mask":31,"Toxic Egg 2":29,"StrikeDummy":41,"ReplayTheSpireMod:Lightbulb":43,"Replay:Bottled Steam":42},{"Gremlin Food":4,"Singing Bowl":14,"Happy Flower":25,"CeramicFish":8,"Astrolabe":9,"Guide Book":10,"Burning Blood":0,"Old Coin":12,"Blood Vial":4,"Dream Catcher":15,"DollysMirror":13,"Mummified Hand":19,"Strawberry":6,"ChewingGum":0,"Tiny Chest":13,"Philosopher\u0027s Stone":17,"Red Mask":16,"Toxic Egg 2":14,"StrikeDummy":21,"ReplayTheSpireMod:Lightbulb":21,"Replay:Bottled Steam":21},{"Gremlin Food":14,"Singing Bowl":64,"Happy Flower":119,"CeramicFish":30,"Astrolabe":39,"Guide Book":44,"Burning Blood":0,"Old Coin":54,"Blood Vial":14,"Dream Catcher":69,"DollysMirror":60,"Mummified Hand":88,"Strawberry":22,"ChewingGum":0,"Tiny Chest":60,"Philosopher\u0027s Stone":80,"Red Mask":72,"Toxic Egg 2":64,"StrikeDummy":100,"ReplayTheSpireMod:Lightbulb":100,"Replay:Bottled Steam":100}]},"card_choices":[{"not_picked":["Rupture","Heavy Blade"],"picked":"Disarm","floor":1},{"not_picked":["Clothesline","Havoc"],"picked":"Fire Breathing","floor":4},{"not_picked":["Heavy Blade","Cleave","Twin Strike"],"picked":"SKIP","floor":5},{"not_picked":["Rupture","Headbutt"],"picked":"Impervious","floor":7},{"not_picked":["ReplayTheSpireMod:LeadingStrike","Anger"],"picked":"Uppercut","floor":10},{"not_picked":["Body Slam","Perfected Strike"],"picked":"Shrug It Off","floor":11},{"not_picked":["Massacre","Perfected Strike","Replay:Undeath\u0027s Touch"],"picked":"SKIP","floor":12},{"not_picked":["Body Slam","Run Through"],"picked":"Shrug It Off","floor":14},{"not_picked":["ReplayTheSpireMod:Corrosion Curse","Perfected Strike"],"picked":"Dropkick","floor":18},{"not_picked":["Iron Wave","Perfected Strike"],"picked":"Battle Trance","floor":22},{"not_picked":["Second Wind+1","Headbutt"],"picked":"Power Through+1","floor":23},{"not_picked":["Sentinel","Battle Trance","Perfected Strike"],"picked":"SKIP","floor":24},{"not_picked":["Thunderclap+1","Combust+1","Replay:Many Hands"],"picked":"Singing Bowl","floor":28},{"not_picked":["Perfected Strike","Wild Strike"],"picked":"True Grit+1","floor":30},{"not_picked":["Infernal Blade+1","Clothesline"],"picked":"Shrug It Off+1","floor":31},{"not_picked":["Impervious+1","Fiend Fire","Bludgeon"],"picked":"Singing Bowl","floor":33},{"not_picked":["Shrug It Off+1","ReplayTheSpireMod:Strike From Hell","Evolve+1"],"picked":"Singing Bowl","floor":35},{"not_picked":["ReplayTheSpireMod:LeadingStrike","Flame Barrier+1","True Grit+1"],"picked":"Singing Bowl","floor":36},{"not_picked":["Heavy Blade+1","Infernal Blade+1","Clothesline+1"],"picked":"Singing Bowl","floor":38},{"not_picked":["Massacre","Heavy Blade+1","Infernal Blade+1"],"picked":"Singing Bowl","floor":41},{"not_picked":["Searing Blow+1","Flame Barrier+1","Run Through+1"],"picked":"Singing Bowl","floor":45},{"not_picked":["Clash+1","Flex+1","Run Through+1"],"picked":"Singing Bowl","floor":46},{"not_picked":["Hemogenesis","Sword Boomerang+1","Dark Embrace+1"],"picked":"Singing Bowl","floor":47},{"not_picked":["Blood for Blood+1","Bloodletting+1","Seeing Red+1"],"picked":"Singing Bowl","floor":48}],"player_experience":790744,"relics_obtained":[{"floor":7,"key":"Gremlin Food"},{"floor":9,"key":"Blood Vial"},{"floor":11,"key":"Strawberry"},{"floor":14,"key":"CeramicFish"},{"floor":23,"key":"Old Coin"},{"floor":26,"key":"Tiny Chest"},{"floor":28,"key":"Singing Bowl"},{"floor":30,"key":"Dream Catcher"},{"floor":31,"key":"Red Mask"},{"floor":41,"key":"StrikeDummy"},{"floor":42,"key":"Replay:Bottled Steam"},{"floor":43,"key":"ReplayTheSpireMod:Lightbulb"},{"floor":48,"key":"Happy Flower"}],"event_choices":[{"damage_healed":0,"gold_gain":0,"player_choice":"Ignored","damage_taken":0,"max_hp_gain":0,"max_hp_loss":0,"event_name":"Liars Game","floor":2,"gold_loss":0},{"damage_healed":0,"gold_gain":75,"player_choice":"Gather Gold","damage_taken":11,"max_hp_gain":0,"max_hp_loss":0,"event_name":"World of Goop","floor":13,"gold_loss":0},{"damage_healed":0,"gold_gain":0,"player_choice":"Ignored","damage_taken":0,"max_hp_gain":0,"max_hp_loss":0,"event_name":"betterNote:BetterNote","floor":20,"gold_loss":0,"cards_obtained":["Die Die Die"]},{"damage_healed":0,"gold_gain":0,"player_choice":"Fought Bandits","damage_taken":0,"max_hp_gain":0,"max_hp_loss":0,"event_name":"Masked Bandits","floor":31,"gold_loss":0},{"damage_healed":0,"gold_gain":0,"player_choice":"0 cards matched","damage_taken":0,"max_hp_gain":0,"max_hp_loss":0,"event_name":"Match and Keep!","floor":39,"gold_loss":0,"cards_obtained":[]}],"is_beta":true,"boss_relics":[{"not_picked":["Tiny House","Kintsugi"],"picked":"Astrolabe"},{"not_picked":["Snecko Eye","Cursed Key"],"picked":"Philosopher\u0027s Stone"}],"items_purged_floors":[19,21,27,37],"is_endless":false,"potions_floor_spawned":[1,5,7,12,23,24,35,38,48],"ascension_level":1}}