{"host":"iawk615p0198zs2h","time":1614196334,"event":{"mods":["BaseMod","Better Third Choice","BetterRewards","Downfall","Gold Saver","Minty Spire (QoL Compilation)","Quick Restart","Rare Cards Sparkle","Replay The Spire","Spicy Shops","StSLib","The Necromancer"],"gold_per_floor":[113,38,54,66,17,46,46,46,46],"floor_reached":8,"language":"ENG","playtime":556,"items_purged":["Defend_R"],"score":64,"play_id":"d92ad882-830b-47ae-bbd1-24b8a9a9476f","local_time":"20210224205214","is_ascension_mode":true,"campfire_choices":[{"floor":7,"key":"REST"}],"circlet_count":0,"master_deck":["Strike_R","Strike_R","Strike_R","Strike_R","Strike_R","Defend_R","Defend_R","Defend_R","Bash","Ghostly Armor","Madness","Finesse","Brutality","Shrug It Off","Armaments","Shrug It Off","Reaper"],"relics":["Burning Blood","Prayer Wheel","ReplayTheSpireMod:ShopPack","MealTicket"],"acts_visited":["Exordium"],"potions_floor_usage":[6],"damage_taken":[{"damage":10,"enemies":"Cultist","floor":1,"turns":6},{"damage":2,"enemies":"Small Slimes","floor":3,"turns":3},{"damage":7,"enemies":"Jaw Worm","floor":4,"turns":7},{"damage":21,"enemies":"3 Sentries","floor":6,"turns":10},{"damage":59,"enemies":"Gremlin Nob","floor":8,"turns":5}],"seed_played":"-2295482918628791571","potions_obtained":[{"floor":1,"key":"Explosive Potion"}],"is_trial":false,"path_per_floor":["M","$","M","M","$","E","R","E"],"character_chosen":"IRONCLAD","items_purchased":["Prayer Wheel","Ghostly Armor","ReplayTheSpireMod:ShopPack","Shrug It Off"],"campfire_rested":1,"item_purchase_floors":[0,0,0,5],"current_hp_per_floor":[40,40,44,43,43,28,52,0,0],"gold":46,"neow_bonus":"","is_daily":false,"chose_seed":false,"campfire_upgraded":0,"win_rate":0.0,"timestamp":1614196334,"path_taken":["M","?","M","?","?","E","R","E"],"items_purchased_type":["Relic","Card","Relic","Card"],"build_version":"2020-12-22","purchased_purges":1,"victory":false,"max_hp_per_floor":[80,80,80,80,80,80,80,80,80],"card_choices":[{"not_picked":["PanicButton","ReplayUltimateDefense"],"picked":"Madness","floor":0},{"not_picked":["Jack Of All Trades","Replay:Sssssssssshield"],"picked":"Finesse","floor":0},{"not_picked":["Armaments","Rage"],"picked":"Brutality","floor":1},{"not_picked":["Heavy Blade","Anger","Twin Strike"],"picked":"SKIP","floor":1},{"not_picked":["Wild Strike","Life Link"],"picked":"Shrug It Off","floor":3},{"not_picked":["Thunderclap","Entrench","Twin Strike"],"picked":"SKIP","floor":3},{"not_picked":["Clash","Rage"],"picked":"Armaments","floor":4},{"not_picked":["Iron Wave","Flame Barrier","Sword Boomerang"],"picked":"SKIP","floor":4},{"not_picked":["Flex","Sever Soul"],"picked":"Reaper","floor":6}],"player_experience":235826,"relics_obtained":[{"floor":6,"key":"MealTicket"}],"event_choices":[],"is_beta":false,"boss_relics":[],"items_purged_floors":[2],"is_endless":false,"potions_floor_spawned":[1],"killed_by":"Gremlin Nob","ascension_level":3}}