{"host":"r7hmxrtwvofdnlkf","time":1614204700,"event":{"mods":["AchievementEnabler","BaseMod","Colored Powertips","Minty Spire (QoL Compilation)","Relic Stats","StSLib"],"gold_per_floor":[113,124,137,137,117,145,145,160,160,170,184,184,216,216,216,216,216],"floor_reached":16,"language":"ENG","playtime":639,"items_purged":[],"score":112,"play_id":"1c9bbd45-7e2b-4f3d-8715-7473fa81e4ce","local_time":"20210224231140","is_ascension_mode":false,"campfire_choices":[{"data":"Eruption","floor":7,"key":"SMITH"},{"floor":12,"key":"REST"},{"data":"Protect","floor":15,"key":"SMITH"}],"circlet_count":0,"master_deck":["Strike_P","Strike_P","Strike_P","Strike_P","Defend_P","Defend_P","Defend_P","Defend_P","Eruption+1","Vigilance","EmptyBody","Protect+1","FollowUp","Nirvana+1","ClearTheMind","InnerPeace","Conclude","Omniscience+1"],"relics":["PureWater","Frozen Egg 2","Letter Opener","Ornamental Fan","Smiling Mask"],"acts_visited":["Exordium"],"potions_floor_usage":[13],"damage_taken":[{"damage":0,"enemies":"Small Slimes","floor":1,"turns":2},{"damage":2,"enemies":"Jaw Worm","floor":2,"turns":4},{"damage":2,"enemies":"Cultist","floor":3,"turns":5},{"damage":23,"enemies":"Gremlin Nob","floor":6,"turns":5},{"damage":0,"enemies":"3 Louse","floor":8,"turns":2},{"damage":4,"enemies":"Large Slime","floor":10,"turns":8},{"damage":5,"enemies":"Lots of Slimes","floor":11,"turns":3},{"damage":1,"enemies":"3 Sentries","floor":13,"turns":5},{"damage":27,"enemies":"Hexaghost","floor":16,"turns":9}],"seed_played":"-2399565391524449988","potions_obtained":[{"floor":1,"key":"SteroidPotion"},{"floor":5,"key":"BottledMiracle"},{"floor":6,"key":"ColorlessPotion"},{"floor":10,"key":"FearPotion"}],"is_trial":false,"path_per_floor":["M","M","M","?","?","E","R","M","T","M","M","R","E","?","R","B"],"character_chosen":"WATCHER","items_purchased":[],"campfire_rested":1,"item_purchase_floors":[],"current_hp_per_floor":[79,77,75,68,68,45,45,45,45,41,36,59,58,58,58,31,31],"gold":216,"neow_bonus":"TEN_PERCENT_HP_BONUS","is_daily":false,"chose_seed":false,"campfire_upgraded":2,"win_rate":0.0,"timestamp":1614204700,"path_taken":["M","M","M","?","?","E","R","M","T","M","?","R","E","?","R","BOSS"],"items_purchased_type":[],"build_version":"2020-12-22","purchased_purges":0,"victory":false,"max_hp_per_floor":[79,79,79,79,79,79,79,79,79,79,79,79,79,79,79,79,79],"relic_stats":{"counters":[9,43],"Ornamental Fan":[28],"Letter Opener":[57],"Smiling Mask":0,"obtain_stats":[{"Ornamental Fan":9,"Letter Opener":6,"PureWater":0,"Frozen Egg 2":4,"Smiling Mask":13},{"Ornamental Fan":5,"Letter Opener":4,"PureWater":0,"Frozen Egg 2":3,"Smiling Mask":8},{"Ornamental Fan":18,"Letter Opener":16,"PureWater":0,"Frozen Egg 2":11,"Smiling Mask":34}]},"card_choices":[{"not_picked":["SignatureMove","Nirvana"],"picked":"EmptyBody","floor":1},{"not_picked":["Crescendo","EmptyBody"],"picked":"Protect","floor":2},{"not_picked":["Evaluate","Weave"],"picked":"FollowUp","floor":3},{"not_picked":["Swivel","Pray"],"picked":"Nirvana+1","floor":6},{"not_picked":["FlyingSleeves","Prostrate"],"picked":"ClearTheMind","floor":8},{"not_picked":["Crescendo","Protect"],"picked":"InnerPeace","floor":10},{"not_picked":["PathToVictory","EmptyBody"],"picked":"Conclude","floor":11},{"not_picked":["EmptyBody","Consecrate"],"picked":"Omniscience","floor":13}],"player_experience":187143,"relics_obtained":[{"floor":6,"key":"Letter Opener"},{"floor":9,"key":"Ornamental Fan"},{"floor":13,"key":"Smiling Mask"}],"event_choices":[{"damage_healed":0,"gold_gain":0,"player_choice":"Success","damage_taken":7,"relics_obtained":["Frozen Egg 2"],"max_hp_gain":0,"max_hp_loss":0,"event_name":"Scrap Ooze","floor":4,"gold_loss":0},{"damage_healed":0,"gold_gain":0,"player_choice":"Bought 1 Potion","damage_taken":0,"max_hp_gain":0,"max_hp_loss":0,"event_name":"The Woman in Blue","floor":5,"gold_loss":0},{"damage_healed":0,"gold_gain":0,"player_choice":"Grow","damage_taken":0,"max_hp_gain":0,"max_hp_loss":0,"event_name":"Living Wall","floor":14,"gold_loss":0,"cards_upgraded":["Omniscience"]}],"is_beta":false,"boss_relics":[],"items_purged_floors":[],"is_endless":false,"potions_floor_spawned":[1,6,10,11],"killed_by":"Hexaghost","ascension_level":0}}