{"host":"5sw3zovcv0q4yiho","time":1614141323,"event":{"mods":["BaseMod","Minty Spire (QoL Compilation)","Replay The Spire","StSLib"],"gold_per_floor":[112,129,0,16,66,96,111,111,111,111,74,15,15,29,29,130,130,150,150,150,160,160,160,160,160],"floor_reached":24,"language":"ENG","playtime":3362,"items_purged":["Strike_G"],"score":194,"play_id":"dabe366b-2788-4c4d-90df-80d2e047c2c7","local_time":"20210223223523","is_ascension_mode":false,"campfire_choices":[{"floor":8,"key":"REST"},{"data":"Dodge and Roll","floor":10,"key":"SMITH"},{"data":"Neutralize","floor":13,"key":"SMITH"},{"data":"Infinite Blades","floor":15,"key":"SMITH"},{"floor":23,"key":"REST"}],"circlet_count":0,"master_deck":["Strike_G","Strike_G","Strike_G","Strike_G","Defend_G","Defend_G","Defend_G","Defend_G","Defend_G","Survivor","Neutralize+1","ReplayTheSpireMod:Doomed","Blade Dance","Flying Knee","Concentrate","Endless Agony","Languid","Dodge and Roll+1","Blade Dance","Infinite Blades+1","Voices","CurseOfTheBell","Reflex"],"relics":["Ring of the Snake","Replay:Kaleidoscope","Ring of Hypnosis","Ring of Greed","The Courier","Tiny Chest","Orichalcum","Pear","Calling Bell","Replay:Wax Seal","HornCleat","Calipers","Enchiridion"],"acts_visited":["Exordium","TheCity"],"potions_floor_usage":[6,16,16],"damage_taken":[{"damage":0,"enemies":"2 Louse","floor":1,"turns":3},{"damage":0,"enemies":"Jaw Worm","floor":2,"turns":3},{"damage":2,"enemies":"Small Slimes","floor":4,"turns":4},{"damage":42,"enemies":"3 Sentries","floor":6,"turns":19},{"damage":0,"enemies":"3 Louse","floor":7,"turns":3},{"damage":7,"enemies":"Large Slime","floor":14,"turns":6},{"damage":46,"enemies":"Slime Boss","floor":16,"turns":17},{"damage":13,"enemies":"Chosen","floor":18,"turns":7},{"damage":40,"enemies":"Spheric Guardian","floor":21,"turns":8},{"damage":41,"enemies":"3 Cultists","floor":24,"turns":5}],"seed_played":"-6299052964143658187","potions_obtained":[{"floor":2,"key":"Languid Potion"},{"floor":6,"key":"EssenceOfSteel"},{"floor":14,"key":"Adrenaline Potion"},{"floor":16,"key":"Milkshake"}],"is_trial":false,"path_per_floor":["M","M","$","M","?","E","M","R","T","R","?","$","R","M","R","B",null,"M","T","?","M","?","R","M"],"character_chosen":"THE_SILENT","items_purchased":["Concentrate","Infinite Blades"],"campfire_rested":2,"item_purchase_floors":[3,12],"current_hp_per_floor":[70,70,70,68,68,26,26,47,57,57,57,57,57,50,50,4,80,67,67,51,11,11,35,0,0],"gold":160,"neow_bonus":"ONE_RARE_RELIC","is_daily":false,"chose_seed":false,"campfire_upgraded":3,"win_rate":0.0,"timestamp":1614141323,"path_taken":["M","M","$","M","?","E","M","R","T","R","?","?","R","?","R","BOSS","M","?","?","M","?","R","M"],"items_purchased_type":["Card","Card"],"build_version":"2020-12-22","purchased_purges":1,"victory":false,"max_hp_per_floor":[70,70,70,70,70,70,70,70,80,80,80,80,80,80,80,80,80,80,80,80,80,80,80,80,80],"card_choices":[{"not_picked":["Dash","PiercingWail"],"picked":"Blade Dance","floor":1},{"not_picked":["Slice","Underhanded Strike"],"picked":"Flying Knee","floor":2},{"not_picked":["Bane","Backflip"],"picked":"Endless Agony","floor":4},{"not_picked":["Deadly Poison","Hidden Blade"],"picked":"Dodge and Roll","floor":6},{"not_picked":["Flying Knee","Backflip"],"picked":"Blade Dance","floor":7},{"not_picked":["Cloak And Dagger","Blade Dance","Setup"],"picked":"SKIP","floor":14},{"not_picked":["Deadly Poison","Outmaneuver"],"picked":"Reflex","floor":18},{"not_picked":["Cloak And Dagger","ReplayTheSpireMod:Exploit Weakness+1","PiercingWail"],"picked":"SKIP","floor":21}],"player_experience":325956,"relics_obtained":[{"floor":5,"key":"Ring of Hypnosis"},{"floor":5,"key":"Ring of Greed"},{"floor":5,"key":"The Courier"},{"floor":5,"key":"Tiny Chest"},{"floor":6,"key":"Orichalcum"},{"floor":9,"key":"Pear"},{"floor":17,"key":"Replay:Wax Seal"},{"floor":17,"key":"HornCleat"},{"floor":17,"key":"Calipers"},{"floor":20,"key":"Enchiridion"}],"event_choices":[{"damage_healed":0,"gold_gain":0,"player_choice":"Left Gold","damage_taken":0,"max_hp_gain":0,"max_hp_loss":0,"event_name":"World of Goop","floor":11,"gold_loss":37},{"damage_healed":0,"gold_gain":0,"player_choice":"Obtained Book","damage_taken":16,"max_hp_gain":0,"max_hp_loss":0,"event_name":"Cursed Tome","floor":20,"gold_loss":0}],"is_beta":false,"boss_relics":[{"not_picked":["Painkiller Herb","Coffee Dripper"],"picked":"Calling Bell"}],"items_purged_floors":[3],"is_endless":false,"potions_floor_spawned":[2,6,14,16],"killed_by":"3 Cultists","ascension_level":0}}