{"host":"vk2xyavtylxbvrfq","time":1614194650,"event":{"mods":["Bard","BaseMod","Bestiary","Better Altar","Better Match","Better Note","Better Sensory Stone","Better Skull","Better Vampires","Block Reminder","Bossed Relics","Colored Map","Curses Come First","Displayed Cursed Tome","Downfall","Extra Virgin Snecko Oil","Fox Events","Hermit","Ironclad Rager","Marked Mod","Minty Spire (QoL Compilation)","Quick Restart","Rare Cards Sparkle","Relic Sorter","Reliquary","Robot Space Explorer","StSLib","The Hayseed","The Runesmith","Unceasing Turn Reminder"],"gold_per_floor":[109,181,31,131,147,147,179,192,192,192,218,229,229,229,229,330,330,346,346,346,346,22,22,22,22,22,22,22,22,22,22,22],"floor_reached":31,"language":"ENG","playtime":923,"items_purged":[],"score":450,"play_id":"b0c26fb8-7593-40f1-8e16-ae3551dc9927","local_time":"20210224142410","is_ascension_mode":true,"campfire_choices":[{"data":"hermit:FinalCanter","floor":6,"key":"SMITH"},{"data":"hermit:Malice","floor":10,"key":"SMITH"},{"data":"hermit:GoldenBullet","floor":13,"key":"SMITH"},{"data":"Flash of Steel","floor":15,"key":"SMITH"},{"floor":23,"key":"REST"},{"data":"hermit:Adapt","floor":25,"key":"SMITH"},{"data":"hermit:ShadowCloak","floor":29,"key":"SMITH"}],"circlet_count":0,"master_deck":["hermit:Strike_Hermit+1","hermit:Strike_Hermit+1","hermit:Strike_Hermit+1","hermit:Strike_Hermit+1","hermit:Defend_Hermit+1","hermit:Defend_Hermit+1","hermit:Defend_Hermit+1","hermit:Defend_Hermit+1","hermit:Snapshot","hermit:Covet","hermit:BigShot","downfall:Haunted","downfall:Haunted","Parasite","hermit:FinalCanter+1","Injury","TheSimpletonMod:Gnats","hermit:Glare","hermit:Coalescence","hermit:Malice+1","hermit:GoldenBullet+1","Flash of Steel+1","hermit:Adapt+1","hermit:Spite","hermit:ShadowCloak+1","downfall:Icky","Pain","hermit:LoneWolf"],"relics":["hermit:Momento","NeowsBlessing","Juzu Bracelet","Du-Vu Doll","Calipers","reliquary:HotPoker","reliquary:RosewoodLute","Cursed Key","MutagenicStrength","White Beast Statue","Ornamental Fan","Nilry\u0027s Codex","WarpedTongs"],"acts_visited":["Exordium","TheCity"],"potions_floor_usage":[16,18,18,18,18],"damage_taken":[{"damage":0,"enemies":"Small Slimes","floor":1,"turns":1},{"damage":0,"enemies":"Jaw Worm","floor":5,"turns":1},{"damage":0,"enemies":"Lagavulin","floor":7,"turns":1},{"damage":3,"enemies":"2 Louse","floor":8,"turns":4},{"damage":0,"enemies":"Red Slaver","floor":12,"turns":1},{"damage":23,"enemies":"The Guardian","floor":16,"turns":10},{"damage":15,"enemies":"2 Thieves","floor":18,"turns":3},{"damage":32,"enemies":"Gremlin Leader","floor":31,"turns":5}],"seed_played":"2148831428738476922","potions_obtained":[{"floor":1,"key":"PowerPotion"},{"floor":7,"key":"EntropicBrew"},{"floor":8,"key":"SteroidPotion"},{"floor":18,"key":"BlessingOfTheForge"}],"is_trial":false,"path_per_floor":["M","?","$","?","M","R","E","M","T","R","T","M","R","?","R","B",null,"M","?","?","?","$","R","$","R","T","?","?","R","?","E"],"character_chosen":"HERMIT","items_purchased":["Juzu Bracelet","hermit:ShadowCloak","White Beast Statue"],"campfire_rested":1,"item_purchase_floors":[3,22,22],"current_hp_per_floor":[68,68,68,73,73,73,73,70,70,70,70,70,70,70,70,47,72,57,57,57,57,57,80,80,80,80,64,64,64,64,32,32],"gold":22,"neow_bonus":"THREE_ENEMY_KILL","is_daily":false,"chose_seed":false,"campfire_upgraded":6,"win_rate":0.0,"timestamp":1614194650,"path_taken":["M","?","$","?","M","R","E","M","T","R","?","M","R","?","R","BOSS","M","?","?","?","$","R","$","R","T","?","?","R","?","E"],"items_purchased_type":["Relic","Card","Relic"],"build_version":"2020-12-22","purchased_purges":0,"victory":false,"max_hp_per_floor":[75,75,75,80,80,80,80,80,80,80,80,80,80,80,80,80,80,80,80,80,80,80,80,80,80,80,80,80,80,80,80,80],"card_choices":[{"not_picked":["hermit:TakeAim","hermit:HoleUp"],"picked":"hermit:BigShot","floor":1},{"not_picked":["hermit:Shortfuse","hermit:WideOpen"],"picked":"hermit:Glare","floor":5},{"not_picked":["hermit:Feint","hermit:Vantage"],"picked":"hermit:Coalescence","floor":7},{"not_picked":["hermit:Cheat","hermit:Headshot"],"picked":"hermit:Malice","floor":8},{"not_picked":["hermit:CalledShot","hermit:Showdown"],"picked":"hermit:GoldenBullet","floor":12},{"not_picked":["Mayhem","Secret Weapon"],"picked":"Flash of Steel","floor":14},{"not_picked":["hermit:RoundhouseKick","hermit:Purgatory"],"picked":"hermit:Adapt","floor":16},{"not_picked":["hermit:HoleUp","hermit:SprayPray"],"picked":"hermit:Spite","floor":18}],"player_experience":1471630,"relics_obtained":[{"floor":7,"key":"Calipers"},{"floor":9,"key":"reliquary:HotPoker"},{"floor":11,"key":"reliquary:RosewoodLute"},{"floor":26,"key":"Ornamental Fan"}],"event_choices":[{"damage_healed":0,"gold_gain":72,"player_choice":"Gained Gold","damage_taken":0,"max_hp_gain":0,"max_hp_loss":0,"event_name":"Golden Wing","floor":2,"gold_loss":0},{"damage_healed":0,"gold_gain":1,"player_choice":"1","damage_taken":0,"max_hp_gain":0,"max_hp_loss":0,"event_name":"betterStone:BetterStone","floor":14,"gold_loss":0},{"damage_healed":0,"gold_gain":0,"player_choice":"Inject Mutagens","damage_taken":0,"relics_obtained":["MutagenicStrength"],"max_hp_gain":0,"max_hp_loss":0,"event_name":"Drug Dealer","floor":19,"gold_loss":0},{"damage_healed":0,"gold_gain":0,"player_choice":"Simplicity","damage_taken":0,"max_hp_gain":0,"max_hp_loss":0,"event_name":"Back to Basics","floor":21,"gold_loss":0,"cards_upgraded":["hermit:Strike_Hermit","hermit:Strike_Hermit","hermit:Strike_Hermit","hermit:Strike_Hermit","hermit:Defend_Hermit","hermit:Defend_Hermit","hermit:Defend_Hermit","hermit:Defend_Hermit"]},{"damage_healed":0,"gold_gain":0,"player_choice":"Obtained Book","damage_taken":16,"max_hp_gain":0,"max_hp_loss":0,"event_name":"Cursed Tome","floor":27,"gold_loss":0},{"damage_healed":0,"gold_gain":0,"player_choice":"Rummage","damage_taken":0,"relics_obtained":["WarpedTongs"],"max_hp_gain":0,"max_hp_loss":0,"event_name":"Accursed Blacksmith","floor":28,"gold_loss":0,"cards_obtained":["Pain"]},{"damage_healed":0,"gold_gain":0,"player_choice":"Read","damage_taken":0,"max_hp_gain":0,"max_hp_loss":0,"event_name":"The Library","floor":30,"gold_loss":0,"cards_obtained":["hermit:LoneWolf"]}],"is_beta":false,"boss_relics":[{"not_picked":["hermit:DentedPlate","Tiny House"],"picked":"Cursed Key"}],"items_purged_floors":[],"is_endless":false,"potions_floor_spawned":[1,7,8,18],"killed_by":"Gremlin Leader","ascension_level":8}}