{"host":"0qlrtuw7bw78ucw4","time":1614173230,"event":{"mods":["BaseMod","Downfall","Minty Spire (QoL Compilation)","StSLib"],"gold_per_floor":[0,66,105,105,155,193,218,306,361,404,404,404,404,444,481,558,558,558,598,634,659,659,659],"floor_reached":21,"language":"ENG","playtime":1019,"items_purged":[],"score":357,"play_id":"fc043cdf-608d-493a-9bcb-4e06f0b9a7a6","local_time":"20210225002710","is_ascension_mode":true,"campfire_choices":[{"data":"HandOfGreed","floor":1,"key":"SMITH"},{"floor":11,"key":"REST"},{"data":"Slimebound:GoopSpray","floor":13,"key":"SMITH"},{"data":"Slimebound:RainOfGoop","floor":18,"key":"PURGE"}],"circlet_count":0,"master_deck":["AscendersBane","Slimebound:Strike_Slimebound","Slimebound:Strike_Slimebound","Slimebound:Strike_Slimebound+1","Slimebound:Tackle","Slimebound:Defend_Slimebound","Slimebound:Defend_Slimebound","Slimebound:Defend_Slimebound","Slimebound:Defend_Slimebound","Slimebound:Split","Slimebound:CorrosiveSpit+1","HandOfGreed+1","Slimebound:SplitLeeching","Slimebound:SlimeBarrage+1","downfall:Malfunctioning","Slimebound:GoopSpray+1","Slimebound:SplitLeeching","Slimebound:SelfFormingGoo","Slimebound:SlimeTap+1"],"relics":["Slimebound:AbsorbEndCombat","Centennial Puzzle","Slimebound:ScrapOozeRelic","Sozu"],"acts_visited":["Exordium","TheCity"],"potions_floor_usage":[],"damage_taken":[{"damage":8,"enemies":"2 Louse","floor":2,"turns":6},{"damage":6,"enemies":"Cultist","floor":3,"turns":3},{"damage":5,"enemies":"Jaw Worm","floor":6,"turns":5},{"damage":16,"enemies":"3 Louse","floor":8,"turns":7},{"damage":26,"enemies":"Lagavulin","floor":9,"turns":5},{"damage":1,"enemies":"Blue Slaver","floor":10,"turns":5},{"damage":2,"enemies":"Large Slime","floor":14,"turns":6},{"damage":0,"enemies":"2 Fungi Beasts","floor":15,"turns":4},{"damage":36,"enemies":"DF_ARCHETYPE_STREAMLINE","floor":16,"turns":12},{"damage":17,"enemies":"Shell Parasite","floor":19,"turns":4},{"damage":17,"enemies":"3 Byrds","floor":20,"turns":6},{"damage":27,"enemies":"Masked Bandits","floor":21,"turns":3}],"seed_played":"4864019161537319903","potions_obtained":[{"floor":3,"key":"Ancient Potion"},{"floor":9,"key":"bronze:BurnAndBuffPotion"}],"is_trial":false,"path_per_floor":["R","M","M","?","?","M","T","M","E","M","R","?","R","M","M","B",null,"R","M","M","?"],"character_chosen":"SLIMEBOUND","items_purchased":[],"campfire_rested":1,"item_purchase_floors":[],"current_hp_per_floor":[53,47,43,43,43,40,40,28,4,9,26,26,26,32,36,8,46,46,33,22,0,0,0],"gold":659,"neow_bonus":"RANDOM_COLORLESS_2","is_daily":false,"chose_seed":false,"campfire_upgraded":2,"win_rate":0.0,"timestamp":1614173230,"path_taken":["R","M","M","?","?","M","T","M","E","?","R","?","R","M","M","BOSS","R","M","M","?"],"items_purchased_type":[],"build_version":"2020-12-22","purchased_purges":0,"victory":false,"max_hp_per_floor":[59,59,59,59,59,59,59,59,59,59,59,59,59,59,59,59,59,59,59,59,59,59,59],"card_choices":[{"not_picked":["Transmutation","Sadistic Nature"],"picked":"HandOfGreed","floor":0},{"not_picked":["Slimebound:RollThrough","Slimebound:SplitBruiser"],"picked":"Slimebound:SplitLeeching","floor":2},{"not_picked":["Slimebound:LivingWall","Slimebound:ItLooksTasty"],"picked":"Slimebound:SlimeBarrage","floor":3},{"not_picked":["Slimebound:Grow","Slimebound:LeechingTouch","Slimebound:HauntingLick"],"picked":"SKIP","floor":6},{"not_picked":["Slimebound:SplitAcid","Slimebound:GoopTackle","Slimebound:Grow"],"picked":"SKIP","floor":8},{"not_picked":["Slimebound:SlimeSlap","Slimebound:FinishingTackle"],"picked":"Slimebound:GoopSpray","floor":9},{"not_picked":["Slimebound:ItLooksTasty","Slimebound:SplitMire","Slimebound:SplitBruiser"],"picked":"SKIP","floor":10},{"not_picked":["Slimebound:DisruptingSlam","Slimebound:RollThrough"],"picked":"Slimebound:SplitLeeching","floor":14},{"not_picked":["Slimebound:SplitBruiser","Slimebound:SamplingLick"],"picked":"Slimebound:RainOfGoop","floor":15},{"not_picked":["Slimebound:FirmFortitude","Slimebound:Darklings"],"picked":"Slimebound:SelfFormingGoo","floor":16},{"not_picked":["Slimebound:Schlurp","Slimebound:ViciousTackle","Slimebound:ComboTackle"],"picked":"SKIP","floor":19},{"not_picked":["Slimebound:DivideAndConquer","Slimebound:SamplingLick"],"picked":"Slimebound:SlimeTap+1","floor":20}],"player_experience":1062763,"relics_obtained":[{"floor":7,"key":"Centennial Puzzle"},{"floor":9,"key":"Bag of Marbles"}],"event_choices":[{"damage_healed":0,"gold_gain":0,"player_choice":"Fought Bandits","damage_taken":0,"max_hp_gain":0,"max_hp_loss":0,"event_name":"Masked Bandits","floor":21,"gold_loss":0}],"is_beta":false,"boss_relics":[{"not_picked":["Empty Cage","SacredBark"],"picked":"Sozu"}],"items_purged_floors":[],"is_endless":false,"potions_floor_spawned":[3,9,20],"killed_by":"Masked Bandits","ascension_level":19}}