{"host":"m1hrbr0uwda4cktq","time":1614198308,"event":{"mods":["AchievementEnabler","BaseMod","Better Match","BetterRewards","Colored Map","Highlight Path","Minty Spire (QoL Compilation)","Quick Restart","Relic Stats","Shop Mod","StSLib","SuperFastMode","The Bug Knight"],"gold_per_floor":[118,137,155,169,182,215,215,245,245,256,266,283,311,321,321,321,321],"floor_reached":16,"language":"ENG","playtime":1201,"items_purged":[],"score":147,"play_id":"b8d60cbb-3259-467f-809d-4e016c4aec4a","local_time":"20210224172508","is_ascension_mode":true,"campfire_choices":[{"floor":7,"key":"REST"},{"data":"Pommel Strike","floor":15,"key":"SMITH"}],"circlet_count":0,"master_deck":["Strike_R","Strike_R","Strike_R","Strike_R","Strike_R","Defend_R","Defend_R","Defend_R","Defend_R","Bash","Cleave","Shrug It Off","Seeing Red","Pommel Strike+1","Cleave","Armaments","Metallicize","Anger","Thunderclap","Headbutt","Sword Boomerang","True Grit"],"relics":["Burning Blood","HandDrill","Paper Frog","Regal Pillow","CaptainsWheel","Art of War","Anchor"],"acts_visited":["Exordium"],"potions_floor_usage":[],"damage_taken":[{"damage":8,"enemies":"Jaw Worm","floor":1,"turns":4},{"damage":3,"enemies":"2 Louse","floor":2,"turns":2},{"damage":7,"enemies":"Small Slimes","floor":3,"turns":3},{"damage":11,"enemies":"Blue Slaver","floor":4,"turns":3},{"damage":0,"enemies":"3 Louse","floor":5,"turns":3},{"damage":50,"enemies":"Lagavulin","floor":6,"turns":6},{"damage":22,"enemies":"3 Sentries","floor":8,"turns":6},{"damage":20,"enemies":"Exordium Wildlife","floor":10,"turns":4},{"damage":14,"enemies":"Lots of Slimes","floor":11,"turns":4},{"damage":0,"enemies":"3 Louse","floor":12,"turns":2},{"damage":9,"enemies":"Lagavulin","floor":13,"turns":5},{"damage":7,"enemies":"Large Slime","floor":14,"turns":5},{"damage":37,"enemies":"Slime Boss","floor":16,"turns":6}],"seed_played":"5946817848680139363","potions_obtained":[{"floor":1,"key":"LiquidBronze"},{"floor":2,"key":"SkillPotion"},{"floor":6,"key":"Strength Potion"}],"is_trial":false,"path_per_floor":["M","M","M","M","M","E","R","E","T","M","M","M","E","M","R","B"],"character_chosen":"IRONCLAD","items_purchased":["HandDrill","Paper Frog"],"campfire_rested":1,"item_purchase_floors":[0,0],"current_hp_per_floor":[73,75,74,69,75,31,68,52,52,38,30,36,33,32,32,0,0],"gold":321,"neow_bonus":"","is_daily":false,"chose_seed":false,"campfire_upgraded":1,"win_rate":0.0,"timestamp":1614198308,"path_taken":["M","M","M","M","M","E","R","E","T","M","M","M","E","M","R","BOSS"],"items_purchased_type":["Relic","Relic"],"build_version":"2020-12-22","purchased_purges":0,"victory":false,"max_hp_per_floor":[75,75,75,75,75,75,75,75,75,75,75,75,75,75,75,75,75],"relic_stats":{"Regal Pillow":15,"counters":[13,53],"HandDrill":[8],"Art of War":[0],"obtain_stats":[{"Blood Vial":0,"Regal Pillow":6,"CaptainsWheel":8,"Anchor":13,"HandDrill":0,"Art of War":9,"Burning Blood":0,"Paper Frog":0},{"Blood Vial":0,"Regal Pillow":6,"CaptainsWheel":7,"Anchor":11,"HandDrill":0,"Art of War":7,"Burning Blood":0,"Paper Frog":0},{"Blood Vial":0,"Regal Pillow":21,"CaptainsWheel":27,"Anchor":42,"HandDrill":0,"Art of War":27,"Burning Blood":0,"Paper Frog":0}],"Burning Blood":71},"card_choices":[{"not_picked":["Combust","Twin Strike"],"picked":"Cleave","floor":1},{"not_picked":["Fire Breathing","Blood for Blood"],"picked":"Shrug It Off","floor":2},{"not_picked":["Body Slam","Wild Strike"],"picked":"Seeing Red","floor":3},{"not_picked":["Fiend Fire","Combust"],"picked":"Pommel Strike","floor":4},{"not_picked":["Clash","Carnage"],"picked":"Cleave","floor":5},{"not_picked":["Exhume","Combust"],"picked":"Armaments","floor":6},{"not_picked":["Infernal Blade","Havoc"],"picked":"Metallicize","floor":8},{"not_picked":["Armaments","Blood for Blood"],"picked":"Anger","floor":10},{"not_picked":["Shrug It Off","Corruption"],"picked":"Thunderclap","floor":11},{"not_picked":["Searing Blow","Perfected Strike"],"picked":"Headbutt","floor":12},{"not_picked":["Pummel","Heavy Blade"],"picked":"Sword Boomerang","floor":13},{"not_picked":["Twin Strike","Warcry"],"picked":"True Grit","floor":14}],"player_experience":209515,"relics_obtained":[{"floor":6,"key":"Regal Pillow"},{"floor":8,"key":"CaptainsWheel"},{"floor":9,"key":"Art of War"},{"floor":13,"key":"Anchor"}],"event_choices":[],"is_beta":false,"boss_relics":[],"items_purged_floors":[],"is_endless":false,"potions_floor_spawned":[1,2,6,10,11,12,14],"killed_by":"Slime Boss","ascension_level":3}}