{"host":"fm9e0lfunjlbhzxv","time":1614150962,"event":{"mods":["2.2 Compatiblity","Alarm Clock","BaseMod","Bestiary","Colored Map","Colored Powertips","Key Reminder","Minty Spire (QoL Compilation)","Permanent Neow","Random Character Button","Rare Cards Sparkle","Relic Stats","StSLib","slay the spire mod where everything is the same but ironclad has a cowboy hat"],"gold_per_floor":[117,128,203,203,226,260,260,260,337,356,389,389,1,19,19,144,144,164,183,26,26,42,85,110,153,178,178,178,201,239,252,252,373,373,388,411,391,416,440,481,481,521,568,582,595,595,215,258,258,258,258,258,0,36,36],"floor_reached":56,"language":"ENG","playtime":4964,"items_purged":["Protect","InnerPeace"],"score":1861,"play_id":"2a387835-b53b-4530-b639-165c96ab2313","local_time":"20210223231602","is_ascension_mode":true,"campfire_choices":[{"data":"Tantrum","floor":8,"key":"SMITH"},{"data":"Halt","floor":15,"key":"SMITH"},{"data":"Vault","floor":28,"key":"SMITH"},{"data":"Eruption","floor":32,"key":"SMITH"},{"data":"Omniscience","floor":41,"key":"SMITH"},{"data":"Vault","floor":46,"key":"SMITH"},{"floor":49,"key":"RECALL"},{"data":"Vault","floor":52,"key":"SMITH"}],"circlet_count":0,"master_deck":["Eruption+1","Vigilance","Tantrum+1","Halt+1","InnerPeace","FlurryOfBlows","FearNoEvil","MentalFortress","MentalFortress","Vault+1","WheelKick+1","ThirdEye+1","Vault+1","Consecrate","Halt+1","Halt+1","LikeWater+1","Omniscience+1","BowlingBash","BattleHymn","Wireheading","DeusExMachina","Halt+1","WaveOfTheHand+1","DevaForm","Vault+1","DevaForm","TalkToTheHand+1"],"relics":["Coffee Dripper","Golden Idol","Anchor","Pear","Regal Pillow","Singing Bowl","Runic Pyramid","ClockworkSouvenir","Bronze Scales","Bottled Lightning","Happy Flower","Mango","Pandora\u0027s Box","Kunai","Bag of Preparation","Question Card","Toy Ornithopter"],"acts_visited":["Exordium","TheCity","TheBeyond","TheEnding"],"potions_floor_usage":[6,11,23,38,54,55,55],"damage_taken":[{"damage":0,"enemies":"Jaw Worm","floor":1,"turns":2},{"damage":4,"enemies":"Small Slimes","floor":2,"turns":2},{"damage":4,"enemies":"2 Louse","floor":5,"turns":3},{"damage":0,"enemies":"Gremlin Nob","floor":6,"turns":2},{"damage":0,"enemies":"2 Fungi Beasts","floor":10,"turns":2},{"damage":0,"enemies":"3 Sentries","floor":11,"turns":4},{"damage":0,"enemies":"Lots of Slimes","floor":14,"turns":3},{"damage":0,"enemies":"Slime Boss","floor":16,"turns":5},{"damage":0,"enemies":"Spheric Guardian","floor":18,"turns":3},{"damage":0,"enemies":"Chosen","floor":19,"turns":3},{"damage":0,"enemies":"Snecko","floor":22,"turns":4},{"damage":0,"enemies":"Gremlin Leader","floor":23,"turns":5},{"damage":6,"enemies":"Snake Plant","floor":24,"turns":3},{"damage":2,"enemies":"Slavers","floor":25,"turns":4},{"damage":0,"enemies":"Centurion and Healer","floor":29,"turns":4},{"damage":0,"enemies":"Book of Stabbing","floor":30,"turns":4},{"damage":0,"enemies":"Sentry and Sphere","floor":31,"turns":4},{"damage":0,"enemies":"Automaton","floor":33,"turns":10},{"damage":0,"enemies":"Orb Walker","floor":35,"turns":4},{"damage":0,"enemies":"3 Shapes","floor":36,"turns":5},{"damage":8,"enemies":"Writhing Mass","floor":38,"turns":7},{"damage":0,"enemies":"Transient","floor":39,"turns":7},{"damage":0,"enemies":"Reptomancer","floor":40,"turns":8},{"damage":0,"enemies":"Nemesis","floor":42,"turns":7},{"damage":1,"enemies":"3 Darklings","floor":44,"turns":4},{"damage":14,"enemies":"Writhing Mass","floor":45,"turns":5},{"damage":7,"enemies":"Reptomancer","floor":48,"turns":6},{"damage":1,"enemies":"Donu and Deca","floor":50,"turns":9},{"damage":0,"enemies":"Shield and Spear","floor":54,"turns":7},{"damage":3,"enemies":"The Heart","floor":55,"turns":12}],"seed_played":"-7477413156375896821","potions_obtained":[{"floor":1,"key":"Fire Potion"},{"floor":2,"key":"ColorlessPotion"},{"floor":6,"key":"Ancient Potion"},{"floor":21,"key":"StancePotion"},{"floor":21,"key":"Dexterity Potion"},{"floor":23,"key":"FearPotion"},{"floor":31,"key":"AttackPotion"},{"floor":40,"key":"DuplicationPotion"},{"floor":48,"key":"Swift Potion"},{"floor":54,"key":"EssenceOfSteel"}],"is_trial":false,"path_per_floor":["M","M","?","?","M","E","?","R","T","M","E","?","$","M","R","B",null,"M","M","$","?","M","E","M","E","T","?","R","M","E","M","R","B",null,"M","M","?","M","M","E","R","E","T","M","M","R","$","E","R","B",null,"R","$","E","B",null],"character_chosen":"WATCHER","items_purchased":["Singing Bowl","MentalFortress","BottledMiracle","ClockworkSouvenir","DevaForm","Vault","DevaForm"],"campfire_rested":0,"item_purchase_floors":[13,13,13,20,47,47,53],"current_hp_per_floor":[72,68,57,57,53,53,53,53,63,63,63,56,56,56,56,56,77,77,77,77,77,77,77,73,71,71,71,71,71,85,87,87,87,95,97,97,97,91,93,95,95,95,95,96,84,84,84,79,79,78,109,109,109,109,106],"gold":36,"neow_bonus":"BOSS_RELIC","is_daily":false,"chose_seed":false,"campfire_upgraded":7,"win_rate":0.0,"timestamp":1614150962,"path_taken":["M","M","?","?","M","E","?","R","T","M","E","?","$","M","R","BOSS","M","M","$","?","M","E","?","E","T","?","R","M","E","M","R","BOSS","M","M","?","?","M","E","R","E","T","M","M","R","$","E","R","BOSS","R","$","E","BOSS"],"items_purchased_type":["Relic","Card","Potion","Relic","Card","Card","Card"],"build_version":"2020-12-22","purchased_purges":2,"victory":true,"max_hp_per_floor":[72,72,72,67,67,67,67,67,77,77,77,77,77,77,77,77,77,77,77,77,77,77,77,79,79,79,79,79,79,93,95,95,95,95,97,97,97,99,101,103,103,103,103,105,107,107,107,109,109,109,109,109,109,109,109],"relic_stats":{"Regal Pillow":0,"Singing Bowl":18,"Happy Flower":[34],"counters":[30,148],"Golden Idol":233,"Bronze Scales":[281],"Pandora\u0027s Box":["BowlingBash","BattleHymn","Wireheading","InnerPeace","DeusExMachina","Protect"],"Bag of Preparation":[13],"Kunai":[37],"Question Card":1,"obtain_stats":[{"Regal Pillow":11,"Pear":9,"Singing Bowl":13,"Happy Flower":26,"Golden Idol":4,"Mango":30,"Bag of Preparation":42,"Question Card":48,"ClockworkSouvenir":20,"keyreminder:keyreminder":11,"Anchor":6,"Bronze Scales":23,"Pandora\u0027s Box":34,"Coffee Dripper":0,"Bottled Lightning":25,"Kunai":40,"PureWater":0,"Toy Ornithopter":54,"Runic Pyramid":17},{"Regal Pillow":6,"Pear":4,"Singing Bowl":6,"Happy Flower":14,"Golden Idol":2,"Mango":16,"Bag of Preparation":24,"Question Card":27,"ClockworkSouvenir":10,"keyreminder:keyreminder":6,"Anchor":4,"Bronze Scales":12,"Pandora\u0027s Box":18,"Coffee Dripper":0,"Bottled Lightning":14,"Kunai":23,"PureWater":0,"Toy Ornithopter":29,"Runic Pyramid":8},{"Regal Pillow":15,"Pear":9,"Singing Bowl":15,"Happy Flower":45,"Golden Idol":4,"Mango":53,"Bag of Preparation":105,"Question Card":120,"ClockworkSouvenir":29,"keyreminder:keyreminder":15,"Anchor":9,"Bronze Scales":38,"Pandora\u0027s Box":67,"Coffee Dripper":0,"Bottled Lightning":45,"Kunai":98,"PureWater":0,"Toy Ornithopter":136,"Runic Pyramid":23}],"Toy Ornithopter":0},"card_choices":[{"not_picked":["ThirdEye","FlurryOfBlows"],"picked":"Tantrum","floor":1},{"not_picked":["PathToVictory","FlyingSleeves"],"picked":"Halt","floor":2},{"not_picked":["DeceiveReality","Halt","Consecrate"],"picked":"SKIP","floor":5},{"not_picked":["Consecrate","SashWhip"],"picked":"InnerPeace","floor":6},{"not_picked":["EmptyBody","ClearTheMind"],"picked":"FlurryOfBlows","floor":10},{"not_picked":["SandsOfTime","Vengeance"],"picked":"FearNoEvil","floor":11},{"not_picked":["WaveOfTheHand","Alpha"],"picked":"MentalFortress","floor":14},{"not_picked":["Devotion","Alpha"],"picked":"Vault","floor":16},{"not_picked":["Consecrate","Evaluate"],"picked":"WheelKick+1","floor":18},{"not_picked":["EmptyMind","FlyingSleeves"],"picked":"ThirdEye+1","floor":19},{"not_picked":["EmptyBody","FlurryOfBlows"],"picked":"Vault","floor":22},{"not_picked":["Crescendo","BowlingBash"],"picked":"Consecrate","floor":23},{"not_picked":["FlyingSleeves","CutThroughFate","Vengeance+1"],"picked":"Singing Bowl","floor":24},{"not_picked":["FlyingSleeves","SignatureMove"],"picked":"Halt+1","floor":25},{"not_picked":["FlyingSleeves","Nirvana"],"picked":"Halt+1","floor":29},{"not_picked":["FlurryOfBlows","BowlingBash"],"picked":"LikeWater+1","floor":30},{"not_picked":["FlurryOfBlows","Tantrum","WheelKick"],"picked":"Singing Bowl","floor":31},{"not_picked":["Establishment","Brilliance"],"picked":"Omniscience","floor":33},{"not_picked":["ClearTheMind","Crescendo+1","CarveReality+1"],"picked":"Singing Bowl","floor":35},{"not_picked":["CutThroughFate+1","Crescendo+1"],"picked":"Halt+1","floor":36},{"not_picked":["FlurryOfBlows","SpiritShield","Sanctity"],"picked":"Singing Bowl","floor":38},{"not_picked":["Collect+1","Prostrate+1","CutThroughFate+1"],"picked":"Singing Bowl","floor":39},{"not_picked":["Judgement","Meditate","CrushJoints"],"picked":"Singing Bowl","floor":40},{"not_picked":["Pray","LikeWater+1"],"picked":"WaveOfTheHand+1","floor":42},{"not_picked":["PathToVictory","WreathOfFlame","CrushJoints+1"],"picked":"Singing Bowl","floor":44},{"not_picked":["Collect","Crescendo","Prostrate+1"],"picked":"Singing Bowl","floor":45},{"not_picked":["Prostrate+1","Perseverance","PathToVictory+1"],"picked":"Singing Bowl","floor":48},{"not_picked":["Vengeance","ThirdEye+1","Weave"],"picked":"TalkToTheHand+1","floor":54}],"player_experience":447518,"relics_obtained":[{"floor":6,"key":"Anchor"},{"floor":9,"key":"Pear"},{"floor":11,"key":"Regal Pillow"},{"floor":23,"key":"Bronze Scales"},{"floor":25,"key":"Bottled Lightning"},{"floor":26,"key":"Happy Flower"},{"floor":30,"key":"Mango"},{"floor":40,"key":"Kunai"},{"floor":42,"key":"Bag of Preparation"},{"floor":48,"key":"Question Card"},{"floor":54,"key":"Toy Ornithopter"}],"event_choices":[{"damage_healed":0,"gold_gain":75,"player_choice":"Gather Gold","damage_taken":11,"max_hp_gain":0,"max_hp_loss":0,"event_name":"World of Goop","floor":3,"gold_loss":0},{"damage_healed":0,"gold_gain":0,"player_choice":"Lose Max HP","damage_taken":0,"relics_obtained":["Golden Idol"],"max_hp_gain":0,"max_hp_loss":5,"event_name":"Golden Idol","floor":4,"gold_loss":0},{"damage_healed":0,"gold_gain":0,"player_choice":"Ignored","damage_taken":0,"max_hp_gain":0,"max_hp_loss":0,"event_name":"Liars Game","floor":7,"gold_loss":0},{"cards_removed":["Strike_P"],"damage_healed":0,"gold_gain":0,"player_choice":"Card Removal","damage_taken":7,"max_hp_gain":0,"max_hp_loss":0,"event_name":"Golden Wing","floor":12,"gold_loss":0},{"damage_healed":0,"gold_gain":0,"player_choice":"Got Potions","damage_taken":0,"max_hp_gain":0,"max_hp_loss":0,"event_name":"Lab","floor":21,"gold_loss":0},{"cards_removed":["Strike_P"],"damage_healed":0,"gold_gain":0,"player_choice":"Purged","damage_taken":0,"max_hp_gain":0,"max_hp_loss":0,"event_name":"Purifier","floor":27,"gold_loss":0},{"damage_healed":0,"gold_gain":0,"player_choice":"Bought 1 Potion","damage_taken":0,"max_hp_gain":0,"max_hp_loss":0,"event_name":"The Woman in Blue","floor":37,"gold_loss":0}],"is_beta":false,"boss_relics":[{"not_picked":["Busted Crown","Black Star"],"picked":"Runic Pyramid"},{"not_picked":["Cursed Key","Empty Cage"],"picked":"Pandora\u0027s Box"}],"items_purged_floors":[47,53],"is_endless":false,"potions_floor_spawned":[1,2,6,23,25,31,33,35,36,40,45,48,54],"ascension_level":4}}