{"host":"i0avyit1s6jb1siw","time":1614179060,"event":{"mods":["BaseMod","DeckTracker","Dota2Spire","Minty Spire (QoL Compilation)","Quick Restart","StSLib","SuperFastMode"],"gold_per_floor":[99,99,99,99,99,99,99,99,99,99,99,59,59,59,59,59,59,59,59,59,59,59,59,59,59,59,59,59,59,59,59,59,59,59,59,59,59,59,59,59,59,59,59,59,59,59,59,59,59,59,59,59,59,59,59],"floor_reached":54,"language":"ENG","playtime":1463,"items_purged":[],"score":1298,"play_id":"7184b748-55f2-44b5-995a-88a644177adf","local_time":"20210224160420","is_ascension_mode":true,"campfire_choices":[{"data":"Dagger Spray","floor":6.0,"key":"SMITH"},{"floor":13.0,"key":"REST"},{"floor":16.0,"key":"REST"},{"data":"Deadly Poison","floor":17.0,"key":"SMITH"},{"data":"Calculated Gamble","floor":26.0,"key":"SMITH"},{"data":"Tactician","floor":31.0,"key":"SMITH"},{"floor":35.0,"key":"REST"},{"data":"Tactician","floor":36.0,"key":"SMITH"},{"data":"Accuracy","floor":45,"key":"SMITH"},{"floor":53,"key":"RECALL"}],"circlet_count":0,"master_deck":["AscendersBane","Defend_G+1","Defend_G+1","Defend_G+1","Defend_G+1","Defend_G+1","Survivor","Neutralize","Dagger Spray+1","Tactician+1","Predator","Calculated Gamble+1","Reflex","Backflip","Deadly Poison+1","Malaise","PiercingWail","Acrobatics+1","Blade Dance+1","Dash","Tactician+1","Phantasmal Killer","Backstab+1","Reflex+1","Phantasmal Killer+1","Accuracy+1","Prepared+1","Terror","Blade Dance","Well Laid Plans+1","Cloak And Dagger+1"],"relics":["Ectoplasm","Dream Catcher","Vajra","Empty Cage","Pantograph","Dota2Spire:ArmletOfMordiggian","Dota2Spire:ShivaGuard","Oddly Smooth Stone","Astrolabe","Unceasing Top","Lantern","Snake Skull","StrikeDummy","HornCleat"],"acts_visited":["Exordium","TheCity","TheBeyond"],"potions_floor_usage":[44,50,54],"damage_taken":[{"damage":0.0,"enemies":"Small Slimes","floor":1.0,"turns":6.0},{"damage":0.0,"enemies":"2 Louse","floor":3.0,"turns":3.0},{"damage":2.0,"enemies":"Jaw Worm","floor":5.0,"turns":6.0},{"damage":51.0,"enemies":"Gremlin Nob","floor":7.0,"turns":5.0},{"damage":0.0,"enemies":"Exordium Wildlife","floor":8.0,"turns":2.0},{"damage":0.0,"enemies":"2 Fungi Beasts","floor":10.0,"turns":2.0},{"damage":0.0,"enemies":"Looter","floor":12.0,"turns":3.0},{"damage":5.0,"enemies":"3 Louse","floor":15.0,"turns":4.0},{"damage":28.0,"enemies":"The Guardian","floor":18.0,"turns":13.0},{"damage":8.0,"enemies":"3 Byrds","floor":20.0,"turns":5.0},{"damage":2.0,"enemies":"Chosen","floor":23.0,"turns":5.0},{"damage":16.0,"enemies":"Slavers","floor":25.0,"turns":5.0},{"damage":0.0,"enemies":"Centurion and Healer","floor":30.0,"turns":5.0},{"damage":0.0,"enemies":"3 Cultists","floor":33.0,"turns":5.0},{"damage":3.0,"enemies":"Snake Plant","floor":34.0,"turns":4.0},{"damage":39.0,"enemies":"Champ","floor":37.0,"turns":13.0},{"damage":15.0,"enemies":"Orb Walker","floor":39.0,"turns":5.0},{"damage":5.0,"enemies":"3 Darklings","floor":40.0,"turns":6.0},{"damage":7.0,"enemies":"Sphere and 2 Shapes","floor":41.0,"turns":6.0},{"damage":0.0,"enemies":"Mind Bloom Boss Battle","floor":42.0,"turns":3.0},{"damage":0,"enemies":"Nemesis","floor":44,"turns":3},{"damage":0,"enemies":"Giant Head","floor":48,"turns":3},{"damage":0,"enemies":"Reptomancer","floor":50,"turns":5},{"damage":21,"enemies":"Maw","floor":51,"turns":6},{"damage":0,"enemies":"4 Shapes","floor":52,"turns":8},{"damage":73,"enemies":"Time Eater","floor":54,"turns":10}],"seed_played":"4575733983393458083","potions_obtained":[{"floor":3.0,"key":"Explosive Potion"},{"floor":5.0,"key":"Swift Potion"},{"floor":10.0,"key":"EntropicBrew"},{"floor":18.0,"key":"EssenceOfSteel"},{"floor":25.0,"key":"CunningPotion"},{"floor":30.0,"key":"PowerPotion"},{"floor":37.0,"key":"Dexterity Potion"},{"floor":42.0,"key":"DuplicationPotion"},{"floor":44,"key":"LiquidMemories"},{"floor":52,"key":"Weak Potion"}],"is_trial":false,"path_per_floor":["M","?","M","?","M","R","E","M","T","M","?","M","R","?","M","R","R","B",null,"M","?","T","M","$","E","R","?","T","T","M","R","T","M","M","R","R","B",null,"M","M","M","?","?","E","R","$","T","E","?","E","M","M","R","B"],"character_chosen":"THE_SILENT","items_purchased":[],"campfire_rested":3,"item_purchase_floors":[],"current_hp_per_floor":[59,52,52,57,55,55,4,4,4,4,4,4,25,25,20,41,41,13,57,49,49,49,47,47,31,31,31,31,31,31,31,31,31,28,49,49,32,61,46,41,34,59,59,59,59,59,59,59,59,59,38,38,38,0,0],"gold":59,"neow_bonus":"BOSS_RELIC","is_daily":false,"chose_seed":false,"campfire_upgraded":6,"win_rate":0.0,"timestamp":1614179060,"path_taken":["M","?","M","?","M","R","E","M","T","M","?","M","R","?","M","R","R","BOSS","M","?","?","M","?","E","R","?","T","T","M","R","?","M","M","R","R","BOSS","M","M","M","?","?","E","R","$","T","E","?","E","?","M","R","BOSS"],"items_purchased_type":[],"build_version":"2020-12-22","purchased_purges":0,"victory":false,"max_hp_per_floor":[66,66,66,71,71,71,71,71,71,71,71,71,71,71,71,71,71,71,71,71,71,71,71,71,71,71,71,71,71,71,71,71,71,71,71,71,71,71,71,71,71,71,67,67,67,67,67,67,67,67,67,67,67,67,67],"card_choices":[{"not_picked":["Slice","Prepared","Catalyst"],"picked":"SKIP","floor":1.0},{"not_picked":["Sucker Punch","Flying Knee"],"picked":"Dagger Spray","floor":3.0},{"not_picked":["Escape Plan","Doppelganger"],"picked":"Endless Agony","floor":5.0},{"not_picked":["Sucker Punch","Acrobatics"],"picked":"Tactician","floor":7.0},{"not_picked":["Flying Knee","PiercingWail"],"picked":"Predator","floor":8.0},{"not_picked":["Quick Slash","All Out Attack"],"picked":"Calculated Gamble","floor":10.0},{"not_picked":["Tactician","Flechettes"],"picked":"Reflex","floor":12.0},{"not_picked":["Tactician","Flying Knee"],"picked":"Backflip","floor":15.0},{"not_picked":["Well Laid Plans","Blade Dance"],"picked":"Deadly Poison","floor":16.0},{"not_picked":["Venomology","Storm of Steel"],"picked":"Malaise","floor":18.0},{"not_picked":["Underhanded Strike+1","Deflect"],"picked":"PiercingWail","floor":20.0},{"not_picked":["Outmaneuver","Backstab"],"picked":"Acrobatics+1","floor":23.0},{"not_picked":["Outmaneuver+1","Leg Sweep"],"picked":"Blade Dance+1","floor":25.0},{"not_picked":["Cloak And Dagger","Underhanded Strike"],"picked":"Dash","floor":30.0},{"not_picked":["Dash","Storm of Steel"],"picked":"Tactician","floor":33.0},{"not_picked":["Poisoned Stab","Flying Knee","Infinite Blades"],"picked":"SKIP","floor":34.0},{"not_picked":["Glass Knife","Envenom"],"picked":"Phantasmal Killer","floor":37.0},{"not_picked":["Poisoned Stab","Deadly Poison+1"],"picked":"Accuracy","floor":39.0},{"not_picked":["Poisoned Stab","Flying Knee","Skewer"],"picked":"SKIP","floor":40.0},{"not_picked":["Flying Knee+1","Deflect"],"picked":"Prepared+1","floor":41.0},{"not_picked":["Crippling Poison","Deadly Poison"],"picked":"Terror","floor":42.0},{"not_picked":["Backflip","Grand Finale"],"picked":"Blade Dance","floor":44},{"not_picked":["Catalyst+1","Heel Hook"],"picked":"Well Laid Plans","floor":48},{"not_picked":["Infinite Blades","Deadly Poison+1","Poisoned Stab"],"picked":"SKIP","floor":50},{"not_picked":["Reflex","Poisoned Stab","Deadly Poison"],"picked":"SKIP","floor":51},{"not_picked":["Slice","Predator"],"picked":"Cloak And Dagger+1","floor":52}],"player_experience":2500507,"relics_obtained":[{"floor":7.0,"key":"Dream Catcher"},{"floor":9.0,"key":"Vajra"},{"floor":22.0,"key":"Pantograph"},{"floor":25.0,"key":"Dota2Spire:ArmletOfMordiggian"},{"floor":28.0,"key":"Dota2Spire:ShivaGuard"},{"floor":32.0,"key":"Oddly Smooth Stone"},{"floor":42.0,"key":"Unceasing Top"},{"floor":44,"key":"Lantern"},{"floor":47,"key":"Snake Skull"},{"floor":48,"key":"StrikeDummy"},{"floor":50,"key":"HornCleat"}],"event_choices":[{"cards_removed":["Strike_G"],"damage_healed":0.0,"max_hp_gain":0.0,"max_hp_loss":0.0,"gold_gain":0.0,"event_name":"Golden Wing","player_choice":"Card Removal","floor":2.0,"gold_loss":0.0,"damage_taken":7.0},{"damage_healed":0.0,"max_hp_gain":5.0,"max_hp_loss":0.0,"gold_gain":0.0,"event_name":"Big Fish","player_choice":"Donut","floor":4.0,"gold_loss":0.0,"damage_taken":0.0},{"damage_healed":0.0,"max_hp_gain":0.0,"max_hp_loss":0.0,"gold_gain":0.0,"event_name":"Shining Light","player_choice":"Ignored","floor":11.0,"gold_loss":0.0,"damage_taken":0.0},{"damage_healed":0.0,"max_hp_gain":0.0,"max_hp_loss":0.0,"gold_gain":0.0,"event_name":"Liars Game","player_choice":"Ignored","floor":14.0,"gold_loss":0.0,"damage_taken":0.0},{"damage_healed":0.0,"max_hp_gain":0.0,"max_hp_loss":0.0,"gold_gain":0.0,"event_name":"Back to Basics","player_choice":"Simplicity","floor":21.0,"gold_loss":0.0,"damage_taken":0.0,"cards_upgraded":["Strike_G","Strike_G","Defend_G","Defend_G","Defend_G","Defend_G","Defend_G"]},{"damage_healed":0.0,"max_hp_gain":0.0,"max_hp_loss":0.0,"gold_gain":0.0,"event_name":"The Mausoleum","player_choice":"Ignored","floor":27.0,"gold_loss":0.0,"damage_taken":0.0},{"damage_healed":0.0,"max_hp_gain":0.0,"max_hp_loss":0.0,"gold_gain":0.0,"event_name":"MindBloom","player_choice":"Fight","floor":42.0,"gold_loss":0.0,"damage_taken":0.0},{"damage_healed":0.0,"max_hp_gain":0.0,"max_hp_loss":4.0,"gold_gain":0.0,"event_name":"Winding Halls","player_choice":"Max HP","floor":43.0,"gold_loss":0.0,"damage_taken":0.0},{"damage_healed":0,"gold_gain":0,"player_choice":"Forge","damage_taken":0,"max_hp_gain":0,"max_hp_loss":0,"event_name":"Accursed Blacksmith","floor":49,"gold_loss":0,"cards_upgraded":["Well Laid Plans"]}],"is_beta":false,"boss_relics":[{"not_picked":["WristBlade","Tiny House"],"picked":"Empty Cage"},{"not_picked":["Snecko Eye","HoveringKite"],"picked":"Astrolabe"}],"items_purged_floors":[],"is_endless":false,"potions_floor_spawned":[3,5,10,18,25,30,37,39,42,44,48,52],"killed_by":"Time Eater","ascension_level":20}}