{"host":"ad59wuc8ynh8u2z6","time":1614208569,"event":{"mods":["AchievementEnabler","BaseMod","Colored Powertips","DeckTracker","Highlight Path","Minty Spire (QoL Compilation)","Permanent Neow"],"gold_per_floor":[112,112,128,140,17,17,46,46,46,76,133,133,160,171,171,271,271,281,308,308,308,308,335,335,335,360,377,277,291,166,193,193,296,296,315,335,28,81,91,122,138,138,138,169,186,186,220,442,442,442],"floor_reached":51,"language":"ENG","playtime":1861,"items_purged":["Strike_G","Parasite","Strike_G","Strike_G"],"score":1306,"play_id":"9a7068c3-19aa-45cb-bf62-6e1e53b403d5","local_time":"20210225001609","is_ascension_mode":true,"campfire_choices":[{"data":"Footwork","floor":6.0,"key":"SMITH"},{"data":"Corpse Explosion","floor":8.0,"key":"SMITH"},{"data":"Catalyst","floor":15.0,"key":"SMITH"},{"data":"Catalyst","floor":24.0,"key":"SMITH"},{"data":"Wraith Form v2","floor":32.0,"key":"SMITH"},{"data":"Adrenaline","floor":42.0,"key":"SMITH"},{"data":"Catalyst","floor":46.0,"key":"SMITH"},{"data":"Adrenaline","floor":49,"key":"SMITH"}],"circlet_count":0,"master_deck":["Strike_G","Strike_G","Defend_G","Defend_G","Defend_G","Defend_G","Defend_G","Survivor","Neutralize","Corpse Explosion+1","PiercingWail","Blade Dance","Footwork+1","Catalyst+1","Adrenaline+1","Noxious Fumes","Catalyst+1","Wraith Form v2+1","Venomology","Well Laid Plans+1","Adrenaline+1","Venomology","Catalyst+1"],"relics":["Ring of the Snake","Gremlin Horn","Question Card","InkBottle","Nunchaku","Juzu Bracelet","Omamori","Cursed Key","Red Mask","Enchiridion","WarpedTongs","Darkstone Periapt","The Specimen","Lantern","Snake Skull","SacredBark","Calipers","Bag of Marbles","Pen Nib","Potion Belt"],"acts_visited":["Exordium","TheCity","TheBeyond"],"potions_floor_usage":[50,50,50,50,50,50],"damage_taken":[{"damage":4.0,"enemies":"Small Slimes","floor":1.0,"turns":4.0},{"damage":0.0,"enemies":"2 Louse","floor":3.0,"turns":3.0},{"damage":2.0,"enemies":"Jaw Worm","floor":4.0,"turns":4.0},{"damage":2.0,"enemies":"Lagavulin","floor":7.0,"turns":8.0},{"damage":12.0,"enemies":"3 Sentries","floor":10.0,"turns":4.0},{"damage":4.0,"enemies":"Gremlin Nob","floor":11.0,"turns":3.0},{"damage":11.0,"enemies":"Looter","floor":14.0,"turns":3.0},{"damage":17.0,"enemies":"Slime Boss","floor":16.0,"turns":11.0},{"damage":0.0,"enemies":"Chosen","floor":18.0,"turns":3.0},{"damage":13.0,"enemies":"Masked Bandits","floor":19.0,"turns":3.0},{"damage":7.0,"enemies":"Slavers","floor":23.0,"turns":3.0},{"damage":0.0,"enemies":"Shell Parasite","floor":27.0,"turns":5.0},{"damage":1.0,"enemies":"Shelled Parasite and Fungi","floor":29.0,"turns":4.0},{"damage":12.0,"enemies":"Book of Stabbing","floor":31.0,"turns":4.0},{"damage":0.0,"enemies":"Collector","floor":33.0,"turns":4.0},{"damage":0.0,"enemies":"3 Darklings","floor":35.0,"turns":2.0},{"damage":1.0,"enemies":"Orb Walker","floor":36.0,"turns":4.0},{"damage":0.0,"enemies":"2 Orb Walkers","floor":38.0,"turns":1.0},{"damage":0.0,"enemies":"Transient","floor":39.0,"turns":5.0},{"damage":0.0,"enemies":"Reptomancer","floor":40.0,"turns":3.0},{"damage":3.0,"enemies":"4 Shapes","floor":41.0,"turns":3.0},{"damage":1.0,"enemies":"Giant Head","floor":44.0,"turns":4.0},{"damage":0.0,"enemies":"3 Darklings","floor":45.0,"turns":2.0},{"damage":1,"enemies":"Reptomancer","floor":47,"turns":4},{"damage":0,"enemies":"Awakened One","floor":50,"turns":6}],"seed_played":"-7756746901975657152","potions_obtained":[{"floor":1.0,"key":"DuplicationPotion"},{"floor":7.0,"key":"ColorlessPotion"},{"floor":11.0,"key":"EntropicBrew"},{"floor":19.0,"key":"BlessingOfTheForge"},{"floor":27.0,"key":"LiquidMemories"},{"floor":36.0,"key":"CunningPotion"},{"floor":39.0,"key":"Fire Potion"},{"floor":47,"key":"CunningPotion"}],"is_trial":false,"path_per_floor":["M","?","M","M","$","R","E","R","T","E","?","T","T","M","R","B",null,"M","?","?","?","?","E","R","T","T","M","$","M","$","E","R","B",null,"M","M","$","?","M","E","M","R","T","E","M","R","E","?","R","B",null],"character_chosen":"THE_SILENT","items_purchased":["Poison Potion","Adrenaline"],"campfire_rested":0,"item_purchase_floors":[5,37],"current_hp_per_floor":[59,52,52,50,50,50,48,48,48,36,32,32,32,21,21,4,54,54,41,25,25,48,41,41,41,47,47,47,46,46,34,34,34,63,63,62,62,62,62,62,59,59,59,58,58,58,57,57,57,57],"gold":442,"neow_bonus":"THREE_RARE_CARDS","is_daily":false,"chose_seed":false,"campfire_upgraded":8,"win_rate":0.0,"timestamp":1614208569,"path_taken":["M","?","M","M","$","R","E","R","T","E","?","?","?","M","R","BOSS","M","?","?","?","?","E","R","?","T","M","$","M","$","E","R","BOSS","M","M","$","?","M","E","M","R","T","E","M","R","E","?","R","BOSS"],"items_purchased_type":["Potion","Card"],"build_version":"2020-12-22","purchased_purges":4,"victory":true,"max_hp_per_floor":[70,70,70,70,70,70,70,70,70,70,70,70,70,70,70,70,70,70,70,70,70,70,70,70,70,76,76,73,73,73,73,73,73,73,73,73,73,73,73,73,73,73,73,73,73,73,73,73,73,73],"card_choices":[{"not_picked":["Night Terror","Die Die Die"],"picked":"Corpse Explosion","floor":0.0},{"not_picked":["Cloak And Dagger","Dodge and Roll"],"picked":"PiercingWail","floor":1.0},{"not_picked":["Flechettes","Outmaneuver"],"picked":"Blade Dance","floor":3.0},{"not_picked":["Escape Plan","Predator"],"picked":"Footwork","floor":4.0},{"not_picked":["All Out Attack","Bane","Finisher"],"picked":"SKIP","floor":7.0},{"not_picked":["Flying Knee","Concentrate","Escape Plan"],"picked":"Catalyst","floor":10.0},{"not_picked":["PiercingWail","Flechettes","Well Laid Plans","Blade Dance"],"picked":"SKIP","floor":14.0},{"not_picked":["A Thousand Cuts","Glass Knife","Wraith Form v2"],"picked":"Adrenaline","floor":16.0},{"not_picked":["Prepared+1","Flechettes","Blade Dance"],"picked":"Noxious Fumes","floor":18.0},{"not_picked":["Dodge and Roll","Backflip","Backstab"],"picked":"Catalyst","floor":19.0},{"not_picked":["PiercingWail","Riddle With Holes","Caltrops+1"],"picked":"Wraith Form v2","floor":23.0},{"not_picked":["Infinite Blades","Acrobatics","Blade Dance","Backstab"],"picked":"SKIP","floor":27.0},{"not_picked":["Deflect","Slice+1","Backstab","Outmaneuver"],"picked":"SKIP","floor":29.0},{"not_picked":["Flying Knee","Infinite Blades","Dagger Throw","Cloak And Dagger"],"picked":"SKIP","floor":31.0},{"not_picked":["Unload","Die Die Die","Phantasmal Killer"],"picked":"Venomology","floor":33.0},{"not_picked":["Acrobatics+1","Poisoned Stab","Quick Slash","Cloak And Dagger+1"],"picked":"SKIP","floor":35.0},{"not_picked":["Cloak And Dagger","PiercingWail","Riddle With Holes"],"picked":"Well Laid Plans+1","floor":36.0},{"not_picked":["Backstab+1","Sucker Punch+1","Accuracy","Crippling Poison"],"picked":"SKIP","floor":39.0},{"not_picked":["Blade Dance+1","PiercingWail+1","Quick Slash"],"picked":"Venomology","floor":40.0},{"not_picked":["Escape Plan","Flying Knee+1","Poisoned Stab","Accuracy"],"picked":"SKIP","floor":41.0},{"not_picked":["Dagger Spray","Dash","Bouncing Flask"],"picked":"Catalyst","floor":44.0},{"not_picked":["Slice+1","Prepared","Sucker Punch","Heel Hook"],"picked":"SKIP","floor":45.0},{"not_picked":["Riddle With Holes","Underhanded Strike","Cloak And Dagger","Flying Knee"],"picked":"SKIP","floor":47}],"player_experience":131111,"relics_obtained":[{"floor":7.0,"key":"Gremlin Horn"},{"floor":9.0,"key":"Question Card"},{"floor":10.0,"key":"InkBottle"},{"floor":11.0,"key":"Nunchaku"},{"floor":12.0,"key":"Juzu Bracelet"},{"floor":13.0,"key":"Omamori"},{"floor":19.0,"key":"Red Mask"},{"floor":20.0,"key":"Enchiridion"},{"floor":23.0,"key":"Darkstone Periapt"},{"floor":25.0,"key":"The Specimen"},{"floor":26.0,"key":"Lantern"},{"floor":31.0,"key":"Snake Skull"},{"floor":38.0,"key":"Calipers"},{"floor":40.0,"key":"Bag of Marbles"},{"floor":44.0,"key":"Pen Nib"},{"floor":47,"key":"Potion Belt"}],"event_choices":[{"cards_removed":["Doubt"],"damage_healed":0.0,"max_hp_gain":0.0,"max_hp_loss":0.0,"gold_gain":0.0,"event_name":"Golden Wing","player_choice":"Card Removal","floor":2.0,"gold_loss":0.0,"damage_taken":7.0},{"damage_healed":0.0,"max_hp_gain":0.0,"max_hp_loss":0.0,"gold_gain":30.0,"event_name":"Dead Adventurer","player_choice":"Searched \u00272\u0027 times","floor":11.0,"gold_loss":0.0,"damage_taken":0.0},{"damage_healed":0.0,"max_hp_gain":0.0,"max_hp_loss":0.0,"gold_gain":0.0,"event_name":"Masked Bandits","player_choice":"Fought Bandits","floor":19.0,"gold_loss":0.0,"damage_taken":0.0},{"damage_healed":0.0,"max_hp_gain":0.0,"max_hp_loss":0.0,"gold_gain":0.0,"event_name":"Cursed Tome","player_choice":"Obtained Book","floor":20.0,"gold_loss":0.0,"damage_taken":16.0},{"damage_healed":0.0,"max_hp_gain":0.0,"max_hp_loss":0.0,"gold_gain":0.0,"event_name":"Accursed Blacksmith","player_choice":"Rummage","floor":21.0,"gold_loss":0.0,"damage_taken":0.0,"relics_obtained":["WarpedTongs"],"cards_obtained":["Pain"]},{"damage_healed":23.0,"max_hp_gain":0.0,"max_hp_loss":0.0,"gold_gain":0.0,"event_name":"The Library","player_choice":"Heal","floor":22.0,"gold_loss":0.0,"damage_taken":0.0},{"damage_healed":0.0,"max_hp_gain":0.0,"max_hp_loss":0.0,"gold_gain":0.0,"event_name":"Mysterious Sphere","player_choice":"Fight","floor":38.0,"gold_loss":0.0,"damage_taken":0.0},{"damage_healed":0,"gold_gain":222,"player_choice":"Wore Mask","damage_taken":0,"max_hp_gain":0,"max_hp_loss":0,"event_name":"Tomb of Lord Red Mask","floor":48,"gold_loss":0}],"is_beta":false,"boss_relics":[{"not_picked":["Runic Dome","Pandora\u0027s Box"],"picked":"Cursed Key"},{"not_picked":["Sozu","Tiny House"],"picked":"SacredBark"}],"items_purged_floors":[5,28,30,37],"is_endless":false,"potions_floor_spawned":[1,7,11,19,27,36,39,44,45,47],"ascension_level":8}}