{"host":"h3yie3u3olngyjol","time":1614171178,"event":{"mods":["BaseMod","Colored Powertips","Downfall","Highlight Path","Infinite Spire","Lobotomy","LobotomyExtend","Marked Mod","Minty Spire (QoL Compilation)","Prisma Mod","Replay The Spire","RumiaBox-露米娅的神秘盒子","Shop Mod","StSLib","The Hierophant","The Runesmith"],"gold_per_floor":[112,122,47,47,67,67,96,107,107,118,134,134,134,150,150,249,249,259,278,15,28,28,28,28,28],"floor_reached":24,"language":"ZHS","playtime":1005,"items_purged":["Regret","Decay"],"score":290,"play_id":"22d41413-5e0f-423a-b38f-6fbf55173b92","local_time":"20210224205258","is_ascension_mode":true,"campfire_choices":[{"data":"Blade Dance","floor":6,"key":"SMITH"},{"floor":12,"key":"REST"},{"floor":23,"key":"REST"}],"circlet_count":0,"master_deck":["Strike_G","Strike_G","Strike_G","Strike_G","Strike_G","Defend_G","Defend_G","Defend_G","Defend_G","Defend_G","Survivor","Neutralize","Cloak And Dagger+1","Deadly Poison+1","Blade Dance+1","Infinite Blades+1","Hidden Blade","Finisher","Glass Knife","Infinite Blades+1","Secret Weapon","Footwork","Prepared+1"],"relics":["Ring of the Snake","White Beast Statue","LetterFromLob","Divine Protection","infinitespire:FocusingShard","AddBug","infinitespire:FocusingShard","BargainBundle","Heaven_r"],"acts_visited":["Exordium","TheCity"],"potions_floor_usage":[7,7,14,16,16,16,18,21,21,21,22],"damage_taken":[{"damage":5,"enemies":"Cultist","floor":1,"turns":4},{"damage":8,"enemies":"Small Slimes","floor":2,"turns":4},{"damage":0,"enemies":"2 Louse","floor":5,"turns":3},{"damage":11,"enemies":"3 Sentries","floor":7,"turns":8},{"damage":2,"enemies":"Red Slaver","floor":8,"turns":4},{"damage":22,"enemies":"Lots of Slimes","floor":10,"turns":4},{"damage":0,"enemies":"2 Fungi Beasts","floor":11,"turns":2},{"damage":0,"enemies":"3 Louse","floor":14,"turns":4},{"damage":28,"enemies":"The Guardian","floor":16,"turns":9},{"damage":0,"enemies":"Spheric Guardian","floor":18,"turns":2},{"damage":0,"enemies":"3 Byrds","floor":19,"turns":5},{"damage":11,"enemies":"Snake Plant","floor":21,"turns":4},{"damage":43,"enemies":"Chosen and Byrds","floor":22,"turns":4},{"damage":27,"enemies":"Book of Stabbing","floor":24,"turns":4}],"seed_played":"-7650262652557763127","potions_obtained":[{"floor":1,"key":"FairyPotion"},{"floor":2,"key":"DistilledChaos"},{"floor":5,"key":"EssenceOfSteel"},{"floor":7,"key":"SteroidPotion"},{"floor":8,"key":"BlessingOfTheForge"},{"floor":10,"key":"Guardian:BlockOnCardUsePotion"},{"floor":11,"key":"Poison Potion"},{"floor":14,"key":"champ:CounterPotion"},{"floor":16,"key":"AttackPotion"},{"floor":18,"key":"Block Potion"},{"floor":19,"key":"SteroidPotion"},{"floor":21,"key":"SpeedPotion"}],"is_trial":false,"path_per_floor":["M","M","$","?","M","R","E","M","T","M","M","R","?","M","R","B",null,"M","M","$","M","M","R","E"],"character_chosen":"THE_SILENT","items_purchased":["BargainBundle","Secret Weapon","Footwork","CunningPotion","Explosive Potion"],"campfire_rested":2,"item_purchase_floors":[20,20,20,20,20],"current_hp_per_floor":[58,50,50,50,50,50,39,37,37,15,15,36,36,36,57,29,60,60,60,60,49,6,27,0,0],"gold":28,"neow_bonus":"RANDOM_EVENT","is_daily":false,"chose_seed":false,"campfire_upgraded":1,"win_rate":0.0,"timestamp":1614171178,"path_taken":["M","?","$","?","?","R","E","M","T","M","M","R","?","?","R","BOSS","M","M","$","M","?","R","E"],"items_purchased_type":["Relic","Card","Card","Potion","Potion"],"build_version":"2020-12-22","purchased_purges":2,"victory":false,"max_hp_per_floor":[70,70,70,70,70,70,70,70,70,70,70,70,70,70,70,70,70,70,70,70,70,70,70,70,70],"card_choices":[{"not_picked":["Underhanded Strike","Outmaneuver"],"picked":"Cloak And Dagger","floor":1},{"not_picked":["Backstab","Expertise"],"picked":"Deadly Poison","floor":2},{"not_picked":["Dagger Throw","Footwork"],"picked":"Blade Dance","floor":5},{"not_picked":["Skewer","infinitespire:Neurotoxin"],"picked":"Infinite Blades","floor":7},{"not_picked":["Distraction","Backflip"],"picked":"Hidden Blade","floor":8},{"not_picked":["Acrobatics","Caltrops"],"picked":"Finisher","floor":10},{"not_picked":["Underhanded Strike","Leg Sweep","Bullet Time"],"picked":"SKIP","floor":11},{"not_picked":["Choke","Finisher","ReplayTheSpireMod:Exploit Weakness"],"picked":"SKIP","floor":14},{"not_picked":["Corpse Explosion","Tools of the Trade"],"picked":"Glass Knife","floor":16},{"not_picked":["Acrobatics","Underhanded Strike+1"],"picked":"Infinite Blades+1","floor":18},{"not_picked":["PiercingWail","Poisoned Stab","Burst"],"picked":"SKIP","floor":19},{"not_picked":["Concentrate","Dagger Throw"],"picked":"Prepared+1","floor":21}],"player_experience":471668,"relics_obtained":[{"floor":1,"key":"LetterFromLob"},{"floor":7,"key":"Divine Protection"},{"floor":9,"key":"infinitespire:FocusingShard"},{"floor":18,"key":"infinitespire:FocusingShard"}],"event_choices":[{"damage_healed":0,"gold_gain":0,"player_choice":"Box","damage_taken":0,"relics_obtained":["White Beast Statue"],"max_hp_gain":0,"max_hp_loss":0,"event_name":"Big Fish","floor":0,"gold_loss":0,"cards_obtained":["Regret"]},{"damage_healed":0,"gold_gain":0,"player_choice":"Upgraded","damage_taken":0,"max_hp_gain":0,"max_hp_loss":0,"event_name":"Upgrade Shrine","floor":4,"gold_loss":0,"cards_upgraded":["Deadly Poison"]},{"damage_healed":0,"gold_gain":0,"player_choice":"Cursed","damage_taken":0,"max_hp_gain":0,"max_hp_loss":0,"event_name":"Wheel of Change","floor":13,"gold_loss":0,"cards_obtained":["Decay"]}],"is_beta":false,"boss_relics":[{"not_picked":["Runic Pyramid","Fusion Hammer"],"picked":"AddBug"}],"items_purged_floors":[3,20],"is_endless":false,"potions_floor_spawned":[1,2,5,7,8,10,11,14,16,18,19,21,22],"killed_by":"Book of Stabbing","ascension_level":9}}