{"host":"sum4dy402bbv9y4o","time":1614203308,"event":{"mods":["Aspiration","BaseMod","Conspire","Highlight Path","Minty Spire (QoL Compilation)","StSLib"],"gold_per_floor":[366,384,384,1,1,1,28,28,76,76,108,125,155,26,26,100,100,112,7,7,7,7,36,36,53,53,79,97,97,122,132,132,204,204,220,170,36,53,63,91,91,105,132,152,152,152],"floor_reached":45,"language":"ENG","playtime":1255,"items_purged":["Decay","Injury"],"score":1163,"play_id":"97196dd7-9e47-4bb1-b4d5-0e76ebbe528f","local_time":"20210225004828","is_ascension_mode":true,"campfire_choices":[{"data":"Eruption","floor":6,"key":"SMITH"},{"data":"TalkToTheHand","floor":8,"key":"SMITH"},{"data":"Vigilance","floor":10,"key":"SMITH"},{"data":"Consecrate","floor":15,"key":"SMITH"},{"data":"Nirvana","floor":24,"key":"SMITH"},{"floor":29,"key":"REST"},{"floor":32,"key":"REST"}],"circlet_count":0,"master_deck":["AscendersBane","Strike_P+1","Strike_P+1","Strike_P+1","Strike_P+1","Defend_P+1","Defend_P+1","Defend_P+1","Defend_P+1","Eruption+1","Vigilance+1","TalkToTheHand+1","Consecrate+1","ReachHeaven+1","BowlingBash+1","LessonLearned+1","Halt+1","CutThroughFate+1","TalkToTheHand+1","FlurryOfBlows+1","Brilliance+1","Nirvana+1","Dramatic Entrance+1","FlurryOfBlows+1","SashWhip+1","JustLucky+1","Wallop+1","Tantrum+1","Brilliance+1","CurseOfTheBell","Ragnarok+1","EmptyBody+1","Protect","Vengeance","Adaptation"],"relics":["HolyWater","Molten Egg 2","aspiration:Nostalgia","Burning Blood","Bag of Marbles","Ancient Tea Set","Damaru","Smiling Mask","War Paint","aspiration:RitualStick","aspiration:StickyExplosives","Lantern","Sundial","Whetstone","Calling Bell","Bronze Scales","aspiration:SeaSaltIceCream","Burning Blood","conspire:GiftBox","Juzu Bracelet","aspiration:ChemicalBlood"],"acts_visited":["Exordium","TheCity","TheBeyond"],"potions_floor_usage":[13,27,30,33,44,45,45,45],"damage_taken":[{"damage":0,"enemies":"Cultist","floor":1,"turns":3},{"damage":11,"enemies":"Small Slimes","floor":2,"turns":7},{"damage":26,"enemies":"Lagavulin","floor":7,"turns":4},{"damage":0,"enemies":"3 Sentries","floor":11,"turns":3},{"damage":0,"enemies":"2 Louse","floor":12,"turns":2},{"damage":8,"enemies":"Lagavulin","floor":13,"turns":3},{"damage":10,"enemies":"The Guardian","floor":16,"turns":8},{"damage":0,"enemies":"3 Byrds","floor":18,"turns":4},{"damage":17,"enemies":"Slavers","floor":23,"turns":4},{"damage":0,"enemies":"2 Thieves","floor":25,"turns":1},{"damage":17,"enemies":"Book of Stabbing","floor":27,"turns":3},{"damage":0,"enemies":"Centurion and Healer","floor":28,"turns":1},{"damage":24,"enemies":"Slavers","floor":30,"turns":4},{"damage":24,"enemies":"Sentry and Sphere","floor":31,"turns":4},{"damage":12,"enemies":"Champ","floor":33,"turns":6},{"damage":6,"enemies":"3 Darklings","floor":35,"turns":4},{"damage":0,"enemies":"3 Shapes","floor":38,"turns":1},{"damage":8,"enemies":"Spire Growth","floor":39,"turns":4},{"damage":0,"enemies":"Nemesis","floor":40,"turns":3},{"damage":15,"enemies":"4 Shapes","floor":42,"turns":3},{"damage":0,"enemies":"Sphere and 2 Shapes","floor":44,"turns":2},{"damage":75,"enemies":"Reptomancer","floor":45,"turns":4}],"seed_played":"112818671258209674","potions_obtained":[{"floor":7,"key":"Ancient Potion"},{"floor":12,"key":"LiquidMemories"},{"floor":23,"key":"BlessingOfTheForge"},{"floor":25,"key":"PowerPotion"},{"floor":28,"key":"SkillPotion"},{"floor":31,"key":"SkillPotion"},{"floor":40,"key":"DuplicationPotion"},{"floor":45,"key":"BlessingOfTheForge"}],"is_trial":false,"path_per_floor":["M","M","?","$","?","R","E","R","T","R","E","M","E","$","R","B",null,"M","$","?","?","$","E","R","M","T","E","M","R","E","M","R","B",null,"M","?","$","M","M","E","?","M","T","M","E"],"character_chosen":"WATCHER","items_purchased":["aspiration:Nostalgia","ReachHeaven+1","TalkToTheHand+1","FlurryOfBlows+1","Dramatic Entrance+1","Ancient Potion"],"campfire_rested":2,"item_purchase_floors":[4,4,14,14,19,37],"current_hp_per_floor":[61,50,50,50,45,45,25,25,25,25,31,37,35,35,35,31,59,65,65,48,48,48,37,37,43,43,32,38,58,40,22,42,36,60,66,66,66,68,68,68,68,65,65,68,0,0],"gold":152,"neow_bonus":"TWO_FIFTY_GOLD","is_daily":false,"chose_seed":false,"campfire_upgraded":5,"win_rate":0.0,"timestamp":1614203308,"path_taken":["M","?","?","$","?","R","E","R","T","R","E","M","E","$","R","BOSS","M","$","?","?","?","E","R","?","T","E","M","R","E","M","R","BOSS","M","?","$","?","M","E","?","M","T","M","E"],"items_purchased_type":["Relic","Card","Card","Card","Card","Potion"],"build_version":"2020-12-22","purchased_purges":2,"victory":false,"max_hp_per_floor":[68,68,68,68,68,68,68,68,68,68,68,68,68,68,68,68,68,68,68,68,68,68,68,68,68,68,68,68,68,68,68,68,68,68,68,68,68,68,68,68,68,68,68,68,68,68],"card_choices":[{"not_picked":["BowlingBash","Halt"],"picked":"TalkToTheHand","floor":1},{"not_picked":["CarveReality","Meditate"],"picked":"Consecrate","floor":2},{"not_picked":["Fasting2","ForeignInfluence"],"picked":"BowlingBash+1","floor":7},{"not_picked":["DeceiveReality","Sanctity"],"picked":"LessonLearned+1","floor":11},{"not_picked":["ReachHeaven+1","Protect"],"picked":"Halt","floor":12},{"not_picked":["InnerPeace","JustLucky+1"],"picked":"CutThroughFate+1","floor":13},{"not_picked":["LessonLearned+1","Vault"],"picked":"Brilliance+1","floor":16},{"not_picked":["WheelKick+1","Consecrate+1"],"picked":"Nirvana","floor":18},{"not_picked":["Meditate","FollowUp+1"],"picked":"FlurryOfBlows+1","floor":23},{"not_picked":["BowlingBash+1","ForeignInfluence"],"picked":"SashWhip+1","floor":25},{"not_picked":["Collect","Swivel","ReachHeaven+1"],"picked":"SKIP","floor":27},{"not_picked":["Consecrate+1","BattleHymn"],"picked":"JustLucky+1","floor":28},{"not_picked":["BowlingBash+1","ThirdEye"],"picked":"Wallop+1","floor":30},{"not_picked":["Nirvana","ConjureBlade"],"picked":"Tantrum+1","floor":31},{"not_picked":["Establishment","Ragnarok+1"],"picked":"Brilliance+1","floor":33},{"not_picked":["MasterReality","SpiritShield"],"picked":"Ragnarok+1","floor":34},{"not_picked":["BowlingBash+1","EmptyFist+1","SignatureMove+1"],"picked":"SKIP","floor":35},{"not_picked":["InnerPeace","MasterReality"],"picked":"EmptyBody+1","floor":38},{"not_picked":["Consecrate+1","FlurryOfBlows+1"],"picked":"Protect","floor":39},{"not_picked":["FlurryOfBlows+1","DeusExMachina"],"picked":"Vengeance","floor":40},{"not_picked":["FlurryOfBlows+1","ThirdEye","BowlingBash+1"],"picked":"SKIP","floor":42},{"not_picked":["Swivel+1","Meditate+1"],"picked":"Adaptation","floor":44}],"player_experience":3142624,"relics_obtained":[{"floor":7,"key":"Ancient Tea Set"},{"floor":9,"key":"Damaru"},{"floor":11,"key":"Smiling Mask"},{"floor":13,"key":"War Paint"},{"floor":23,"key":"aspiration:StickyExplosives"},{"floor":26,"key":"Lantern"},{"floor":27,"key":"Sundial"},{"floor":30,"key":"Whetstone"},{"floor":34,"key":"Bronze Scales"},{"floor":34,"key":"aspiration:SeaSaltIceCream"},{"floor":34,"key":"conspire:GiftBox"},{"floor":40,"key":"Juzu Bracelet"},{"floor":43,"key":"aspiration:ChemicalBlood"}],"event_choices":[{"damage_healed":0,"gold_gain":0,"player_choice":"Success","damage_taken":5,"relics_obtained":["Bag of Marbles"],"max_hp_gain":0,"max_hp_loss":0,"event_name":"Scrap Ooze","floor":5,"gold_loss":0},{"damage_healed":0,"gold_gain":0,"player_choice":"Tried to Upgrade","damage_taken":0,"max_hp_gain":0,"max_hp_loss":0,"event_name":"Designer","floor":36,"gold_loss":50,"cards_upgraded":["Defend_P"]},{"damage_healed":0,"gold_gain":0,"player_choice":"Memory 1","damage_taken":0,"max_hp_gain":0,"max_hp_loss":0,"event_name":"SensoryStone","floor":41,"gold_loss":0}],"is_beta":false,"boss_relics":[{"not_picked":["aspiration:FutureDiary","Philosopher\u0027s Stone"],"picked":"HolyWater"},{"not_picked":["aspiration:RunicSpoon","Busted Crown"],"picked":"Calling Bell"}],"items_purged_floors":[4,37],"is_endless":false,"potions_floor_spawned":[7,12,23,25,28,31,39,40,42],"killed_by":"Reptomancer","ascension_level":20}}