{"host":"id23shmscryl4psl","time":1614164650,"event":{"mods":["BaseMod","Better Altar","Better Match","Better Note","Better Sensory Stone","Better Skull","Better Third Choice","Colored Map","Colored Powertips","Dark Map","Downfall","FTL Soundtrack","Minty Spire (QoL Compilation)","Rare Cards Sparkle","Relic Stats","Robot Space Explorer","StSLib"],"gold_per_floor":[0,16,29,49,68,68,68,68,168,178,212,212,225,239,249,349,349,349,359,370,380,397,411,411,411,411,463,531,531,589,642,701,837,837,837,891,943,1000,399,399,451,509,566,566,48,100,100,157,213,253],"floor_reached":51,"language":"ENG","playtime":3903,"items_purged":["Parasite"],"score":735,"play_id":"9a8f45d9-0329-4b47-b2c2-cc620124ce97","local_time":"20210224040410","is_ascension_mode":false,"campfire_choices":[{"data":"Slimebound:Split","floor":1,"key":"SMITH"},{"data":"Slimebound:Schlurp","floor":6,"key":"SMITH"},{"data":"Slimebound:SplitAcid","floor":8,"key":"SMITH"},{"data":"Slimebound:CorrosiveSpit","floor":12,"key":"SMITH"},{"data":"Slimebound:Grow","floor":18,"key":"SMITH"},{"data":"Slimebound:MegaLick","floor":25,"key":"SMITH"},{"data":"Slimebound:FirmFortitude","floor":29,"key":"SMITH"},{"data":"Slimebound:OneTwoCombo","floor":35,"key":"SMITH"},{"data":"expansioncontent:InvincibleStrength","floor":40,"key":"SMITH"},{"data":"Slimebound:Gluttony","floor":44,"key":"SMITH"},{"data":"Slimebound:MassRepurpose","floor":47,"key":"SMITH"}],"circlet_count":0,"master_deck":["Slimebound:Strike_Slimebound","Slimebound:Strike_Slimebound","Slimebound:Strike_Slimebound","Slimebound:Tackle","Slimebound:Defend_Slimebound","Slimebound:Defend_Slimebound+1","Slimebound:Defend_Slimebound","Slimebound:Defend_Slimebound+1","Slimebound:Split+1","Slimebound:CorrosiveSpit+1","Slimebound:SlimeSpikes","Slimebound:ServeAndProtect","Slimebound:SplitAcid+1","Slimebound:Schlurp+1","Slimebound:DisruptingSlam","Slimebound:DisruptingSlam","Slimebound:Gluttony+1","Slimebound:Grow+1","Slimebound:Schlurp","Slimebound:FirmFortitude+1","Slimebound:MegaLick+1","Slimebound:SplitAcid","Slimebound:SlimeSpikes","Slimebound:FinishingTackle+1","Slimebound:FormOfPuddle+1","Slimebound:SplitLeeching+1","Slimebound:Schlurp","Slimebound:LivingWall","Slimebound:ItLooksTasty","Slimebound:SplitLeeching","Slimebound:OneTwoCombo+1","Slimebound:FormOfPuddle+1","Slimebound:SplitBruiser+1","Slimebound:GoopSpray","Slimebound:SlimeTap","expansioncontent:InvincibleStrength+1","Slimebound:SamplingLick+1","Slimebound:FormOfPuddle+1","Slimebound:Schlurp","Slimebound:OozeBath","Slimebound:SpikyOuterGoop+1","Slimebound:Schlurp+1","Slimebound:SplitMire","Slimebound:MassRepurpose+1","Slimebound:Repurpose","expansioncontent:DashGenerateEvil","Parasite","Slimebound:LeadByExample+1","Slimebound:SamplingLick+1","Slimebound:SlimeSpikes"],"relics":["Slimebound:AbsorbEndCombatUpgraded","Kunai","downfall:GremlinWheel","Gremlin Horn","Blood Vial","downfall:KnowingSkull","Oddly Smooth Stone","SlaversCollar","Anchor","HornCleat","War Paint","Orrery","Strange Spoon"],"acts_visited":["Exordium","TheCity","TheBeyond"],"potions_floor_usage":[9,16,16,19,27,27,33,33,38,39,39,39,39,42,45,50],"damage_taken":[{"damage":4,"enemies":"2 Louse","floor":2,"turns":2},{"damage":3,"enemies":"Cultist","floor":3,"turns":3},{"damage":2,"enemies":"Jaw Worm","floor":4,"turns":4},{"damage":2,"enemies":"Large Slime","floor":5,"turns":5},{"damage":39,"enemies":"Large Slime","floor":9,"turns":6},{"damage":10,"enemies":"Blue Slaver","floor":10,"turns":4},{"damage":16,"enemies":"Lagavulin","floor":11,"turns":6},{"damage":9,"enemies":"Exordium Thugs","floor":13,"turns":4},{"damage":17,"enemies":"Gremlin Gang","floor":14,"turns":2},{"damage":1,"enemies":"2 Fungi Beasts","floor":15,"turns":3},{"damage":11,"enemies":"WA_ARCHETYPE_RETAIN","floor":16,"turns":7},{"damage":14,"enemies":"downfall:LooterAlt2","floor":19,"turns":6},{"damage":6,"enemies":"3 Byrds","floor":20,"turns":3},{"damage":30,"enemies":"Sentry and Sphere","floor":21,"turns":10},{"damage":14,"enemies":"3 Cultists","floor":22,"turns":4},{"damage":11,"enemies":"Centurion and Healer","floor":23,"turns":8},{"damage":25,"enemies":"Chosen and Byrds","floor":27,"turns":7},{"damage":20,"enemies":"Gremlin Leader","floor":28,"turns":7},{"damage":16,"enemies":"Sentry and Sphere","floor":30,"turns":7},{"damage":17,"enemies":"Centurion and Healer","floor":31,"turns":7},{"damage":3,"enemies":"3 Cultists","floor":32,"turns":4},{"damage":65,"enemies":"DF_ARCHETYPE_CLAW","floor":33,"turns":10},{"damage":14,"enemies":"Orb Walker","floor":36,"turns":4},{"damage":13,"enemies":"3 Shapes","floor":37,"turns":5},{"damage":31,"enemies":"Writhing Mass","floor":38,"turns":6},{"damage":5,"enemies":"downfall:FleeingMerchant","floor":39,"turns":4},{"damage":13,"enemies":"Transient","floor":42,"turns":5},{"damage":23,"enemies":"3 Darklings","floor":43,"turns":5},{"damage":21,"enemies":"downfall:FleeingMerchant","floor":45,"turns":4},{"damage":21,"enemies":"Writhing Mass","floor":46,"turns":6},{"damage":14,"enemies":"Jaw Worm Horde","floor":48,"turns":6},{"damage":3,"enemies":"Sphere and 2 Shapes","floor":49,"turns":6},{"damage":38,"enemies":"SI_POISON_ARCHETYPE","floor":50,"turns":11}],"seed_played":"9041911981491787820","potions_obtained":[{"floor":5,"key":"Weak Potion"},{"floor":9,"key":"ColorlessPotion"},{"floor":11,"key":"hexamod:SoulburnPotion"},{"floor":16,"key":"SkillPotion"},{"floor":21,"key":"Swift Potion"},{"floor":23,"key":"Regen Potion"},{"floor":28,"key":"hexamod:SoulburnPotion"},{"floor":30,"key":"Block Potion"},{"floor":33,"key":"champ:CounterPotion"},{"floor":38,"key":"EntropicBrew"},{"floor":43,"key":"PowerPotion"},{"floor":46,"key":"SteroidPotion"},{"floor":48,"key":"champ:CounterPotion"}],"is_trial":false,"path_per_floor":["R","M","M","M","M","R","T","R","?","M","E","R","M","M","M","B",null,"R","M","M","M","M","M","T","R","?","M","E","R","M","M","M","B",null,"R","M","M","M","$","R","T","M","M","R","$","M","R","M","M","B",null],"character_chosen":"SLIMEBOUND","items_purchased":["Anchor","HornCleat","expansioncontent:InvincibleStrength","Orrery","Slimebound:Repurpose","expansioncontent:DashGenerateEvil","Strange Spoon"],"campfire_rested":0,"item_purchase_floors":[39,39,39,45,45,45,45],"current_hp_per_floor":[77,73,74,76,77,77,77,77,40,36,28,28,27,14,17,14,77,77,69,77,59,60,64,64,64,58,63,60,60,61,61,72,18,77,77,72,67,53,62,62,62,63,57,57,65,58,58,61,72,49],"gold":253,"neow_bonus":"TWENTY_PERCENT_HP_BONUS","is_daily":false,"chose_seed":false,"campfire_upgraded":11,"win_rate":0.0,"timestamp":1614164650,"path_taken":["R","M","M","M","M","R","T","R","?","M","E","R","?","M","M","BOSS","R","M","M","M","M","M","T","R","?","M","E","R","M","M","M","BOSS","R","M","M","M","$","R","T","M","M","R","$","M","R","M","M","BOSS"],"items_purchased_type":["Relic","Relic","Card","Relic","Card","Card","Relic"],"build_version":"2020-12-22","purchased_purges":1,"victory":true,"max_hp_per_floor":[77,77,77,77,77,77,77,77,77,77,77,77,77,77,77,77,77,77,77,77,77,77,77,77,77,77,77,77,77,77,77,77,77,77,77,77,77,77,74,74,74,74,74,74,74,74,74,74,74,74],"relic_stats":{"Blood Vial":32,"Strange Spoon":[41],"Gremlin Horn":[30,30],"counters":[33,178],"Kunai":[9],"War Paint":["Slimebound:Defend_Slimebound","Slimebound:Defend_Slimebound"],"obtain_stats":[{"Gremlin Horn":11,"Oddly Smooth Stone":28,"War Paint":41,"Blood Vial":24,"SlaversCollar":34,"Strange Spoon":45,"Anchor":39,"downfall:GremlinWheel":9,"HornCleat":39,"Orrery":45,"downfall:KnowingSkull":26,"Slimebound:AbsorbEndCombat":0,"Kunai":7,"Slimebound:AbsorbEndCombatUpgraded":17},{"Gremlin Horn":7,"Oddly Smooth Stone":18,"War Paint":26,"Blood Vial":16,"SlaversCollar":22,"Strange Spoon":29,"Anchor":26,"downfall:GremlinWheel":5,"HornCleat":26,"Orrery":29,"downfall:KnowingSkull":16,"Slimebound:AbsorbEndCombat":0,"Kunai":4,"Slimebound:AbsorbEndCombatUpgraded":11},{"Gremlin Horn":30,"Oddly Smooth Stone":90,"War Paint":136,"Blood Vial":76,"SlaversCollar":118,"Strange Spoon":150,"Anchor":136,"downfall:GremlinWheel":20,"HornCleat":136,"Orrery":150,"downfall:KnowingSkull":76,"Slimebound:AbsorbEndCombat":0,"Kunai":14,"Slimebound:AbsorbEndCombatUpgraded":46}]},"card_choices":[{"not_picked":["Slimebound:Prepare","Slimebound:GoopSpray"],"picked":"Slimebound:SlimeSpikes","floor":2},{"not_picked":["Slimebound:FinishingTackle","Slimebound:SplitBruiser"],"picked":"Slimebound:ServeAndProtect","floor":3},{"not_picked":["Slimebound:ItLooksTasty","Slimebound:SplitMire"],"picked":"Slimebound:SplitAcid","floor":4},{"not_picked":["Slimebound:ViciousTackle","Slimebound:Nibble"],"picked":"Slimebound:Schlurp","floor":5},{"not_picked":["Slimebound:Prepare","Slimebound:GoopTackle"],"picked":"Slimebound:DisruptingSlam","floor":10},{"not_picked":["Slimebound:FlameTackle","Slimebound:FinishingTackle"],"picked":"Slimebound:DisruptingSlam","floor":11},{"not_picked":["Slimebound:GoopTackle","Slimebound:Replication"],"picked":"Slimebound:Gluttony","floor":13},{"not_picked":["Slimebound:Prepare","Slimebound:WasteNot"],"picked":"Slimebound:Grow","floor":14},{"not_picked":["Slimebound:TongueLash","Slimebound:Prepare"],"picked":"Slimebound:Schlurp","floor":15},{"not_picked":["Slimebound:SlimeSlap","Slimebound:DuplicatedForm"],"picked":"Slimebound:FirmFortitude","floor":16},{"not_picked":["Slimebound:LeechEnergy","Slimebound:HauntingLick"],"picked":"Slimebound:MegaLick","floor":19},{"not_picked":["Slimebound:Equalize","Slimebound:Chomp"],"picked":"Slimebound:SplitAcid","floor":20},{"not_picked":["Slimebound:ItLooksTasty","Slimebound:LeechingTouch"],"picked":"Slimebound:SlimeSpikes","floor":21},{"not_picked":["Slimebound:FormOfPuddle+1","Slimebound:SplitAcid"],"picked":"Slimebound:FinishingTackle+1","floor":22},{"not_picked":["Slimebound:FlameTackle","Slimebound:Nibble"],"picked":"Slimebound:FormOfPuddle+1","floor":23},{"not_picked":["Slimebound:ComboTackle","Slimebound:Equalize"],"picked":"Slimebound:SplitLeeching+1","floor":27},{"not_picked":["Slimebound:GoopTackle+1","Slimebound:FormOfPuddle"],"picked":"Slimebound:Schlurp","floor":28},{"not_picked":["Slimebound:Chomp","Slimebound:MinionMaster"],"picked":"Slimebound:LivingWall","floor":30},{"not_picked":["Slimebound:FlameTackle","Slimebound:RollThrough"],"picked":"Slimebound:ItLooksTasty","floor":31},{"not_picked":["Slimebound:ItLooksTasty","Slimebound:RollThrough+1"],"picked":"Slimebound:SplitLeeching","floor":32},{"not_picked":["Slimebound:WasteNot","Slimebound:RallyTheTroops"],"picked":"Slimebound:OneTwoCombo","floor":33},{"not_picked":["Slimebound:ViciousTackle+1","Slimebound:ForwardTackle"],"picked":"Slimebound:FormOfPuddle+1","floor":36},{"not_picked":["Slimebound:SlimeSpikes","Slimebound:Schlurp+1"],"picked":"Slimebound:SplitBruiser+1","floor":37},{"not_picked":["Slimebound:ForwardTackle","Slimebound:SamplingLick"],"picked":"Slimebound:GoopSpray","floor":38},{"not_picked":["Slimebound:ServeAndProtect+1","Slimebound:GoopTackle+1"],"picked":"Slimebound:SlimeTap","floor":39},{"not_picked":["Slimebound:GoopTackle+1","Slimebound:Dissolve+1"],"picked":"Slimebound:SamplingLick+1","floor":42},{"not_picked":["Slimebound:Equalize","Slimebound:LivingWall"],"picked":"Slimebound:FormOfPuddle+1","floor":43},{"not_picked":["Slimebound:Nibble","Slimebound:LivingWall"],"picked":"Slimebound:Schlurp","floor":45},{"not_picked":["Slimebound:RejuvenatingLick+1","Slimebound:FinishingTackle"],"picked":"Slimebound:OozeBath","floor":45},{"not_picked":["Slimebound:ProtectTheBoss","Slimebound:GrowthPunch"],"picked":"Slimebound:SpikyOuterGoop+1","floor":45},{"not_picked":["Slimebound:SlimeSpikes","Slimebound:FinishingTackle"],"picked":"Slimebound:Schlurp+1","floor":45},{"not_picked":["Slimebound:PressTheAttack","Slimebound:Dissolve"],"picked":"Slimebound:SplitMire","floor":45},{"not_picked":["Slimebound:Repurpose+1","Slimebound:HauntingLick"],"picked":"Slimebound:MassRepurpose","floor":45},{"not_picked":["Slimebound:SlimeSpikes+1","Slimebound:Schlurp"],"picked":"Slimebound:LeadByExample+1","floor":46},{"not_picked":["Slimebound:ComboTackle+1","Slimebound:Schlurp"],"picked":"Slimebound:SamplingLick+1","floor":48},{"not_picked":["Slimebound:ComboTackle","Slimebound:ForwardTackle+1"],"picked":"Slimebound:SlimeSpikes","floor":49}],"player_experience":87490,"relics_obtained":[{"floor":7,"key":"Kunai"},{"floor":9,"key":"downfall:GremlinWheel"},{"floor":11,"key":"Gremlin Horn"},{"floor":24,"key":"Blood Vial"},{"floor":28,"key":"Oddly Smooth Stone"},{"floor":41,"key":"War Paint"}],"event_choices":[],"is_beta":false,"boss_relics":[{"not_picked":["Astrolabe","Empty Cage"],"picked":"Slimebound:AbsorbEndCombatUpgraded"},{"not_picked":["Busted Crown","Cursed Key"],"picked":"SlaversCollar"}],"items_purged_floors":[39],"is_endless":false,"potions_floor_spawned":[5,9,11,16,21,23,28,30,33,38,43,46,48],"ascension_level":0}}