{"host":"hszimsrtxxc2k25w","time":1614201437,"event":{"mods":["AchievementEnabler","BaseMod","Colored Map","DeckTracker","Minty Spire (QoL Compilation)","Rare Cards Sparkle","SuperFastMode"],"gold_per_floor":[113,113,133,133,151,151,167,167,167,13,28,41,53,66,66,66,66],"floor_reached":16,"language":"KOR","playtime":356,"items_purged":["Strike_R"],"score":192,"play_id":"d64d7b80-9d24-4d85-94b8-9e3a614935aa","local_time":"20210225061717","is_ascension_mode":true,"campfire_choices":[{"data":"Bash","floor":6,"key":"SMITH"},{"floor":8,"key":"REST"},{"data":"Evolve","floor":15,"key":"SMITH"}],"circlet_count":0,"master_deck":["AscendersBane","Strike_R","Strike_R","Strike_R","Strike_R+1","Defend_R","Defend_R","Defend_R","Defend_R","Bash+1","Fiend Fire+1","Shrug It Off","Pommel Strike+1","Battle Trance","Power Through","Evolve+1"],"relics":["Burning Blood","Mummified Hand"],"acts_visited":["Exordium"],"potions_floor_usage":[],"damage_taken":[{"damage":12,"enemies":"Jaw Worm","floor":1,"turns":2},{"damage":0,"enemies":"Cultist","floor":3,"turns":3},{"damage":3,"enemies":"2 Louse","floor":5,"turns":3},{"damage":16,"enemies":"Large Slime","floor":7,"turns":4},{"damage":9,"enemies":"Looter","floor":11,"turns":3},{"damage":15,"enemies":"3 Louse","floor":12,"turns":3},{"damage":0,"enemies":"Large Slime","floor":13,"turns":3},{"damage":0,"enemies":"Looter","floor":14,"turns":1},{"damage":61,"enemies":"Hexaghost","floor":16,"turns":9}],"seed_played":"8691310409619464839","potions_obtained":[{"floor":7,"key":"Energy Potion"},{"floor":11,"key":"Swift Potion"}],"is_trial":false,"path_per_floor":["M","?","M","?","M","R","M","R","T","$","M","M","M","M","R","B"],"character_chosen":"IRONCLAD","items_purchased":["Battle Trance"],"campfire_rested":1,"item_purchase_floors":[10],"current_hp_per_floor":[62,62,68,48,51,51,41,61,61,61,58,49,55,61,61,0,0],"gold":66,"neow_bonus":"THREE_RARE_CARDS","is_daily":false,"chose_seed":false,"campfire_upgraded":2,"win_rate":0.0,"timestamp":1614201437,"path_taken":["M","?","?","?","M","R","M","R","T","?","?","M","M","M","R","BOSS"],"items_purchased_type":["Card"],"build_version":"2020-12-22","purchased_purges":1,"victory":false,"max_hp_per_floor":[68,68,68,68,68,68,68,68,68,68,68,68,68,68,68,68,68],"card_choices":[{"not_picked":["Berserk","Limit Break"],"picked":"Fiend Fire","floor":0},{"not_picked":["Havoc","Whirlwind"],"picked":"Shrug It Off","floor":1},{"not_picked":["Seeing Red","Flex"],"picked":"Pommel Strike","floor":3},{"not_picked":["Armaments","Anger","Warcry"],"picked":"SKIP","floor":5},{"not_picked":["Uppercut","Havoc","Shockwave"],"picked":"SKIP","floor":7},{"not_picked":["Pommel Strike","Pummel","Combust"],"picked":"SKIP","floor":11},{"not_picked":["Sever Soul","Headbutt"],"picked":"Power Through","floor":12},{"not_picked":["Headbutt","Body Slam","Spot Weakness"],"picked":"SKIP","floor":13},{"not_picked":["Offering","Intimidate"],"picked":"Evolve","floor":14}],"player_experience":706118,"relics_obtained":[{"floor":9,"key":"Mummified Hand"}],"event_choices":[{"damage_healed":0,"gold_gain":0,"player_choice":"Upgraded","damage_taken":0,"max_hp_gain":0,"max_hp_loss":0,"event_name":"Upgrade Shrine","floor":2,"gold_loss":0,"cards_upgraded":["Fiend Fire"]},{"damage_healed":0,"gold_gain":0,"player_choice":"Entered Light","damage_taken":20,"max_hp_gain":0,"max_hp_loss":0,"event_name":"Shining Light","floor":4,"gold_loss":0,"cards_upgraded":["Pommel Strike","Strike_R"]}],"is_beta":false,"boss_relics":[],"items_purged_floors":[10],"is_endless":false,"potions_floor_spawned":[7,11,13],"killed_by":"Hexaghost","ascension_level":20}}