{"host":"x73jdofm2fk9hsud","time":1614136347,"event":{"mods":["BaseMod","Bestiary","Minty Spire (QoL Compilation)","Relic Stats","ojb\u0027s Better Paths Mod","ojb\u0027s Info Mod"],"gold_per_floor":[116,134,134,152,152,152,162,44,71,71,105,192,204,235,247,338,350,382,405,417,126,142,170,170,170,170,7,19,69,69,94,94,165,165,183,183,1182,1182,1182,1182],"floor_reached":39,"language":"ENG","playtime":2035,"items_purged":["Strike_B","Strike_B"],"score":955,"play_id":"df4bff30-6fd5-4eef-ba8f-d8f58257608a","local_time":"20210223221227","is_ascension_mode":true,"campfire_choices":[{"data":"Sunder","floor":6,"key":"SMITH"},{"floor":10,"key":"REST"},{"data":"Hologram","floor":13,"key":"SMITH"},{"data":"Darkness","floor":15,"key":"SMITH"},{"data":"Defragment","floor":24,"key":"SMITH"},{"data":"Biased Cognition","floor":30,"key":"SMITH"},{"data":"Seek","floor":32,"key":"SMITH"}],"circlet_count":0,"master_deck":["AscendersBane","Defend_B","Defend_B","Defend_B","Dualcast","CurseOfTheBell","Seek+1","Gash","Sunder+1","Cold Snap","Hologram+1","Chill","Darkness+1","Core Surge","Lockon","Biased Cognition+1","Turbo","Glacier","Defragment+1","Consume+1","Creative AI","BootSequence","Multi-Cast","Coolheaded","Echo Form","Multi-Cast+1","Auto Shields+1","Hologram+1","PanicButton","Master of Strategy","Normality"],"relics":["Calling Bell","Strawberry","Question Card","Bird Faced Urn","Omamori","MawBank","Runic Pyramid","OrangePellets","Pen Nib","Pear","Lantern","Orrery","PreservedInsect","Astrolabe"],"acts_visited":["Exordium","TheCity","TheBeyond"],"potions_floor_usage":[7,11,16,16,31],"damage_taken":[{"damage":20,"enemies":"Small Slimes","floor":1,"turns":5},{"damage":13,"enemies":"Cultist","floor":2,"turns":5},{"damage":4,"enemies":"2 Louse","floor":4,"turns":3},{"damage":4,"enemies":"Lots of Slimes","floor":7,"turns":4},{"damage":28,"enemies":"Gremlin Nob","floor":11,"turns":4},{"damage":4,"enemies":"2 Fungi Beasts","floor":14,"turns":3},{"damage":2,"enemies":"Hexaghost","floor":16,"turns":9},{"damage":17,"enemies":"Spheric Guardian","floor":18,"turns":6},{"damage":2,"enemies":"3 Byrds","floor":19,"turns":5},{"damage":0,"enemies":"Snecko","floor":22,"turns":6},{"damage":27,"enemies":"Book of Stabbing","floor":23,"turns":6},{"damage":0,"enemies":"3 Cultists","floor":28,"turns":15},{"damage":0,"enemies":"Slavers","floor":31,"turns":7},{"damage":12,"enemies":"Champ","floor":33,"turns":11},{"damage":3,"enemies":"Orb Walker","floor":35,"turns":6},{"damage":107,"enemies":"3 Darklings","floor":39,"turns":11}],"seed_played":"-144073384607526121","potions_obtained":[{"floor":2,"key":"FearPotion"},{"floor":4,"key":"Swift Potion"},{"floor":7,"key":"AttackPotion"},{"floor":14,"key":"FocusPotion"},{"floor":18,"key":"LiquidMemories"},{"floor":23,"key":"AttackPotion"},{"floor":33,"key":"FocusPotion"}],"is_trial":false,"path_per_floor":["M","M","?","M","?","R","M","$","T","R","E","?","R","M","R","B",null,"M","M","?","$","M","E","R","?","T","$","M","?","R","E","R","B",null,"M","?","?","?","M"],"character_chosen":"DEFECT","items_purchased":["Darkness","OrangePellets","Defragment","Orrery"],"campfire_rested":1,"item_purchase_floors":[8,21,21,27],"current_hp_per_floor":[51,38,38,34,34,34,30,30,30,53,25,14,14,10,10,8,61,46,46,46,46,50,27,27,37,37,37,85,85,85,88,88,78,86,86,76,76,76,0,0],"gold":1182,"neow_bonus":"BOSS_RELIC","is_daily":false,"chose_seed":false,"campfire_upgraded":6,"win_rate":0.0,"timestamp":1614136347,"path_taken":["M","M","?","?","?","R","?","$","T","R","E","?","R","M","R","BOSS","M","M","?","$","M","E","R","?","T","$","M","?","R","E","R","BOSS","M","?","?","?","?"],"items_purchased_type":["Card","Relic","Card","Relic"],"build_version":"2020-12-22","purchased_purges":2,"victory":false,"max_hp_per_floor":[78,78,78,78,78,78,78,78,78,78,78,78,78,78,78,78,78,78,78,78,78,78,78,78,88,88,88,88,88,88,88,88,88,88,88,88,88,84,84,84],"relic_stats":{"OrangePellets":[13],"counters":[16,106],"Bird Faced Urn":[88],"Astrolabe":["Multi-Cast","Auto Shields","Hologram"],"Pen Nib":[2],"PreservedInsect":0,"Question Card":23,"MawBank":120,"obtain_stats":[{"Lantern":26,"Pear":25,"Astrolabe":34,"Pen Nib":23,"PreservedInsect":31,"Omamori":9,"Question Card":0,"MawBank":11,"Calling Bell":0,"OrangePellets":21,"Strawberry":0,"Bird Faced Urn":0,"Orrery":27,"Cracked Core":0,"Runic Pyramid":17},{"Lantern":11,"Pear":11,"Astrolabe":14,"Pen Nib":11,"PreservedInsect":13,"Omamori":4,"Question Card":0,"MawBank":5,"Calling Bell":0,"OrangePellets":9,"Strawberry":0,"Bird Faced Urn":0,"Orrery":11,"Cracked Core":0,"Runic Pyramid":7},{"Lantern":56,"Pear":56,"Astrolabe":89,"Pen Nib":56,"PreservedInsect":78,"Omamori":17,"Question Card":0,"MawBank":21,"Calling Bell":0,"OrangePellets":44,"Strawberry":0,"Bird Faced Urn":0,"Orrery":56,"Cracked Core":0,"Runic Pyramid":33}]},"card_choices":[{"not_picked":["Coolheaded","Darkness","Genetic Algorithm"],"picked":"Seek","floor":1},{"not_picked":["Sweeping Beam","Redo","Leap"],"picked":"Gash","floor":2},{"not_picked":["Go for the Eyes","Lockon","Hologram"],"picked":"Cold Snap","floor":4},{"not_picked":["Leap","Tempest","Aggregate"],"picked":"Chill","floor":7},{"not_picked":["Sweeping Beam","Capacitor","Cold Snap"],"picked":"Core Surge","floor":11},{"not_picked":["BootSequence","Heatsinks","Recycle"],"picked":"Lockon","floor":14},{"not_picked":["Buffer","Reboot","Meteor Strike"],"picked":"Biased Cognition","floor":16},{"not_picked":["Steam","Cold Snap","Streamline"],"picked":"Turbo","floor":18},{"not_picked":["Gash","Chaos","Hologram","Beam Cell+1"],"picked":"SKIP","floor":19},{"not_picked":["Coolheaded","Sweeping Beam","Go for the Eyes"],"picked":"Consume+1","floor":22},{"not_picked":["Steam","Redo","Gash"],"picked":"Creative AI","floor":23},{"not_picked":["Steam Power","Go for the Eyes","Ball Lightning"],"picked":"BootSequence","floor":27},{"not_picked":["Gash","Defragment","Leap+1"],"picked":"Multi-Cast","floor":27},{"not_picked":["Stack","Reboot","Undo"],"picked":"Coolheaded","floor":27},{"not_picked":["Rebound","Coolheaded","Turbo","Auto Shields"],"picked":"SKIP","floor":28},{"not_picked":["Static Discharge+1","Creative AI","Barrage","Sunder"],"picked":"SKIP","floor":31},{"not_picked":["Machine Learning","Rainbow","Hyperbeam"],"picked":"Echo Form","floor":33},{"not_picked":["Steam Power+1","Hologram","Barrage","Sweeping Beam"],"picked":"SKIP","floor":35},{"not_picked":["Jack Of All Trades","Blind","Discovery"],"picked":"PanicButton","floor":36},{"not_picked":["Forethought","Blind","Finesse"],"picked":"Master of Strategy","floor":36}],"player_experience":5419398,"relics_obtained":[{"floor":0,"key":"Strawberry"},{"floor":0,"key":"Question Card"},{"floor":0,"key":"Bird Faced Urn"},{"floor":9,"key":"Omamori"},{"floor":11,"key":"MawBank"},{"floor":23,"key":"Pen Nib"},{"floor":26,"key":"Lantern"},{"floor":31,"key":"PreservedInsect"}],"event_choices":[{"damage_healed":0,"gold_gain":0,"player_choice":"1 cards matched","damage_taken":0,"max_hp_gain":0,"max_hp_loss":0,"event_name":"Match and Keep!","floor":3,"gold_loss":0,"cards_obtained":["Sunder"]},{"damage_healed":0,"gold_gain":0,"cards_transformed":["Strike_B"],"player_choice":"Transformed","damage_taken":0,"max_hp_gain":0,"max_hp_loss":0,"event_name":"Transmorgrifier","floor":5,"gold_loss":0,"cards_obtained":["Hologram"]},{"damage_healed":0,"gold_gain":75,"player_choice":"Gather Gold","damage_taken":11,"max_hp_gain":0,"max_hp_loss":0,"event_name":"World of Goop","floor":12,"gold_loss":0},{"damage_healed":0,"gold_gain":0,"player_choice":"Read","damage_taken":0,"max_hp_gain":0,"max_hp_loss":0,"event_name":"The Library","floor":20,"gold_loss":0,"cards_obtained":["Glacier"]},{"damage_healed":0,"gold_gain":0,"player_choice":"Opened","damage_taken":0,"relics_obtained":["Pear"],"max_hp_gain":0,"max_hp_loss":0,"event_name":"The Mausoleum","floor":25,"gold_loss":0,"cards_obtained":["Writhe"]},{"damage_healed":0,"gold_gain":50,"player_choice":"Stole From Cult","damage_taken":0,"max_hp_gain":0,"max_hp_loss":0,"event_name":"Nest","floor":29,"gold_loss":0},{"damage_healed":0,"gold_gain":0,"player_choice":"Memory 3","damage_taken":10,"max_hp_gain":0,"max_hp_loss":0,"event_name":"SensoryStone","floor":36,"gold_loss":0},{"damage_healed":0,"gold_gain":999,"player_choice":"Gold","damage_taken":0,"max_hp_gain":0,"max_hp_loss":0,"event_name":"MindBloom","floor":37,"gold_loss":0,"cards_obtained":["Normality","Normality"]},{"damage_healed":0,"gold_gain":0,"player_choice":"Max HP","damage_taken":0,"max_hp_gain":0,"max_hp_loss":4,"event_name":"Winding Halls","floor":38,"gold_loss":0}],"is_beta":false,"boss_relics":[{"not_picked":["Nuclear Battery","Cursed Key"],"picked":"Runic Pyramid"},{"not_picked":["Black Star","SacredBark"],"picked":"Astrolabe"}],"items_purged_floors":[8,21],"is_endless":false,"potions_floor_spawned":[2,4,7,14,18,23,33,35],"killed_by":"3 Darklings","ascension_level":20}}