{"host":"w11d5xug8ost5klq","time":1614135174,"event":{"mods":["100% Spire Juice","2.2 Compatiblity","BaseMod","Better Third Choice","Emptier Cage","Highlight Path","KinomotoSakuraMod(????)","Minty Spire (QoL Compilation)","Quick Restart","Reliquary","Shapeshifter Mod","Spicy Shops","StSLib","The Alterego","The Hierophant","WarShipGirlsR/????R mod"],"gold_per_floor":[359,359,11,27,37,67,67,67,67,81,112,131,151,186,186,289,289,306,316,327,127,146,178,178,205,229,243,243,243,257,257,257,356,356,376,0,0,0,16,42,42,87,167,200,200,216,65,65,65,65],"floor_reached":51,"language":"ENG","playtime":4310,"items_purged":["Regret","Shame","ClowCardTheVoice"],"score":873,"play_id":"2b4a6ef5-86d0-4014-962c-b66de2f8eb1f","local_time":"20210223205254","is_ascension_mode":true,"campfire_choices":[{"data":"ClowCardTheEarthy","floor":8.0,"key":"SMITH"},{"floor":15.0,"key":"REST"},{"data":"ClowCardTheLight","floor":24.0,"key":"SMITH"},{"floor":28.0,"key":"REST"},{"floor":32.0,"key":"REST"},{"data":"ClowCardTheGlow","floor":41,"key":"SMITH"},{"data":"ClowCardTheGlow","floor":45,"key":"SMITH"},{"floor":49,"key":"REST"}],"circlet_count":0,"master_deck":["SakuraCardTheWave+","ClowCardTheSong+1","SakuraCardTheTwin+","ClowCardTheSleep+1","ClowCardTheSword+1","ClowCardTheSword+1","ClowCardTheSword+1","ClowCardTheSword+1","ClowCardTheShield+1","ClowCardTheShield+1","ClowCardTheShield+1","ClowCardTheShield+1","SpellCardSeal+1","SpellCardRelease","ClowCardTheErase+1","ClowCardTheSand+1","ClowCardTheChange+1","ClowCardTheEarthy+1","ClowCardTheLight+1","ClowCardTheGlow+1","ClowCardTheFloat+1","ClowCardTheLoop+1","ClowCardTheWood+1","Writhe","ClowCardTheArrow+1","ClowCardTheMove+1","Decay","ClowCardTheArrow+1","ClowCardTheGlow+1","ClowCardTheLoop+1","ClowCardTheFloat+1","Shame","ClowCardTheArrow+1","ClowCardTheVoice+1"],"relics":["KSMOD_SealedBook","KSMOD_SealedWand","Darkstone Periapt","Vajra","Potion Belt","KSMOD_Compass","Cursed Key","Mango","Bag of Preparation","Oddly Smooth Stone","reliquary:RedPaperclip","KSMOD_Cerberus","KSMOD_MoonBell","Ice Cream","reliquary:Firecrackers","Bag of Preparation","KSMOD_TeddyBear","Mark of the Bloom"],"acts_visited":["Exordium","TheCity","TheBeyond"],"potions_floor_usage":[39,40],"damage_taken":[{"damage":1.0,"enemies":"Jaw Worm","floor":1.0,"turns":4.0},{"damage":0.0,"enemies":"Small Slimes","floor":4.0,"turns":5.0},{"damage":1.0,"enemies":"Cultist","floor":5.0,"turns":3.0},{"damage":9.0,"enemies":"Gremlin Nob","floor":6.0,"turns":4.0},{"damage":2.0,"enemies":"Blue Slaver","floor":10.0,"turns":4.0},{"damage":12.0,"enemies":"Lagavulin","floor":11.0,"turns":4.0},{"damage":28.0,"enemies":"Exordium Thugs","floor":12.0,"turns":6.0},{"damage":1.0,"enemies":"Red Slaver","floor":13.0,"turns":4.0},{"damage":5.0,"enemies":"3 Sentries","floor":14.0,"turns":6.0},{"damage":28.0,"enemies":"The Guardian","floor":16.0,"turns":16.0},{"damage":7.0,"enemies":"Spheric Guardian","floor":18.0,"turns":4.0},{"damage":0.0,"enemies":"Shell Parasite","floor":19.0,"turns":3.0},{"damage":21.0,"enemies":"Snake Plant","floor":20.0,"turns":4.0},{"damage":2.0,"enemies":"Centurion and Healer","floor":22.0,"turns":9.0},{"damage":19.0,"enemies":"Book of Stabbing","floor":23.0,"turns":8.0},{"damage":41.0,"enemies":"Slavers","floor":25.0,"turns":10.0},{"damage":0.0,"enemies":"Snecko","floor":27.0,"turns":10.0},{"damage":14.0,"enemies":"Gremlin Leader","floor":29.0,"turns":3.0},{"damage":69.0,"enemies":"3 Cultists","floor":30.0,"turns":7.0},{"damage":42.0,"enemies":"Collector","floor":33.0,"turns":16.0},{"damage":42.0,"enemies":"3 Shapes","floor":35.0,"turns":6.0},{"damage":0,"enemies":"3 Darklings","floor":39,"turns":2},{"damage":28,"enemies":"Nemesis","floor":40,"turns":7},{"damage":36,"enemies":"2 Orb Walkers","floor":42,"turns":5},{"damage":21,"enemies":"Giant Head","floor":44,"turns":8},{"damage":2,"enemies":"Sphere and 2 Shapes","floor":46,"turns":6},{"damage":16,"enemies":"Time Eater","floor":50,"turns":11}],"seed_played":"7891684102527186759","potions_obtained":[{"floor":1.0,"key":"Block Potion"},{"floor":7.0,"key":"Dexterity Potion"},{"floor":7.0,"key":"EntropicBrew"},{"floor":7.0,"key":"Strength Potion"},{"floor":10.0,"key":"SmokeBomb"},{"floor":13.0,"key":"SneckoOil"},{"floor":14.0,"key":"ColorlessPotion"},{"floor":18.0,"key":"Explosive Potion"},{"floor":20.0,"key":"Dexterity Potion"},{"floor":25.0,"key":"FairyPotion"},{"floor":33.0,"key":"ColorlessPotion"},{"floor":39,"key":"Block Potion"},{"floor":42,"key":"Swift Potion"},{"floor":44,"key":"PowerPotion"}],"is_trial":false,"path_per_floor":["M","?","$","M","M","E","?","R","T","M","E","M","M","E","R","B",null,"M","M","M","$","M","E","R","E","T","M","R","E","M","?","R","B",null,"M","$","?","?","M","E","R","?","T","E","R","M","$","?","R","B",null],"character_chosen":"KINOMOTOSAKURA","items_purchased":["Vajra","ClowCardTheSand","ClowCardTheFloat","KSMOD_Cerberus","ClowCardTheArrow","ClowCardTheGlow","KSMOD_TeddyBear"],"campfire_rested":4,"item_purchase_floors":[3,3,21,36,36,36,47],"current_hp_per_floor":[69,75,75,75,74,65,65,65,65,63,51,23,22,17,39,11,76,69,69,48,48,46,41,41,27,33,33,61,47,16,22,52,10,102,60,60,60,112,112,84,84,53,59,68,68,70,70,70,70,54],"gold":65,"neow_bonus":"TWO_FIFTY_GOLD","is_daily":false,"chose_seed":false,"campfire_upgraded":4,"win_rate":0.0,"timestamp":1614135174,"path_taken":["M","?","$","M","M","E","?","R","T","M","E","?","M","E","R","BOSS","M","M","M","$","M","E","R","E","T","M","R","E","M","?","R","BOSS","M","$","?","?","?","E","R","?","T","E","R","M","$","?","R","BOSS"],"items_purchased_type":["Relic","Card","Card","Relic","Card","Card","Relic"],"build_version":"2020-12-22","purchased_purges":3,"victory":true,"max_hp_per_floor":[70,76,76,76,76,76,76,76,76,76,76,76,76,76,76,76,76,76,76,76,76,76,90,90,90,96,96,96,96,96,102,102,102,102,102,102,102,112,112,112,112,112,118,118,118,118,118,118,118,118],"card_choices":[{"not_picked":["ClowCardTheStorm","ClowCardTheLibra"],"picked":"ClowCardTheErase","floor":1.0},{"not_picked":["ClowCardTheFly","ClowCardTheErase"],"picked":"ClowCardTheChange","floor":4.0},{"not_picked":["ClowCardTheDream","ClowCardTheSilent","ClowCardTheLittle"],"picked":"SKIP","floor":5.0},{"not_picked":["ClowCardTheMirror","ClowCardTheWatery"],"picked":"ClowCardTheEarthy","floor":6.0},{"not_picked":["ClowCardTheFreeze","ClowCardTheMirror","ClowCardTheJump"],"picked":"SKIP","floor":10.0},{"not_picked":["ClowCardTheMist","ClowCardTheFirey"],"picked":"ClowCardTheLight","floor":11.0},{"not_picked":["ClowCardTheChange","ClowCardTheFreeze"],"picked":"ClowCardTheVoice","floor":12.0},{"not_picked":["ClowCardThePower","ClowCardTheShadow","ClowCardTheSnow"],"picked":"SKIP","floor":13.0},{"not_picked":["ClowCardTheShadow","ClowCardTheCloud"],"picked":"ClowCardTheGlow","floor":14.0},{"not_picked":["ClowCardTheThunder","ClowCardTheDash"],"picked":"ClowCardTheTwin","floor":16.0},{"not_picked":["ClowCardTheVoice","ClowCardTheSand","ClowCardTheShadow+1"],"picked":"SKIP","floor":18.0},{"not_picked":["ClowCardTheFirey","ClowCardTheMaze","ClowCardTheCloud+1"],"picked":"SKIP","floor":19.0},{"not_picked":["ClowCardTheMirror","ClowCardTheWave","ClowCardTheShot+1"],"picked":"SKIP","floor":20.0},{"not_picked":["ClowCardTheSweet","ClowCardTheShot","ClowCardTheIllusion+1"],"picked":"SKIP","floor":22.0},{"not_picked":["ClowCardTheSweet+1","ClowCardTheTwin"],"picked":"ClowCardTheLoop","floor":23.0},{"not_picked":["ClowCardTheDream","ClowCardTheMove"],"picked":"ClowCardTheWood","floor":25.0},{"not_picked":["ClowCardTheChange","ClowCardTheErase"],"picked":"ClowCardTheArrow","floor":27.0},{"not_picked":["ClowCardTheLittle+1","ClowCardTheChange+1"],"picked":"ClowCardTheMove+1","floor":30.0},{"not_picked":["ClowCardTheDream+1","ClowCardTheRain+1","ClowCardTheMaze"],"picked":"SKIP","floor":35.0},{"not_picked":["ClowCardTheBubbles","ClowCardTheRain","ClowCardTheCloud+1"],"picked":"SKIP","floor":39},{"not_picked":["ClowCardTheErase","ClowCardTheFlower"],"picked":"ClowCardTheLoop","floor":40},{"not_picked":["ClowCardTheBubbles","ClowCardTheMist+1"],"picked":"ClowCardTheFloat","floor":42},{"not_picked":["ClowCardTheSweet","ClowCardTheSilent+1"],"picked":"ClowCardTheArrow","floor":44},{"not_picked":["ClowCardTheDream+1","ClowCardTheArrow+1"],"picked":"ClowCardTheVoice+1","floor":46}],"player_experience":138435,"relics_obtained":[{"floor":6.0,"key":"Potion Belt"},{"floor":9.0,"key":"Letter Opener"},{"floor":11.0,"key":"KSMOD_Compass"},{"floor":14.0,"key":"Boot"},{"floor":23.0,"key":"Mango"},{"floor":25.0,"key":"Bag of Preparation"},{"floor":26.0,"key":"Oddly Smooth Stone"},{"floor":40,"key":"KSMOD_MoonBell"},{"floor":42,"key":"Ice Cream"},{"floor":43,"key":"reliquary:Firecrackers"},{"floor":44,"key":"reliquary:SculptingSteel"}],"event_choices":[{"damage_healed":0.0,"max_hp_gain":0.0,"max_hp_loss":0.0,"gold_gain":0.0,"event_name":"Big Fish","player_choice":"Box","floor":2.0,"gold_loss":0.0,"damage_taken":0.0,"relics_obtained":["Darkstone Periapt"],"cards_obtained":["Regret"]},{"damage_healed":0.0,"max_hp_gain":0.0,"max_hp_loss":0.0,"gold_gain":0.0,"event_name":"Lab","player_choice":"Got Potions","floor":7.0,"gold_loss":0.0,"damage_taken":0.0},{"damage_healed":0.0,"max_hp_gain":0.0,"max_hp_loss":0.0,"gold_gain":0.0,"event_name":"Forgotten Altar","player_choice":"Smashed Altar","floor":31.0,"gold_loss":0.0,"damage_taken":0.0,"cards_obtained":["Decay"]},{"cards_removed":["ClowCardTheThunder"],"damage_healed":42,"gold_gain":0,"player_choice":"Offered Rare","damage_taken":0,"max_hp_gain":10,"max_hp_loss":0,"event_name":"Bonfire Elementals","floor":38,"gold_loss":0},{"damage_healed":0,"gold_gain":0,"player_choice":"Fight","damage_taken":0,"max_hp_gain":0,"max_hp_loss":0,"event_name":"Mysterious Sphere","floor":42,"gold_loss":0},{"damage_healed":0,"gold_gain":0,"player_choice":"Upgrade","damage_taken":0,"relics_obtained":["Mark of the Bloom"],"max_hp_gain":0,"max_hp_loss":0,"event_name":"MindBloom","floor":48,"gold_loss":0,"cards_upgraded":["ClowCardTheSong","ClowCardTheSleep","ClowCardTheSword","ClowCardTheSword","ClowCardTheSword","ClowCardTheSword","ClowCardTheShield","ClowCardTheShield","ClowCardTheShield","ClowCardTheShield","SpellCardSeal","ClowCardTheErase","ClowCardTheSand","ClowCardTheChange","ClowCardTheFloat","ClowCardTheLoop","ClowCardTheWood","ClowCardTheArrow","ClowCardTheArrow","ClowCardTheLoop","ClowCardTheFloat","ClowCardTheArrow"]}],"is_beta":false,"boss_relics":[{"not_picked":["Astrolabe","reliquary:Craggleroot"],"picked":"Cursed Key"},{"not_picked":["reliquary:WritOfMandamus","Calling Bell"],"picked":"reliquary:RedPaperclip"}],"items_purged_floors":[3,3,21],"is_endless":false,"potions_floor_spawned":[1,10,13,14,18,20,25,29,33,39,42,44],"ascension_level":1}}