{"host":"vumwfieg2b2mnrfl","time":1614139284,"event":{"mods":["AchievementEnabler","BaseMod","Minty Spire (QoL Compilation)","Rare Cards Sparkle","Relic Stats"],"gold_per_floor":[110,185,201,201,201,201,227,64,64,64,90,90,107,140,140,215,215,215,215,215,215,215,215,215,215,215,215,215,50,0,0,0,0,0],"floor_reached":33,"language":"ENG","playtime":873,"items_purged":["Strike_G"],"score":640,"play_id":"3a640821-468d-4e18-8edc-e7729af4017c","local_time":"20210223220124","is_ascension_mode":true,"campfire_choices":[{"data":"Neutralize","floor":6.0,"key":"SMITH"},{"data":"Noxious Fumes","floor":10.0,"key":"SMITH"},{"floor":12.0,"key":"REST"},{"data":"Footwork","floor":15.0,"key":"SMITH"},{"floor":23.0,"key":"REST"},{"floor":25.0,"key":"REST"},{"data":"Catalyst","floor":27.0,"key":"SMITH"},{"data":"Deadly Poison","floor":32,"key":"SMITH"}],"circlet_count":0,"master_deck":["AscendersBane","Strike_G+1","Strike_G","Strike_G+1","Strike_G","Defend_G","Defend_G","Defend_G","Defend_G","Defend_G","Survivor","Neutralize+1","All Out Attack","Acrobatics","Noxious Fumes+1","Deadly Poison+1","Footwork+1","Flechettes","Tools of the Trade","Catalyst+1","Shame","RitualDagger","Reflex","Deflect","Bouncing Flask+1"],"relics":["Ring of the Snake","NeowsBlessing","Art of War","Regal Pillow","Mummified Hand","Tiny Chest","Oddly Smooth Stone","Ectoplasm","Vajra","Potion Belt","Whetstone","Blood Vial","Cauldron"],"acts_visited":["Exordium","TheCity"],"potions_floor_usage":[31,33],"damage_taken":[{"damage":0.0,"enemies":"Small Slimes","floor":1.0,"turns":1.0},{"damage":0.0,"enemies":"2 Louse","floor":3.0,"turns":1.0},{"damage":0.0,"enemies":"Lagavulin","floor":7.0,"turns":1.0},{"damage":35.0,"enemies":"3 Sentries","floor":11.0,"turns":7.0},{"damage":0.0,"enemies":"Cultist","floor":13.0,"turns":3.0},{"damage":13.0,"enemies":"Lagavulin","floor":14.0,"turns":8.0},{"damage":31.0,"enemies":"Slime Boss","floor":16.0,"turns":9.0},{"damage":6.0,"enemies":"Shell Parasite","floor":18.0,"turns":7.0},{"damage":27.0,"enemies":"Chosen","floor":22.0,"turns":6.0},{"damage":43.0,"enemies":"Gremlin Leader","floor":24.0,"turns":7.0},{"damage":0,"enemies":"Book of Stabbing","floor":31,"turns":1},{"damage":58,"enemies":"Automaton","floor":33,"turns":6}],"seed_played":"-1829894392974770748","potions_obtained":[{"floor":1.0,"key":"AttackPotion"},{"floor":7.0,"key":"Fire Potion"},{"floor":13.0,"key":"AttackPotion"},{"floor":22.0,"key":"Strength Potion"},{"floor":24.0,"key":"FearPotion"},{"floor":29.0,"key":"SmokeBomb"},{"floor":29.0,"key":"SpeedPotion"}],"is_trial":false,"path_per_floor":["M","?","M","?","?","R","E","$","T","R","E","R","M","E","R","B",null,"M","?","?","?","M","R","E","R","T","R","T","$","?","E","R","B"],"character_chosen":"THE_SILENT","items_purchased":["Noxious Fumes","Cauldron"],"campfire_rested":3,"item_purchase_floors":[8,29],"current_hp_per_floor":[59,59,59,59,54,54,54,54,54,54,19,53,53,40,40,9,52,46,46,40,40,13,47,4,38,38,38,38,38,38,40,40,0,0],"gold":0,"neow_bonus":"THREE_ENEMY_KILL","is_daily":false,"chose_seed":false,"campfire_upgraded":5,"win_rate":0.0,"timestamp":1614139284,"path_taken":["M","?","M","?","?","R","E","$","T","R","E","R","M","E","R","BOSS","M","?","?","?","M","R","E","R","T","R","?","$","?","E","R","BOSS"],"items_purchased_type":["Card","Relic"],"build_version":"2020-12-22","purchased_purges":1,"victory":false,"max_hp_per_floor":[66,66,66,66,66,66,66,66,66,66,66,66,66,66,66,66,66,66,66,66,66,66,66,66,66,66,66,66,66,66,66,66,66,66],"relic_stats":{"Blood Vial":4,"Regal Pillow":45,"counters":[12,57],"Mummified Hand":[19],"Tiny Chest":1,"Ectoplasm":356,"Art of War":[7],"Whetstone":["Strike_G","Strike_G"],"obtain_stats":[{"Potion Belt":24,"Regal Pillow":7,"NeowsBlessing":0,"Oddly Smooth Stone":14,"Vajra":19,"Whetstone":26,"Blood Vial":28,"Cauldron":29,"Mummified Hand":9,"Tiny Chest":11,"Ectoplasm":17,"Art of War":5,"Ring of the Snake":0},{"Potion Belt":10,"Regal Pillow":3,"NeowsBlessing":0,"Oddly Smooth Stone":6,"Vajra":8,"Whetstone":10,"Blood Vial":10,"Cauldron":10,"Mummified Hand":3,"Tiny Chest":4,"Ectoplasm":7,"Art of War":2,"Ring of the Snake":0},{"Potion Belt":50,"Regal Pillow":3,"NeowsBlessing":0,"Oddly Smooth Stone":21,"Vajra":37,"Whetstone":50,"Blood Vial":50,"Cauldron":50,"Mummified Hand":3,"Tiny Chest":10,"Ectoplasm":30,"Art of War":2,"Ring of the Snake":0}],"Ring of the Snake":[24]},"card_choices":[{"not_picked":["Heel Hook","Poisoned Stab"],"picked":"All Out Attack","floor":1.0},{"not_picked":["Dagger Spray","Sucker Punch","Underhanded Strike"],"picked":"SKIP","floor":3.0},{"not_picked":["Underhanded Strike","Distraction"],"picked":"Acrobatics","floor":7.0},{"not_picked":["Infinite Blades","PiercingWail"],"picked":"Deadly Poison","floor":11.0},{"not_picked":["Blade Dance","Acrobatics"],"picked":"Footwork","floor":13.0},{"not_picked":["Underhanded Strike","Backflip"],"picked":"Flechettes","floor":14.0},{"not_picked":["Wraith Form v2","Doppelganger"],"picked":"Tools of the Trade","floor":16.0},{"not_picked":["Deflect","Poisoned Stab+1"],"picked":"Catalyst","floor":18.0},{"not_picked":["Poisoned Stab","Setup"],"picked":"Deflect","floor":22.0},{"not_picked":["Distraction","Crippling Poison"],"picked":"Bouncing Flask+1","floor":24.0}],"player_experience":580338,"relics_obtained":[{"floor":7.0,"key":"Regal Pillow"},{"floor":9.0,"key":"Mummified Hand"},{"floor":11.0,"key":"Tiny Chest"},{"floor":14.0,"key":"Oddly Smooth Stone"},{"floor":24.0,"key":"Potion Belt"},{"floor":26.0,"key":"Whetstone"},{"floor":28.0,"key":"Blood Vial"}],"event_choices":[{"damage_healed":0.0,"max_hp_gain":0.0,"max_hp_loss":0.0,"gold_gain":75.0,"event_name":"Golden Wing","player_choice":"Gained Gold","floor":2.0,"gold_loss":0.0,"damage_taken":0.0},{"damage_healed":0.0,"max_hp_gain":0.0,"max_hp_loss":0.0,"gold_gain":0.0,"event_name":"Shining Light","player_choice":"Ignored","floor":4.0,"gold_loss":0.0,"damage_taken":0.0},{"damage_healed":0.0,"max_hp_gain":0.0,"max_hp_loss":0.0,"gold_gain":0.0,"event_name":"Scrap Ooze","player_choice":"Success","floor":5.0,"gold_loss":0.0,"damage_taken":5.0,"relics_obtained":["Art of War"]},{"damage_healed":0.0,"max_hp_gain":0.0,"max_hp_loss":0.0,"gold_gain":0.0,"event_name":"Addict","player_choice":"Stole Relic","floor":19.0,"gold_loss":0.0,"damage_taken":0.0,"relics_obtained":["Vajra"],"cards_obtained":["Shame"]},{"damage_healed":0.0,"max_hp_gain":0.0,"max_hp_loss":0.0,"gold_gain":0.0,"event_name":"Nest","player_choice":"Joined the Cult","floor":20.0,"gold_loss":0.0,"damage_taken":6.0,"cards_obtained":["RitualDagger"]},{"damage_healed":0.0,"max_hp_gain":0.0,"max_hp_loss":0.0,"gold_gain":0.0,"event_name":"Match and Keep!","player_choice":"1 cards matched","floor":21.0,"gold_loss":0.0,"damage_taken":0.0,"cards_obtained":["Reflex"]},{"damage_healed":0.0,"max_hp_gain":0.0,"max_hp_loss":0.0,"gold_gain":250.0,"event_name":"The Joust","player_choice":"Bet on Owner","floor":30.0,"gold_loss":50.0,"damage_taken":0.0}],"is_beta":false,"boss_relics":[{"not_picked":["Coffee Dripper","Fusion Hammer"],"picked":"Ectoplasm"}],"items_purged_floors":[8],"is_endless":false,"potions_floor_spawned":[1,7,13,22,24],"killed_by":"Automaton","ascension_level":20}}