{"host":"ox77rn1xcurm2t5a","time":1614190661,"event":{"mods":["2.2 Compatiblity","AchievementEnabler","Act Like it!","Aspiration","BaseMod","Best Route Mod","Better Match","Better Note","Better Sensory Stone","Block Reminder","Colored Map","Colored Powertips","Conjunction","Conspire","Custom Start","Energized Spire","GifTheSpireLib","Gold Saver","Gremlin Skip","Halation","Highlight Path","Hubris","Infinite Spire","Minty Spire (QoL Compilation)","Pale of the Ancients","Quick Restart","Reliquary","Replay The Spire","Reworked Bosses","ShortenTheSpire","Spire Exporter","StSLib","Stuff the Spire","Wandering Minibosses"],"gold_per_floor":[139,139,151,151,27,27,61,61,110,148,165,182,182,216,216,227,227],"floor_reached":16,"language":"ENG","playtime":366,"items_purged":["Defend_R"],"score":222,"play_id":"c5005d85-2f87-4688-8077-265d65cf18f3","local_time":"20210224201741","is_ascension_mode":true,"campfire_choices":[{"data":"Uppercut","floor":6,"key":"SMITH"},{"floor":8,"key":"RECALL"},{"data":"Pommel Strike","floor":13,"key":"SMITH"},{"data":"Cleave","floor":15,"key":"SMITH"}],"circlet_count":0,"master_deck":["AscendersBane","Strike_R","Strike_R","Strike_R","Strike_R","Defend_R","Defend_R","Defend_R","Bash+1","Uppercut+1","Cleave","Pommel Strike+1","Cleave+1"],"relics":["Burning Blood","NeowsBlessing","halation:IllGainedPizza","Matryoshka","Pondfish Scales"],"acts_visited":["Exordium"],"potions_floor_usage":[10,12,14],"damage_taken":[{"damage":0,"enemies":"Cultist","floor":1,"turns":1},{"damage":0,"enemies":"Jaw Worm","floor":3,"turns":1},{"damage":0,"enemies":"3 Sentries","floor":7,"turns":2},{"damage":31,"enemies":"Lagavulin","floor":10,"turns":6},{"damage":15,"enemies":"Small Slimes","floor":11,"turns":3},{"damage":0,"enemies":"Exordium Wildlife","floor":12,"turns":2},{"damage":38,"enemies":"3 Sentries","floor":14,"turns":7},{"damage":55,"enemies":"Fading Forest","floor":16,"turns":10}],"seed_played":"-948703983253460255","potions_obtained":[{"floor":7,"key":"Swift Potion"},{"floor":11,"key":"Explosive Potion"},{"floor":12,"key":"LifebloodPotion"}],"is_trial":false,"path_per_floor":["M","?","M","?","$","R","E","R","T","E","M","M","R","E","R","B"],"character_chosen":"IRONCLAD","items_purchased":["Cleave"],"campfire_rested":0,"item_purchase_floors":[5],"current_hp_per_floor":[78,78,80,80,80,80,80,80,80,55,46,52,52,20,20,0,0],"gold":227,"neow_bonus":"THREE_ENEMY_KILL","is_daily":false,"chose_seed":false,"campfire_upgraded":3,"win_rate":0.0,"timestamp":1614190661,"path_taken":["M","?","M","?","$","R","E","R","T","E","M","?","R","E","R","BOSS"],"items_purchased_type":["Card"],"build_version":"2020-12-22","purchased_purges":1,"victory":false,"max_hp_per_floor":[80,80,80,80,80,80,80,80,80,80,80,80,80,80,80,80,80],"card_choices":[{"not_picked":["conspire:Charge","Dark Embrace","StuffTheSpire:RockThrow"],"picked":"SKIP","floor":1},{"not_picked":["Iron Wave","Run Through"],"picked":"Uppercut","floor":3},{"not_picked":["Ghostly Armor","Wild Strike"],"picked":"Pommel Strike","floor":7},{"not_picked":["Second Wind","Offering","Power Through"],"picked":"SKIP","floor":10},{"not_picked":["Entrench","Headbutt","Warcry"],"picked":"SKIP","floor":11},{"not_picked":["Whirlwind","Flex","Run Through"],"picked":"SKIP","floor":12},{"not_picked":["Hemogenesis","Headbutt"],"picked":"Cleave","floor":14}],"player_experience":3240418,"relics_obtained":[{"floor":7,"key":"halation:IllGainedPizza"},{"floor":10,"key":"Matryoshka"},{"floor":14,"key":"Pondfish Scales"}],"event_choices":[{"cards_removed":["Strike_R"],"damage_healed":0,"gold_gain":0,"player_choice":"Offered Basic","damage_taken":0,"max_hp_gain":0,"max_hp_loss":0,"event_name":"Bonfire Elementals","floor":4,"gold_loss":0}],"is_beta":false,"boss_relics":[],"items_purged_floors":[5],"is_endless":false,"potions_floor_spawned":[7,11,12],"killed_by":"Fading Forest","ascension_level":11}}