{"host":"os9owiyb0rak6c8n","time":1614200986,"event":{"mods":["AchievementEnabler","Astrologer","BaseMod","Beaked The Cultist","Better Third Choice","Block Reminder","Colored Map","Colored Powertips","Curses Come First","Dio Mod","Minty Spire (QoL Compilation)","Shapeshifter Mod","Spicy Shops","StSLib","The Death Knight","The Necromancer"],"gold_per_floor":[111,125,2,16,33,33,33,33,33,33,77,51,92,92,92,185,185,199,224,224,139,139,178,178,209,236,236,11,11,51,51,51,51,51],"floor_reached":33,"language":"ENG","playtime":1040,"items_purged":["Injury"],"score":547,"play_id":"a0943db1-e3b8-4fef-a378-f0f089bd13c5","local_time":"20210224220946","is_ascension_mode":true,"campfire_choices":[{"data":"Deadly Poison","floor":6,"key":"SMITH"},{"data":"Infinite Blades","floor":8,"key":"SMITH"},{"floor":10,"key":"REST"},{"floor":15,"key":"REST"},{"floor":24,"key":"REST"},{"data":"Burst","floor":27,"key":"SMITH"},{"data":"Catalyst","floor":29,"key":"SMITH"},{"floor":32,"key":"REST"}],"circlet_count":0,"master_deck":["AscendersBane","Defend_G","Defend_G","Defend_G","Defend_G","Defend_G","Survivor","Neutralize","Sucker Punch","Poisoned Stab","Poisoned Stab+1","Infinite Blades+1","Deadly Poison+1","Corpse Explosion","Dodge and Roll","Dagger Spray","Burst+1","Acrobatics","Blade Dance","Crippling Poison","Accuracy+1","Catalyst+1","Bite","Bite","Bite","Bite","Bite"],"relics":["Ring of the Snake","Golden Idol","Frozen Egg 2","Regal Pillow","Anchor","WristBlade","Nunchaku","Tiny Chest","Orichalcum","Darkstone Periapt","Whetstone","Tough Bandages"],"acts_visited":["Exordium","TheCity"],"potions_floor_usage":[11,23,23,33,33],"damage_taken":[{"damage":1,"enemies":"2 Louse","floor":1,"turns":3},{"damage":0,"enemies":"Jaw Worm","floor":2,"turns":5},{"damage":0,"enemies":"Small Slimes","floor":4,"turns":3},{"damage":10,"enemies":"3 Louse","floor":5,"turns":4},{"damage":15,"enemies":"Gremlin Nob","floor":11,"turns":4},{"damage":27,"enemies":"3 Sentries","floor":13,"turns":3},{"damage":52,"enemies":"The Guardian","floor":16,"turns":11},{"damage":0,"enemies":"Chosen","floor":18,"turns":4},{"damage":12,"enemies":"Shell Parasite","floor":19,"turns":5},{"damage":32,"enemies":"Book of Stabbing","floor":23,"turns":5},{"damage":16,"enemies":"Slavers","floor":25,"turns":4},{"damage":26,"enemies":"Gremlin Leader","floor":30,"turns":6},{"damage":49,"enemies":"Champ","floor":33,"turns":7}],"seed_played":"6952446112376449587","potions_obtained":[{"floor":4,"key":"Weak Potion"},{"floor":13,"key":"Fruit Juice"},{"floor":16,"key":"GhostInAJar"},{"floor":25,"key":"CunningPotion"},{"floor":30,"key":"ColorlessPotion"}],"is_trial":false,"path_per_floor":["M","M","$","M","M","R","?","R","T","R","E","$","E","?","R","B",null,"M","M","?","?","?","E","R","E","T","R","$","R","E","?","R","B"],"character_chosen":"THE_SILENT","items_purchased":["Infinite Blades","Dodge and Roll","Accuracy+1","Catalyst"],"campfire_rested":4,"item_purchase_floors":[3,12,28,28],"current_hp_per_floor":[58,58,58,58,48,48,48,48,48,66,51,51,24,24,58,6,51,51,39,39,39,61,34,66,50,50,50,50,50,24,24,46,0,0],"gold":51,"neow_bonus":"THREE_CARDS","is_daily":false,"chose_seed":false,"campfire_upgraded":4,"win_rate":0.0,"timestamp":1614200986,"path_taken":["M","M","$","M","M","R","?","R","T","R","E","$","E","?","R","BOSS","M","M","?","?","?","E","R","E","T","R","$","R","E","?","R","BOSS"],"items_purchased_type":["Card","Card","Card","Card"],"build_version":"2020-12-22","purchased_purges":1,"victory":false,"max_hp_per_floor":[66,66,66,66,66,66,66,66,66,66,66,66,66,66,66,66,66,66,66,66,66,61,66,66,66,66,66,66,66,66,46,46,46,46],"card_choices":[{"not_picked":["Underhanded Strike","Blade Dance"],"picked":"Sucker Punch","floor":0},{"not_picked":["Backflip","Dagger Throw"],"picked":"Poisoned Stab","floor":1},{"not_picked":["Riddle With Holes","Concentrate"],"picked":"Poisoned Stab","floor":2},{"not_picked":["Concentrate","All Out Attack"],"picked":"Deadly Poison","floor":4},{"not_picked":["Tactician","Flying Knee","Setup"],"picked":"SKIP","floor":5},{"not_picked":["Outmaneuver","PiercingWail"],"picked":"Corpse Explosion","floor":11},{"not_picked":["A Thousand Cuts+1","Cloak And Dagger"],"picked":"Dagger Spray","floor":13},{"not_picked":["Doppelganger","Adrenaline"],"picked":"Burst","floor":16},{"not_picked":["Poisoned Stab","Quick Slash"],"picked":"Acrobatics","floor":18},{"not_picked":["Deflect","Backflip"],"picked":"Blade Dance","floor":19},{"not_picked":["Poisoned Stab+1","Choke"],"picked":"Crippling Poison","floor":23},{"not_picked":["Slice","Choke","Riddle With Holes"],"picked":"SKIP","floor":25},{"not_picked":["Deflect","Masterful Stab","Blade Dance"],"picked":"SKIP","floor":30}],"player_experience":626492,"relics_obtained":[{"floor":9,"key":"Frozen Egg 2"},{"floor":11,"key":"Regal Pillow"},{"floor":13,"key":"Anchor"},{"floor":23,"key":"Orichalcum"},{"floor":25,"key":"Darkstone Periapt"},{"floor":26,"key":"Whetstone"},{"floor":30,"key":"Tough Bandages"}],"event_choices":[{"damage_healed":0,"gold_gain":0,"player_choice":"Take Wound","damage_taken":0,"relics_obtained":["Golden Idol"],"max_hp_gain":0,"max_hp_loss":0,"event_name":"Golden Idol","floor":7,"gold_loss":0,"cards_obtained":["Injury"]},{"damage_healed":0,"gold_gain":0,"player_choice":"Searched \u00270\u0027 times","damage_taken":0,"max_hp_gain":0,"max_hp_loss":0,"event_name":"Dead Adventurer","floor":14,"gold_loss":0},{"damage_healed":0,"gold_gain":0,"player_choice":"Opened","damage_taken":0,"relics_obtained":["Nunchaku"],"max_hp_gain":0,"max_hp_loss":0,"event_name":"The Mausoleum","floor":20,"gold_loss":0},{"damage_healed":0,"gold_gain":0,"player_choice":"Obtained Relic","damage_taken":0,"relics_obtained":["Tiny Chest"],"max_hp_gain":0,"max_hp_loss":0,"event_name":"Addict","floor":21,"gold_loss":85},{"damage_healed":0,"gold_gain":0,"player_choice":"Became a vampire","damage_taken":0,"max_hp_gain":0,"max_hp_loss":20,"event_name":"Vampires","floor":31,"gold_loss":0,"cards_obtained":["Bite","Bite","Bite","Bite","Bite"]}],"is_beta":false,"boss_relics":[{"not_picked":["Velvet Choker","SlaversCollar"],"picked":"WristBlade"}],"items_purged_floors":[28],"is_endless":false,"potions_floor_spawned":[4,13,16,25,30],"killed_by":"Champ","ascension_level":14}}