{"host":"tq99ucv8ezzqzioe","time":1614145526,"event":{"mods":["BaseMod","Colored Map","Downfall","Highlight Path","Minty Spire (QoL Compilation)","StSLib"],"gold_per_floor":[111,76,6,18,32,66,78,78,103,103,117,292,324,339,339,440,440,454,454,471,482,42,42,42,42],"floor_reached":24,"language":"ENG","playtime":1533,"items_purged":["Strike_P"],"score":291,"play_id":"ceb8421f-190b-42e1-a9c6-a91a7c704375","local_time":"20210224004526","is_ascension_mode":true,"campfire_choices":[{"floor":8,"key":"REST"},{"data":"Eruption","floor":10,"key":"SMITH"},{"floor":15,"key":"REST"},{"floor":23,"key":"RECALL"}],"circlet_count":0,"master_deck":["Strike_P","Strike_P","Strike_P","Defend_P","Defend_P","Defend_P","Defend_P","Eruption+1","Vigilance","CarveReality","DeusExMachina","Protect","Prostrate","Swivel","SandsOfTime","DeusExMachina","Doubt","DeceiveReality","ReachHeaven","Brilliance","CurseOfTheBell","Study","WaveOfTheHand","BowlingBash","Omniscience","CutThroughFate","EmptyBody"],"relics":["PureWater","Du-Vu Doll","Toy Ornithopter","PreservedInsect","Calling Bell","Centennial Puzzle","Blue Candle","Lizard Tail","Bag of Preparation"],"acts_visited":["Exordium","TheCity"],"potions_floor_usage":[11,13,24],"damage_taken":[{"damage":6,"enemies":"Small Slimes","floor":1,"turns":5},{"damage":0,"enemies":"2 Louse","floor":4,"turns":3},{"damage":0,"enemies":"Cultist","floor":5,"turns":4},{"damage":36,"enemies":"Lagavulin","floor":6,"turns":8},{"damage":0,"enemies":"Blue Slaver","floor":7,"turns":4},{"damage":1,"enemies":"Gremlin Gang","floor":11,"turns":4},{"damage":13,"enemies":"3 Sentries","floor":13,"turns":7},{"damage":22,"enemies":"3 Louse","floor":14,"turns":3},{"damage":60,"enemies":"Slime Boss","floor":16,"turns":16},{"damage":6,"enemies":"2 Thieves","floor":18,"turns":4},{"damage":17,"enemies":"Shell Parasite","floor":20,"turns":7},{"damage":43,"enemies":"Cultist and Chosen","floor":21,"turns":8},{"damage":32,"enemies":"Book of Stabbing","floor":24,"turns":5}],"seed_played":"7970587880243228307","potions_obtained":[{"floor":6,"key":"Explosive Potion"},{"floor":11,"key":"SneckoOil"},{"floor":13,"key":"FairyPotion"},{"floor":16,"key":"Explosive Potion"},{"floor":18,"key":"SpeedPotion"},{"floor":21,"key":"sneckomod:MuddlingPotion"}],"is_trial":false,"path_per_floor":["M","?","$","M","M","E","M","R","T","R","M","?","E","M","R","B",null,"M","?","M","M","$","R","E"],"character_chosen":"WATCHER","items_purchased":["DeusExMachina","Omniscience","Bag of Preparation","CutThroughFate","EmptyBody"],"campfire_rested":2,"item_purchase_floors":[3,22,22,22,22],"current_hp_per_floor":[41,59,59,59,59,23,23,44,44,44,48,48,40,18,39,1,54,48,48,31,26,26,26,0,0],"gold":42,"neow_bonus":"ONE_RARE_RELIC","is_daily":false,"chose_seed":false,"campfire_upgraded":1,"win_rate":0.0,"timestamp":1614145526,"path_taken":["M","?","$","M","M","E","M","R","T","R","M","?","E","M","R","BOSS","M","?","M","M","?","R","E"],"items_purchased_type":["Card","Card","Relic","Card","Card"],"build_version":"2020-12-22","purchased_purges":1,"victory":false,"max_hp_per_floor":[72,72,72,72,72,72,72,72,72,72,72,72,72,72,72,72,72,72,72,72,72,72,72,72,72],"card_choices":[{"not_picked":["Halt","CrushJoints"],"picked":"CarveReality","floor":1},{"not_picked":["Pray","FlurryOfBlows"],"picked":"Protect","floor":4},{"not_picked":["FlyingSleeves","Meditate"],"picked":"Prostrate","floor":5},{"not_picked":["SignatureMove","CutThroughFate"],"picked":"Swivel","floor":6},{"not_picked":["Crescendo","FlurryOfBlows"],"picked":"SandsOfTime","floor":7},{"not_picked":["PathToVictory","WindmillStrike"],"picked":"DeusExMachina","floor":11},{"not_picked":["Consecrate","Study"],"picked":"DeceiveReality","floor":13},{"not_picked":["JustLucky","SashWhip"],"picked":"ReachHeaven","floor":14},{"not_picked":["LessonLearned","Omniscience"],"picked":"Brilliance","floor":16},{"not_picked":["PathToVictory","Halt"],"picked":"Study","floor":18},{"not_picked":["PathToVictory","EmptyMind"],"picked":"WaveOfTheHand","floor":20},{"not_picked":["Adaptation","EmptyBody"],"picked":"BowlingBash","floor":21}],"player_experience":1039940,"relics_obtained":[{"floor":6,"key":"Toy Ornithopter"},{"floor":13,"key":"PreservedInsect"},{"floor":17,"key":"Centennial Puzzle"},{"floor":17,"key":"Blue Candle"},{"floor":17,"key":"Lizard Tail"}],"event_choices":[{"damage_healed":18,"gold_gain":0,"player_choice":"Healed","damage_taken":0,"max_hp_gain":0,"max_hp_loss":0,"event_name":"The Cleric","floor":2,"gold_loss":35},{"damage_healed":0,"gold_gain":175,"player_choice":"AGREE","damage_taken":0,"max_hp_gain":0,"max_hp_loss":0,"event_name":"Liars Game","floor":12,"gold_loss":0,"cards_obtained":["Doubt"]},{"damage_healed":0,"gold_gain":0,"player_choice":"Ignored","damage_taken":0,"max_hp_gain":0,"max_hp_loss":0,"event_name":"Fountain of Cleansing","floor":19,"gold_loss":0}],"is_beta":false,"boss_relics":[{"not_picked":["SacredBark","Ectoplasm"],"picked":"Calling Bell"}],"items_purged_floors":[22],"is_endless":false,"potions_floor_spawned":[6,11,13,16,18,21],"killed_by":"Book of Stabbing","ascension_level":8}}