{"host":"aycnbidq9d24owrh","time":1614157742,"event":{"mods":["Bard","BaseMod","BetterRewards","Colored Map","Downfall","Infinite Spire","Minty Spire (QoL Compilation)","Replay The Spire","Shop Mod","Spire Arcade","StSLib","The Cursed","The Disciple","The Hierophant","The Jungle","The Runesmith","TheBandit"],"gold_per_floor":[112,132,143,143,159,188,188,206,206,206,217,217,237,81,81,184,184,201,220,238,1,100,126,126,138,138,151,170,15,35,47,47,47,47],"floor_reached":33,"language":"ENG","playtime":1280,"items_purged":[],"score":275,"play_id":"899f8b6f-84df-44b1-b9f4-9a9ba7fcc721","local_time":"20210224010902","is_ascension_mode":false,"campfire_choices":[{"data":"Perfected Strike","floor":7,"key":"SMITH"},{"data":"Strike_R","floor":12,"key":"SMITH"},{"floor":32,"key":"REST"}],"circlet_count":0,"master_deck":["Strike_R","Strike_R","Strike_R","Strike_R","Strike_R","Defend_R","Defend_R","Defend_R","Bash","Whirlwind","Clash+1","Perfected Strike+1","Strike_R+1","Pommel Strike","Replay:Many Hands","Havoc","Pommel Strike","Anger","Warcry+1","Life Link+1","Shrug It Off+1","Twin Strike+1","Pommel Strike+1","Corruption+1","Seeing Red","Clash+1","Shrug It Off","Jack Of All Trades+1","Cleave+1","Burning Pact+1","Rage+1","Replay:Undeath\u0027s Touch+1","Twin Strike","Sentinel+1"],"relics":["Burning Blood","NeowsBlessing","Red Skull","Golden Egg","Orrery","Snecko Eye","Lee\u0027s Waffle","Replay:Wax Seal","Magic Flower","ReplayTheSpireMod:Spearhead","TheAbacus"],"acts_visited":["Exordium","TheCity"],"potions_floor_usage":[6,6,16,23,23,23,25,33,33],"damage_taken":[{"damage":0,"enemies":"2 Louse","floor":1,"turns":1},{"damage":0,"enemies":"Cultist","floor":2,"turns":1},{"damage":0,"enemies":"Small Slimes","floor":3,"turns":1},{"damage":9,"enemies":"Exordium Thugs","floor":5,"turns":4},{"damage":2,"enemies":"Gremlin Nob","floor":6,"turns":4},{"damage":7,"enemies":"Blue Slaver","floor":8,"turns":2},{"damage":9,"enemies":"Exordium Wildlife","floor":11,"turns":2},{"damage":10,"enemies":"Looter","floor":13,"turns":2},{"damage":58,"enemies":"The Guardian","floor":16,"turns":6},{"damage":30,"enemies":"Shell Parasite","floor":18,"turns":5},{"damage":0,"enemies":"Spheric Guardian","floor":19,"turns":2},{"damage":10,"enemies":"Chosen and Byrds","floor":20,"turns":4},{"damage":39,"enemies":"Gremlin Leader","floor":23,"turns":6},{"damage":0,"enemies":"Cultist and Chosen","floor":25,"turns":5},{"damage":6,"enemies":"Shelled Parasite and Fungi","floor":27,"turns":2},{"damage":16,"enemies":"Centurion and Healer","floor":28,"turns":6},{"damage":21,"enemies":"Snake Plant","floor":30,"turns":3},{"damage":10,"enemies":"Cultist and Chosen","floor":31,"turns":4},{"damage":81,"enemies":"Automaton","floor":33,"turns":10}],"seed_played":"5921979697912672613","potions_obtained":[{"floor":2,"key":"EssenceOfSteel"},{"floor":3,"key":"Flashbang"},{"floor":8,"key":"ColorlessPotion"},{"floor":10,"key":"SneckoOil"},{"floor":10,"key":"Guardian:BlockOnCardUsePotion"},{"floor":13,"key":"Doom Potion"},{"floor":19,"key":"Milkshake"},{"floor":20,"key":"Weak Potion"},{"floor":31,"key":"sneckomod:MuddlingPotion"}],"is_trial":false,"path_per_floor":["M","M","M","?","M","E","R","M","T","?","M","R","M","$","R_BF","B",null,"M","M","M","$","?","E","?","M","T","M","M","$","M","M","R","B"],"character_chosen":"IRONCLAD","items_purchased":["Orrery","Lee\u0027s Waffle","Jack Of All Trades","TheAbacus"],"campfire_rested":1,"item_purchase_floors":[14,21,21,29],"current_hp_per_floor":[80,80,80,80,77,80,80,79,79,79,76,76,72,72,80,28,80,56,62,58,87,87,54,54,63,63,66,59,59,47,46,72,0,0],"gold":47,"neow_bonus":"THREE_ENEMY_KILL","is_daily":false,"chose_seed":false,"campfire_upgraded":2,"win_rate":0.0,"timestamp":1614157742,"path_taken":["M","M","M","?","?","E","R","M","T","?","?","R","M","$","R_BF","BOSS","M","M","M","$","?","E","?","M","T","M","M","$","M","?","R","BOSS"],"items_purchased_type":["Relic","Relic","Card","Relic"],"build_version":"2020-12-22","purchased_purges":0,"victory":false,"max_hp_per_floor":[80,80,80,80,80,80,80,80,80,80,80,80,80,80,80,80,80,80,80,80,87,87,87,87,87,87,87,87,87,87,87,87,87,87],"card_choices":[{"not_picked":["Dark Embrace","Sword Boomerang"],"picked":"Whirlwind","floor":1},{"not_picked":["True Grit","Clothesline"],"picked":"Clash","floor":2},{"not_picked":["Cleave","Pummel"],"picked":"Perfected Strike","floor":3},{"not_picked":["Thunderclap","ReplayTheSpireMod:Strike From Hell"],"picked":"Pommel Strike","floor":5},{"not_picked":["Fiend Fire","Sentinel"],"picked":"Replay:Many Hands","floor":6},{"not_picked":["Abandon","Run Through"],"picked":"Havoc","floor":8},{"not_picked":["Clash","Hemokinesis"],"picked":"Pommel Strike","floor":11},{"not_picked":["Hemokinesis","ReplayTheSpireMod:Muscle Training"],"picked":"Anger","floor":13},{"not_picked":["ReplayReversal","Combust"],"picked":"Warcry","floor":14},{"not_picked":["Rupture","Run Through"],"picked":"Life Link","floor":14},{"not_picked":["Reckless Charge","Replay:Undeath\u0027s Touch"],"picked":"Shrug It Off","floor":14},{"not_picked":["Massacre","Body Slam"],"picked":"Twin Strike","floor":14},{"not_picked":["Impervious","Iron Wave"],"picked":"Pommel Strike","floor":14},{"not_picked":["Offering","Fiend Fire"],"picked":"Corruption","floor":16},{"not_picked":["Cleave","Shrug It Off"],"picked":"Seeing Red","floor":18},{"not_picked":["Havoc+1","Rupture"],"picked":"Clash+1","floor":19},{"not_picked":["Defy Death","Headbutt"],"picked":"Shrug It Off","floor":20},{"not_picked":["Clash","Reckless Charge"],"picked":"Cleave+1","floor":23},{"not_picked":["True Grit","Sword Boomerang"],"picked":"Burning Pact+1","floor":25},{"not_picked":["Heavy Blade","Burning Pact+1"],"picked":"Rage+1","floor":27},{"not_picked":["Headbutt+1","Clothesline"],"picked":"Replay:Undeath\u0027s Touch+1","floor":28},{"not_picked":["Havoc","Warcry"],"picked":"Twin Strike","floor":30},{"not_picked":["Abandon","Cleave"],"picked":"Sentinel+1","floor":31}],"player_experience":16052,"relics_obtained":[{"floor":6,"key":"Red Skull"},{"floor":9,"key":"Golden Egg"},{"floor":23,"key":"Replay:Wax Seal"},{"floor":26,"key":"ReplayTheSpireMod:Spearhead"}],"event_choices":[{"cards_removed":["Defend_R"],"damage_healed":0,"gold_gain":0,"player_choice":"Took Card","damage_taken":0,"max_hp_gain":0,"max_hp_loss":0,"event_name":"NoteForYourself","floor":4,"gold_loss":0,"cards_obtained":["Strike_R"]},{"damage_healed":0,"gold_gain":0,"player_choice":"Got Potions","damage_taken":0,"max_hp_gain":0,"max_hp_loss":0,"event_name":"Lab","floor":10,"gold_loss":0},{"damage_healed":0,"gold_gain":99,"player_choice":"Stole From Cult","damage_taken":0,"max_hp_gain":0,"max_hp_loss":0,"event_name":"Nest","floor":22,"gold_loss":0}],"is_beta":false,"boss_relics":[{"not_picked":["Replay:Grab Bag","Empty Cage"],"picked":"Snecko Eye"}],"items_purged_floors":[],"is_endless":false,"potions_floor_spawned":[2,3,8,13,19,20,23,31],"killed_by":"Automaton","ascension_level":0}}