{"host":"y087t2reloz9bi43","time":1614180762,"event":{"mods":["2.2 Compatiblity","AchievementEnabler","Aspiration","BaseMod","Bestiary","Better Note","Better Vampires","BetterRewards","ChefMod","Colored Map","Colored Powertips","Conspire","Downfall","GifTheSpireLib","Gold Saver","Halation","Hubris","Infinite Spire","Jedi Mod","Mimic Mod","Minty Spire (QoL Compilation)","Permanent Neow","Rare Cards Sparkle","Relic Stats","Reliquary","Replay The Spire","Shop Mod","StSLib","The Runesmith","The Servant 0.9.4","TheFirefly","Transform Curses","Uncapped","everything is the same but u backflip on backflip"],"gold_per_floor":[111,111,111,130,140,140,140,140],"floor_reached":7,"language":"ENG","playtime":464,"items_purged":[],"score":66,"play_id":"c3374226-904a-47c1-b556-a43ee700d34c","local_time":"20210224153242","is_ascension_mode":false,"campfire_choices":[{"data":"Duplication","floor":6,"key":"SMITH"}],"circlet_count":0,"master_deck":["conspire:GhostlyStrike","conspire:GhostlyStrike","conspire:GhostlyStrike","conspire:GhostlyDefend","conspire:GhostlyDefend","conspire:GhostlyDefend","conspire:GhostlyDefend","KidneyShot","Exchange","Duplication+1","ShatteredReality","Sabotage"],"relics":["Uniform"],"acts_visited":["Exordium"],"potions_floor_usage":[7],"damage_taken":[{"damage":1,"enemies":"Cultist","floor":1,"turns":4},{"damage":19,"enemies":"Small Slimes","floor":4,"turns":4},{"damage":3,"enemies":"Jaw Worm","floor":5,"turns":4},{"damage":44,"enemies":"3 Sentries","floor":7,"turns":13}],"seed_played":"-5535356144082428456","potions_obtained":[{"floor":4,"key":"jedi:wingpotion"},{"floor":5,"key":"EssenceOfSteel"}],"is_trial":false,"path_per_floor":["M","?","?","M","M","R","E"],"character_chosen":"THE_SERVANT","items_purchased":[],"campfire_rested":0,"item_purchase_floors":[],"current_hp_per_floor":[64,64,64,45,42,42,0,0],"gold":140,"neow_bonus":"ONE_RANDOM_RARE_CARD","is_daily":false,"chose_seed":false,"campfire_upgraded":1,"win_rate":0.0,"timestamp":1614180762,"path_taken":["M","?","?","M","M","R","E"],"items_purchased_type":[],"build_version":"2020-12-22","purchased_purges":0,"victory":false,"max_hp_per_floor":[65,65,65,65,65,65,65,65],"relic_stats":{"counters":[4,25],"obtain_stats":[{"Uniform":0},{"Uniform":0},{"Uniform":0}]},"card_choices":[{"not_picked":["Ricochet","TimeWarp"],"picked":"ShatteredReality","floor":1},{"not_picked":["RealityMarble","Revamp","DoubleEdge"],"picked":"SKIP","floor":4},{"not_picked":["Collapse","Comet"],"picked":"Sabotage","floor":5}],"player_experience":380323,"relics_obtained":[],"event_choices":[{"damage_healed":0,"gold_gain":0,"player_choice":"Agree","damage_taken":0,"max_hp_gain":0,"max_hp_loss":0,"event_name":"conspire:LoneGhost","floor":3,"gold_loss":0}],"is_beta":false,"boss_relics":[],"items_purged_floors":[],"is_endless":false,"potions_floor_spawned":[4,5],"killed_by":"3 Sentries","ascension_level":0}}