{"host":"r6jigiblrojhp6xe","time":1614164557,"event":{"mods":["AchievementEnabler","BaseMod","DeckTracker","Hermit","Minty Spire (QoL Compilation)","Quick Restart","Rare Cards Sparkle","Relic Stats","StSLib","SuperFastMode","everything is the same but u backflip on backflip"],"gold_per_floor":[115,115,134,134,50,82,106,124,124,151,151,166,166,184,184,263,263,281,281,112,127,152,179,179,179],"floor_reached":24,"language":"KOR","playtime":563,"items_purged":["Strike_R"],"score":498,"play_id":"44f71c17-0f18-4598-ba4d-2c0dfe76a62b","local_time":"20210224200237","is_ascension_mode":true,"campfire_choices":[{"data":"Inflame","floor":11.0,"key":"SMITH"},{"data":"Sword Boomerang","floor":13.0,"key":"SMITH"},{"data":"Body Slam","floor":15.0,"key":"SMITH"}],"circlet_count":0,"master_deck":["AscendersBane","Strike_R","Strike_R","Strike_R","Strike_R","Defend_R","Defend_R","Defend_R","Defend_R","Bash","Thunderclap+1","Inflame+1","Body Slam+1","Shrug It Off","Sword Boomerang+1","Second Wind","Feed","Twin Strike","Flash of Steel","Power Through"],"relics":["Burning Blood","NeowsBlessing","Lizard Tail","Bird Faced Urn","Odd Mushroom","Eternal Feather","Cursed Key","Red Mask","Molten Egg 2"],"acts_visited":["Exordium","TheCity"],"potions_floor_usage":[18,22],"damage_taken":[{"damage":0.0,"enemies":"2 Louse","floor":1.0,"turns":1.0},{"damage":0.0,"enemies":"Cultist","floor":3.0,"turns":1.0},{"damage":0.0,"enemies":"3 Sentries","floor":6.0,"turns":1.0},{"damage":20.0,"enemies":"The Mushroom Lair","floor":7.0,"turns":4.0},{"damage":0.0,"enemies":"Small Slimes","floor":8.0,"turns":4.0},{"damage":30.0,"enemies":"Lagavulin","floor":10.0,"turns":6.0},{"damage":13.0,"enemies":"Looter","floor":12.0,"turns":5.0},{"damage":17.0,"enemies":"3 Louse","floor":14.0,"turns":3.0},{"damage":48.0,"enemies":"Hexaghost","floor":16.0,"turns":6.0},{"damage":18,"enemies":"Chosen","floor":18,"turns":5},{"damage":24,"enemies":"3 Byrds","floor":21,"turns":6},{"damage":8,"enemies":"Masked Bandits","floor":22,"turns":3},{"damage":81,"enemies":"Book of Stabbing","floor":23,"turns":6},{"damage":16,"enemies":"Snake Plant","floor":24,"turns":2}],"seed_played":"-6263664642643390671","potions_obtained":[{"floor":6.0,"key":"FearPotion"},{"floor":8.0,"key":"FearPotion"},{"floor":14.0,"key":"Strength Potion"},{"floor":16.0,"key":"ColorlessPotion"},{"floor":18,"key":"Strength Potion"},{"floor":23,"key":"BlessingOfTheForge"}],"is_trial":false,"path_per_floor":["M","?","M","T","$","E","?","M","T","E","R","M","R","M","R","B",null,"M","?","$","M","?","E","M"],"character_chosen":"IRONCLAD","items_purchased":["Inflame","Flash of Steel"],"campfire_rested":0,"item_purchase_floors":[5,20],"current_hp_per_floor":[74,74,75,75,75,75,61,69,69,47,56,51,60,51,60,20,61,56,56,56,40,40,14,0,0],"gold":179,"neow_bonus":"THREE_ENEMY_KILL","is_daily":false,"chose_seed":false,"campfire_upgraded":3,"win_rate":0.0,"timestamp":1614164557,"path_taken":["M","?","?","?","$","E","?","M","T","E","R","M","R","M","R","BOSS","M","?","$","M","?","E","M"],"items_purchased_type":["Card","Card"],"build_version":"2020-12-22","purchased_purges":1,"victory":false,"max_hp_per_floor":[75,75,75,75,75,75,75,75,75,75,75,75,75,75,75,75,75,78,78,78,78,78,81,81,81],"relic_stats":{"Lizard Tail":39,"counters":[14,53],"Bird Faced Urn":[22],"Eternal Feather":27,"Cursed Key":0,"obtain_stats":[{"Lizard Tail":4,"NeowsBlessing":0,"Bird Faced Urn":6,"Eternal Feather":10,"Molten Egg 2":23,"Red Mask":22,"Odd Mushroom":7,"Cursed Key":17,"Burning Blood":0},{"Lizard Tail":2,"NeowsBlessing":0,"Bird Faced Urn":3,"Eternal Feather":6,"Molten Egg 2":13,"Red Mask":12,"Odd Mushroom":4,"Cursed Key":9,"Burning Blood":0},{"Lizard Tail":2,"NeowsBlessing":0,"Bird Faced Urn":3,"Eternal Feather":17,"Molten Egg 2":51,"Red Mask":45,"Odd Mushroom":7,"Cursed Key":31,"Burning Blood":0}],"Burning Blood":67},"card_choices":[{"not_picked":["Clothesline","Entrench"],"picked":"Thunderclap","floor":1.0},{"not_picked":["Iron Wave","Sword Boomerang","Body Slam"],"picked":"SKIP","floor":3.0},{"not_picked":["Searing Blow","Clothesline"],"picked":"Body Slam","floor":6.0},{"not_picked":["Carnage","Thunderclap"],"picked":"Shrug It Off","floor":8.0},{"not_picked":["Heavy Blade","Demon Form"],"picked":"Sword Boomerang","floor":10.0},{"not_picked":["Perfected Strike","Pommel Strike"],"picked":"Second Wind","floor":12.0},{"not_picked":["Iron Wave","Body Slam","Metallicize"],"picked":"SKIP","floor":14.0},{"not_picked":["Corruption","Double Tap"],"picked":"Feed","floor":16.0},{"not_picked":["Whirlwind","Thunderclap"],"picked":"Twin Strike","floor":18},{"not_picked":["Fire Breathing+1","Carnage"],"picked":"Power Through","floor":21},{"not_picked":["Combust","Pummel+1","Sentinel"],"picked":"SKIP","floor":23}],"player_experience":619372,"relics_obtained":[{"floor":4.0,"key":"Lizard Tail"},{"floor":6.0,"key":"Bird Faced Urn"},{"floor":7.0,"key":"Odd Mushroom"},{"floor":10.0,"key":"Eternal Feather"},{"floor":22,"key":"Red Mask"},{"floor":23,"key":"Molten Egg 2"}],"event_choices":[{"damage_healed":0.0,"max_hp_gain":0.0,"max_hp_loss":0.0,"gold_gain":0.0,"event_name":"Accursed Blacksmith","player_choice":"Forge","floor":2.0,"gold_loss":0.0,"damage_taken":0.0,"cards_upgraded":["Thunderclap"]},{"damage_healed":0.0,"max_hp_gain":0.0,"max_hp_loss":0.0,"gold_gain":0.0,"event_name":"Mushrooms","player_choice":"Fought Mushrooms","floor":7.0,"gold_loss":0.0,"damage_taken":0.0},{"damage_healed":0,"gold_gain":0,"player_choice":"Ignored","damage_taken":0,"max_hp_gain":0,"max_hp_loss":0,"event_name":"The Mausoleum","floor":19,"gold_loss":0},{"damage_healed":0,"gold_gain":0,"player_choice":"Fought Bandits","damage_taken":0,"max_hp_gain":0,"max_hp_loss":0,"event_name":"Masked Bandits","floor":22,"gold_loss":0}],"is_beta":false,"boss_relics":[{"not_picked":["Black Star","SlaversCollar"],"picked":"Cursed Key"}],"items_purged_floors":[20],"is_endless":false,"potions_floor_spawned":[6,8,14,16,18,23],"killed_by":"Snake Plant","ascension_level":20}}