{"host":"watt8gvwfmxuscaf","time":1614202487,"event":{"mods":["100% Spire Juice","Act Like it!","Arknights","BaseMod","Bestiary","CatGirl Mod","Colored Map","Colored Powertips","Conspire","Downfall","GifTheSpireLib","Hermit","Hubris","Infinite Spire","Marisa????????","Minty Spire (QoL Compilation)","Quick Restart","Rare Cards Sparkle","Relic Stats","Replay The Spire","Shop Mod","StSLib","Stuff the Spire","SuperFastMode","The Alterego","The Animator","The Cursed","The Hierophant","The Marked","The Mystic","The Necromancer","The Poker Player","The Runesmith","The Servant 0.9.4","The Wild Card"],"gold_per_floor":[116,46,46,46,46,78,88,88,88,98,23,33,44,55,55,152,152,172,87,100,43,43,43],"floor_reached":22,"language":"ENG","playtime":818,"items_purged":["theMarked:Strike"],"score":211,"play_id":"95a9cbe8-8ab8-4d8f-a1e8-9c48453dc1e6","local_time":"20210224163447","is_ascension_mode":false,"campfire_choices":[{"data":"theMarked:BanishingStrike","floor":8,"key":"SMITH"},{"floor":15,"key":"REST"}],"circlet_count":0,"master_deck":["theMarked:Strike","theMarked:Strike","theMarked:Strike","theMarked:Defend","theMarked:Defend","theMarked:Defend","theMarked:Defend","theMarked:SoldierOfQuellstein","theMarked:Indomitable","theMarked:ShockingTouch+1","StuffTheSpire:CuriosityCurse","theMarked:ElectricStrings","theMarked:BanishingStrike+1","theMarked:Maelstrom","theMarked:TwofoldDefense","theMarked:Defy","theMarked:Memento","theMarked:ThrowWeapon","theMarked:ChainLightning+1"],"relics":["TheCursedMod:BlackMagic101","NeowsBlessing","Boot","infinitespire:Cubic Diamond","Replay:Wax Seal","StuffTheSpire:Rhapsscallions","SacredBark","MealTicket","Pondfish Scales"],"acts_visited":["Exordium","TheCity"],"potions_floor_usage":[16,16],"damage_taken":[{"damage":0,"enemies":"2 Louse","floor":1,"turns":1},{"damage":0,"enemies":"Replay:BlueRogue","floor":6,"turns":1},{"damage":0,"enemies":"ats:Genji","floor":7,"turns":1},{"damage":0,"enemies":"Small Slimes","floor":10,"turns":3},{"damage":13,"enemies":"Exordium Thugs","floor":12,"turns":4},{"damage":13,"enemies":"Exordium Wildlife","floor":13,"turns":4},{"damage":0,"enemies":"Large Slime","floor":14,"turns":5},{"damage":55,"enemies":"Hexaghost","floor":16,"turns":9},{"damage":51,"enemies":"Spheric Guardian","floor":18,"turns":7},{"damage":11,"enemies":"Chosen","floor":20,"turns":5},{"damage":16,"enemies":"Snecko","floor":22,"turns":3}],"seed_played":"6837535864684826489","potions_obtained":[{"floor":1,"key":"theMarked:ChargePotion"},{"floor":7,"key":"Weak Potion"},{"floor":10,"key":"theMarked:HoverShot"},{"floor":16,"key":"Explosive Potion"},{"floor":20,"key":"BlessingOfTheForge"}],"is_trial":false,"path_per_floor":["M","$","?","?","?","E","M","R","T","M","$","M","M","M","R","B",null,"M","?","M","?","M"],"character_chosen":"THE_DEFAULT","items_purchased":["theMarked:ShockingTouch"],"campfire_rested":1,"item_purchase_floors":[2],"current_hp_per_floor":[72,72,72,72,72,72,72,72,76,76,76,63,50,50,72,17,76,25,25,14,14,0,0],"gold":43,"neow_bonus":"THREE_ENEMY_KILL","is_daily":false,"chose_seed":false,"campfire_upgraded":1,"win_rate":0.0,"timestamp":1614202487,"path_taken":["M","$","?","?","?","E","M","R","T","M","?","M","?","M","R","BOSS","M","?","M","?","M"],"items_purchased_type":["Card"],"build_version":"2020-12-22","purchased_purges":1,"victory":false,"max_hp_per_floor":[72,72,72,72,72,72,72,72,76,76,76,76,76,76,76,76,76,76,76,76,76,76,76],"relic_stats":{"counters":[11,43],"MealTicket":0,"Boot":[9],"obtain_stats":[{"theMarked:ArtifactOfAir":0,"TheCursedMod:BlackMagic101":5,"Pondfish Scales":21,"NeowsBlessing":0,"StuffTheSpire:Rhapsscallions":9,"SacredBark":17,"MealTicket":19,"infinitespire:Cubic Diamond":5,"Replay:Wax Seal":6,"Boot":4},{"theMarked:ArtifactOfAir":0,"TheCursedMod:BlackMagic101":1,"Pondfish Scales":10,"NeowsBlessing":0,"StuffTheSpire:Rhapsscallions":3,"SacredBark":8,"MealTicket":9,"infinitespire:Cubic Diamond":1,"Replay:Wax Seal":2,"Boot":1},{"theMarked:ArtifactOfAir":0,"TheCursedMod:BlackMagic101":1,"Pondfish Scales":40,"NeowsBlessing":0,"StuffTheSpire:Rhapsscallions":3,"SacredBark":28,"MealTicket":35,"infinitespire:Cubic Diamond":1,"Replay:Wax Seal":2,"Boot":1}]},"card_choices":[{"not_picked":["theMarked:TwofoldDefense","theMarked:Parkour"],"picked":"theMarked:Indomitable","floor":1},{"not_picked":["theMarked:ChannelForce","theMarked:Reabsorb"],"picked":"theMarked:ElectricStrings","floor":6},{"not_picked":["theMarked:WastefulAttack","theMarked:SwordAndMagic"],"picked":"theMarked:BanishingStrike","floor":7},{"not_picked":["theMarked:Memento","theMarked:ElectricStrings"],"picked":"theMarked:Maelstrom","floor":10},{"not_picked":["theMarked:Aftermath","theMarked:Heritage"],"picked":"theMarked:TwofoldDefense","floor":12},{"not_picked":["theMarked:Memento","theMarked:Improvise"],"picked":"theMarked:Defy","floor":13},{"not_picked":["theMarked:Convert","theMarked:WardOff"],"picked":"theMarked:Memento","floor":14},{"not_picked":["theMarked:TurnInvisible","theMarked:Vacuum"],"picked":"theMarked:ThrowWeapon","floor":16},{"not_picked":["theMarked:Overthink","theMarked:Static+1"],"picked":"theMarked:ChainLightning+1","floor":18},{"not_picked":["theMarked:ChannelForce","theMarked:RepellingDischarge","theMarked:HeightenedSenses"],"picked":"SKIP","floor":20}],"player_experience":607638,"relics_obtained":[{"floor":6,"key":"Replay:Wax Seal"},{"floor":9,"key":"StuffTheSpire:Rhapsscallions"}],"event_choices":[{"damage_healed":0,"gold_gain":0,"player_choice":"Obtained Relic","damage_taken":0,"relics_obtained":["MealTicket"],"max_hp_gain":0,"max_hp_loss":0,"event_name":"Addict","floor":19,"gold_loss":85},{"damage_healed":0,"gold_gain":0,"player_choice":"Paid Gold","damage_taken":0,"relics_obtained":["Pondfish Scales"],"max_hp_gain":0,"max_hp_loss":0,"event_name":"WeMeetAgain","floor":21,"gold_loss":57}],"is_beta":false,"boss_relics":[{"not_picked":["Cursed Key","ChewingGum"],"picked":"SacredBark"}],"items_purged_floors":[11],"is_endless":false,"potions_floor_spawned":[1,7,10,16,20],"killed_by":"Snecko","ascension_level":0}}