{"host":"js2su9tbbk4rmjfl","time":1614185405,"event":{"mods":["AchievementEnabler","BaseMod","Block Reminder","Colored Map","Colored Powertips","Highlight Path","Minty Spire (QoL Compilation)","Relic Stats"],"gold_per_floor":[114,127,127,144,144,144,159,159,159],"floor_reached":8,"language":"ENG","playtime":510,"items_purged":[],"score":94,"play_id":"0f4724b0-9e9a-451e-9f3f-2c5717df8215","local_time":"20210224175005","is_ascension_mode":true,"campfire_choices":[{"data":"Dark Shackles","floor":6,"key":"SMITH"}],"circlet_count":0,"master_deck":["AscendersBane","Strike_R","Strike_R","Strike_R","Strike_R","Strike_R","Defend_R","Defend_R","Defend_R","Defend_R","Bash","Dark Shackles+1","Iron Wave","Cleave","Disarm+1"],"relics":["Burning Blood","Toxic Egg 2","Golden Idol"],"acts_visited":["Exordium"],"potions_floor_usage":[7,8],"damage_taken":[{"damage":7,"enemies":"Cultist","floor":1,"turns":4},{"damage":10,"enemies":"2 Louse","floor":2,"turns":3},{"damage":4,"enemies":"Jaw Worm","floor":4,"turns":4},{"damage":42,"enemies":"Gremlin Gang","floor":7,"turns":5},{"damage":31,"enemies":"3 Sentries","floor":8,"turns":6}],"seed_played":"-2702870066125321225","potions_obtained":[{"floor":1,"key":"Swift Potion"},{"floor":7,"key":"Block Potion"}],"is_trial":false,"path_per_floor":["M","M","T","M","?","R","M","E"],"character_chosen":"IRONCLAD","items_purchased":[],"campfire_rested":0,"item_purchase_floors":[],"current_hp_per_floor":[67,63,63,65,65,65,29,0,0],"gold":159,"neow_bonus":"RANDOM_COLORLESS","is_daily":false,"chose_seed":false,"campfire_upgraded":1,"win_rate":0.0,"timestamp":1614185405,"path_taken":["M","M","?","M","?","R","M","E"],"items_purchased_type":[],"build_version":"2020-12-22","purchased_purges":0,"victory":false,"max_hp_per_floor":[75,75,75,75,68,68,68,68,68],"relic_stats":{"counters":[5,22],"Golden Idol":3,"obtain_stats":[{"Golden Idol":5,"Toxic Egg 2":3,"Burning Blood":0},{"Golden Idol":3,"Toxic Egg 2":2,"Burning Blood":0},{"Golden Idol":11,"Toxic Egg 2":7,"Burning Blood":0}],"Burning Blood":24},"card_choices":[{"not_picked":["Deep Breath","Forethought"],"picked":"Dark Shackles","floor":0},{"not_picked":["Body Slam","Sentinel"],"picked":"Iron Wave","floor":1},{"not_picked":["Sword Boomerang","Fire Breathing"],"picked":"Cleave","floor":2},{"not_picked":["Flex+1","Warcry+1"],"picked":"Disarm+1","floor":4},{"not_picked":["Anger","Clothesline","Twin Strike"],"picked":"SKIP","floor":7}],"player_experience":909825,"relics_obtained":[{"floor":3,"key":"Toxic Egg 2"}],"event_choices":[{"damage_healed":0,"gold_gain":0,"player_choice":"Lose Max HP","damage_taken":0,"relics_obtained":["Golden Idol"],"max_hp_gain":0,"max_hp_loss":7,"event_name":"Golden Idol","floor":5,"gold_loss":0}],"is_beta":false,"boss_relics":[],"items_purged_floors":[],"is_endless":false,"potions_floor_spawned":[1,7],"killed_by":"3 Sentries","ascension_level":19}}