{"host":"htqwg582tjjtn9p7","time":1614184047,"event":{"mods":["2.2 Compatiblity","AchievementEnabler","Act Like it!","Aspiration","BaseMod","Better Third Choice","Colored Map","Conspire","Curses Come First","Displayed Cursed Tome","Energized Spire","Force Act Four","Fox Events","GifTheSpireLib","Hermit","Highlight Path","JesterMod","Mad Scientist","Minty Spire (QoL Compilation)","Pale of the Ancients","Permanent Neow","Random Character Button","Relic Stats","Reliquary","Replay The Spire","Robot Space Explorer","Ruina","Somnambulant","Spicy Shops","Spikes Relics","StSLib","Stuff the Spire","The Blue Laboratory","The Bug Knight","The Forsaken","The Gatherer","The Judge","The Jungle","The Marked","The Runesmith","The Servant 0.9.4","Uncapped"],"gold_per_floor":[111,128,28,46,58,58,108,123,170,170,170,198,213,241,241,316,316,328,344,33,33,33,66,79,79,79,109,109,140,152,164,176,260,272,299,349,89,109,126,126,156,174,249,282,282,299,299,332,332,332,345,355,355,65,65,79,79,79,79,79,79],"floor_reached":60,"language":"ENG","playtime":3837,"items_purged":["Strike_G"],"score":1801,"play_id":"8a19db78-a242-4bd9-8d52-2a2519c1b63c","local_time":"20210224172727","is_ascension_mode":true,"campfire_choices":[{"data":"Neutralize","floor":6,"key":"SMITH"},{"data":"StuffTheSpire:Injection","floor":10,"key":"SMITH"},{"floor":15,"key":"DIG"},{"floor":28,"key":"REST"},{"data":"Envenom","floor":30,"key":"SMITH"},{"data":"Clumsy","floor":32,"key":"PURGE"},{"floor":40,"key":"REST"},{"data":"Footwork","floor":47,"key":"SMITH"},{"data":"Strike_G","floor":49,"key":"PURGE"},{"floor":55,"key":"REST"},{"floor":57,"key":"REST"}],"circlet_count":0,"master_deck":["AscendersBane","Strike_G","Strike_G","Defend_G","Defend_G","Defend_G","Defend_G","Defend_G","Survivor","Neutralize+1","Reflex","StuffTheSpire:Injection+1","Ghostly","Underhanded Strike","Backflip","Footwork","Terror","Underhanded Strike","Envenom+1","Flying Knee+1","Footwork+1","Deflect","Backflip+1","Dagger Spray","After Image","Flying Knee+1","Replay:Bag of Tricks","Backstab","conspire:PoisonWeapons+1","Underhanded Strike+1","Tools of the Trade","Cloak And Dagger+1","Deflect+1","Deflect+1","Prepared+1","Tactician+1","Backflip+1","Adrenaline"],"relics":["Snecko Scales","HollowMod:PaleOreRelic","Juzu Bracelet","reliquary:Firecrackers","Dream Catcher","StuffTheSpire:RunicHypercube","Sling","Garlic","conspire:GlowingRock","StuffTheSpire:Mouthbags","MawBank","Replay:Fungal Core","Mango","theForsaken:HumbleEgg","reliquary:Bookmark","conspire:GiftBox","Question Card","Bag of Preparation","WizardHat","paleoftheancients:Timepiece","paleoftheancients:KeyRelic","Gremlin Horn","CultistMask","paleoftheancients:SoulOfTheWokeBloke","Replay:Kaleidoscope","conspire:BottledYoYo"],"acts_visited":["Exordium","Exordium","TheBeyond","TheBeyond"],"potions_floor_usage":[12,14,14,16,23,29,33,50,51],"damage_taken":[{"damage":0,"enemies":"conspire:RoseBush","floor":1,"turns":5},{"damage":0,"enemies":"Cultist","floor":2,"turns":4},{"damage":0,"enemies":"2 Louse","floor":4,"turns":3},{"damage":0,"enemies":"Exordium Thugs","floor":5,"turns":7},{"damage":6,"enemies":"3 Louse","floor":8,"turns":3},{"damage":2,"enemies":"Lagavulin","floor":12,"turns":4},{"damage":0,"enemies":"Gremlin Gang","floor":13,"turns":5},{"damage":0,"enemies":"Gremlin Nob","floor":14,"turns":2},{"damage":9,"enemies":"Fading Forest","floor":16,"turns":11},{"damage":0,"enemies":"ruina:Nosferatu","floor":18,"turns":3},{"damage":0,"enemies":"ruina:2_Scarecrows","floor":19,"turns":4},{"damage":3,"enemies":"ruina:RoadHome","floor":23,"turns":5},{"damage":8,"enemies":"ruina:KnightOfDespair","floor":24,"turns":4},{"damage":5,"enemies":"ruina:ServantOfWrath","floor":27,"turns":4},{"damage":0,"enemies":"ruina:Mountain","floor":29,"turns":7},{"damage":6,"enemies":"ruina:Red_and_Wolf","floor":33,"turns":9},{"damage":3,"enemies":"3 Darklings","floor":35,"turns":3},{"damage":0,"enemies":"conspire:MimicChest","floor":36,"turns":6},{"damage":0,"enemies":"3 Shapes","floor":38,"turns":4},{"damage":4,"enemies":"Maw","floor":39,"turns":5},{"damage":0,"enemies":"HollowMod:StalkingDevout","floor":41,"turns":3},{"damage":0,"enemies":"Jaw Worm Horde","floor":42,"turns":3},{"damage":0,"enemies":"Giant Head","floor":44,"turns":4},{"damage":1,"enemies":"4 Shapes","floor":46,"turns":4},{"damage":1,"enemies":"Nemesis","floor":48,"turns":5},{"damage":6,"enemies":"Awakened One","floor":50,"turns":14},{"damage":54,"enemies":"Awakened One","floor":51,"turns":11},{"damage":61,"enemies":"Awakened One","floor":52,"turns":15},{"damage":14,"enemies":"Awakened One","floor":56,"turns":9},{"damage":195,"enemies":"paleoftheancients:N","floor":60,"turns":11}],"seed_played":"-1679337802300843976","potions_obtained":[{"floor":4,"key":"blueLaboratory:PhilterOfMotion"},{"floor":8,"key":"blueLaboratory:ImpenetrablePotion"},{"floor":13,"key":"blueLaboratory:NinjaPotion"},{"floor":14,"key":"Fruit Juice"},{"floor":23,"key":"Poison Potion"},{"floor":27,"key":"Swift Potion"},{"floor":29,"key":"Regen Potion"},{"floor":33,"key":"LifebloodPotion"}],"is_trial":false,"path_per_floor":["M","M","?","M","M","R","?","M","T","R","?","E","M","E","R_BF","B",null,"M","M","$","?","?","E","M","?","T","E","R","E","R","$","R_BF","B",null,"M","?","$","M","M","R","E","M","T","E","?","M","R","E","R_BF","B","M","M","?","$","R","M","R","T","?","B"],"character_chosen":"THE_SILENT","items_purchased":["Footwork","Deflect","Sling","theForsaken:HumbleEgg","reliquary:Bookmark","Replay:Kaleidoscope"],"campfire_rested":4,"item_purchase_floors":[20,20,20,37,37,54],"current_hp_per_floor":[59,59,59,59,59,59,59,53,53,53,53,51,51,51,51,55,67,67,67,67,67,67,64,56,56,56,51,71,71,71,71,71,65,70,67,81,81,81,77,85,85,85,85,85,85,84,84,83,83,83,65,45,40,40,65,68,85,85,85,0,0],"gold":79,"neow_bonus":"BOSS_RELIC","is_daily":false,"chose_seed":false,"campfire_upgraded":4,"win_rate":0.0,"timestamp":1614184047,"path_taken":["M","M","?","M","M","R","?","?","T","R","?","E","M","E","R_BF","BOSS","M","M","$","?","?","E","M","?","T","E","R","E","R","$","R_BF","BOSS","M","?","$","M","M","R","E","M","T","E","?","M","R","E","R_BF","BOSS","M","M","?","$","R","M","R","T","?","BOSS"],"items_purchased_type":["Card","Card","Relic","Relic","Relic","Relic"],"build_version":"2020-12-22","purchased_purges":1,"victory":false,"max_hp_per_floor":[66,66,66,66,66,66,66,66,66,66,66,66,66,66,66,71,71,71,71,71,71,71,71,71,71,71,71,71,71,71,71,71,71,71,71,85,85,85,85,85,85,85,85,85,85,85,85,85,85,85,85,85,85,85,85,85,85,85,85,85,85],"relic_stats":{"Dream Catcher":4,"Gremlin Horn":[17,17],"counters":[30,177],"Juzu Bracelet":1,"Bag of Preparation":[7],"MawBank":96,"Question Card":8,"obtain_stats":[{"WizardHat":48,"Gremlin Horn":50,"reliquary:Firecrackers":14,"Mango":36,"Juzu Bracelet":12,"Bag of Preparation":44,"Sling":20,"Frozen Eye":19,"theForsaken:HumbleEgg":37,"Dream Catcher":15,"conspire:GlowingRock":26,"HollowMod:PaleOreRelic":9,"Ring of the Snake":0,"paleoftheancients:KeyRelic":50,"StuffTheSpire:RunicHypercube":17,"Replay:Fungal Core":34,"Replay:Kaleidoscope":54,"MawBank":29,"Question Card":43,"reliquary:Bookmark":37,"paleoftheancients:Timepiece":50,"conspire:GiftBox":41,"Snecko Scales":0,"StuffTheSpire:Mouthbags":27,"paleoftheancients:SoulOfTheWokeBloke":52,"CultistMask":50,"Garlic":23,"conspire:BottledYoYo":58},{"WizardHat":25,"Gremlin Horn":26,"reliquary:Firecrackers":8,"Mango":18,"Juzu Bracelet":6,"Bag of Preparation":23,"Sling":11,"Frozen Eye":10,"theForsaken:HumbleEgg":18,"Dream Catcher":8,"conspire:GlowingRock":13,"HollowMod:PaleOreRelic":5,"Ring of the Snake":0,"paleoftheancients:KeyRelic":26,"StuffTheSpire:RunicHypercube":9,"Replay:Fungal Core":16,"Replay:Kaleidoscope":28,"MawBank":15,"Question Card":22,"reliquary:Bookmark":18,"paleoftheancients:Timepiece":26,"conspire:GiftBox":21,"Snecko Scales":0,"StuffTheSpire:Mouthbags":14,"paleoftheancients:SoulOfTheWokeBloke":28,"CultistMask":26,"Garlic":12,"conspire:BottledYoYo":29},{"WizardHat":117,"Gremlin Horn":131,"reliquary:Firecrackers":33,"Mango":89,"Juzu Bracelet":26,"Bag of Preparation":108,"Sling":51,"Frozen Eye":47,"theForsaken:HumbleEgg":89,"Dream Catcher":33,"conspire:GlowingRock":60,"HollowMod:PaleOreRelic":22,"Ring of the Snake":0,"paleoftheancients:KeyRelic":131,"StuffTheSpire:RunicHypercube":44,"Replay:Fungal Core":80,"Replay:Kaleidoscope":157,"MawBank":71,"Question Card":104,"reliquary:Bookmark":89,"paleoftheancients:Timepiece":131,"conspire:GiftBox":101,"Snecko Scales":0,"StuffTheSpire:Mouthbags":64,"paleoftheancients:SoulOfTheWokeBloke":157,"CultistMask":131,"Garlic":56,"conspire:BottledYoYo":166}]},"card_choices":[{"not_picked":["Backflip","Quick Slash"],"picked":"Reflex","floor":1},{"not_picked":["Leg Sweep","All Out Attack"],"picked":"StuffTheSpire:Injection","floor":2},{"not_picked":["Prepared","Predator"],"picked":"Underhanded Strike","floor":4},{"not_picked":["PiercingWail","Flying Knee"],"picked":"Backflip","floor":5},{"not_picked":["Catalyst","StuffTheSpire:DoubleShiv"],"picked":"Footwork","floor":8},{"not_picked":["conspire:PoisonWeapons","Acrobatics"],"picked":"Terror","floor":12},{"not_picked":["Replay:Poison Smokescreen","StuffTheSpire:Injection"],"picked":"Dagger Spray","floor":13},{"not_picked":["Malaise","Escape Plan"],"picked":"Underhanded Strike","floor":14},{"not_picked":["Grand Finale","Malaise"],"picked":"Envenom","floor":16},{"not_picked":["ReplayTheSpireMod:Tripwire","Cloak And Dagger","Flechettes"],"picked":"SKIP","floor":18},{"not_picked":["Quick Slash","Hidden Blade"],"picked":"Flying Knee+1","floor":19},{"not_picked":["Blur","StuffTheSpire:Python","Sucker Punch"],"picked":"SKIP","floor":23},{"not_picked":["StuffTheSpire:MirrorStance","PiercingWail"],"picked":"Backflip+1","floor":24},{"not_picked":["Predator","StuffTheSpire:Injection+1"],"picked":"After Image","floor":27},{"not_picked":["Malaise","Acrobatics"],"picked":"Flying Knee+1","floor":29},{"not_picked":["Malaise","Die Die Die"],"picked":"Replay:Bag of Tricks","floor":33},{"not_picked":["ReplayTheSpireMod:Exploit Weakness","StuffTheSpire:Shiver"],"picked":"Backstab","floor":35},{"not_picked":["StuffTheSpire:Injection+1","Acrobatics"],"picked":"conspire:PoisonWeapons+1","floor":36},{"not_picked":["Finisher","Dodge and Roll+1","StuffTheSpire:Repulse"],"picked":"SKIP","floor":38},{"not_picked":["Escape Plan","Dagger Throw+1"],"picked":"Underhanded Strike+1","floor":39},{"not_picked":["Glass Knife","Phantasmal Killer"],"picked":"Tools of the Trade","floor":41},{"not_picked":["Storm of Steel","All Out Attack","Sucker Punch+1"],"picked":"SKIP","floor":41},{"not_picked":["Bane+1","Blade Dance+1"],"picked":"Cloak And Dagger+1","floor":42},{"not_picked":["Dagger Throw+1","Wraith Form v2","Dodge and Roll+1","StuffTheSpire:Injection+1"],"picked":"SKIP","floor":44},{"not_picked":["Accuracy+1","StuffTheSpire:MirrorStance+1","conspire:PoisonWeapons"],"picked":"Deflect+1","floor":46},{"not_picked":["Outmaneuver+1","Acrobatics+1","Dodge and Roll+1"],"picked":"Deflect+1","floor":48},{"not_picked":["Distraction+1","StuffTheSpire:Injection+1","Underhanded Strike+1"],"picked":"Prepared+1","floor":51},{"not_picked":["Poisoned Stab+1","Outmaneuver+1","Deflect+1"],"picked":"Tactician+1","floor":52},{"not_picked":["ReplayTheSpireMod:Shiv Toss","StuffTheSpire:Python+1","StuffTheSpire:BumpUp+1"],"picked":"Backflip+1","floor":56},{"not_picked":["Hidden Blade+1","Poisoned Stab+1","StuffTheSpire:Incursion+1"],"picked":"Adrenaline","floor":57}],"player_experience":2076543,"relics_obtained":[{"floor":9,"key":"HollowMod:PaleOreRelic"},{"floor":12,"key":"Juzu Bracelet"},{"floor":14,"key":"reliquary:Firecrackers"},{"floor":15,"key":"Dream Catcher"},{"floor":23,"key":"Garlic"},{"floor":26,"key":"conspire:GlowingRock"},{"floor":27,"key":"StuffTheSpire:Mouthbags"},{"floor":29,"key":"MawBank"},{"floor":36,"key":"Mango"},{"floor":41,"key":"conspire:GiftBox"},{"floor":43,"key":"Question Card"},{"floor":44,"key":"Bag of Preparation"},{"floor":48,"key":"WizardHat"},{"floor":52,"key":"paleoftheancients:SoulOfTheWokeBloke"},{"floor":58,"key":"conspire:BottledYoYo"}],"event_choices":[{"damage_healed":0,"gold_gain":0,"player_choice":"Argue","damage_taken":0,"max_hp_gain":0,"max_hp_loss":0,"event_name":"conspire:LoneGhost","floor":3,"gold_loss":0},{"damage_healed":0,"gold_gain":50,"player_choice":"Pray","damage_taken":0,"max_hp_gain":0,"max_hp_loss":0,"event_name":"Golden Shrine","floor":7,"gold_loss":0},{"damage_healed":0,"gold_gain":0,"player_choice":"Ignored","damage_taken":170,"max_hp_gain":0,"max_hp_loss":0,"event_name":"betterThird:BetterSerpent","floor":11,"gold_loss":0},{"damage_healed":0,"gold_gain":0,"player_choice":"Leave","damage_taken":0,"max_hp_gain":0,"max_hp_loss":0,"event_name":"conspire:Investor","floor":53,"gold_loss":0}],"is_beta":false,"boss_relics":[{"not_picked":["aspiration:FutureDiary","reliquary:KinkedSpring"],"picked":"StuffTheSpire:RunicHypercube"},{"not_picked":["Runesmith:UraniumAnvil","Busted Crown"],"picked":"Replay:Fungal Core"}],"items_purged_floors":[20],"is_endless":false,"potions_floor_spawned":[4,8,13,14,19,23,27,29,33,35,41,46,48],"killed_by":"paleoftheancients:N","ascension_level":15}}