{"host":"cfqfeqi6u2qx5u0e","time":1614176573,"event":{"mods":["AchievementEnabler","BaseMod","Colored Powertips","Minty Spire (QoL Compilation)","Quick Restart","StSLib"],"gold_per_floor":[118,132,145,165,183,213,213,213,288,288,288,308,347,317,317,438,438,462,462,478,255,207,245,245,261,337,81,81,116,134,152,152,276,276,294,37,62,77,77,112,145,183,183,206,206,0,0,35,35,35,35,35,3989,3989,3989],"floor_reached":54,"language":"ENG","playtime":4440,"items_purged":["Strike_B","Defend_B","Defend_B"],"score":1028,"play_id":"db1db728-ccb0-4995-b1e7-286c0aad1ef2","local_time":"20210224062253","is_ascension_mode":true,"campfire_choices":[{"data":"Hologram","floor":7.0,"key":"SMITH"},{"floor":11.0,"key":"REST"},{"floor":15.0,"key":"REST"},{"floor":28.0,"key":"REST"},{"floor":32,"key":"REST"},{"floor":45,"key":"RECALL"},{"data":"Consume","floor":49,"key":"SMITH"},{"data":"Buffer","floor":52,"key":"SMITH"}],"circlet_count":0,"master_deck":["Strike_B","Strike_B","Strike_B","Zap","Dualcast","Go for the Eyes+1","BootSequence","Hologram+1","Defragment","Double Energy","Seek","Ball Lightning+1","Coolheaded","Machine Learning","Conserve Battery+1","BootSequence+1","Conserve Battery","Redo","White Noise+1","Parasite","Buffer","Stack","Buffer+1","Thunder Strike","Blizzard","Defragment+1","Consume+1","Ball Lightning+1","Thunder Strike","Injury","Barrage+1","Loop","Violence","Bandage Up"],"relics":["FrozenCore","NeowsBlessing","Toy Ornithopter","Golden Idol","White Beast Statue","Torii","Cursed Key","PreservedInsect","OrangePellets","Whetstone","Sundial","Meat on the Bone","Oddly Smooth Stone","Runic Capacitor","Matryoshka","Akabeko","Pen Nib","Vajra","Red Mask","Singing Bowl","Strange Spoon","Letter Opener"],"acts_visited":["Exordium","TheCity","TheBeyond","TheEnding"],"potions_floor_usage":[29,30,31,33,35,38,41,42,42,44,48,50,54,54],"damage_taken":[{"damage":0.0,"enemies":"2 Louse","floor":1.0,"turns":1.0},{"damage":0.0,"enemies":"Jaw Worm","floor":2.0,"turns":1.0},{"damage":0.0,"enemies":"Cultist","floor":3.0,"turns":1.0},{"damage":4.0,"enemies":"Exordium Thugs","floor":4.0,"turns":4.0},{"damage":5.0,"enemies":"Lots of Slimes","floor":5.0,"turns":3.0},{"damage":25.0,"enemies":"Lagavulin","floor":6.0,"turns":9.0},{"damage":32.0,"enemies":"Exordium Wildlife","floor":12.0,"turns":6.0},{"damage":13.0,"enemies":"3 Sentries","floor":13.0,"turns":10.0},{"damage":0.0,"enemies":"Slime Boss","floor":16.0,"turns":6.0},{"damage":14.0,"enemies":"3 Byrds","floor":18.0,"turns":4.0},{"damage":15.0,"enemies":"Chosen","floor":20.0,"turns":5.0},{"damage":46.0,"enemies":"Book of Stabbing","floor":23.0,"turns":7.0},{"damage":0.0,"enemies":"Snake Plant","floor":24.0,"turns":1.0},{"damage":0.0,"enemies":"Centurion and Healer","floor":25.0,"turns":10.0},{"damage":7,"enemies":"Slavers","floor":29,"turns":6},{"damage":22,"enemies":"Cultist and Chosen","floor":30,"turns":7},{"damage":1,"enemies":"Snecko","floor":31,"turns":6},{"damage":58,"enemies":"Champ","floor":33,"turns":19},{"damage":0,"enemies":"Orb Walker","floor":35,"turns":6},{"damage":0,"enemies":"3 Shapes","floor":37,"turns":7},{"damage":7,"enemies":"Transient","floor":38,"turns":5},{"damage":1,"enemies":"Nemesis","floor":40,"turns":9},{"damage":23,"enemies":"Jaw Worm Horde","floor":41,"turns":6},{"damage":32,"enemies":"Reptomancer","floor":42,"turns":6},{"damage":0,"enemies":"Maw","floor":44,"turns":7},{"damage":0,"enemies":"Giant Head","floor":48,"turns":9},{"damage":24,"enemies":"Awakened One","floor":50,"turns":9},{"damage":95,"enemies":"Shield and Spear","floor":54,"turns":5}],"seed_played":"5951138618933032259","potions_obtained":[{"floor":1.0,"key":"Block Potion"},{"floor":2.0,"key":"Regen Potion"},{"floor":4.0,"key":"Explosive Potion"},{"floor":12.0,"key":"ColorlessPotion"},{"floor":13.0,"key":"SmokeBomb"},{"floor":14.0,"key":"CultistPotion"},{"floor":14.0,"key":"DistilledChaos"},{"floor":16.0,"key":"Dexterity Potion"},{"floor":18.0,"key":"EssenceOfDarkness"},{"floor":20.0,"key":"Dexterity Potion"},{"floor":23.0,"key":"Dexterity Potion"},{"floor":25.0,"key":"FocusPotion"},{"floor":29,"key":"FocusPotion"},{"floor":30,"key":"Regen Potion"},{"floor":31,"key":"Strength Potion"},{"floor":33,"key":"SkillPotion"},{"floor":35,"key":"Fire Potion"},{"floor":37,"key":"SteroidPotion"},{"floor":38,"key":"ColorlessPotion"},{"floor":40,"key":"FocusPotion"},{"floor":41,"key":"EssenceOfDarkness"},{"floor":42,"key":"SkillPotion"},{"floor":44,"key":"DistilledChaos"},{"floor":48,"key":"FearPotion"}],"is_trial":false,"path_per_floor":["M","M","M","M","M","E","R","?","T","T","R","M","E","?","R","B",null,"M","?","M","$","$","E","M","M","T","$","R","E","M","M","R","B",null,"M","$","M","M","?","E","M","E","T","M","R","?","?","E","R","B",null,"R","$","E"],"character_chosen":"DEFECT","items_purchased":["OrangePellets","Conserve Battery","Meat on the Bone","Runic Capacitor","Strange Spoon","Letter Opener","Loop","Violence","Bandage Up","EssenceOfSteel","EssenceOfDarkness"],"campfire_rested":4,"item_purchase_floors":[21,22,27,36,53,53,53,53,53,53,53],"current_hp_per_floor":[75,75,75,71,66,53,53,35,35,35,57,25,17,17,39,49,75,64,64,49,49,49,3,8,18,18,18,40,38,33,52,74,29,75,75,75,75,69,69,68,50,40,40,45,45,45,45,52,52,45,77,77,77,0,0],"gold":3989,"neow_bonus":"THREE_ENEMY_KILL","is_daily":false,"chose_seed":false,"campfire_upgraded":3,"win_rate":0.0,"timestamp":1614176573,"path_taken":["M","M","M","M","M","E","R","?","T","?","R","M","E","?","R","BOSS","M","?","M","?","$","E","M","?","T","$","R","E","M","M","R","BOSS","M","$","M","M","?","E","?","E","T","M","R","?","?","E","R","BOSS","R","$","E"],"items_purchased_type":["Relic","Card","Relic","Relic","Relic","Relic","Card","Card","Card","Potion","Potion"],"build_version":"2020-12-22","purchased_purges":3,"victory":false,"max_hp_per_floor":[75,75,75,75,75,75,75,75,75,75,75,75,75,75,75,75,75,75,75,75,75,75,75,75,75,75,75,75,75,75,75,75,75,75,75,75,75,75,75,75,75,75,75,75,75,75,75,77,77,77,77,77,77,77,77],"card_choices":[{"not_picked":["Leap","Turbo"],"picked":"Go for the Eyes","floor":1.0},{"not_picked":["Go for the Eyes","Streamline"],"picked":"BootSequence","floor":2.0},{"not_picked":["Rebound","Doom and Gloom"],"picked":"Hologram","floor":3.0},{"not_picked":["Coolheaded","Turbo"],"picked":"Defragment","floor":4.0},{"not_picked":["Darkness","Coolheaded"],"picked":"Double Energy","floor":5.0},{"not_picked":["Recycle","Steam Power"],"picked":"Seek","floor":6.0},{"not_picked":["Blizzard","Go for the Eyes"],"picked":"Ball Lightning","floor":12.0},{"not_picked":["Go for the Eyes","Turbo"],"picked":"Coolheaded","floor":13.0},{"not_picked":["Hyperbeam","Core Surge"],"picked":"Machine Learning","floor":16.0},{"not_picked":["Steam Power","Sweeping Beam"],"picked":"Conserve Battery+1","floor":18.0},{"not_picked":["Rebound","Redo"],"picked":"BootSequence+1","floor":20.0},{"not_picked":["Coolheaded","Undo"],"picked":"Redo","floor":23.0},{"not_picked":["Coolheaded","Redo+1"],"picked":"White Noise+1","floor":25.0},{"not_picked":["Darkness+1","Leap"],"picked":"Buffer","floor":29},{"not_picked":["Barrage","Gash"],"picked":"Stack","floor":30},{"not_picked":["Storm+1","Steam"],"picked":"Buffer","floor":31},{"not_picked":["Biased Cognition","Core Surge"],"picked":"Thunder Strike","floor":33},{"not_picked":["Streamline","Compile Driver"],"picked":"Blizzard","floor":35},{"not_picked":["Self Repair","Ball Lightning+1"],"picked":"Defragment+1","floor":37},{"not_picked":["Compile Driver","Beam Cell+1","Reprogram"],"picked":"SKIP","floor":38},{"not_picked":["Rip and Tear","Rebound"],"picked":"Consume","floor":40},{"not_picked":["Stack","Redo+1"],"picked":"Ball Lightning+1","floor":41},{"not_picked":["Coolheaded","Fusion"],"picked":"Thunder Strike","floor":42},{"not_picked":["Stack+1","Go for the Eyes+1"],"picked":"Barrage+1","floor":44},{"not_picked":["Leap","Turbo","Redo"],"picked":"Singing Bowl","floor":48}],"player_experience":152262,"relics_obtained":[{"floor":6.0,"key":"Toy Ornithopter"},{"floor":9.0,"key":"White Beast Statue"},{"floor":13.0,"key":"Torii"},{"floor":23.0,"key":"Whetstone"},{"floor":26.0,"key":"Sundial"},{"floor":29,"key":"Oddly Smooth Stone"},{"floor":40,"key":"Matryoshka"},{"floor":42,"key":"Akabeko"},{"floor":43,"key":"Pen Nib"},{"floor":43,"key":"Vajra"},{"floor":48,"key":"Singing Bowl"}],"event_choices":[{"damage_healed":0.0,"max_hp_gain":0.0,"max_hp_loss":0.0,"gold_gain":0.0,"event_name":"Golden Idol","player_choice":"Take Damage","floor":8.0,"gold_loss":0.0,"damage_taken":18.0,"relics_obtained":["Golden Idol"]},{"damage_healed":0.0,"max_hp_gain":0.0,"max_hp_loss":0.0,"gold_gain":0.0,"event_name":"The Woman in Blue","player_choice":"Bought 2 Potions","floor":14.0,"gold_loss":0.0,"damage_taken":0.0},{"damage_healed":0.0,"max_hp_gain":0.0,"max_hp_loss":0.0,"gold_gain":0.0,"event_name":"The Mausoleum","player_choice":"Opened","floor":19.0,"gold_loss":0.0,"damage_taken":0.0,"relics_obtained":["PreservedInsect"]},{"cards_removed":["Defend_B"],"damage_healed":0,"gold_gain":0,"player_choice":"Purged","damage_taken":0,"max_hp_gain":0,"max_hp_loss":0,"event_name":"Purifier","floor":39,"gold_loss":0},{"damage_healed":0,"gold_gain":0,"player_choice":"Paid","damage_taken":0,"relics_obtained":["Red Mask"],"max_hp_gain":0,"max_hp_loss":0,"event_name":"Tomb of Lord Red Mask","floor":46,"gold_loss":206},{"cards_removed":["Defend_B"],"damage_healed":0,"gold_gain":0,"player_choice":"Removed Skill","damage_taken":0,"max_hp_gain":0,"max_hp_loss":0,"event_name":"Falling","floor":47,"gold_loss":0}],"is_beta":false,"boss_relics":[{"not_picked":["Nuclear Battery","SlaversCollar"],"picked":"Cursed Key"},{"not_picked":["Pandora\u0027s Box","Busted Crown"],"picked":"FrozenCore"}],"items_purged_floors":[21,36,53],"is_endless":false,"potions_floor_spawned":[1,2,4,12,13,16,18,20,23,24,25,29,30,31,33,35,37,38,40,41,42,44,48],"killed_by":"Shield and Spear","ascension_level":3}}