{"host":"to2s10i0cynxbiqz","time":1614148265,"event":{"mods":["BaseMod","Colored Powertips","Highlight Path","Minty Spire (QoL Compilation)","Quick Restart","StSLib","slay the spire mod where everything is the same but ironclad has a cowboy hat"],"gold_per_floor":[115,190,40,40,40,67,67,93,169,43,43,59,71,87,87,185,185,201,124,140,156,156,156,187,112,137,169,169,182,199,199,199,199,199],"floor_reached":33,"language":"ZHS","playtime":1114,"items_purged":["Strike_R","Strike_R"],"score":531,"play_id":"e51c4428-6208-4f35-8ca2-dc699bc906f6","local_time":"20210224143105","is_ascension_mode":true,"campfire_choices":[{"data":"Searing Blow","floor":7.0,"key":"SMITH"},{"data":"Searing Blow+1","floor":11.0,"key":"SMITH"},{"data":"Searing Blow+2","floor":15.0,"key":"SMITH"},{"data":"Body Slam","floor":23.0,"key":"SMITH"},{"data":"Searing Blow+3","floor":32,"key":"SMITH"}],"circlet_count":0,"master_deck":["Strike_R","Strike_R","Defend_R+1","Defend_R","Defend_R","Defend_R","Bash","Dark Embrace","Searing Blow+4","Warcry+1","Body Slam","Body Slam+1","True Grit","Reaper","Shrug It Off+1","Inflame","Shockwave","Evolve+1","Impervious","Exhume"],"relics":["Burning Blood","NeowsBlessing","Eternal Feather","Pen Nib","Snecko Eye","Art of War","Gremlin Horn","War Paint","Juzu Bracelet"],"acts_visited":["TheCity"],"potions_floor_usage":[27,29],"damage_taken":[{"damage":0.0,"enemies":"2 Louse","floor":1.0,"turns":1.0},{"damage":0.0,"enemies":"Gremlin Nob","floor":6.0,"turns":1.0},{"damage":0.0,"enemies":"3 Sentries","floor":8.0,"turns":2.0},{"damage":0.0,"enemies":"Small Slimes","floor":12.0,"turns":3.0},{"damage":7.0,"enemies":"Jaw Worm","floor":13.0,"turns":3.0},{"damage":0.0,"enemies":"Exordium Wildlife","floor":14.0,"turns":3.0},{"damage":78.0,"enemies":"Hexaghost","floor":16.0,"turns":10.0},{"damage":5.0,"enemies":"Shell Parasite","floor":18.0,"turns":3.0},{"damage":7.0,"enemies":"Chosen","floor":20.0,"turns":3.0},{"damage":4.0,"enemies":"Shelled Parasite and Fungi","floor":21.0,"turns":4.0},{"damage":0.0,"enemies":"Gremlin Leader","floor":24.0,"turns":4.0},{"damage":23,"enemies":"Slavers","floor":27,"turns":4},{"damage":1,"enemies":"Snecko","floor":29,"turns":4},{"damage":15,"enemies":"Cultist and Chosen","floor":30,"turns":5},{"damage":92,"enemies":"Champ","floor":33,"turns":7}],"seed_played":"5870515659988597938","potions_obtained":[{"floor":1.0,"key":"ElixirPotion"},{"floor":12.0,"key":"Strength Potion"},{"floor":14.0,"key":"GamblersBrew"},{"floor":16.0,"key":"Block Potion"},{"floor":18.0,"key":"BlessingOfTheForge"},{"floor":24.0,"key":"Strength Potion"},{"floor":27,"key":"Block Potion"}],"is_trial":false,"path_per_floor":["M","?","$","?","$","E","R","E","T","$","R","M","M","M","R","B",null,"M","$","M","M","?","R","E","?","T","E","?","M","M","$","R","B"],"character_chosen":"IRONCLAD","items_purchased":["Dark Embrace","Body Slam","Inflame"],"campfire_rested":0,"item_purchase_floors":[3,10,19],"current_hp_per_floor":[78,67,67,60,60,66,72,78,78,78,80,80,79,80,80,8,62,67,67,72,80,80,80,80,80,80,80,80,80,71,71,80,0,0],"gold":199,"neow_bonus":"THREE_ENEMY_KILL","is_daily":false,"chose_seed":false,"campfire_upgraded":5,"win_rate":0.0,"timestamp":1614148265,"path_taken":["M","?","$","?","?","E","R","E","T","$","R","M","M","?","R","BOSS","M","$","M","M","?","R","E","?","T","E","?","M","M","$","R","BOSS"],"items_purchased_type":["Card","Card","Card"],"build_version":"2020-12-22","purchased_purges":2,"victory":false,"max_hp_per_floor":[80,80,80,80,80,80,80,80,80,80,80,80,80,80,80,80,80,80,80,80,80,80,80,80,80,80,80,80,80,80,80,80,80,80],"card_choices":[{"not_picked":["Clash","Sever Soul","Ghostly Armor"],"picked":"SKIP","floor":1.0},{"not_picked":["True Grit","Flex"],"picked":"Searing Blow","floor":6.0},{"not_picked":["Flex","Feel No Pain"],"picked":"Warcry","floor":8.0},{"not_picked":["Flex","Hemokinesis"],"picked":"Body Slam","floor":12.0},{"not_picked":["Anger","Flex"],"picked":"True Grit","floor":13.0},{"not_picked":["Dropkick","Burning Pact","Anger"],"picked":"SKIP","floor":14.0},{"not_picked":["Brutality","Fiend Fire"],"picked":"Reaper","floor":16.0},{"not_picked":["Carnage+1","Combust"],"picked":"Shrug It Off+1","floor":18.0},{"not_picked":["Clothesline","Burning Pact"],"picked":"Shockwave","floor":20.0},{"not_picked":["Clash","Twin Strike"],"picked":"Evolve+1","floor":21.0},{"not_picked":["Warcry","Havoc","Flex"],"picked":"SKIP","floor":24.0},{"not_picked":["Searing Blow+1","Clothesline+1","Clash"],"picked":"SKIP","floor":27},{"not_picked":["Cleave","Thunderclap"],"picked":"Impervious","floor":29},{"not_picked":["Clash","Carnage"],"picked":"Exhume","floor":30}],"player_experience":200849,"relics_obtained":[{"floor":6.0,"key":"Eternal Feather"},{"floor":8.0,"key":"Pen Nib"},{"floor":24.0,"key":"Gremlin Horn"},{"floor":26.0,"key":"War Paint"},{"floor":27,"key":"Juzu Bracelet"}],"event_choices":[{"damage_healed":0.0,"max_hp_gain":0.0,"max_hp_loss":0.0,"gold_gain":75.0,"event_name":"World of Goop","player_choice":"Gather Gold","floor":2.0,"gold_loss":0.0,"damage_taken":11.0},{"cards_removed":["Strike_R"],"damage_healed":0.0,"max_hp_gain":0.0,"max_hp_loss":0.0,"gold_gain":0.0,"event_name":"Golden Wing","player_choice":"Card Removal","floor":4.0,"gold_loss":0.0,"damage_taken":7.0},{"damage_healed":0.0,"max_hp_gain":0.0,"max_hp_loss":0.0,"gold_gain":0.0,"event_name":"The Mausoleum","player_choice":"Opened","floor":22.0,"gold_loss":0.0,"damage_taken":0.0,"relics_obtained":["Art of War"],"cards_obtained":["Writhe"]},{"cards_removed":["Writhe"],"damage_healed":0.0,"max_hp_gain":0.0,"max_hp_loss":0.0,"gold_gain":0.0,"event_name":"Beggar","player_choice":"Gave Gold","floor":25.0,"gold_loss":75.0,"damage_taken":0.0},{"damage_healed":0,"gold_gain":0,"player_choice":"Ignored","damage_taken":0,"max_hp_gain":0,"max_hp_loss":0,"event_name":"Ghosts","floor":28,"gold_loss":0}],"is_beta":false,"boss_relics":[{"not_picked":["Calling Bell","Tiny House"],"picked":"Snecko Eye"}],"items_purged_floors":[3,10],"is_endless":false,"potions_floor_spawned":[1,12,14,16,18,24,27],"killed_by":"Champ","ascension_level":7}}