{"host":"8rqsnaeml9gxb0kp","time":1614153153,"event":{"mods":["AchievementEnabler","BaseMod","Colored Powertips","Dark Map","Minty Spire (QoL Compilation)","Rare Cards Sparkle","Relic Stats","StSLib","slay the spire mod where everything is the same but ironclad has a cowboy hat"],"gold_per_floor":[368,384,397,414,429,429,445,445,445,478,59,72,72,87,87,213,213,226,226,226],"floor_reached":19,"language":"ENG","playtime":875,"items_purged":["Injury"],"score":173,"play_id":"2a377cd5-c3fe-4f19-942b-53a70a92db45","local_time":"20210223235233","is_ascension_mode":false,"campfire_choices":[{"floor":6,"key":"REST"},{"floor":15,"key":"REST"}],"circlet_count":0,"master_deck":["Strike_R","Strike_R","Strike_R","Strike_R","Strike_R","Defend_R","Defend_R","Defend_R","Defend_R","Bash","Bloodletting","Burning Pact","Battle Trance","Hemokinesis","Combust","Reaper","Ghostly Armor"],"relics":["Burning Blood","Golden Idol","Unceasing Top","Pocketwatch","Calipers","Eternal Feather","Cursed Key"],"acts_visited":["Exordium","TheCity"],"potions_floor_usage":[10,16,16],"damage_taken":[{"damage":0,"enemies":"2 Louse","floor":1,"turns":4},{"damage":3,"enemies":"Small Slimes","floor":2,"turns":4},{"damage":9,"enemies":"Jaw Worm","floor":3,"turns":2},{"damage":34,"enemies":"Exordium Thugs","floor":4,"turns":7},{"damage":16,"enemies":"Large Slime","floor":5,"turns":6},{"damage":6,"enemies":"Exordium Wildlife","floor":7,"turns":2},{"damage":30,"enemies":"3 Sentries","floor":10,"turns":7},{"damage":4,"enemies":"3 Louse","floor":12,"turns":3},{"damage":19,"enemies":"Exordium Thugs","floor":14,"turns":5},{"damage":30,"enemies":"Slime Boss","floor":16,"turns":5},{"damage":71,"enemies":"Shell Parasite","floor":18,"turns":9},{"damage":17,"enemies":"Spheric Guardian","floor":19,"turns":3}],"seed_played":"-2249265910868480202","potions_obtained":[{"floor":4,"key":"Explosive Potion"},{"floor":5,"key":"EssenceOfSteel"},{"floor":7,"key":"FearPotion"},{"floor":14,"key":"CultistPotion"}],"is_trial":false,"path_per_floor":["M","M","M","M","M","R","M","?","T","E","$","M","?","M","R","B",null,"M","M"],"character_chosen":"IRONCLAD","items_purchased":["Calipers","Swift Potion"],"campfire_rested":2,"item_purchase_floors":[11,11],"current_hp_per_floor":[72,72,69,41,31,52,52,52,52,28,28,30,23,10,40,16,72,13,0,0],"gold":226,"neow_bonus":"TWO_FIFTY_GOLD","is_daily":false,"chose_seed":false,"campfire_upgraded":0,"win_rate":0.0,"timestamp":1614153153,"path_taken":["M","M","M","M","M","R","M","?","T","E","$","M","?","M","R","BOSS","M","M"],"items_purchased_type":["Relic","Potion"],"build_version":"2020-12-22","purchased_purges":1,"victory":false,"max_hp_per_floor":[72,72,72,72,72,72,72,72,72,72,72,72,72,72,72,72,72,72,72,72],"relic_stats":{"counters":[12,57],"Golden Idol":41,"Eternal Feather":9,"Cursed Key":0,"obtain_stats":[{"Calipers":11,"Golden Idol":8,"Eternal Feather":13,"Cursed Key":17,"Burning Blood":0,"Unceasing Top":9,"Pocketwatch":10},{"Calipers":7,"Golden Idol":6,"Eternal Feather":8,"Cursed Key":10,"Burning Blood":0,"Unceasing Top":6,"Pocketwatch":7},{"Calipers":32,"Golden Idol":25,"Eternal Feather":35,"Cursed Key":45,"Burning Blood":0,"Unceasing Top":25,"Pocketwatch":32}],"Burning Blood":57,"Unceasing Top":[1],"Pocketwatch":[27]},"card_choices":[{"not_picked":["Flex","Clash","Armaments"],"picked":"SKIP","floor":1},{"not_picked":["Iron Wave","Warcry"],"picked":"Bloodletting","floor":2},{"not_picked":["Sentinel","Metallicize"],"picked":"Burning Pact","floor":3},{"not_picked":["Cleave","Havoc"],"picked":"Battle Trance","floor":4},{"not_picked":["Shrug It Off","Twin Strike"],"picked":"Hemokinesis","floor":5},{"not_picked":["Wild Strike","Sentinel","Flex"],"picked":"SKIP","floor":7},{"not_picked":["Headbutt","Evolve"],"picked":"Combust","floor":10},{"not_picked":["Pommel Strike","Anger","Havoc"],"picked":"SKIP","floor":12},{"not_picked":["Clash","Flex","Wild Strike"],"picked":"SKIP","floor":14},{"not_picked":["Brutality","Demon Form"],"picked":"Reaper","floor":16},{"not_picked":["Sentinel","Twin Strike"],"picked":"Ghostly Armor","floor":18}],"player_experience":300322,"relics_obtained":[{"floor":9,"key":"Unceasing Top"},{"floor":10,"key":"Pocketwatch"}],"event_choices":[{"damage_healed":0,"gold_gain":0,"player_choice":"Take Wound","damage_taken":0,"relics_obtained":["Golden Idol"],"max_hp_gain":0,"max_hp_loss":0,"event_name":"Golden Idol","floor":8,"gold_loss":0,"cards_obtained":["Injury"]},{"damage_healed":0,"gold_gain":0,"player_choice":"Success","damage_taken":7,"relics_obtained":["Eternal Feather"],"max_hp_gain":0,"max_hp_loss":0,"event_name":"Scrap Ooze","floor":13,"gold_loss":0}],"is_beta":false,"boss_relics":[{"not_picked":["Empty Cage","Ectoplasm"],"picked":"Cursed Key"}],"items_purged_floors":[11],"is_endless":false,"potions_floor_spawned":[4,5,7,12,14],"killed_by":"Spheric Guardian","ascension_level":0}}