{"host":"kh6fvhxn285ncg0o","time":1614145363,"event":{"mods":["Act Like it!","BaseMod","Colored Map","Friendly Minions","Keyboard Shortcuts","Minty Spire (QoL Compilation)","Quick Restart","Relic Stats","StSLib","SuperFastMode","UnlockEverythingMod"],"gold_per_floor":[109,109,124,174,10,40,40,69,138,150,184,202,127,202,202,276,276,295,305,315,327,18,43,43,68,68,88,88,99,99,129,129,217,217,240,240,269,294,55,86,113,145,195,214,244,244,279,293,293,293,293,293,293,148,177,177],"floor_reached":57,"language":"KOR","playtime":2141,"items_purged":["Strike_R","Strike_R","Strike_R","Pommel Strike+1"],"score":3829,"play_id":"ea0a670c-a0e8-4431-8a3a-0c9454075f8a","local_time":"20210224144243","is_ascension_mode":true,"campfire_choices":[{"data":"Bash","floor":7.0,"key":"SMITH"},{"data":"Pommel Strike","floor":15.0,"key":"SMITH"},{"data":"Evolve","floor":24,"key":"SMITH"},{"data":"Rage","floor":28,"key":"SMITH"},{"data":"Immolate","floor":30,"key":"SMITH"},{"data":"Feel No Pain","floor":32,"key":"SMITH"},{"data":"Body Slam","floor":46,"key":"SMITH"},{"floor":49,"key":"RECALL"},{"data":"Dark Embrace","floor":53,"key":"SMITH"}],"circlet_count":0,"master_deck":["AscendersBane","Defend_R","Defend_R","Defend_R","Defend_R","Bash+1","Power Through+1","Second Wind","Evolve+1","Flame Barrier","Rage+1","Immolate+1","Pommel Strike+1","Feel No Pain+1","Barricade","Burning Pact+1","Seeing Red+1","Offering+1","Dark Embrace+1","Body Slam+1","Warcry+1","Shrug It Off+1"],"relics":["Burning Blood","NeowsBlessing","Pen Nib","Sundial","Gremlin Horn","Bag of Marbles","Mark of Pain","Frozen Eye","Tiny Chest","Happy Flower","Toxic Egg 2","CeramicFish","Empty Cage","Thread and Needle","PreservedInsect","Smiling Mask","Bronze Scales","CaptainsWheel"],"acts_visited":["Exordium","TheCity","TheBeyond","TheEnding"],"potions_floor_usage":[19,19,20,38,50,56,56],"damage_taken":[{"damage":0.0,"enemies":"Jaw Worm","floor":1.0,"turns":1.0},{"damage":0.0,"enemies":"Cultist","floor":3.0,"turns":1.0},{"damage":0.0,"enemies":"Gremlin Nob","floor":6.0,"turns":1.0},{"damage":20.0,"enemies":"3 Sentries","floor":8.0,"turns":9.0},{"damage":0.0,"enemies":"Small Slimes","floor":10.0,"turns":6.0},{"damage":15.0,"enemies":"Lagavulin","floor":11.0,"turns":6.0},{"damage":0.0,"enemies":"Exordium Thugs","floor":12.0,"turns":5.0},{"damage":4.0,"enemies":"The Guardian","floor":16.0,"turns":18.0},{"damage":17.0,"enemies":"2 Thieves","floor":18.0,"turns":4.0},{"damage":17,"enemies":"3 Byrds","floor":19,"turns":4},{"damage":26,"enemies":"Sentry and Sphere","floor":20,"turns":5},{"damage":0,"enemies":"Centurion and Healer","floor":21,"turns":5},{"damage":2,"enemies":"Gremlin Leader","floor":23,"turns":4},{"damage":0,"enemies":"Book of Stabbing","floor":25,"turns":5},{"damage":19,"enemies":"Snecko","floor":27,"turns":6},{"damage":0,"enemies":"Cultist and Chosen","floor":29,"turns":5},{"damage":13,"enemies":"Slavers","floor":31,"turns":4},{"damage":0,"enemies":"Automaton","floor":33,"turns":6},{"damage":19,"enemies":"Orb Walker","floor":35,"turns":5},{"damage":7,"enemies":"3 Darklings","floor":37,"turns":4},{"damage":0,"enemies":"Spire Growth","floor":38,"turns":2},{"damage":6,"enemies":"Reptomancer","floor":40,"turns":2},{"damage":0,"enemies":"Sphere and 2 Shapes","floor":41,"turns":4},{"damage":6,"enemies":"Giant Head","floor":42,"turns":1},{"damage":6,"enemies":"Jaw Worm Horde","floor":44,"turns":3},{"damage":0,"enemies":"Reptomancer","floor":45,"turns":2},{"damage":0,"enemies":"Giant Head","floor":47,"turns":4},{"damage":6,"enemies":"Maw","floor":48,"turns":2},{"damage":0,"enemies":"Donu and Deca","floor":50,"turns":3},{"damage":6,"enemies":"Awakened One","floor":51,"turns":6},{"damage":6,"enemies":"Shield and Spear","floor":55,"turns":3},{"damage":6,"enemies":"The Heart","floor":56,"turns":6}],"seed_played":"-5394150938123216569","potions_obtained":[{"floor":2.0,"key":"CultistPotion"},{"floor":2.0,"key":"CultistPotion"},{"floor":8.0,"key":"EssenceOfSteel"},{"floor":10.0,"key":"Weak Potion"},{"floor":11.0,"key":"SpeedPotion"},{"floor":12.0,"key":"ColorlessPotion"},{"floor":18.0,"key":"AttackPotion"},{"floor":19,"key":"Fire Potion"},{"floor":33,"key":"DistilledChaos"},{"floor":37,"key":"LiquidBronze"},{"floor":44,"key":"PowerPotion"},{"floor":47,"key":"Block Potion"}],"is_trial":false,"path_per_floor":["M","?","M","?","$","E","R","E","T","M","E","M","$","?","R","B",null,"M","M","M","M","$","E","R","E","T","M","R","M","R","E","R","B",null,"M","?","M","M","$","E","M","E","T","M","E","R","E","M","R","B","B",null,"R","$","E","B",null],"character_chosen":"IRONCLAD","items_purchased":["Second Wind","Evolve","Frozen Eye","Feel No Pain","Dark Embrace","Body Slam","PowerPotion","Shrug It Off+1"],"campfire_rested":0,"item_purchase_floors":[5,5,22,22,39,39,54,54],"current_hp_per_floor":[74,74,75,68,68,74,74,60,60,66,57,63,63,52,52,54,70,59,48,28,34,34,38,38,44,44,31,31,37,37,30,30,36,65,52,52,51,57,57,57,63,63,63,63,69,69,75,75,75,75,75,75,75,75,75,75],"gold":177,"neow_bonus":"THREE_ENEMY_KILL","is_daily":false,"chose_seed":false,"campfire_upgraded":8,"win_rate":0.0,"timestamp":1614145363,"path_taken":["M","?","?","?","?","E","R","E","T","M","E","M","$","?","R","BOSS","M","M","M","M","$","E","R","E","T","M","R","M","R","E","R","BOSS","M","?","?","M","$","E","M","E","T","M","E","R","E","M","R","BOSS","BOSS","R","$","E","BOSS"],"items_purchased_type":["Card","Card","Relic","Card","Card","Card","Potion","Card"],"build_version":"2020-12-22","purchased_purges":4,"victory":true,"max_hp_per_floor":[75,75,75,75,75,75,75,75,75,75,75,75,75,75,75,75,75,75,75,75,75,75,75,75,75,75,75,75,75,75,75,75,75,75,75,75,75,75,75,75,75,75,75,75,75,75,75,75,75,75,75,75,75,75,75,75],"relic_stats":{"Gremlin Horn":[27,30],"Happy Flower":[22],"counters":[32,142],"Sundial":[180],"CeramicFish":72,"Bronze Scales":[96],"Tiny Chest":0,"Pen Nib":[35],"PreservedInsect":268,"Smiling Mask":100,"obtain_stats":[{"NeowsBlessing":0,"Gremlin Horn":9,"Happy Flower":25,"CeramicFish":31,"Thread and Needle":40,"Pen Nib":6,"PreservedInsect":42,"Empty Cage":34,"Smiling Mask":45,"Burning Blood":0,"Frozen Eye":22,"CaptainsWheel":55,"Sundial":8,"Bronze Scales":47,"Tiny Chest":23,"Mark of Pain":17,"Bag of Marbles":11,"Toxic Egg 2":26},{"NeowsBlessing":0,"Gremlin Horn":4,"Happy Flower":14,"CeramicFish":17,"Thread and Needle":22,"Pen Nib":3,"PreservedInsect":24,"Empty Cage":18,"Smiling Mask":26,"Burning Blood":0,"Frozen Eye":12,"CaptainsWheel":31,"Sundial":4,"Bronze Scales":27,"Tiny Chest":13,"Mark of Pain":8,"Bag of Marbles":6,"Toxic Egg 2":14},{"NeowsBlessing":0,"Gremlin Horn":12,"Happy Flower":74,"CeramicFish":89,"Thread and Needle":108,"Pen Nib":3,"PreservedInsect":113,"Empty Cage":95,"Smiling Mask":118,"Burning Blood":0,"Frozen Eye":65,"CaptainsWheel":136,"Sundial":12,"Bronze Scales":122,"Tiny Chest":69,"Mark of Pain":47,"Bag of Marbles":24,"Toxic Egg 2":74}],"Burning Blood":181},"card_choices":[{"not_picked":["Whirlwind","Thunderclap"],"picked":"Power Through","floor":3.0},{"not_picked":["Sever Soul","Metallicize"],"picked":"Flame Barrier","floor":6.0},{"not_picked":["Thunderclap","Corruption"],"picked":"Pommel Strike","floor":8.0},{"not_picked":["Shrug It Off","Pummel"],"picked":"Rage","floor":10.0},{"not_picked":["Fiend Fire","Reaper"],"picked":"Immolate","floor":16.0},{"not_picked":["Headbutt+1","Perfected Strike","Cleave"],"picked":"SKIP","floor":18.0},{"not_picked":["Dropkick","Clash"],"picked":"Pommel Strike+1","floor":19},{"not_picked":["Searing Blow","Clothesline","Carnage+1"],"picked":"SKIP","floor":20},{"not_picked":["Brutality","Twin Strike","Searing Blow"],"picked":"SKIP","floor":21},{"not_picked":["Pommel Strike","Sword Boomerang","Pummel"],"picked":"SKIP","floor":23},{"not_picked":["Metallicize+1","Rampage","Clothesline"],"picked":"SKIP","floor":25},{"not_picked":["Clash","Havoc+1","Uppercut+1"],"picked":"SKIP","floor":27},{"not_picked":["Dropkick","Heavy Blade","Ghostly Armor+1"],"picked":"SKIP","floor":29},{"not_picked":["Brutality","Demon Form"],"picked":"Barricade","floor":33},{"not_picked":["Cleave","Headbutt"],"picked":"Burning Pact+1","floor":35},{"not_picked":["Searing Blow","Havoc+1"],"picked":"Seeing Red+1","floor":37},{"not_picked":["Heavy Blade","Rage+1"],"picked":"Offering+1","floor":38},{"not_picked":["Wild Strike+1","Carnage","Iron Wave"],"picked":"SKIP","floor":40},{"not_picked":["Havoc+1","Fire Breathing"],"picked":"Warcry+1","floor":41},{"not_picked":["Cleave","Berserk","Perfected Strike+1"],"picked":"SKIP","floor":42},{"not_picked":["Warcry+1","Reckless Charge","Cleave+1"],"picked":"SKIP","floor":44},{"not_picked":["Rupture+1","Whirlwind+1","Pommel Strike"],"picked":"SKIP","floor":45},{"not_picked":["Evolve+1","Perfected Strike","Shockwave+1"],"picked":"SKIP","floor":47},{"not_picked":["Burning Pact+1","Warcry+1","Combust"],"picked":"SKIP","floor":48},{"not_picked":["Clash+1","Flame Barrier+1","Berserk"],"picked":"SKIP","floor":55}],"player_experience":1505190,"relics_obtained":[{"floor":6.0,"key":"Pen Nib"},{"floor":8.0,"key":"Sundial"},{"floor":9.0,"key":"Gremlin Horn"},{"floor":11.0,"key":"Bag of Marbles"},{"floor":23,"key":"Tiny Chest"},{"floor":25,"key":"Happy Flower"},{"floor":26,"key":"Toxic Egg 2"},{"floor":31,"key":"CeramicFish"},{"floor":40,"key":"Thread and Needle"},{"floor":42,"key":"PreservedInsect"},{"floor":45,"key":"Smiling Mask"},{"floor":47,"key":"Bronze Scales"},{"floor":55,"key":"CaptainsWheel"}],"event_choices":[{"damage_healed":0.0,"max_hp_gain":0.0,"max_hp_loss":0.0,"gold_gain":0.0,"event_name":"Lab","player_choice":"Got Potions","floor":2.0,"gold_loss":0.0,"damage_taken":0.0},{"damage_healed":0.0,"max_hp_gain":0.0,"max_hp_loss":0.0,"gold_gain":50.0,"event_name":"FaceTrader","player_choice":"Touch","floor":4.0,"gold_loss":0.0,"damage_taken":7.0},{"damage_healed":0.0,"max_hp_gain":0.0,"max_hp_loss":0.0,"gold_gain":75.0,"event_name":"World of Goop","player_choice":"Gather Gold","floor":14.0,"gold_loss":0.0,"damage_taken":11.0},{"damage_healed":0,"gold_gain":0,"player_choice":"Forge","damage_taken":0,"max_hp_gain":0,"max_hp_loss":0,"event_name":"Accursed Blacksmith","floor":36,"gold_loss":0,"cards_upgraded":["Power Through"]}],"is_beta":false,"boss_relics":[{"not_picked":["SlaversCollar","Tiny House"],"picked":"Mark of Pain"},{"not_picked":["Philosopher\u0027s Stone","Black Blood"],"picked":"Empty Cage"}],"items_purged_floors":[13,22,39,54],"is_endless":false,"potions_floor_spawned":[8,10,11,12,18,19,33,37,44,45,47,55],"ascension_level":20}}