{"host":"iodx9wtiy6cq33np","time":1614160208,"event":{"mods":["2.2 Compatiblity","Act Like it!","BaseMod","Colored Map","DeckTracker","Hermit","Keyboard Shortcuts","Minty Spire (QoL Compilation)","Permanent Neow","Quick Restart","Rare Cards Sparkle","StSLib","SuperFastMode"],"gold_per_floor":[367,384,63,79,92,92,267,14,39,39,54,83,99,117,117,219,219,248,248,261,296,296,296],"floor_reached":22,"language":"KOR","playtime":759,"items_purged":["Doubt","Doubt"],"score":190,"play_id":"8fc652fc-9886-472b-ae27-6ad518338b24","local_time":"20210224185008","is_ascension_mode":false,"campfire_choices":[{"data":"hermit:WideOpen","floor":6.0,"key":"SMITH"},{"data":"hermit:Snipe","floor":10.0,"key":"SMITH"},{"data":"hermit:Covet","floor":15.0,"key":"SMITH"}],"circlet_count":0,"master_deck":["hermit:Strike_Hermit","hermit:Strike_Hermit","hermit:Strike_Hermit","hermit:Strike_Hermit","hermit:Defend_Hermit","hermit:Defend_Hermit","hermit:Defend_Hermit","hermit:Defend_Hermit","hermit:Snapshot","hermit:Covet+1","hermit:Ricochet","hermit:WideOpen+1","Flash of Steel","hermit:Coalescence","hermit:Snipe+1","hermit:FromBeyond","hermit:GoldenBullet","hermit:Dissolve","hermit:DeadOrAlive","hermit:Reprieve","hermit:Vantage+1"],"relics":["hermit:Momento","Juzu Bracelet","Medical Kit","Centennial Puzzle","Blood Vial","Black Star"],"acts_visited":["Exordium","TheCity"],"potions_floor_usage":[22],"damage_taken":[{"damage":1.0,"enemies":"Cultist","floor":1.0,"turns":4.0},{"damage":1.0,"enemies":"Jaw Worm","floor":2.0,"turns":4.0},{"damage":0.0,"enemies":"2 Louse","floor":4.0,"turns":2.0},{"damage":7.0,"enemies":"Blue Slaver","floor":5.0,"turns":4.0},{"damage":2.0,"enemies":"3 Louse","floor":11.0,"turns":2.0},{"damage":18.0,"enemies":"Lagavulin","floor":12.0,"turns":3.0},{"damage":2.0,"enemies":"Looter","floor":13.0,"turns":2.0},{"damage":18.0,"enemies":"Large Slime","floor":14.0,"turns":5.0},{"damage":28.0,"enemies":"The Guardian","floor":16.0,"turns":9.0},{"damage":18.0,"enemies":"Shell Parasite","floor":18.0,"turns":10.0},{"damage":20,"enemies":"Spheric Guardian","floor":20,"turns":4},{"damage":21,"enemies":"Snake Plant","floor":21,"turns":4},{"damage":16,"enemies":"Snecko","floor":22,"turns":5}],"seed_played":"-1208322665292459463","potions_obtained":[{"floor":2.0,"key":"Explosive Potion"},{"floor":4.0,"key":"DistilledChaos"},{"floor":5.0,"key":"SpeedPotion"},{"floor":12.0,"key":"Energy Potion"},{"floor":18.0,"key":"FearPotion"},{"floor":21,"key":"SmokeBomb"}],"is_trial":false,"path_per_floor":["M","M","$","M","M","R","?","$","T","R","M","E","M","M","R","B",null,"M","?","M","M","M"],"character_chosen":"HERMIT","items_purchased":["Juzu Bracelet","Flash of Steel","Medical Kit"],"campfire_rested":0,"item_purchase_floors":[3,3,8],"current_hp_per_floor":[74,73,73,73,66,66,66,66,66,66,64,46,46,30,30,4,75,57,57,43,24,10,10],"gold":296,"neow_bonus":"TWO_FIFTY_GOLD","is_daily":false,"chose_seed":false,"campfire_upgraded":3,"win_rate":0.0,"timestamp":1614160208,"path_taken":["M","M","$","M","M","R","?","$","T","R","M","E","M","M","R","BOSS","M","?","M","M","M"],"items_purchased_type":["Relic","Card","Relic"],"build_version":"2020-12-22","purchased_purges":2,"victory":false,"max_hp_per_floor":[75,75,75,75,75,75,75,75,75,75,75,75,75,75,75,75,75,75,75,75,75,75,75],"card_choices":[{"not_picked":["hermit:HoleUp","hermit:LoneWolf"],"picked":"hermit:Ricochet","floor":1.0},{"not_picked":["hermit:Quickdraw","hermit:NoHoldsBarred"],"picked":"hermit:WideOpen","floor":2.0},{"not_picked":["hermit:Malice","hermit:Ricochet"],"picked":"hermit:Coalescence","floor":4.0},{"not_picked":["hermit:LuckOfTheDraw","hermit:Determination"],"picked":"hermit:Snipe","floor":5.0},{"not_picked":["hermit:LowProfile","hermit:CalledShot","hermit:Misfire"],"picked":"SKIP","floor":11.0},{"not_picked":["hermit:SprayPray","hermit:Misfire"],"picked":"hermit:FromBeyond","floor":12.0},{"not_picked":["hermit:Manifest","hermit:Headshot"],"picked":"hermit:GoldenBullet","floor":13.0},{"not_picked":["hermit:Misfire","hermit:Enervate"],"picked":"hermit:Dissolve","floor":14.0},{"not_picked":["hermit:FinalCanter","hermit:Gambit"],"picked":"hermit:DeadOrAlive","floor":16.0},{"not_picked":["hermit:GoldenBullet","hermit:ItchyTrigger+1"],"picked":"hermit:Reprieve","floor":18.0},{"not_picked":["hermit:TakeAim","hermit:Feint","hermit:NoHoldsBarred"],"picked":"SKIP","floor":20},{"not_picked":["hermit:Roulette","hermit:Ricochet"],"picked":"hermit:Vantage+1","floor":21}],"player_experience":920252,"relics_obtained":[{"floor":9.0,"key":"Centennial Puzzle"},{"floor":12.0,"key":"Blood Vial"}],"event_choices":[{"damage_healed":0.0,"max_hp_gain":0.0,"max_hp_loss":0.0,"gold_gain":175.0,"event_name":"Liars Game","player_choice":"AGREE","floor":7.0,"gold_loss":0.0,"damage_taken":0.0,"cards_obtained":["Doubt"]},{"damage_healed":0,"gold_gain":0,"player_choice":"Ignored","damage_taken":0,"max_hp_gain":0,"max_hp_loss":0,"event_name":"Cursed Tome","floor":19,"gold_loss":0}],"is_beta":false,"boss_relics":[{"not_picked":["hermit:DentedPlate","hermit:ClaspedLocket"],"picked":"Black Star"}],"items_purged_floors":[3,8],"is_endless":false,"potions_floor_spawned":[2,4,5,12,18,21],"killed_by":"Snecko","ascension_level":0}}