{"host":"8zzc9mdnfkdiyxma","time":1614126458,"event":{"mods":["2.2 Compatiblity","BaseMod","Better Altar","Better Match","Better Note","Better Sensory Stone","Better Skull","Better Third Choice","Better Vampires","Colored Map","Colored Powertips","Dark Map","Emptier Cage","Extra Virgin Snecko Oil","Minty Spire (QoL Compilation)","Permanent Neow","RNG Fix","Rare Cards Sparkle","Relic Filter","Reliquary","SacredBarkPlus","Smile Girya","StSLib","Waifu the Spire"],"gold_per_floor":[116,116,32,47,59,59,84,96,96,96,121,140,140,152,152,229,229,246,246,85,85,96,127,127,127,195,195,165,196,206,17,17,90,90,110,25,50,50,50,76,92,105,173,223,223,223,242,269,269,269,269,269,269,24,24,24],"floor_reached":55,"language":"ENG","playtime":4379,"items_purged":["Normality","Strike_B"],"score":1921,"play_id":"2bff8679-7bd8-4489-99b6-e0b2a04148b2","local_time":"20210223192738","is_ascension_mode":true,"campfire_choices":[{"data":"Zap","floor":6.0,"key":"SMITH"},{"floor":10.0,"key":"REST"},{"data":"Coolheaded","floor":13.0,"key":"SMITH"},{"data":"Beam Cell","floor":15.0,"key":"SMITH"},{"floor":24.0,"key":"REST"},{"floor":27.0,"key":"REST"},{"data":"Buffer","floor":32.0,"key":"SMITH"},{"floor":46.0,"key":"RECALL"},{"data":"Machine Learning","floor":49.0,"key":"SMITH"},{"data":"Go for the Eyes","floor":53,"key":"SMITH"}],"circlet_count":0,"master_deck":["AscendersBane","Defend_B","Defend_B","Defend_B","Defend_B","Zap+1","Dualcast","Echo Form","Sweeping Beam","Gash","Coolheaded+1","Go for the Eyes+1","Ball Lightning","Beam Cell+1","Streamline","Hologram","Glacier","Buffer+1","Gash","Scrape","Gash+1","Steam","Decay","Conserve Battery","Electrodynamics","Sweeping Beam","All For One","Loop+1","Leap","Defragment","Decay","Force Field","Machine Learning+1","Glacier"],"relics":["Cracked Core","Thread and Needle","Thread and Needle","Du-Vu Doll","Cursed Key","Lantern","Blood Vial","reliquary:BoilingFlask","DataDisk","HandDrill","Empty Cage","TungstenRod","reliquary:Spinner","Regal Pillow"],"acts_visited":["Exordium","TheCity","TheBeyond","TheEnding"],"potions_floor_usage":[51,55,55],"damage_taken":[{"damage":7.0,"enemies":"Jaw Worm","floor":1.0,"turns":2.0},{"damage":1.0,"enemies":"Cultist","floor":4.0,"turns":3.0},{"damage":4.0,"enemies":"Small Slimes","floor":5.0,"turns":3.0},{"damage":26.0,"enemies":"3 Sentries","floor":7.0,"turns":5.0},{"damage":4.0,"enemies":"Blue Slaver","floor":8.0,"turns":3.0},{"damage":1.0,"enemies":"Gremlin Nob","floor":11.0,"turns":3.0},{"damage":0.0,"enemies":"Looter","floor":12.0,"turns":3.0},{"damage":0.0,"enemies":"3 Louse","floor":14.0,"turns":2.0},{"damage":10.0,"enemies":"Slime Boss","floor":16.0,"turns":7.0},{"damage":10.0,"enemies":"2 Thieves","floor":18.0,"turns":3.0},{"damage":0.0,"enemies":"3 Byrds","floor":22.0,"turns":5.0},{"damage":30.0,"enemies":"Gremlin Leader","floor":23.0,"turns":6.0},{"damage":0.0,"enemies":"Centurion and Healer","floor":25.0,"turns":1.0},{"damage":1.0,"enemies":"Book of Stabbing","floor":29.0,"turns":5.0},{"damage":5.0,"enemies":"Shelled Parasite and Fungi","floor":30.0,"turns":4.0},{"damage":24.0,"enemies":"Champ","floor":33.0,"turns":9.0},{"damage":0.0,"enemies":"Orb Walker","floor":35.0,"turns":4.0},{"damage":0.0,"enemies":"Mind Bloom Boss Battle","floor":37.0,"turns":7.0},{"damage":14.0,"enemies":"Reptomancer","floor":40.0,"turns":4.0},{"damage":1.0,"enemies":"3 Shapes","floor":41.0,"turns":7.0},{"damage":0.0,"enemies":"Sphere and 2 Shapes","floor":42.0,"turns":4.0},{"damage":19.0,"enemies":"Writhing Mass","floor":47.0,"turns":5.0},{"damage":0.0,"enemies":"Giant Head","floor":48.0,"turns":7.0},{"damage":8.0,"enemies":"Donu and Deca","floor":50.0,"turns":9.0},{"damage":41,"enemies":"Awakened One","floor":51,"turns":11},{"damage":68,"enemies":"Shield and Spear","floor":55,"turns":6}],"seed_played":"4939538703421822969","potions_obtained":[{"floor":1.0,"key":"Explosive Potion"},{"floor":4.0,"key":"FocusPotion"},{"floor":11.0,"key":"SpeedPotion"},{"floor":12.0,"key":"ColorlessPotion"},{"floor":18.0,"key":"SpeedPotion"},{"floor":21.0,"key":"FearPotion"},{"floor":21.0,"key":"SneckoOil"},{"floor":23.0,"key":"SmokeBomb"},{"floor":28.0,"key":"AttackPotion"},{"floor":28.0,"key":"Block Potion"},{"floor":30.0,"key":"BlessingOfTheForge"},{"floor":37.0,"key":"DuplicationPotion"},{"floor":42.0,"key":"SteroidPotion"},{"floor":47.0,"key":"EntropicBrew"},{"floor":48.0,"key":"EssenceOfSteel"}],"is_trial":false,"path_per_floor":["M","?","$","M","M","R","E","M","T","R","E","M","R","M","R","B",null,"M","T","$","?","M","E","R","M","T","R","?","E","M","$","R","B",null,"M","$","?","?","$","E","M","M","T","?","?","R","M","E","R","B","B",null,"R","$","E"],"character_chosen":"DEFECT","items_purchased":["Gash","Coolheaded","Scrape","HandDrill","Sweeping Beam","Regen Potion","FocusPotion","Glacier"],"campfire_rested":3,"item_purchase_floors":[3,3,20,31,31,36,54,54],"current_hp_per_floor":[57,57,57,56,52,52,26,22,22,43,42,42,42,42,42,32,61,51,51,51,51,51,21,42,44,44,65,65,66,63,63,63,41,64,66,66,71,67,67,53,54,56,56,56,77,77,58,60,60,54,15,62,62,62,0,0],"gold":24,"neow_bonus":"ONE_RANDOM_RARE_CARD","is_daily":false,"chose_seed":false,"campfire_upgraded":6,"win_rate":0.0,"timestamp":1614126458,"path_taken":["M","?","?","M","?","R","E","M","T","R","E","M","R","M","R","BOSS","M","?","$","?","M","E","R","?","T","R","?","E","?","$","R","BOSS","M","$","?","?","?","E","?","M","T","?","?","R","?","E","R","BOSS","BOSS","R","$","E"],"items_purchased_type":["Card","Card","Card","Relic","Card","Potion","Potion","Card"],"build_version":"2020-12-22","purchased_purges":2,"victory":false,"max_hp_per_floor":[71,71,71,71,71,71,71,71,71,71,71,71,71,71,71,71,71,71,71,71,71,71,71,71,71,71,71,71,71,71,71,71,71,71,71,71,71,67,67,67,67,67,67,67,77,77,77,77,77,77,77,77,77,77,77,77],"card_choices":[{"not_picked":["Compile Driver","Consume"],"picked":"Sweeping Beam","floor":1.0},{"not_picked":["Turbo","Steam Power"],"picked":"Go for the Eyes","floor":4.0},{"not_picked":["Rebound","Go for the Eyes"],"picked":"Ball Lightning","floor":5.0},{"not_picked":["Aggregate","Rebound"],"picked":"Beam Cell","floor":7.0},{"not_picked":["FTL","Barrage"],"picked":"Streamline","floor":8.0},{"not_picked":["Lockon","FTL"],"picked":"Biased Cognition","floor":11.0},{"not_picked":["Lockon","Stack"],"picked":"Hologram","floor":12.0},{"not_picked":["Redo","Hologram"],"picked":"Glacier","floor":14.0},{"not_picked":["Creative AI","Fission"],"picked":"Buffer","floor":16.0},{"not_picked":["Stack","Steam"],"picked":"Gash","floor":18.0},{"not_picked":["Leap","Barrage"],"picked":"Gash+1","floor":22.0},{"not_picked":["Sunder","Stack"],"picked":"Steam","floor":23.0},{"not_picked":["Turbo","White Noise"],"picked":"Conserve Battery","floor":29.0},{"not_picked":["Stack","Turbo+1"],"picked":"Electrodynamics","floor":30.0},{"not_picked":["Creative AI","Reboot"],"picked":"All For One","floor":33.0},{"not_picked":["Chill","Sweeping Beam"],"picked":"Loop+1","floor":35.0},{"not_picked":["Chaos","Cold Snap+1"],"picked":"Leap","floor":40.0},{"not_picked":["Consume","Doom and Gloom","Redo"],"picked":"SKIP","floor":41.0},{"not_picked":["Cold Snap","Ball Lightning"],"picked":"Defragment","floor":42.0},{"not_picked":["Undo","Steam"],"picked":"Force Field","floor":47.0},{"not_picked":["Reprogram","Leap"],"picked":"Machine Learning","floor":48.0}],"player_experience":1016296,"relics_obtained":[{"floor":7.0,"key":"Thread and Needle"},{"floor":9.0,"key":"reliquary:SculptingSteel"},{"floor":11.0,"key":"Du-Vu Doll"},{"floor":19.0,"key":"Lantern"},{"floor":23.0,"key":"Blood Vial"},{"floor":26.0,"key":"reliquary:BoilingFlask"},{"floor":29.0,"key":"DataDisk"},{"floor":37.0,"key":"TungstenRod"},{"floor":40.0,"key":"reliquary:Spinner"},{"floor":48.0,"key":"Regal Pillow"}],"event_choices":[{"damage_healed":0.0,"max_hp_gain":0.0,"max_hp_loss":0.0,"gold_gain":0.0,"event_name":"betterThird:BetterSerpent","player_choice":"Ignored","floor":2.0,"gold_loss":0.0,"damage_taken":116.0},{"damage_healed":0.0,"max_hp_gain":0.0,"max_hp_loss":0.0,"gold_gain":0.0,"event_name":"Lab","player_choice":"Got Potions","floor":21.0,"gold_loss":0.0,"damage_taken":0.0},{"damage_healed":0.0,"max_hp_gain":0.0,"max_hp_loss":0.0,"gold_gain":0.0,"event_name":"The Woman in Blue","player_choice":"Bought 2 Potions","floor":28.0,"gold_loss":0.0,"damage_taken":0.0},{"damage_healed":0.0,"max_hp_gain":0.0,"max_hp_loss":0.0,"gold_gain":0.0,"event_name":"MindBloom","player_choice":"Fight","floor":37.0,"gold_loss":0.0,"damage_taken":0.0},{"damage_healed":0.0,"max_hp_gain":0.0,"max_hp_loss":4.0,"gold_gain":0.0,"event_name":"Winding Halls","player_choice":"Max HP","floor":38.0,"gold_loss":0.0,"damage_taken":0.0},{"damage_healed":0.0,"max_hp_gain":0.0,"max_hp_loss":0.0,"gold_gain":50.0,"event_name":"Golden Shrine","player_choice":"Pray","floor":44.0,"gold_loss":0.0,"damage_taken":0.0},{"cards_removed":["Biased Cognition"],"damage_healed":11.0,"max_hp_gain":10.0,"max_hp_loss":0.0,"gold_gain":0.0,"event_name":"Bonfire Elementals","player_choice":"Offered Rare","floor":45.0,"gold_loss":0.0,"damage_taken":0.0}],"is_beta":false,"boss_relics":[{"not_picked":["reliquary:RustamsPendant","SacredBark"],"picked":"Cursed Key"},{"not_picked":["Black Star","Sozu"],"picked":"Empty Cage"}],"items_purged_floors":[20,54],"is_endless":false,"potions_floor_spawned":[1,4,11,12,18,23,30,37,42,47,48],"killed_by":"Shield and Spear","ascension_level":20}}