{"host":"dg9ago0zd82drrsw","time":1614190507,"event":{"mods":["BaseMod","Bestiary","Colored Powertips","Downfall","GifTheSpireLib","Minty Spire (QoL Compilation)","Relic Stats","StSLib"],"gold_per_floor":[199,218,318,332,357,384,384,411,411,428,503,513,58,76,95,191,191,191,206,206,91,102,119,145,145,157,157,170,170,9,44,54,159,159,159,175,87,87,87,120,143,43,59,59,83,83,83,112,130,130],"floor_reached":51,"language":"ENG","playtime":1743,"items_purged":["Slimebound:Strike_Slimebound","Slimebound:Defend_Slimebound"],"score":1092,"play_id":"95c96cf6-d6c6-4f0d-83c1-3232bf105789","local_time":"20210224211507","is_ascension_mode":true,"campfire_choices":[{"data":"Slimebound:CorrosiveSpit","floor":1.0,"key":"SMITH"},{"floor":9.0,"key":"REST"},{"data":"Slimebound:SlimeSlap","floor":18.0,"key":"SMITH"},{"data":"Slimebound:AcidTongue","floor":29.0,"key":"SMITH"},{"data":"Slimebound:DuplicatedForm","floor":35.0,"key":"SMITH"},{"data":"Slimebound:WasteNot","floor":42.0,"key":"SMITH"},{"data":"Slimebound:AcidTongue","floor":44,"key":"SMITH"},{"data":"expansioncontent:PolyBeam","floor":46,"key":"SMITH"}],"circlet_count":0,"master_deck":["Slimebound:Strike_Slimebound+1","Slimebound:Strike_Slimebound+1","Slimebound:Tackle","Slimebound:Defend_Slimebound+1","Slimebound:Defend_Slimebound+1","Slimebound:Defend_Slimebound+1","Slimebound:Split+1","Slimebound:CorrosiveSpit+1","Slimebound:Gluttony","Slimebound:RainOfGoop","Slimebound:SlimeSpikes","Slimebound:AcidTongue+1","Slimebound:Prepare","Slimebound:ViciousTackle","Slimebound:Schlurp","Slimebound:SamplingLick","Slimebound:WasteNot+1","Slimebound:Prepare+1","Slimebound:SlimeSlap+1","Slimebound:LivingWall+1","Slimebound:SplitMire","Slimebound:Schlurp","Slimebound:SamplingLick","Slimebound:Gluttony","Slimebound:ViciousTackle","Slimebound:Schlurp","Slimebound:Schlurp+1","Slimebound:Recollect","Slimebound:SamplingLick","Slimebound:LivingWall+1","Slimebound:OozeBath","Slimebound:GoopSpray+1","Slimebound:Prepare+1","Slimebound:LeechingTouch","Slimebound:DuplicatedForm+1","Slimebound:Recollect","Slimebound:SpikyOuterGoop+1","Slimebound:ViciousTackle+1","Slimebound:AcidTongue+1","Slimebound:AcidTongue+1","expansioncontent:PolyBeam+1","Slimebound:OozeBath+1","Slimebound:SpikyOuterGoop+1","Slimebound:SlimeSpikes+1","Slimebound:Replication+1"],"relics":["Slimebound:AbsorbEndCombat","PreservedInsect","Pear","Du-Vu Doll","Prayer Wheel","Gremlin Horn","Slimebound:TarBlob","Orichalcum","War Paint","Ginger","expansioncontent:StudyCardRelic","DollysMirror","Omamori","Blue Candle","Toxic Egg 2","downfall:HeartBlessingBlue","Pen Nib","Bronze Scales"],"acts_visited":["Exordium","TheCity","TheBeyond"],"potions_floor_usage":[50,50],"damage_taken":[{"damage":2.0,"enemies":"Jaw Worm","floor":2.0,"turns":4.0},{"damage":1.0,"enemies":"Cultist","floor":4.0,"turns":3.0},{"damage":43.0,"enemies":"3 Sentries","floor":6.0,"turns":7.0},{"damage":19.0,"enemies":"Gremlin Nob","floor":8.0,"turns":4.0},{"damage":3.0,"enemies":"2 Louse","floor":10.0,"turns":2.0},{"damage":7.0,"enemies":"Blue Slaver","floor":12.0,"turns":3.0},{"damage":5.0,"enemies":"downfall:FleeingMerchant","floor":13.0,"turns":4.0},{"damage":15.0,"enemies":"Large Slime","floor":14.0,"turns":4.0},{"damage":11.0,"enemies":"downfall:LooterAlt","floor":15.0,"turns":2.0},{"damage":0.0,"enemies":"SI_SHIV_ARCHETYPE","floor":16.0,"turns":7.0},{"damage":2.0,"enemies":"Shell Parasite","floor":19.0,"turns":3.0},{"damage":1.0,"enemies":"downfall:FleeingMerchant","floor":21.0,"turns":4.0},{"damage":11.0,"enemies":"3 Byrds","floor":22.0,"turns":4.0},{"damage":2.0,"enemies":"Shelled Parasite and Fungi","floor":23.0,"turns":3.0},{"damage":15.0,"enemies":"Sentry and Sphere","floor":26.0,"turns":4.0},{"damage":0.0,"enemies":"Snecko","floor":28.0,"turns":4.0},{"damage":5.0,"enemies":"downfall:FleeingMerchant","floor":30.0,"turns":4.0},{"damage":19.0,"enemies":"Book of Stabbing","floor":31.0,"turns":6.0},{"damage":0.0,"enemies":"Centurion and Healer","floor":32.0,"turns":6.0},{"damage":40.0,"enemies":"DF_ARCHETYPE_CLAW","floor":33.0,"turns":8.0},{"damage":5.0,"enemies":"3 Shapes","floor":36.0,"turns":4.0},{"damage":3.0,"enemies":"downfall:FleeingMerchant","floor":37.0,"turns":3.0},{"damage":15.0,"enemies":"Giant Head","floor":40.0,"turns":4.0},{"damage":0,"enemies":"3 Darklings","floor":43,"turns":3},{"damage":16,"enemies":"Reptomancer","floor":48,"turns":3},{"damage":26,"enemies":"Spire Growth","floor":49,"turns":5},{"damage":19,"enemies":"IC_BLOCK_ARCHETYPE","floor":50,"turns":6}],"seed_played":"-630052033922873495","potions_obtained":[{"floor":6.0,"key":"Block Potion"},{"floor":14.0,"key":"SkillPotion"},{"floor":16.0,"key":"LiquidMemories"},{"floor":23.0,"key":"SteroidPotion"},{"floor":26.0,"key":"Block Potion"},{"floor":31.0,"key":"Block Potion"},{"floor":33.0,"key":"hexamod:SoulburnPotion"},{"floor":40.0,"key":"bronze:BurnAndBuffPotion"},{"floor":48,"key":"Slimebound:SlimedPotion"}],"is_trial":false,"path_per_floor":["R","M","?","M","T","E","T","E","R","M","?","M","$","M","M","B",null,"R","M","?","$","M","M","T","?","M","?","M","R","$","E","M","B",null,"R","M","$","?","?","E","T","R","M","R","T","R","?","E","M","B",null],"character_chosen":"SLIMEBOUND","items_purchased":["Gremlin Horn","Slimebound:Prepare","AttackPotion","Block Potion","War Paint","Slimebound:AcidTongue","DollysMirror","Omamori","Energy Potion"],"campfire_rested":1,"item_purchase_floors":[13,13,13,13,30,37,37,37,37],"current_hp_per_floor":[65,65,65,65,65,38,38,21,43,44,44,39,36,23,14,16,75,75,75,75,75,72,75,75,75,60,60,64,64,61,46,54,22,75,75,75,74,74,69,75,75,85,85,85,85,85,85,73,49,53],"gold":130,"neow_bonus":"HUNDRED_GOLD","is_daily":false,"chose_seed":false,"campfire_upgraded":7,"win_rate":0.0,"timestamp":1614190507,"path_taken":["R","M","?","M","?","E","T","E","R","?","?","M","$","M","M","BOSS","R","M","?","$","M","M","T","?","M","?","M","R","$","E","M","BOSS","R","M","$","?","?","E","T","R","M","R","?","R","?","E","M","BOSS"],"items_purchased_type":["Relic","Card","Potion","Potion","Relic","Card","Relic","Relic","Potion"],"build_version":"2020-12-22","purchased_purges":2,"victory":true,"max_hp_per_floor":[65,65,65,65,65,75,75,75,75,75,75,75,75,75,75,75,75,75,75,75,75,75,75,75,75,75,75,75,75,75,75,75,75,75,75,75,75,75,75,75,75,85,85,85,85,85,85,85,85,85],"relic_stats":{"Gremlin Horn":[14,14],"counters":[27,114],"Blue Candle":[0],"Bronze Scales":[12],"Prayer Wheel":13,"PreservedInsect":379,"Pen Nib":[0],"Ginger":[8],"Orichalcum":[12],"War Paint":["Slimebound:Prepare","Slimebound:Split"],"obtain_stats":[{"Pear":6,"Gremlin Horn":13,"Blue Candle":39,"PreservedInsect":5,"Pen Nib":45,"expansioncontent:StudyCardRelic":34,"Omamori":37,"Ginger":31,"Orichalcum":24,"War Paint":30,"Slimebound:TarBlob":17,"Du-Vu Doll":7,"DollysMirror":37,"downfall:HeartBlessingBlue":42,"Bronze Scales":48,"Prayer Wheel":8,"Slimebound:AbsorbEndCombat":0,"Toxic Egg 2":40},{"Pear":3,"Gremlin Horn":7,"Blue Candle":22,"PreservedInsect":2,"Pen Nib":24,"expansioncontent:StudyCardRelic":20,"Omamori":22,"Ginger":18,"Orichalcum":14,"War Paint":17,"Slimebound:TarBlob":10,"Du-Vu Doll":3,"DollysMirror":22,"downfall:HeartBlessingBlue":23,"Bronze Scales":25,"Prayer Wheel":4,"Slimebound:AbsorbEndCombat":0,"Toxic Egg 2":23},{"Pear":14,"Gremlin Horn":27,"Blue Candle":93,"PreservedInsect":7,"Pen Nib":100,"expansioncontent:StudyCardRelic":86,"Omamori":93,"Ginger":72,"Orichalcum":54,"War Paint":66,"Slimebound:TarBlob":40,"Du-Vu Doll":14,"DollysMirror":93,"downfall:HeartBlessingBlue":97,"Bronze Scales":103,"Prayer Wheel":18,"Slimebound:AbsorbEndCombat":0,"Toxic Egg 2":97}]},"card_choices":[{"not_picked":["Slimebound:SamplingLick","Slimebound:RollThrough"],"picked":"Slimebound:Gluttony","floor":2.0},{"not_picked":["Slimebound:ItLooksTasty","Slimebound:LivingWall"],"picked":"Slimebound:RainOfGoop","floor":4.0},{"not_picked":["Slimebound:SplitBruiser","Slimebound:ProtectTheBoss"],"picked":"Slimebound:SlimeSpikes","floor":6.0},{"not_picked":["Slimebound:Grow","Slimebound:GoopSpray"],"picked":"Slimebound:AcidTongue","floor":8.0},{"not_picked":["Slimebound:SplitBruiser","Slimebound:DisruptingSlam"],"picked":"Slimebound:Prepare","floor":10.0},{"not_picked":["Slimebound:FinishingTackle","Slimebound:GoopTackle"],"picked":"Slimebound:ViciousTackle","floor":10.0},{"not_picked":["Slimebound:LeechingTouch","Slimebound:SlimeBrawl"],"picked":"Slimebound:Schlurp","floor":12.0},{"not_picked":["Slimebound:Chomp","Slimebound:SplitAcid"],"picked":"Slimebound:SamplingLick","floor":12.0},{"not_picked":["Slimebound:LeechEnergy","Slimebound:SlimeSpikes"],"picked":"Slimebound:WasteNot","floor":13.0},{"not_picked":["Slimebound:SlimeBarrage","Slimebound:FinishingTackle","Slimebound:ComboTackle"],"picked":"SKIP","floor":14.0},{"not_picked":["Slimebound:SlimeBrawl","Slimebound:PressTheAttack","Slimebound:LeechEnergy"],"picked":"SKIP","floor":14.0},{"not_picked":["Slimebound:SplitAcid","Slimebound:GrowthPunch","Slimebound:FinishingTackle"],"picked":"SKIP","floor":15.0},{"not_picked":["Slimebound:PressTheAttack","Slimebound:DivideAndConquer","Slimebound:GrowthPunch"],"picked":"SKIP","floor":15.0},{"not_picked":["Slimebound:PrepareCrush","Slimebound:WasteNot"],"picked":"Slimebound:SlimeSlap","floor":16.0},{"not_picked":["Slimebound:SplitSpecialist+1","Slimebound:LeechEnergy"],"picked":"Slimebound:LivingWall+1","floor":19.0},{"not_picked":["Slimebound:Gluttony","Slimebound:SplitLeeching"],"picked":"Slimebound:SplitMire","floor":19.0},{"not_picked":["Slimebound:ComboTackle","Slimebound:FirmFortitude"],"picked":"Slimebound:SamplingLick","floor":21.0},{"not_picked":["Slimebound:SplitMire","Slimebound:PressTheAttack"],"picked":"Slimebound:Gluttony","floor":22.0},{"not_picked":["Slimebound:TongueLash","Slimebound:FlameTackle"],"picked":"Slimebound:ViciousTackle","floor":22.0},{"not_picked":["Slimebound:SlimeSpikes","Slimebound:SplitAcid+1"],"picked":"Slimebound:Schlurp","floor":23.0},{"not_picked":["Slimebound:DivideAndConquer","Slimebound:SlimeTap"],"picked":"Slimebound:Schlurp+1","floor":23.0},{"not_picked":["Slimebound:PressTheAttack","Slimebound:Prepare"],"picked":"Slimebound:Recollect","floor":26.0},{"not_picked":["Slimebound:FlameTackle","Slimebound:Prepare","Slimebound:FinishingTackle"],"picked":"SKIP","floor":26.0},{"not_picked":["Slimebound:SpikyOuterGoop","Slimebound:HauntingLick"],"picked":"Slimebound:SamplingLick","floor":28.0},{"not_picked":["Slimebound:SplitBruiser","Slimebound:TongueLash+1"],"picked":"Slimebound:LivingWall+1","floor":28.0},{"not_picked":["Slimebound:GoopSpray","Slimebound:MegaLick+1"],"picked":"Slimebound:OozeBath","floor":30.0},{"not_picked":["Slimebound:ItLooksTasty+1","Slimebound:LeechEnergy"],"picked":"Slimebound:GoopSpray+1","floor":31.0},{"not_picked":["Slimebound:SamplingLick","Slimebound:LeadByExample"],"picked":"Slimebound:Prepare+1","floor":32.0},{"not_picked":["Slimebound:SplitAcid+1","Slimebound:RollThrough"],"picked":"Slimebound:LeechingTouch","floor":32.0},{"not_picked":["Slimebound:OneTwoCombo","Slimebound:Overexert"],"picked":"Slimebound:DuplicatedForm","floor":33.0},{"not_picked":["Slimebound:ViciousTackle","Slimebound:ComboTackle"],"picked":"Slimebound:Recollect","floor":36.0},{"not_picked":["Slimebound:Gluttony+1","Slimebound:HungryTackle"],"picked":"Slimebound:SpikyOuterGoop+1","floor":36.0},{"not_picked":["Slimebound:SplitBruiser","Slimebound:DivideAndConquer"],"picked":"Slimebound:ViciousTackle+1","floor":37.0},{"not_picked":["expansioncontent:GuardianWhirl","expansioncontent:Hexaburn"],"picked":"expansioncontent:PolyBeam","floor":38.0},{"not_picked":["Slimebound:ItLooksTasty+1","Slimebound:Gluttony+1"],"picked":"Slimebound:OozeBath+1","floor":40.0},{"not_picked":["Slimebound:Repurpose+1","Slimebound:GoopSpray+1"],"picked":"Slimebound:SpikyOuterGoop","floor":43},{"not_picked":["Slimebound:LeechEnergy","Slimebound:LeechingTouch"],"picked":"Slimebound:SlimeSpikes+1","floor":43},{"not_picked":["Slimebound:ComboTackle+1","Slimebound:ItLooksTasty+1","Slimebound:SplitAcid+1"],"picked":"SKIP","floor":48},{"not_picked":["Slimebound:SplitBruiser+1","Slimebound:SlimeBrawl+1"],"picked":"Slimebound:Replication+1","floor":49},{"not_picked":["Slimebound:LeechingTouch","Slimebound:LeechEnergy","Slimebound:SplitBruiser+1"],"picked":"SKIP","floor":49}],"player_experience":778044,"relics_obtained":[{"floor":5.0,"key":"PreservedInsect"},{"floor":6.0,"key":"Pear"},{"floor":7.0,"key":"Du-Vu Doll"},{"floor":8.0,"key":"Prayer Wheel"},{"floor":24.0,"key":"Orichalcum"},{"floor":31.0,"key":"Ginger"},{"floor":40.0,"key":"Toxic Egg 2"},{"floor":45,"key":"Pen Nib"},{"floor":48,"key":"Bronze Scales"}],"event_choices":[{"damage_healed":0.0,"max_hp_gain":0.0,"max_hp_loss":0.0,"gold_gain":0.0,"event_name":"The Library","player_choice":"Read","floor":20.0,"gold_loss":0.0,"damage_taken":0.0,"cards_obtained":["Slimebound:Schlurp"]},{"damage_healed":0.0,"max_hp_gain":0.0,"max_hp_loss":0.0,"gold_gain":0.0,"event_name":"Vampires","player_choice":"Ignored","floor":27.0,"gold_loss":0.0,"damage_taken":0.0}],"is_beta":false,"boss_relics":[{"not_picked":["Calling Bell","Snecko Eye"],"picked":"Slimebound:TarBlob"},{"not_picked":["Philosopher\u0027s Stone","Runic Dome"],"picked":"expansioncontent:StudyCardRelic"}],"items_purged_floors":[13,21],"is_endless":false,"potions_floor_spawned":[6,14,15,16,23,26,31,33,40,48,49],"ascension_level":4}}