{"host":"k7hh5t5q02m5a7u6","time":1614178023,"event":{"mods":["A Magickal Journey","Act Like it!","Astrologer","Bard","BaseMod","Better Note","Better Skull","Clockwork Mod","Colored Powertips","Conspire","Downfall","Gremlin Skip","Hallownest","Highlight Path","Hubris","Jorbs\u0027s Wanderer Trilogy","Koishi","Mad Scientist","Marisa????????","Mimic Mod","Minty Spire (QoL Compilation)","Permanent Neow","Prisma Mod","Quick Restart","Shop Mod","StSLib","SuperFastMode","The Hierophant"],"gold_per_floor":[110,129,54,67,85,114,114,114,147,178,209,227,238,263,263,366,366,385,399,413,413,424,456,456,488,488,504,533,488,56,71,71,168,168,180,199,264,264,264,299,310,310,335,367,367,394,439,458,458,458,458,458,12,46,46,46],"floor_reached":55,"language":"ENG","playtime":4844,"items_purged":["Doubt","PrismaMod:IllyaCommonAttack","PrismaMod:IllyaCommonAttack"],"score":812,"play_id":"bec1ac06-32a0-4b82-8e1c-bc676ae1cfb9","local_time":"20210224154703","is_ascension_mode":false,"campfire_choices":[{"data":"PrismaMod:IllyaGun","floor":7,"key":"SMITH"},{"data":"PrismaMod:IllyaCarnivalOrbs","floor":15,"key":"SMITH"},{"data":"PrismaMod:IllyaUberChannel","floor":24,"key":"SMITH"},{"data":"PrismaMod:IllyaSaphire","floor":32,"key":"SMITH"},{"data":"PrismaMod:IllyaCarnivalOrbs","floor":42,"key":"SMITH"},{"data":"PrismaMod:IllyaSaphire","floor":45,"key":"SMITH"},{"floor":49,"key":"RECALL"},{"data":"PrismaMod:IllyaUpgradeOrbs","floor":52,"key":"SMITH"}],"circlet_count":0,"master_deck":["PrismaMod:IllyaCommonDefend","PrismaMod:IllyaCommonDefend","PrismaMod:IllyaCommonAttack","PrismaMod:IllyaCommonDefend","PrismaMod:IllyaCommonAttack+1","PrismaMod:IllyaCommonDefend","PrismaMod:IllyaCommonAttack","PrismaMod:IllyaCommonDefend","PrismaMod:IllyaUncommonAttack","PrismaMod:IllyaUncommonDefend","PrismaMod:IllyaGun+1","PrismaMod:IllyaDevil","PrismaMod:IllyaRubysPotion","PrismaMod:IllyaBerserCAR+1","PrismaMod:IllyaCheapAttack","PrismaMod:IllyaCarnivalOrbs+1","PrismaMod:IllyaUberChannel+1","PrismaMod:IllyaRubysPotion","PrismaMod:IllyaInstallRider","PrismaMod:IllyaUpgradeOrbs+1","PrismaMod:IllyaCommandSeal","PrismaMod:IllyaRubysPotion","PrismaMod:IllyaBerserCAR+1","PrismaMod:IllyaGrailKun+1","PrismaMod:IllyaMinorReinForce+1","PrismaMod:IllyaSaphire+1","PrismaMod:IllyaCarnivalOrbs+1","PrismaMod:IllyaUncommonDefend+1","PrismaMod:IllyaDevil+1","PrismaMod:IllyaSaphire+1","PrismaMod:IllyaSaphire+1","Mayhem"],"relics":["PrismaMod:PrismaRuby","Gambling Chip","PreservedInsect","hubris:Icosahedron","Centennial Puzzle","Potion Belt","Strawberry","Oddly Smooth Stone","hubris:TerracottaHorce","Red Mask","Mercury Hourglass","Orichalcum","MealTicket","TungstenRod","SlaversCollar","Prayer Wheel","hubris:Towel","Anchor","Ancient Tea Set","Lantern","Whetstone","hubris:ToyBattleship","hubris:BottledRain"],"acts_visited":["Hallownest:Greenpath","Hallownest:CityofTears","Hallownest:KingdomsEdge","TheEnding"],"potions_floor_usage":[13,22,28,33,36,37,37,44,55,55,55,55,55],"damage_taken":[{"damage":0,"enemies":"Hallownest:2_Baldur","floor":1,"turns":9},{"damage":4,"enemies":"2_ Uuma","floor":2,"turns":7},{"damage":0,"enemies":"Hallownest:monsterHuskWarrior","floor":4,"turns":3},{"damage":17,"enemies":"Hallownest:Guard_and_Warrior","floor":5,"turns":9},{"damage":16,"enemies":"Hallownest:eliteMossKnight","floor":6,"turns":10},{"damage":4,"enemies":"Hallownest:Wandering_and_Horned","floor":9,"turns":13},{"damage":4,"enemies":"conspire:MimicChest","floor":10,"turns":6},{"damage":6,"enemies":"Hallownest:eliteVengeflyKing","floor":11,"turns":8},{"damage":0,"enemies":"Hallownest:Wandering_and_Horned","floor":12,"turns":4},{"damage":3,"enemies":"Hallownest:2_Tiktiks_1_Baldur_1_Crawlid","floor":13,"turns":4},{"damage":7,"enemies":"Hallownest:eliteCrystalGuardian","floor":14,"turns":3},{"damage":34,"enemies":"Hallownest:BossHornet","floor":16,"turns":11},{"damage":1,"enemies":"Hallownest:3_Youths","floor":18,"turns":6},{"damage":4,"enemies":"Hallownest:Guard_and_Sentry","floor":19,"turns":3},{"damage":0,"enemies":"Hallownest:2_Husk_Sentries","floor":20,"turns":5},{"damage":11,"enemies":"Hallownest:2_Flukemon","floor":22,"turns":9},{"damage":29,"enemies":"Hallownest:eliteWatcherKnight","floor":23,"turns":14},{"damage":2,"enemies":"Hallownest:Nosk","floor":25,"turns":7},{"damage":4,"enemies":"Hallownest:monsterShrumalOgre","floor":27,"turns":3},{"damage":13,"enemies":"Hallownest:eliteSoulWarrior","floor":28,"turns":6},{"damage":0,"enemies":"Hallownest:3_Mistakes","floor":31,"turns":4},{"damage":10,"enemies":"Hallownest:BossMantisLord","floor":33,"turns":9},{"damage":13,"enemies":"Hallownest:2_Littles","floor":35,"turns":6},{"damage":13,"enemies":"Hallownest:Shield_Heavy","floor":36,"turns":4},{"damage":40,"enemies":"Hallownest:2_Primals","floor":37,"turns":3},{"damage":19,"enemies":"Hallownest:eliteHiveKnight","floor":40,"turns":7},{"damage":5,"enemies":"Hallownest:2_Soldiers_and_1_Guardian","floor":41,"turns":8},{"damage":0,"enemies":"Hallownest:eliteCollector","floor":44,"turns":6},{"damage":7,"enemies":"Hallownest:eliteHiveKnight","floor":46,"turns":6},{"damage":7,"enemies":"Hallownest:Xero_Hu_Marmu","floor":48,"turns":4},{"damage":1,"enemies":"Hallownest:BossGreyPrinceZote","floor":50,"turns":10},{"damage":44,"enemies":"Shield and Spear","floor":54,"turns":5},{"damage":68,"enemies":"The Heart","floor":55,"turns":8}],"seed_played":"-8415296470206324436","potions_obtained":[{"floor":4,"key":"SpeedPotion"},{"floor":5,"key":"SpeedPotion"},{"floor":11,"key":"Fire Potion"},{"floor":12,"key":"Weak Potion"},{"floor":18,"key":"FearPotion"},{"floor":22,"key":"Fruit Juice"},{"floor":23,"key":"Energy Potion"},{"floor":28,"key":"SpeedPotion"},{"floor":33,"key":"GamblersBrew"},{"floor":37,"key":"DuplicationPotion"},{"floor":40,"key":"AttackPotion"},{"floor":41,"key":"EssenceOfSteel"},{"floor":48,"key":"Strength Potion"}],"is_trial":false,"path_per_floor":["M","M","$","M","M","E","R","?","MIM","?","E","M","M","E","R","B",null,"M","M","M","?","M","E","R","E","T","M","E","?","$","M","R","B",null,"M","M","?","?","?","E","M","R","T","E","R","E","T","M","R","B",null,"R","$","E","B"],"character_chosen":"ILLYA","items_purchased":["TungstenRod","PrismaMod:IllyaSaphire","Mayhem","Energy Potion","SneckoOil"],"campfire_rested":0,"item_purchase_floors":[30,30,53,53,53],"current_hp_per_floor":[75,71,71,71,59,48,48,48,49,45,51,56,53,51,51,27,68,77,78,82,82,84,68,68,84,84,87,87,87,87,87,87,85,87,85,77,37,37,37,36,49,49,49,64,64,75,75,81,81,87,87,87,87,48,0,0],"gold":46,"neow_bonus":"ONE_RARE_RELIC","is_daily":false,"chose_seed":false,"campfire_upgraded":7,"win_rate":0.0,"timestamp":1614178023,"path_taken":["M","?","$","M","M","E","R","?","MIM","?","E","M","M","E","R","BOSS","M","M","M","?","M","E","R","E","T","M","E","?","$","M","R","BOSS","M","M","?","?","?","E","M","R","T","E","R","E","?","M","R","BOSS","R","$","E","BOSS"],"items_purchased_type":["Relic","Card","Card","Potion","Potion"],"build_version":"2020-12-22","purchased_purges":3,"victory":false,"max_hp_per_floor":[75,75,75,75,75,75,75,75,75,75,82,82,82,82,82,82,82,82,82,82,82,87,87,87,87,87,87,87,87,87,87,87,87,87,87,87,87,87,87,87,87,87,87,87,87,87,87,87,87,87,87,87,87,87,87,87],"card_choices":[{"not_picked":["PrismaMod:IllyaSaphire","PrismaMod:IllyaPoisonBlock"],"picked":"PrismaMod:IllyaGun","floor":1},{"not_picked":["PrismaMod:IllyaGrailKun","PrismaMod:IllyaMinorReinForce"],"picked":"PrismaMod:IllyaDevil","floor":2},{"not_picked":["PrismaMod:IllyaPartialInstallAssassin","PrismaMod:IllyaCheapDefend"],"picked":"PrismaMod:IllyaRubysPotion","floor":4},{"not_picked":["PrismaMod:IllyaGrailKun","PrismaMod:IllyaHassanGift"],"picked":"PrismaMod:IllyaBerserCAR","floor":5},{"not_picked":["PrismaMod:IllyaPoisonBomb","PrismaMod:IllyaPoisonBlock","PrismaMod:IllyaMinorRapidFire"],"picked":"SKIP","floor":6},{"not_picked":["PrismaMod:IllyaPoisonBlock","PrismaMod:IllyaGun"],"picked":"PrismaMod:IllyaCheapAttack","floor":9},{"not_picked":["PrismaMod:IllyaCheapChannelPoison","PrismaMod:IllyaUncommonAttack"],"picked":"PrismaMod:IllyaCarnivalOrbs","floor":10},{"not_picked":["PrismaMod:IllyaPoisonTippedWeapons","PrismaMod:IllyaReinForce"],"picked":"PrismaMod:IllyaUberChannel","floor":11},{"not_picked":["PrismaMod:IllyaBride","PrismaMod:IllyaCheapChannelAttack","PrismaMod:IllyaFeed"],"picked":"SKIP","floor":12},{"not_picked":["PrismaMod:IllyaMinorReinForce","PrismaMod:IllyaCheapDefend"],"picked":"PrismaMod:IllyaRubysPotion","floor":13},{"not_picked":["PrismaMod:IllyaPoisoningPhantasm","PrismaMod:IllyaGun","PrismaMod:IllyaHassanGift"],"picked":"SKIP","floor":14},{"not_picked":["PrismaMod:IllyaCarnivalOrbs","PrismaMod:IllyaUberPoisonChannel"],"picked":"PrismaMod:IllyaInstallRider","floor":16},{"not_picked":["PrismaMod:IllyaRussianRoulette","PrismaMod:IllyaDetonatingBlow"],"picked":"PrismaMod:IllyaUpgradeOrbs","floor":18},{"not_picked":["PrismaMod:IllyaBerserCAR+1","PrismaMod:IllyaAssassinRevenge"],"picked":"PrismaMod:IllyaCommandSeal","floor":19},{"not_picked":["PrismaMod:IllyaUncommonAttack","PrismaMod:IllyaPoisonTippedWeapons","PrismaMod:IllyaStunPoison"],"picked":"SKIP","floor":20},{"not_picked":["PrismaMod:IllyaFriendMaker","PrismaMod:IllyaBride"],"picked":"PrismaMod:IllyaRubysPotion","floor":22},{"not_picked":["PrismaMod:IllyaAOECommonAttack","PrismaMod:IllyaBlindPoisonToss","PrismaMod:IllyaDevil"],"picked":"SKIP","floor":23},{"not_picked":["PrismaMod:IllyaCheapDefend","PrismaMod:IllyaDualEvoke+1"],"picked":"PrismaMod:IllyaBerserCAR+1","floor":25},{"not_picked":["PrismaMod:IllyaCheapChannelDefend+1","PrismaMod:IllyaTestament"],"picked":"PrismaMod:IllyaGrailKun+1","floor":27},{"not_picked":["PrismaMod:IllyaHassanGift","PrismaMod:IllyaZwei"],"picked":"PrismaMod:IllyaMinorReinForce+1","floor":28},{"not_picked":["PrismaMod:IllyaCheapChannelDefend","PrismaMod:IllyaMaid","PrismaMod:IllyaGun"],"picked":"SKIP","floor":31},{"not_picked":["PrismaMod:IllyaUberDefendChannel","PrismaMod:IllyaInstallRuler"],"picked":"PrismaMod:IllyaCarnivalOrbs","floor":33},{"not_picked":["PrismaMod:IllyaGun+1","PrismaMod:IllyaReinForce+1"],"picked":"PrismaMod:IllyaUncommonDefend+1","floor":35},{"not_picked":["PrismaMod:IllyaReinForce","PrismaMod:IllyaBerserCAR","PrismaMod:IllyaDevil"],"picked":"SKIP","floor":36},{"not_picked":["PrismaMod:IllyaUncommonAttack+1","PrismaMod:IllyaUpgradeOrbs"],"picked":"PrismaMod:IllyaDevil+1","floor":40},{"not_picked":["PrismaMod:IllyaRapidFire+1","PrismaMod:IllyaFeed+1"],"picked":"PrismaMod:IllyaSaphire","floor":41},{"not_picked":["PrismaMod:IllyaBoysLove","PrismaMod:IllyaPartialInstallAssassin","PrismaMod:IllyaCheapChannelPoison+1"],"picked":"SKIP","floor":41},{"not_picked":["PrismaMod:IllyaCheapChannelAttack","PrismaMod:IllyaRapidFire+1","PrismaMod:IllyaGrailKun"],"picked":"SKIP","floor":44},{"not_picked":["PrismaMod:IllyaUpgradeOrbs","PrismaMod:IllyaCarnivalPrismaAstolfo","PrismaMod:IllyaMinorZwei+1"],"picked":"SKIP","floor":46},{"not_picked":["PrismaMod:IllyaUncommonAttack","PrismaMod:IllyaUncommonDefend+1"],"picked":"PrismaMod:IllyaSaphire+1","floor":48},{"not_picked":["PrismaMod:IllyaReinForce+1","PrismaMod:IllyaStunPoison+1","PrismaMod:IllyaPoisonBomb"],"picked":"SKIP","floor":48},{"not_picked":["PrismaMod:IllyaAOECommonAttack","PrismaMod:IllyaInstallSaber","PrismaMod:IllyaBoysLove+1"],"picked":"SKIP","floor":54}],"player_experience":647139,"relics_obtained":[{"floor":6,"key":"PreservedInsect"},{"floor":9,"key":"Centennial Puzzle"},{"floor":10,"key":"Potion Belt"},{"floor":11,"key":"Strawberry"},{"floor":14,"key":"Oddly Smooth Stone"},{"floor":23,"key":"Mercury Hourglass"},{"floor":25,"key":"Orichalcum"},{"floor":28,"key":"MealTicket"},{"floor":37,"key":"Prayer Wheel"},{"floor":40,"key":"Anchor"},{"floor":43,"key":"Ancient Tea Set"},{"floor":44,"key":"Lantern"},{"floor":46,"key":"Whetstone"},{"floor":47,"key":"hubris:ToyBattleship"},{"floor":54,"key":"hubris:BottledRain"}],"event_choices":[{"damage_healed":0,"gold_gain":0,"player_choice":"Leave","damage_taken":0,"max_hp_gain":0,"max_hp_loss":0,"event_name":"conspire:Investor","floor":38,"gold_loss":0}],"is_beta":false,"boss_relics":[{"not_picked":["Philosopher\u0027s Stone","Runic Dome"],"picked":"hubris:TerracottaHorce"},{"not_picked":["hubris:HollowSoul","Empty Cage"],"picked":"SlaversCollar"}],"items_purged_floors":[3,30,53],"is_endless":false,"potions_floor_spawned":[4,5,11,12,18,22,23,28,33,37,40,41,48],"killed_by":"The Heart","ascension_level":0}}