{"host":"9qgbal69wq5palas","time":1614209114,"event":{"mods":["2.2 Compatiblity","Abigail Mod","AchievementEnabler","Act Like it!","Aspiration","Astrologer","Bartender","BaseMod","Better Altar","Better Note","Better Skull","Better Third Choice","Colored Powertips","Hallownest","Hermit","Highlight Path","Hubris","Infinite Spire","Jorbs\u0027s Wanderer Trilogy","Koishi","Lobotomy","Minty Spire (QoL Compilation)","Potionbrewer","Quick Restart","Random Character Button","Replay The Spire","Shade Mod","Shop Mod","Spicy Shops","StSLib","The Animator","The Bug Knight","The Cursed","The Disciple","The Exalted","The Hierophant","The Necromancer","The Servant 0.9.4","Wandering Minibosses"],"gold_per_floor":[119,131,148,148,168,197,197,227,251,0,14,31,31,31,31,130,130,145,157,157,157],"floor_reached":20,"language":"ENG","playtime":1309,"items_purged":[],"score":260,"play_id":"bfc70367-a668-4c83-9e08-3533e3d6ee3e","local_time":"20210225002514","is_ascension_mode":true,"campfire_choices":[{"floor":13,"key":"REST"},{"floor":15,"key":"REST"}],"circlet_count":0,"master_deck":["HollowMod:NailStrikeStart","HollowMod:NailStrikeStart","HollowMod:NailStrikeStart","HollowMod:QuickDashStart","HollowMod:QuickDashStart","HollowMod:QuickDashStart","HollowMod:QuickDashStart","HollowMod:FocusHealStart","HollowMod:PogoStrike","HollowMod:AwokenDreamNail","HollowMod:CycloneSlash","HollowMod:NewJinnsSoul","HollowMod:Weaversong","HollowMod:FallenFury+1","HollowMod:NewLittleFool+1","HollowMod:SharpenedNail","Regret","HollowMod:HeavyBlow","HollowMod:Weaversong","HollowMod:CoiledNail+1","HollowMod:FastStrike+1"],"relics":["HollowMod:VesselMask","HollowMod:QueensCombRelic","Gremlin Food","Toy Ornithopter","Singing Bowl","hubris:VirtuousBlindfold"],"acts_visited":["Exordium","TheCity"],"potions_floor_usage":[5,6,12,12,12,16,16],"damage_taken":[{"damage":9,"enemies":"Small Slimes","floor":1,"turns":5},{"damage":7,"enemies":"Jaw Worm","floor":2,"turns":5},{"damage":7,"enemies":"2 Louse","floor":3,"turns":4},{"damage":19,"enemies":"Lots of Slimes","floor":5,"turns":5},{"damage":20,"enemies":"Gremlin Nob","floor":6,"turns":4},{"damage":30,"enemies":"3 Sentries","floor":8,"turns":6},{"damage":10,"enemies":"Red Slaver","floor":11,"turns":4},{"damage":2,"enemies":"Looter","floor":12,"turns":4},{"damage":36,"enemies":"The Guardian","floor":16,"turns":14},{"damage":40,"enemies":"3 Byrds","floor":18,"turns":5},{"damage":21,"enemies":"Spheric Guardian","floor":19,"turns":4},{"damage":0,"enemies":"Centurion and Healer","floor":20,"turns":1}],"seed_played":"7581830333440197263","potions_obtained":[{"floor":2,"key":"potionbrewer:DiscountPotion"},{"floor":5,"key":"Block Potion"},{"floor":8,"key":"potionbrewer:SplittingPotion"},{"floor":11,"key":"potionbrewer:DiscountPotion"},{"floor":14,"key":"Elixir"},{"floor":14,"key":"potionbrewer:FreezingPotion"}],"is_trial":false,"path_per_floor":["M","M","M","?","M","E","?","E","T","$","M","M","R","?","R","B",null,"M","M","M"],"character_chosen":"THE_BUGKNIGHT","items_purchased":["Toy Ornithopter","Singing Bowl"],"campfire_rested":2,"item_purchase_floors":[10,10],"current_hp_per_floor":[69,68,67,67,54,34,34,8,8,8,8,25,40,40,52,26,46,18,5,9,9],"gold":157,"neow_bonus":"ONE_RANDOM_RARE_CARD","is_daily":false,"chose_seed":false,"campfire_upgraded":0,"win_rate":0.0,"timestamp":1614209114,"path_taken":["M","M","M","?","M","E","?","E","T","$","M","M","R","?","R","BOSS","M","M","?"],"items_purchased_type":["Relic","Relic"],"build_version":"2020-12-22","purchased_purges":0,"victory":false,"max_hp_per_floor":[75,75,75,75,75,50,50,50,50,50,52,52,52,52,52,52,52,52,52,52,52],"card_choices":[{"not_picked":["HollowMod:NewLittleFool","HollowMod:HowlingWraiths"],"picked":"HollowMod:CycloneSlash","floor":1},{"not_picked":["HollowMod:SharpenedNail","HollowMod:WraithStrike"],"picked":"HollowMod:NewJinnsSoul","floor":2},{"not_picked":["HollowMod:NewJinnsSoul","HollowMod:InfectionAssault"],"picked":"HollowMod:Weaversong","floor":3},{"not_picked":["HollowMod:PerfectDash","HollowMod:ShadowDash"],"picked":"HollowMod:FallenFury","floor":5},{"not_picked":["HollowMod:Hiveblood","HollowMod:ShapeofUnn"],"picked":"HollowMod:NewLittleFool","floor":6},{"not_picked":["HollowMod:CrystalDash","HollowMod:NewLittleFool"],"picked":"HollowMod:SharpenedNail","floor":8},{"not_picked":["HollowMod:ShapeofUnn","HollowMod:SiblingsShadow","HollowMod:RecoilStrike"],"picked":"Singing Bowl","floor":11},{"not_picked":["HollowMod:InfectedCysts","HollowMod:SoulVessel"],"picked":"HollowMod:HeavyBlow","floor":12},{"not_picked":["HollowMod:LifebloodCore","HollowMod:VoidDash"],"picked":"HollowMod:Weaversong","floor":16},{"not_picked":["HollowMod:LifebloodCocoon","HollowMod:LuriensSpire"],"picked":"HollowMod:CoiledNail+1","floor":18},{"not_picked":["HollowMod:DoubleDash","HollowMod:BrokenVessel"],"picked":"HollowMod:FastStrike+1","floor":19}],"player_experience":2808756,"relics_obtained":[{"floor":6,"key":"HollowMod:QueensCombRelic"},{"floor":9,"key":"Gremlin Food"}],"event_choices":[{"damage_healed":0,"gold_gain":0,"player_choice":"Got Potions","damage_taken":0,"max_hp_gain":0,"max_hp_loss":0,"event_name":"Lab","floor":14,"gold_loss":0}],"is_beta":false,"boss_relics":[{"not_picked":["Ring of Chaos","ReplayTheSpireMod:DimensionalGlitch"],"picked":"hubris:VirtuousBlindfold"}],"items_purged_floors":[],"is_endless":false,"potions_floor_spawned":[2,5,8,11],"killed_by":"Centurion and Healer","ascension_level":8}}