{"host":"u7lm8z2rvb4dg2oo","time":1614143895,"event":{"mods":["AchievementEnabler","BaseMod","Bestiary","Block Reminder","Colored Map","Colored Powertips","Curses Come First","DeckTracker","Googly Eyes","Highlight Path","Minty Spire (QoL Compilation)","Quick Restart","StSLib"],"gold_per_floor":[114,131,145,36,55,81,81,111,135,135,145,157,157,176,176,250,250,263,283,299,15,15,15,43,43,95,95,130,130,130,130],"floor_reached":30,"language":"ENG","playtime":1586,"items_purged":[],"score":546,"play_id":"249a49d8-411d-48ae-9484-be25f7adca25","local_time":"20210224001815","is_ascension_mode":true,"campfire_choices":[{"data":"Terror","floor":10,"key":"SMITH"},{"floor":13,"key":"REST"},{"floor":15,"key":"REST"},{"data":"Apotheosis","floor":23,"key":"SMITH"},{"floor":25,"key":"REST"}],"circlet_count":0,"master_deck":["AscendersBane","Strike_G+1","Strike_G+1","Strike_G+1","Strike_G+1","Strike_G+1","Defend_G+1","Defend_G+1","Defend_G+1","Defend_G+1","Defend_G+1","Survivor","Neutralize","Venomology","Blur","Dagger Spray","Terror","Cloak And Dagger","Terror+1","Well Laid Plans","PiercingWail","Adrenaline","Choke","Blade Dance","Dash","Backstab","Bullet Time","Accuracy","Finisher","Apotheosis+1","Accuracy","Storm of Steel"],"relics":["Ring of the Snake","Strawberry","MealTicket","Akabeko","SlaversCollar","Omamori","Juzu Bracelet","Potion Belt"],"acts_visited":["Exordium","TheCity"],"potions_floor_usage":[6,6,8,8,8,11,11,14,16,18,20,28],"damage_taken":[{"damage":0.0,"enemies":"2 Louse","floor":1.0,"turns":3.0},{"damage":4.0,"enemies":"Cultist","floor":2.0,"turns":5.0},{"damage":0.0,"enemies":"Jaw Worm","floor":3.0,"turns":3.0},{"damage":8.0,"enemies":"Large Slime","floor":5.0,"turns":11.0},{"damage":11,"enemies":"Gremlin Nob","floor":6,"turns":3},{"damage":12,"enemies":"3 Sentries","floor":8,"turns":8},{"damage":0,"enemies":"Looter","floor":11,"turns":1},{"damage":11,"enemies":"Exordium Thugs","floor":12,"turns":4},{"damage":3,"enemies":"Exordium Wildlife","floor":14,"turns":3},{"damage":30,"enemies":"The Guardian","floor":16,"turns":13},{"damage":20,"enemies":"Spheric Guardian","floor":18,"turns":4},{"damage":1,"enemies":"2 Thieves","floor":19,"turns":2},{"damage":24,"enemies":"Snake Plant","floor":20,"turns":5},{"damage":13,"enemies":"Book of Stabbing","floor":24,"turns":4},{"damage":20,"enemies":"Slavers","floor":28,"turns":5},{"damage":15,"enemies":"Gremlin Leader","floor":30,"turns":2}],"seed_played":"808496330942859868","potions_obtained":[{"floor":1.0,"key":"Energy Potion"},{"floor":6,"key":"Explosive Potion"},{"floor":8,"key":"SkillPotion"},{"floor":12,"key":"DuplicationPotion"},{"floor":14,"key":"Swift Potion"},{"floor":19,"key":"ColorlessPotion"}],"is_trial":false,"path_per_floor":["M","M","M","$","M","E","?","E","T","R","M","M","R","M","R","B",null,"M","M","M","$","?","R","E","R","T","?","E","?","E"],"character_chosen":"THE_SILENT","items_purchased":["Terror","Cloak And Dagger","Apotheosis","Accuracy"],"campfire_rested":3,"item_purchase_floors":[4,4,21,21],"current_hp_per_floor":[59,55,55,55,47,43,43,31,31,31,31,20,41,38,59,29,62,51,50,26,41,41,41,28,49,49,28,8,8,0,0],"gold":130,"neow_bonus":"ONE_RANDOM_RARE_CARD","is_daily":false,"chose_seed":false,"campfire_upgraded":2,"win_rate":0.0,"timestamp":1614143895,"path_taken":["M","M","M","$","M","E","?","E","T","R","?","M","R","M","R","BOSS","M","M","M","$","?","R","E","R","T","?","E","?","E"],"items_purchased_type":["Card","Card","Card","Card"],"build_version":"2020-12-22","purchased_purges":0,"victory":false,"max_hp_per_floor":[66,66,66,66,66,73,73,73,73,73,73,73,73,73,73,73,73,73,73,73,73,73,73,73,73,73,78,78,78,78,78],"card_choices":[{"not_picked":["Slice","Flying Knee"],"picked":"Blur","floor":1.0},{"not_picked":["Underhanded Strike","Bane","Heel Hook"],"picked":"SKIP","floor":2.0},{"not_picked":["Eviscerate","Prepared"],"picked":"Dagger Spray","floor":3.0},{"not_picked":["Deadly Poison","Blade Dance"],"picked":"Terror","floor":5},{"not_picked":["Dodge and Roll","Deflect"],"picked":"Well Laid Plans","floor":6},{"not_picked":["Prepared","Escape Plan"],"picked":"Choke","floor":8},{"not_picked":["Dagger Spray","Dodge and Roll"],"picked":"Blade Dance","floor":11},{"not_picked":["Poisoned Stab","Flechettes"],"picked":"Dash","floor":12},{"not_picked":["Crippling Poison","Prepared"],"picked":"Backstab","floor":14},{"not_picked":["Glass Knife","Unload"],"picked":"Bullet Time","floor":16},{"not_picked":["Bane","Calculated Gamble","PiercingWail"],"picked":"SKIP","floor":18},{"not_picked":["Prepared+1","All Out Attack"],"picked":"Accuracy","floor":19},{"not_picked":["Underhanded Strike","Calculated Gamble"],"picked":"Finisher","floor":20},{"not_picked":["Concentrate","Deadly Poison","Bouncing Flask"],"picked":"SKIP","floor":24},{"not_picked":["Setup","Outmaneuver"],"picked":"Storm of Steel","floor":28}],"player_experience":2054107,"relics_obtained":[{"floor":6,"key":"Strawberry"},{"floor":8,"key":"MealTicket"},{"floor":9,"key":"Akabeko"},{"floor":24,"key":"Omamori"},{"floor":26,"key":"Juzu Bracelet"},{"floor":28,"key":"Potion Belt"}],"event_choices":[{"damage_healed":0,"gold_gain":0,"player_choice":"2 cards matched","damage_taken":0,"max_hp_gain":0,"max_hp_loss":0,"event_name":"Match and Keep!","floor":7,"gold_loss":0,"cards_obtained":["PiercingWail","Adrenaline"]},{"damage_healed":0,"gold_gain":0,"player_choice":"Simplicity","damage_taken":0,"max_hp_gain":0,"max_hp_loss":0,"event_name":"Back to Basics","floor":22,"gold_loss":0,"cards_upgraded":["Strike_G","Strike_G","Strike_G","Strike_G","Strike_G","Defend_G","Defend_G","Defend_G","Defend_G","Defend_G"]},{"damage_healed":0,"gold_gain":0,"player_choice":"Shed Blood","damage_taken":26,"max_hp_gain":5,"max_hp_loss":0,"event_name":"Forgotten Altar","floor":27,"gold_loss":0},{"damage_healed":0,"gold_gain":0,"player_choice":"Ignored","damage_taken":0,"max_hp_gain":0,"max_hp_loss":0,"event_name":"Cursed Tome","floor":29,"gold_loss":0}],"is_beta":false,"boss_relics":[{"not_picked":["Ring of the Serpent","Runic Dome"],"picked":"SlaversCollar"}],"items_purged_floors":[],"is_endless":false,"potions_floor_spawned":[1,6,8,12,14,19],"killed_by":"Gremlin Leader","ascension_level":19}}