{"host":"d02vqrhhew441p6s","time":1614140885,"event":{"mods":["BaseMod","Downfall","Hubris","Infinite Spire","Minty Spire (QoL Compilation)","StSLib","The Animator","The Death Knight","The Necromancer"],"gold_per_floor":[99,116,116,129,140,40,40,52,74,105,132,171,183,195,218,332,344,356,384,415,427,439,451,463,475,505,550,462,493,505,530,554,669,681,693,724,736,758,787,799,811,849,871,883,909,821,371,371,383,383,383,383],"floor_reached":50,"language":"ENG","playtime":3124,"items_purged":["hexamod:FifthSeal"],"score":645,"play_id":"c93f5f89-c3c3-4795-b5ff-44daebc2ff2b","local_time":"20210224052804","is_ascension_mode":false,"campfire_choices":[{"floor":1,"key":"RECALL"},{"data":"hexamod:RainOfEmbers","floor":6,"key":"SMITH"},{"data":"hexamod:Float","floor":8,"key":"SMITH"},{"floor":13,"key":"REST"},{"data":"hexamod:GhostOfSpirePresent","floor":18,"key":"SMITH"},{"data":"hexamod:GhostflameBarrier","floor":23,"key":"SMITH"},{"data":"hexamod:WildfireWeapon","floor":25,"key":"SMITH"},{"data":"hexamod:CatchUp","floor":28,"key":"SMITH"},{"floor":30,"key":"REST"},{"data":"hexamod:VolcanoVisage","floor":35,"key":"SMITH"},{"data":"hexamod:ChargedBarrage","floor":46,"key":"SMITH"}],"circlet_count":0,"master_deck":["hexamod:Strike","hexamod:Strike+1","hexamod:Defend","hexamod:Defend","hexamod:Sear+1","hexamod:Float+1","Good Instincts","hexamod:RainOfEmbers+1","hexamod:Firestarter+1","hexamod:HeatMetal","hexamod:SpectersWail","hexamod:ChargedBarrage+1","hexamod:CatchUp+1","hexamod:GhostOfSpirePresent+1","hexamod:WildfireWeapon+1","hexamod:GhostflameBarrier+1","hexamod:HeatMetal","hexamod:Hexaguard+1","hexamod:InspiringFlames","hexamod:DynamicBlow+1","hexamod:VolcanoVisage+1","hexamod:UnlimitedPower+1","hexamod:Firestarter+1","hexamod:NecessarySacrifice","hexamod:RecurringNightmare+1","hexamod:FirstSeal","hexamod:Hexaguard","hexamod:GhostOfSpireFuture+1","hexamod:SixthSeal","Parasite","hexamod:ShieldOfDarkness+1","hexamod:NightmareStrike+1","hexamod:SkipABeat","hexamod:SoulSteal","hexamod:SoulSteal"],"relics":["hexamod:SpiritBrand","downfall:HeartBlessingRed","MawBank","Guardian:PocketSentry","Busted Crown","Chemical X","Eternal Feather","Bag of Marbles","downfall:HeartBlessingGreen","Astrolabe","hexamod:TheBrokenSeal","hubris:Towel","downfall:HeartBlessingBlue","Boot","Juzu Bracelet","hubris:MobiusCoin","hubris:ScarierMask"],"acts_visited":["Exordium","TheCity","TheBeyond"],"potions_floor_usage":[12,12,27,29,33,33,36,39,39,39,39,42,42,50,50],"damage_taken":[{"damage":0,"enemies":"2 Louse","floor":2,"turns":2},{"damage":4,"enemies":"infinitespire:Voidling","floor":4,"turns":3},{"damage":0,"enemies":"Jaw Worm","floor":5,"turns":3},{"damage":16,"enemies":"Exordium Thugs","floor":9,"turns":3},{"damage":40,"enemies":"Gremlin Gang","floor":10,"turns":5},{"damage":0,"enemies":"Large Slime","floor":11,"turns":4},{"damage":0,"enemies":"Gremlin Nob","floor":12,"turns":2},{"damage":4,"enemies":"Red Slaver","floor":15,"turns":2},{"damage":0,"enemies":"SI_SHIV_ARCHETYPE","floor":16,"turns":7},{"damage":5,"enemies":"downfall:LooterAlt2","floor":19,"turns":3},{"damage":1,"enemies":"Chosen","floor":20,"turns":3},{"damage":19,"enemies":"Centurion and Healer","floor":26,"turns":4},{"damage":22,"enemies":"Gremlin Leader","floor":27,"turns":7},{"damage":14,"enemies":"Sentry and Sphere","floor":29,"turns":4},{"damage":6,"enemies":"Cultist and Chosen","floor":31,"turns":3},{"damage":4,"enemies":"Snake Plant","floor":32,"turns":3},{"damage":30,"enemies":"DF_ARCHETYPE_CLAW","floor":33,"turns":7},{"damage":2,"enemies":"Orb Walker","floor":36,"turns":3},{"damage":7,"enemies":"3 Darklings","floor":38,"turns":7},{"damage":47,"enemies":"Jaw Worm Horde","floor":39,"turns":4},{"damage":14,"enemies":"Maw","floor":42,"turns":7},{"damage":2,"enemies":"Writhing Mass","floor":43,"turns":3},{"damage":31,"enemies":"Transient","floor":45,"turns":5},{"damage":0,"enemies":"downfall:FleeingMerchant","floor":47,"turns":4},{"damage":0,"enemies":"3 Darklings","floor":49,"turns":4},{"damage":95,"enemies":"IC_BLOCK_ARCHETYPE","floor":50,"turns":8}],"seed_played":"8053697431980148419","potions_obtained":[{"floor":2,"key":"SteroidPotion"},{"floor":9,"key":"LiquidMemories"},{"floor":26,"key":"champ:CounterPotion"},{"floor":27,"key":"SteroidPotion"},{"floor":29,"key":"DeathKnight:RimePotion"},{"floor":29,"key":"Weak Potion"},{"floor":32,"key":"SkillPotion"},{"floor":33,"key":"PowerPotion"},{"floor":36,"key":"Guardian:BlockOnCardUsePotion"},{"floor":36,"key":"Ancient Potion"},{"floor":37,"key":"DuplicationPotion"},{"floor":37,"key":"EntropicBrew"},{"floor":42,"key":"hexamod:DoubleChargePotion"},{"floor":43,"key":"Strength Potion"},{"floor":45,"key":"Explosive Potion"}],"is_trial":false,"path_per_floor":["R","M","?","M","M","R","T","R","M","M","M","E","R","?","M","B",null,"R","M","M","?","$","R","T","R","M","E","R","M","R","M","M","B",null,"R","M","?","M","M","?","T","M","M","?","M","R","$","AVR","M","B"],"character_chosen":"THE_SPIRIT","items_purchased":["Chemical X","Boot","Juzu Bracelet","hexamod:SoulSteal"],"campfire_rested":2,"item_purchase_floors":[22,47,47,47],"current_hp_per_floor":[70,70,70,70,70,70,70,70,54,14,14,14,35,35,31,31,70,70,65,70,49,39,39,39,51,39,24,36,22,55,49,52,29,70,70,68,68,68,28,28,28,80,80,80,56,84,90,90,90,0,0,0],"gold":383,"neow_bonus":"RANDOM_COLORLESS","is_daily":false,"chose_seed":false,"campfire_upgraded":8,"win_rate":0.0,"timestamp":1614140884,"path_taken":["R","M","?","M","M","R","T","R","M","M","?","E","R","?","M","BOSS","R","M","M","?","?","R","T","R","M","E","R","M","R","M","M","BOSS","R","M","?","?","M","?","T","?","M","?","M","R","?","AVR","M","BOSS"],"items_purchased_type":["Relic","Relic","Relic","Card"],"build_version":"2020-12-22","purchased_purges":1,"victory":false,"max_hp_per_floor":[70,70,70,70,70,70,70,70,70,70,70,70,70,70,70,70,70,70,70,70,70,70,70,70,70,70,70,70,70,70,70,70,70,70,70,70,70,70,70,70,70,80,80,80,80,90,90,90,90,90,90,90],"card_choices":[{"not_picked":["hubris:Ssssneak","Forethought"],"picked":"Good Instincts","floor":0},{"not_picked":["hexamod:SwordOfDarkness","hexamod:Firestarter"],"picked":"hexamod:RainOfEmbers","floor":2},{"not_picked":["hexamod:PhantomFireball","hexamod:ShieldOfDarkness"],"picked":"hexamod:Firestarter","floor":4},{"not_picked":["hexamod:ThermalTransfer","hexamod:DynamicBlow"],"picked":"hexamod:PhantomCloak","floor":5},{"not_picked":["hexamod:RainOfEmbers","hexamod:GhostShield"],"picked":"hexamod:HeatMetal","floor":9},{"not_picked":["hexamod:SkipABeat","hexamod:AdvancingGuard"],"picked":"hexamod:SpectersWail","floor":10},{"not_picked":["hexamod:GhostShield","hexamod:ThermalTransfer"],"picked":"hexamod:ChargedBarrage","floor":11},{"not_picked":["hexamod:SpectersWail","hexamod:FastForward"],"picked":"hexamod:CatchUp","floor":12},{"not_picked":["hexamod:RetreatToShadows","hexamod:ShieldOfDarkness"],"picked":"hexamod:GhostOfSpirePresent","floor":15},{"not_picked":["hexamod:TimeOfNeed","hexamod:TurnItUp"],"picked":"hexamod:WildfireWeapon","floor":16},{"not_picked":[],"picked":"hexamod:FirstSeal","floor":19},{"not_picked":[],"picked":"hexamod:GhostflameBarrier","floor":20},{"not_picked":[],"picked":"hexamod:FourthSeal","floor":26},{"not_picked":[],"picked":"hexamod:HeatMetal","floor":27},{"not_picked":[],"picked":"hexamod:Hexaguard","floor":29},{"not_picked":[],"picked":"hexamod:InspiringFlames","floor":31},{"not_picked":[],"picked":"hexamod:DynamicBlow+1","floor":32},{"not_picked":[],"picked":"hexamod:VolcanoVisage","floor":33},{"not_picked":["hexamod:FourthSeal","hexamod:FirstSeal"],"picked":"hexamod:ThirdSeal","floor":36},{"not_picked":[],"picked":"hexamod:Firestarter+1","floor":36},{"not_picked":["hexamod:SixthSeal","hexamod:FourthSeal"],"picked":"hexamod:SecondSeal","floor":38},{"not_picked":[],"picked":"hexamod:NecessarySacrifice","floor":38},{"not_picked":["hexamod:Firestarter+1"],"picked":"SKIP","floor":38},{"not_picked":[],"picked":"hexamod:RecurringNightmare","floor":39},{"not_picked":["hexamod:ThirdSeal","hexamod:SecondSeal"],"picked":"hexamod:FirstSeal","floor":39},{"not_picked":[],"picked":"hexamod:GhostOfSpireFuture","floor":42},{"not_picked":["hexamod:SecondSeal","hexamod:ThirdSeal"],"picked":"hexamod:SixthSeal","floor":42},{"not_picked":[],"picked":"hexamod:ShieldOfDarkness+1","floor":43},{"not_picked":[],"picked":"hexamod:NightmareStrike+1","floor":45},{"not_picked":[],"picked":"hexamod:SkipABeat","floor":47},{"not_picked":[],"picked":"hexamod:SoulSteal","floor":49}],"player_experience":555737,"relics_obtained":[{"floor":7,"key":"MawBank"},{"floor":12,"key":"Guardian:PocketSentry"},{"floor":24,"key":"Eternal Feather"},{"floor":27,"key":"Bag of Marbles"}],"event_choices":[{"cards_removed":["hexamod:Defend"],"damage_healed":0,"gold_gain":0,"player_choice":"Offered Basic","damage_taken":0,"max_hp_gain":0,"max_hp_loss":0,"event_name":"Bonfire Elementals","floor":3,"gold_loss":0},{"damage_healed":0,"gold_gain":0,"player_choice":"Got Potions","damage_taken":0,"max_hp_gain":0,"max_hp_loss":0,"event_name":"Lab","floor":37,"gold_loss":0}],"is_beta":false,"boss_relics":[{"not_picked":["hubris:Stopwatch","Coffee Dripper"],"picked":"Busted Crown"},{"not_picked":["hubris:RunicObelisk","Fusion Hammer"],"picked":"Astrolabe"}],"items_purged_floors":[47],"is_endless":false,"potions_floor_spawned":[2,9,11,26,29,32,33,36,42,43,45],"killed_by":"IC_BLOCK_ARCHETYPE","ascension_level":0}}