{"host":"l4am8ae7vj09bp0g","time":1614188889,"event":{"mods":["ATMod(°¢èªMod)","Act Like it!","BaseMod","Colored Powertips","Conspire","LagranYue(À­¸ñÀÊ¡¤ÔÂ)","Minty Spire (QoL Compilation)","Quick Restart","Relic Filter","Reliquary","Replay The Spire","Shop Mod","StSLib","SuperFastMode","TestMod"],"gold_per_floor":[117,128,128,144,160,190,190,190,190],"floor_reached":8,"language":"ZHS","playtime":187,"items_purged":[],"score":111,"play_id":"0bae2dfa-9e89-488b-8c1d-54514a5a9f9c","local_time":"20210225014809","daily_mods":["Heirloom","DeadlyEvents","Elite Swarm","Uncertain Future"],"is_ascension_mode":true,"campfire_choices":[{"floor":7,"key":"DIG"}],"circlet_count":0,"master_deck":["conspire:GhostlyStrike","conspire:GhostlyStrike","conspire:GhostlyStrike","conspire:GhostlyStrike","conspire:GhostlyStrike","conspire:GhostlyDefend","conspire:GhostlyDefend","conspire:GhostlyDefend","conspire:GhostlyDefend","Bash","Sword Boomerang","Sword Boomerang","conspire:Purge"],"relics":["Burning Blood","testmod-TestBox","AT_ATBox","LagranYue:RandomDrawCardRelic","Shovel","ReplayTheSpireMod:Ninjato","ReplayTheSpireMod:TigerMarble"],"acts_visited":["Exordium"],"potions_floor_usage":[6,6],"damage_taken":[{"damage":0,"enemies":"Small Slimes","floor":1,"turns":3},{"damage":1,"enemies":"Cultist","floor":2,"turns":3},{"damage":11,"enemies":"Jaw Worm","floor":4,"turns":2},{"damage":28,"enemies":"Exordium Thugs","floor":5,"turns":4},{"damage":16,"enemies":"Gremlin Nob","floor":6,"turns":4},{"damage":36,"enemies":"Lagavulin","floor":8,"turns":7}],"seed_played":"-3275634801584137473","potions_obtained":[{"floor":1,"key":"Adrenaline Potion"},{"floor":4,"key":"HeartOfIron"},{"floor":6,"key":"Dexterity Potion"}],"is_trial":true,"path_per_floor":["M","M","?","M","M","E","R","E"],"character_chosen":"IRONCLAD","items_purchased":[],"campfire_rested":0,"item_purchase_floors":[],"current_hp_per_floor":[80,80,80,75,53,43,43,7,7],"gold":190,"neow_bonus":"","is_daily":false,"chose_seed":false,"campfire_upgraded":0,"win_rate":0.0,"timestamp":1614188889,"path_taken":["M","M","?","M","M","E","R","E"],"items_purchased_type":[],"build_version":"2020-12-22","purchased_purges":0,"victory":false,"max_hp_per_floor":[80,80,80,80,80,80,80,80,80],"card_choices":[{"not_picked":["Disarm","AT_BodySlamDance"],"picked":"Sword Boomerang","floor":1},{"not_picked":["Massacre","Reckless Charge"],"picked":"Sword Boomerang","floor":2},{"not_picked":["AT_ShrugMaster","AT_ManFootWork","AT_BodySlamDance"],"picked":"SKIP","floor":4},{"not_picked":["Warcry","Iron Wave","AT_IchimonjiDouble"],"picked":"SKIP","floor":5},{"not_picked":["Reaper","Barricade"],"picked":"conspire:Purge","floor":6}],"player_experience":87533,"relics_obtained":[{"floor":6,"key":"ReplayTheSpireMod:Ninjato"},{"floor":7,"key":"ReplayTheSpireMod:TigerMarble"}],"event_choices":[{"damage_healed":0,"gold_gain":0,"player_choice":"Agree","damage_taken":0,"max_hp_gain":0,"max_hp_loss":0,"event_name":"conspire:LoneGhost","floor":3,"gold_loss":0}],"is_beta":false,"boss_relics":[],"items_purged_floors":[],"is_endless":true,"potions_floor_spawned":[1,4,6],"killed_by":"Lagavulin","ascension_level":1}}