{"host":"y4fuci1jk2rsxnep","time":1614197046,"event":{"mods":["AchievementEnabler","BaseMod","Colored Powertips","Custom Start","Defuse TimeMaze Blight","Dio Mod","Downfall","Hermit","Hero for Fun","Hubris","Hunter ??","Infinite Spire","Minty Spire (QoL Compilation)","Quick Restart","Reliquary","Remove Card Discount Mod","Replay The Spire","StSLib","The Blackbeard","The Bug Knight","The Mystic","The Runesmith"],"gold_per_floor":[112,129,129,195,122,122,122],"floor_reached":6,"language":"ENG","playtime":619,"items_purged":["hermit:Strike_Hermit"],"score":41,"play_id":"7bd10feb-2466-4733-a8dd-285bf73d6de4","local_time":"20210224210406","is_ascension_mode":true,"campfire_choices":[],"circlet_count":0,"master_deck":["hermit:Strike_Hermit","hermit:Strike_Hermit","hermit:Strike_Hermit","hermit:Defend_Hermit+1","hermit:Defend_Hermit","hermit:Defend_Hermit+1","hermit:Defend_Hermit","hermit:Snapshot","hermit:Covet","Regret","hermit:FlashPowder","hermit:Deadeye","hermit:CursedWeapon"],"relics":["hermit:Momento","hermit:RyeStalk"],"acts_visited":["Exordium"],"potions_floor_usage":[6],"damage_taken":[{"damage":10,"enemies":"Cultist","floor":1,"turns":5},{"damage":4,"enemies":"Jaw Worm","floor":2,"turns":3},{"damage":59,"enemies":"Gremlin Nob","floor":6,"turns":6}],"seed_played":"596444109937891414","potions_obtained":[{"floor":2,"key":"hermit:Tonic"}],"is_trial":false,"path_per_floor":["M","M","?","?","$","E"],"character_chosen":"HERMIT","items_purchased":["hermit:CursedWeapon"],"campfire_rested":0,"item_purchase_floors":[5],"current_hp_per_floor":[65,61,46,46,46,0,0],"gold":122,"neow_bonus":"RANDOM_EVENT","is_daily":false,"chose_seed":false,"campfire_upgraded":0,"win_rate":0.0,"timestamp":1614197046,"path_taken":["M","M","?","?","?","E"],"items_purchased_type":["Card"],"build_version":"2020-12-22","purchased_purges":1,"victory":false,"max_hp_per_floor":[75,75,75,75,75,75,75],"card_choices":[{"not_picked":["hermit:Virtue","hermit:Maintenance"],"picked":"hermit:FlashPowder","floor":1},{"not_picked":["hermit:LowProfile","hermit:Snipe"],"picked":"hermit:Deadeye","floor":2}],"player_experience":708750,"relics_obtained":[],"event_choices":[{"damage_healed":0,"gold_gain":0,"player_choice":"Box","damage_taken":0,"relics_obtained":["hermit:RyeStalk"],"max_hp_gain":0,"max_hp_loss":0,"event_name":"Big Fish","floor":0,"gold_loss":0,"cards_obtained":["Regret"]},{"damage_healed":0,"gold_gain":0,"player_choice":"Entered Light","damage_taken":15,"max_hp_gain":0,"max_hp_loss":0,"event_name":"Shining Light","floor":3,"gold_loss":0,"cards_upgraded":["hermit:Defend_Hermit","hermit:Defend_Hermit"]},{"damage_healed":0,"gold_gain":66,"player_choice":"Gained Gold","damage_taken":0,"max_hp_gain":0,"max_hp_loss":0,"event_name":"Golden Wing","floor":4,"gold_loss":0}],"is_beta":false,"boss_relics":[],"items_purged_floors":[5],"is_endless":false,"potions_floor_spawned":[2],"killed_by":"Gremlin Nob","ascension_level":4}}