{"host":"9c9syrivwe4sfpe0","time":1614135755,"event":{"mods":["AchievementEnabler","BaseMod","Colored Powertips","DeckTracker","GifTheSpireLib","Highlight Path","Minty Spire (QoL Compilation)","Quick Restart","Random Character Button","StSLib","SuperFastMode"],"gold_per_floor":[116,134,134,152,327,327,277,296,319,319,337,337,371,391,391,391,391],"floor_reached":16,"language":"ENG","playtime":348,"items_purged":[],"score":138,"play_id":"6fd1ef54-dff1-4fce-9715-6b0b81777132","local_time":"20210224140235","is_ascension_mode":true,"campfire_choices":[{"data":"White Noise","floor":6,"key":"SMITH"},{"data":"Darkness","floor":10,"key":"SMITH"},{"data":"Zap","floor":12,"key":"SMITH"},{"floor":15,"key":"REST"}],"circlet_count":0,"master_deck":["Strike_B","Strike_B","Strike_B","Strike_B","Defend_B","Defend_B","Defend_B","Zap+1","Dualcast","Multi-Cast","Sweeping Beam","Darkness+1","White Noise+1","Leap","Electrodynamics","Double Energy","Storm"],"relics":["Cracked Core","CeramicFish"],"acts_visited":["Exordium"],"potions_floor_usage":[8,13,14],"damage_taken":[{"damage":0,"enemies":"2 Louse","floor":1,"turns":2},{"damage":2,"enemies":"Jaw Worm","floor":2,"turns":3},{"damage":0,"enemies":"Small Slimes","floor":4,"turns":2},{"damage":8,"enemies":"3 Louse","floor":8,"turns":3},{"damage":1,"enemies":"2 Fungi Beasts","floor":11,"turns":2},{"damage":21,"enemies":"3 Sentries","floor":13,"turns":5},{"damage":3,"enemies":"Blue Slaver","floor":14,"turns":3},{"damage":52,"enemies":"The Guardian","floor":16,"turns":6}],"seed_played":"7458586073460600837","potions_obtained":[{"floor":2,"key":"SteroidPotion"},{"floor":8,"key":"Block Potion"},{"floor":13,"key":"SpeedPotion"}],"is_trial":false,"path_per_floor":["M","M","?","M","?","R","?","M","T","R","M","R","E","M","R","B"],"character_chosen":"DEFECT","items_purchased":[],"campfire_rested":1,"item_purchase_floors":[],"current_hp_per_floor":[68,66,59,59,59,59,59,51,51,51,50,50,29,26,48,0,0],"gold":391,"neow_bonus":"ONE_RANDOM_RARE_CARD","is_daily":false,"chose_seed":false,"campfire_upgraded":3,"win_rate":0.0,"timestamp":1614135755,"path_taken":["M","M","?","M","?","R","?","M","T","R","M","R","E","M","R","BOSS"],"items_purchased_type":[],"build_version":"2020-12-22","purchased_purges":0,"victory":false,"max_hp_per_floor":[75,75,75,75,75,75,75,75,75,75,75,75,75,75,75,75,75],"card_choices":[{"not_picked":["Coolheaded","Streamline"],"picked":"Sweeping Beam","floor":1},{"not_picked":["Compile Driver","Barrage"],"picked":"Darkness","floor":2},{"not_picked":["Auto Shields","Barrage"],"picked":"White Noise","floor":4},{"not_picked":["Rip and Tear","Cold Snap"],"picked":"Leap","floor":8},{"not_picked":["Coolheaded","Rebound"],"picked":"Electrodynamics","floor":11},{"not_picked":["Steam Power","Go for the Eyes"],"picked":"Double Energy","floor":13},{"not_picked":["Go for the Eyes","Glacier"],"picked":"Storm","floor":14}],"player_experience":855706,"relics_obtained":[{"floor":13,"key":"CeramicFish"}],"event_choices":[{"cards_removed":["Defend_B"],"damage_healed":0,"gold_gain":0,"player_choice":"Card Removal","damage_taken":7,"max_hp_gain":0,"max_hp_loss":0,"event_name":"Golden Wing","floor":3,"gold_loss":0},{"damage_healed":0,"gold_gain":175,"player_choice":"AGREE","damage_taken":0,"max_hp_gain":0,"max_hp_loss":0,"event_name":"Liars Game","floor":5,"gold_loss":0,"cards_obtained":["Doubt"]},{"cards_removed":["Doubt"],"damage_healed":0,"gold_gain":0,"player_choice":"Card Removal","damage_taken":0,"max_hp_gain":0,"max_hp_loss":0,"event_name":"The Cleric","floor":7,"gold_loss":50}],"is_beta":false,"boss_relics":[],"items_purged_floors":[],"is_endless":false,"potions_floor_spawned":[2,8,13],"killed_by":"The Guardian","ascension_level":7}}