{"host":"dztixnx9b0gu6w9i","time":1614137695,"event":{"mods":["BaseMod","Bestiary","Minty Spire (QoL Compilation)","Relic Stats","Slay the Relics Exporter","SpireBot","ojb\u0027s Better Paths Mod","ojb\u0027s Info Mod: The sequel"],"gold_per_floor":[113,140,37,57,72,72,107,107,107,122,140,215,215,53,53,152,152,168,223,273,298,50,89,89,108,178,221,235,235,235,256,256,354,354,372,390,411,114,135,135,168,168,168,202,218,238,571,596,596,596,596,596,596,48,76,76],"floor_reached":57,"language":"ENG","playtime":13571,"items_purged":["Strike_R","Strike_R","Bash"],"score":2889,"play_id":"4275ef43-e62c-42fe-a308-9a1b14e6a13e","local_time":"20210223223455","is_ascension_mode":true,"campfire_choices":[{"data":"Uppercut","floor":6,"key":"SMITH"},{"data":"Whirlwind","floor":8,"key":"SMITH"},{"data":"Fire Breathing","floor":15,"key":"SMITH"},{"data":"Feed","floor":24,"key":"SMITH"},{"data":"True Grit","floor":32,"key":"SMITH"},{"data":"True Grit","floor":40,"key":"SMITH"},{"floor":42,"key":"RECALL"},{"data":"Impervious","floor":49,"key":"SMITH"},{"data":"Impervious","floor":53,"key":"SMITH"}],"circlet_count":0,"master_deck":["AscendersBane","Defend_R","Defend_R","Defend_R","Defend_R+1","Impervious+1","Uppercut+1","Fire Breathing+1","Wild Strike","Whirlwind+1","Battle Trance","Metallicize","Impervious+1","Combust+1","Entrench+1","Feed+1","Shrug It Off","Body Slam","True Grit+1","Impervious","Armaments+1","True Grit+1","Reckless Charge+1","Battle Trance","Headbutt","Burning Pact","True Grit+1","Evolve","Burning Pact+1","Burning Pact","Dark Embrace"],"relics":["Burning Blood","Potion Belt","Tiny Chest","Calipers","Gremlin Horn","Philosopher\u0027s Stone","Nunchaku","Toolbox","Ice Cream","Pear","Meat on the Bone","War Paint","Astrolabe","Orrery","Centennial Puzzle","Strawberry","Happy Flower","Oddly Smooth Stone","Cauldron","Self Forming Clay"],"acts_visited":["Exordium","TheCity","TheBeyond","TheEnding"],"potions_floor_usage":[16,16,23,28,54,55,56,56],"damage_taken":[{"damage":1,"enemies":"Cultist","floor":1,"turns":4},{"damage":3,"enemies":"2 Louse","floor":4,"turns":4},{"damage":7,"enemies":"Small Slimes","floor":5,"turns":5},{"damage":26,"enemies":"Gremlin Nob","floor":7,"turns":4},{"damage":10,"enemies":"3 Louse","floor":10,"turns":3},{"damage":21,"enemies":"Exordium Wildlife","floor":11,"turns":5},{"damage":3,"enemies":"Hexaghost","floor":16,"turns":9},{"damage":3,"enemies":"Spheric Guardian","floor":18,"turns":5},{"damage":0,"enemies":"3 Byrds","floor":21,"turns":5},{"damage":17,"enemies":"Slavers","floor":23,"turns":5},{"damage":0,"enemies":"Snecko","floor":25,"turns":11},{"damage":45,"enemies":"Book of Stabbing","floor":27,"turns":6},{"damage":3,"enemies":"3 Cultists","floor":28,"turns":4},{"damage":3,"enemies":"Centurion and Healer","floor":31,"turns":3},{"damage":15,"enemies":"Collector","floor":33,"turns":11},{"damage":8,"enemies":"3 Shapes","floor":35,"turns":12},{"damage":12,"enemies":"3 Darklings","floor":36,"turns":6},{"damage":0,"enemies":"Spire Growth","floor":37,"turns":7},{"damage":0,"enemies":"Maw","floor":39,"turns":9},{"damage":0,"enemies":"Reptomancer","floor":41,"turns":13},{"damage":3,"enemies":"Giant Head","floor":44,"turns":15},{"damage":1,"enemies":"Jaw Worm Horde","floor":45,"turns":12},{"damage":0,"enemies":"4 Shapes","floor":46,"turns":7},{"damage":12,"enemies":"Reptomancer","floor":48,"turns":9},{"damage":2,"enemies":"Donu and Deca","floor":50,"turns":11},{"damage":65,"enemies":"Awakened One","floor":51,"turns":21},{"damage":5,"enemies":"Shield and Spear","floor":55,"turns":18},{"damage":85,"enemies":"The Heart","floor":56,"turns":8}],"seed_played":"-5958538203909148032","potions_obtained":[{"floor":4,"key":"Weak Potion"},{"floor":11,"key":"SpeedPotion"},{"floor":16,"key":"Dexterity Potion"},{"floor":21,"key":"Fire Potion"},{"floor":25,"key":"Strength Potion"},{"floor":31,"key":"SmokeBomb"},{"floor":37,"key":"GamblersBrew"},{"floor":39,"key":"ElixirPotion"},{"floor":48,"key":"ColorlessPotion"},{"floor":54,"key":"Fruit Juice"},{"floor":54,"key":"Swift Potion"},{"floor":54,"key":"FairyPotion"}],"is_trial":false,"path_per_floor":["M","T","?","M","M","R","E","R","T","M","M","?","?","$","R","B",null,"M","T","?","M","$","E","R","M","T","E","M","?","T","M","R","B",null,"M","M","M","$","M","R","E","R","T","E","M","M","?","E","R","B","B",null,"R","$","E","B",null],"character_chosen":"IRONCLAD","items_purchased":["Metallicize","Entrench","Toolbox","Orrery","Evolve","DuplicationPotion","Oddly Smooth Stone","Cauldron"],"campfire_rested":0,"item_purchase_floors":[14,22,22,38,38,54,54,54],"current_hp_per_floor":[55,55,55,58,57,57,37,37,37,33,18,7,7,7,7,10,54,57,57,57,63,63,52,52,62,72,33,48,82,82,86,86,81,88,90,84,90,90,98,98,102,102,102,113,117,121,121,119,119,127,80,117,117,122,127,60],"gold":76,"neow_bonus":"THREE_RARE_CARDS","is_daily":false,"chose_seed":false,"campfire_upgraded":8,"win_rate":0.0,"timestamp":1614137695,"path_taken":["M","?","?","M","M","R","E","R","T","M","?","?","?","$","R","BOSS","M","?","?","M","$","E","R","?","T","E","M","?","?","M","R","BOSS","M","M","M","$","M","R","E","R","T","E","M","M","?","E","R","BOSS","BOSS","R","$","E","BOSS"],"items_purchased_type":["Card","Card","Relic","Relic","Card","Potion","Relic","Relic"],"build_version":"2020-12-22","purchased_purges":3,"victory":true,"max_hp_per_floor":[75,75,75,75,75,75,75,75,75,75,75,75,68,68,68,68,68,68,68,68,68,68,68,68,72,82,82,82,82,82,86,86,90,90,94,94,94,94,98,98,102,102,102,113,117,121,121,125,125,129,129,129,129,134,138,138],"relic_stats":{"Nunchaku":[19],"Centennial Puzzle":[21],"Gremlin Horn":[36,49],"Happy Flower":[19],"counters":[28,232],"Self Forming Clay":[60],"Astrolabe":["Armaments","True Grit","Reckless Charge"],"Tiny Chest":2,"War Paint":["Entrench","Defend_R"],"obtain_stats":[{"Potion Belt":2,"Ice Cream":23,"Calipers":7,"Pear":26,"Gremlin Horn":9,"Happy Flower":48,"Golden Idol":13,"Self Forming Clay":55,"Astrolabe":34,"Oddly Smooth Stone":54,"War Paint":30,"Burning Blood":0,"Cauldron":54,"Nunchaku":19,"Centennial Puzzle":41,"Strawberry":44,"Toolbox":22,"Orrery":38,"Tiny Chest":3,"Philosopher\u0027s Stone":17,"Meat on the Bone":27},{"Potion Belt":1,"Ice Cream":10,"Calipers":4,"Pear":11,"Gremlin Horn":4,"Happy Flower":24,"Golden Idol":6,"Self Forming Clay":27,"Astrolabe":15,"Oddly Smooth Stone":26,"War Paint":13,"Burning Blood":0,"Cauldron":26,"Nunchaku":8,"Centennial Puzzle":20,"Strawberry":21,"Toolbox":9,"Orrery":18,"Tiny Chest":1,"Philosopher\u0027s Stone":7,"Meat on the Bone":12},{"Potion Belt":4,"Ice Cream":49,"Calipers":17,"Pear":60,"Gremlin Horn":17,"Happy Flower":174,"Golden Idol":25,"Self Forming Clay":224,"Astrolabe":84,"Oddly Smooth Stone":206,"War Paint":70,"Burning Blood":0,"Cauldron":206,"Nunchaku":39,"Centennial Puzzle":131,"Strawberry":146,"Toolbox":44,"Orrery":109,"Tiny Chest":4,"Philosopher\u0027s Stone":34,"Meat on the Bone":66}],"Burning Blood":143,"Meat on the Bone":36},"card_choices":[{"not_picked":["Barricade","Demon Form"],"picked":"Impervious","floor":0},{"not_picked":["Thunderclap","Power Through"],"picked":"Uppercut","floor":1},{"not_picked":["Rage","Ghostly Armor"],"picked":"Fire Breathing","floor":4},{"not_picked":["Perfected Strike","Infernal Blade"],"picked":"Wild Strike","floor":5},{"not_picked":["Rage","Clash"],"picked":"Whirlwind","floor":7},{"not_picked":["Searing Blow","Havoc","True Grit"],"picked":"SKIP","floor":10},{"not_picked":["Rage","Perfected Strike"],"picked":"Battle Trance","floor":11},{"not_picked":["Fiend Fire","Double Tap"],"picked":"Impervious","floor":16},{"not_picked":["Sword Boomerang","Dark Embrace","Sentinel+1"],"picked":"SKIP","floor":18},{"not_picked":["Metallicize","Twin Strike"],"picked":"Combust+1","floor":21},{"not_picked":["Intimidate+1","Havoc"],"picked":"Feed","floor":23},{"not_picked":["Dual Wield","Uppercut","Searing Blow"],"picked":"SKIP","floor":25},{"not_picked":["Dual Wield","Uppercut","Searing Blow"],"picked":"SKIP","floor":25},{"not_picked":["Iron Wave","Intimidate"],"picked":"Shrug It Off","floor":27},{"not_picked":["Flex","Blood for Blood"],"picked":"Body Slam","floor":28},{"not_picked":["Sword Boomerang","Iron Wave"],"picked":"True Grit","floor":31},{"not_picked":["Double Tap","Demon Form"],"picked":"Impervious","floor":33},{"not_picked":["Wild Strike","Spot Weakness+1"],"picked":"Battle Trance","floor":35},{"not_picked":["Hemokinesis+1","Body Slam","Combust+1"],"picked":"SKIP","floor":36},{"not_picked":["Clothesline","Armaments+1"],"picked":"Headbutt","floor":37},{"not_picked":["Warcry","Rampage"],"picked":"Burning Pact","floor":38},{"not_picked":["Flame Barrier","Cleave"],"picked":"True Grit","floor":38},{"not_picked":["Offering","Sentinel+1"],"picked":"Burning Pact+1","floor":39},{"not_picked":["Sword Boomerang","Havoc","Shrug It Off"],"picked":"SKIP","floor":41},{"not_picked":["Sword Boomerang","Havoc","Shrug It Off"],"picked":"SKIP","floor":41},{"not_picked":["Iron Wave","Sword Boomerang"],"picked":"Burning Pact","floor":44},{"not_picked":["Battle Trance","Spot Weakness","Whirlwind"],"picked":"SKIP","floor":45},{"not_picked":["Wild Strike","Sever Soul","Limit Break"],"picked":"SKIP","floor":46},{"not_picked":["Clothesline","Armaments","Spot Weakness"],"picked":"SKIP","floor":48},{"not_picked":["Heavy Blade","Exhume"],"picked":"Dark Embrace","floor":55}],"player_experience":8796350,"relics_obtained":[{"floor":2,"key":"Potion Belt"},{"floor":7,"key":"Calipers"},{"floor":9,"key":"Gremlin Horn"},{"floor":19,"key":"Nunchaku"},{"floor":23,"key":"Ice Cream"},{"floor":26,"key":"Pear"},{"floor":27,"key":"Meat on the Bone"},{"floor":30,"key":"War Paint"},{"floor":41,"key":"Centennial Puzzle"},{"floor":44,"key":"Strawberry"},{"floor":48,"key":"Happy Flower"},{"floor":55,"key":"Self Forming Clay"}],"event_choices":[{"damage_healed":0,"gold_gain":0,"player_choice":"Paid Gold","damage_taken":0,"relics_obtained":["Tiny Chest"],"max_hp_gain":0,"max_hp_loss":0,"event_name":"WeMeetAgain","floor":3,"gold_loss":103},{"damage_healed":0,"gold_gain":75,"player_choice":"Gather Gold","damage_taken":11,"max_hp_gain":0,"max_hp_loss":0,"event_name":"World of Goop","floor":12,"gold_loss":0},{"damage_healed":0,"gold_gain":0,"player_choice":"Lose Max HP","damage_taken":0,"relics_obtained":["Golden Idol"],"max_hp_gain":0,"max_hp_loss":7,"event_name":"Golden Idol","floor":13,"gold_loss":0},{"damage_healed":0,"gold_gain":100,"player_choice":"Bet on Murderer","damage_taken":0,"max_hp_gain":0,"max_hp_loss":0,"event_name":"The Joust","floor":20,"gold_loss":50},{"damage_healed":34,"gold_gain":0,"player_choice":"Full Heal","damage_taken":0,"max_hp_gain":0,"max_hp_loss":0,"event_name":"Wheel of Change","floor":29,"gold_loss":0},{"damage_healed":0,"gold_gain":333,"player_choice":"Gave Idol","damage_taken":0,"max_hp_gain":0,"max_hp_loss":0,"event_name":"The Moai Head","floor":47,"relics_lost":["Golden Idol"],"gold_loss":0}],"is_beta":false,"boss_relics":[{"not_picked":["Black Star","SacredBark"],"picked":"Philosopher\u0027s Stone"},{"not_picked":["Tiny House","Velvet Choker"],"picked":"Astrolabe"}],"items_purged_floors":[14,38,54],"is_endless":false,"potions_floor_spawned":[4,11,16,21,25,31,37,39,48],"ascension_level":20}}