{"host":"hbrjinenk1akq1dy","time":1614151236,"event":{"mods":["AchievementEnabler","BaseMod","Bestiary","Colored Map","Colored Powertips","Curses Come First","Highlight Path","Minty Spire (QoL Compilation)","Permanent Neow","Quick Restart","StSLib","SuperFastMode"],"gold_per_floor":[20,31,31,31,52,52,86,102,156,204,216,253,265,302,314,446,458,483,495,507,539,564,607,619,645,684,621,633,645,657,688,700,835,847,883,274,287,302,48,89,89,127,127,150,70,70,88,151,151,151],"floor_reached":51,"language":"ENG","playtime":3056,"items_purged":["Defend_P","Strike_P"],"score":824,"play_id":"9efc719c-35dd-492f-84c3-f8604c1fbe48","local_time":"20210224152036","is_ascension_mode":true,"campfire_choices":[{"data":"Eruption","floor":6.0,"key":"SMITH"},{"data":"Judgement","floor":11.0,"key":"SMITH"},{"data":"SashWhip","floor":13.0,"key":"SMITH"},{"data":"TalkToTheHand","floor":15.0,"key":"SMITH"},{"data":"CutThroughFate","floor":24.0,"key":"SMITH"},{"data":"CrushJoints","floor":29.0,"key":"SMITH"},{"data":"Wallop","floor":32.0,"key":"SMITH"},{"data":"Blasphemy","floor":41.0,"key":"SMITH"},{"floor":46,"key":"REST"},{"data":"Fasting2","floor":49,"key":"SMITH"}],"circlet_count":0,"master_deck":["Strike_P","Defend_P+1","Defend_P+1","Defend_P+1","Eruption+1","Vigilance+1","EmptyFist+1","LikeWater+1","FearNoEvil+1","SashWhip+1","Judgement+1","FlurryOfBlows","Scrawl+1","TalkToTheHand+1","LessonLearned","CrushJoints+1","CutThroughFate+1","Meditate+1","CutThroughFate+1","TalkToTheHand+1","Wallop+1","DevaForm","FlurryOfBlows","ClearTheMind","Blasphemy+1","InnerPeace+1","Fasting2+1"],"relics":["PureWater","Golden Idol","Mercury Hourglass","MawBank","Omamori","Runic Dome","Nilry\u0027s Codex","CaptainsWheel","Happy Flower","Cursed Key","Ice Cream","Kunai","Bottled Tornado","The Courier","Toy Ornithopter","Orichalcum","Dead Branch"],"acts_visited":["Exordium","TheCity","TheBeyond"],"potions_floor_usage":[],"damage_taken":[{"damage":1.0,"enemies":"Jaw Worm","floor":1.0,"turns":3.0},{"damage":0.0,"enemies":"Cultist","floor":2.0,"turns":2.0},{"damage":2.0,"enemies":"Small Slimes","floor":5.0,"turns":4.0},{"damage":4.0,"enemies":"3 Sentries","floor":7.0,"turns":7.0},{"damage":2.0,"enemies":"Looter","floor":8.0,"turns":2.0},{"damage":0.0,"enemies":"Lagavulin","floor":10.0,"turns":2.0},{"damage":0.0,"enemies":"Red Slaver","floor":12.0,"turns":1.0},{"damage":0.0,"enemies":"2 Fungi Beasts","floor":14.0,"turns":2.0},{"damage":1.0,"enemies":"The Guardian","floor":16.0,"turns":7.0},{"damage":2.0,"enemies":"3 Byrds","floor":18.0,"turns":3.0},{"damage":0.0,"enemies":"Spheric Guardian","floor":21.0,"turns":1.0},{"damage":4.0,"enemies":"Snake Plant","floor":22.0,"turns":3.0},{"damage":5.0,"enemies":"Gremlin Leader","floor":23.0,"turns":4.0},{"damage":0.0,"enemies":"3 Cultists","floor":25.0,"turns":3.0},{"damage":0.0,"enemies":"Snecko","floor":31.0,"turns":4.0},{"damage":36.0,"enemies":"Automaton","floor":33.0,"turns":6.0},{"damage":6.0,"enemies":"3 Darklings","floor":35.0,"turns":3.0},{"damage":0.0,"enemies":"Orb Walker","floor":37.0,"turns":2.0},{"damage":15.0,"enemies":"Writhing Mass","floor":38.0,"turns":4.0},{"damage":10.0,"enemies":"Nemesis","floor":40.0,"turns":5.0},{"damage":13.0,"enemies":"Giant Head","floor":42.0,"turns":5.0},{"damage":12,"enemies":"3 Darklings","floor":44,"turns":4},{"damage":0,"enemies":"Maw","floor":47,"turns":3},{"damage":0,"enemies":"Mind Bloom Boss Battle","floor":48,"turns":5},{"damage":23,"enemies":"Time Eater","floor":50,"turns":6}],"seed_played":"2818112612704001306","potions_obtained":[{"floor":1.0,"key":"Fire Potion"},{"floor":2.0,"key":"BlessingOfTheForge"},{"floor":10.0,"key":"FearPotion"},{"floor":14.0,"key":"StancePotion"},{"floor":16.0,"key":"SteroidPotion"},{"floor":18.0,"key":"FearPotion"},{"floor":31.0,"key":"DistilledChaos"},{"floor":38.0,"key":"Strength Potion"},{"floor":40.0,"key":"LiquidMemories"}],"is_trial":false,"path_per_floor":["M","M","?","?","M","R","E","M","T","E","R","M","R","M","R","B",null,"M","?","?","M","M","E","R","M","T","?","?","R","?","M","R","B",null,"M","$","M","M","$","E","R","E","T","M","$","R","M","?","R","B",null],"character_chosen":"WATCHER","items_purchased":["Ice Cream","Kunai","Bottled Tornado"],"campfire_rested":1,"item_purchase_floors":[36,36,39],"current_hp_per_floor":[85,85,64,64,62,62,58,56,56,56,56,56,56,56,56,55,86,84,68,68,68,64,59,59,59,59,59,59,59,59,59,59,23,86,80,80,80,65,65,55,55,42,42,30,30,55,55,55,55,32],"gold":151,"neow_bonus":"TWENTY_PERCENT_HP_BONUS","is_daily":false,"chose_seed":false,"campfire_upgraded":9,"win_rate":0.0,"timestamp":1614151236,"path_taken":["M","M","?","?","M","R","E","M","T","E","R","M","R","?","R","BOSS","M","?","?","M","?","E","R","M","T","?","?","R","?","?","R","BOSS","M","$","M","M","$","E","R","E","T","M","$","R","M","?","R","BOSS"],"items_purchased_type":["Relic","Relic","Relic"],"build_version":"2020-12-22","purchased_purges":2,"victory":true,"max_hp_per_floor":[86,86,86,86,86,86,86,86,86,86,86,86,86,86,86,86,86,86,86,86,86,86,86,86,86,86,86,86,86,86,86,86,86,86,86,86,86,86,86,86,86,86,86,86,86,86,86,86,86,86],"card_choices":[{"not_picked":["SignatureMove","Pray"],"picked":"EmptyFist","floor":1.0},{"not_picked":["Worship","Fasting2"],"picked":"LikeWater","floor":2.0},{"not_picked":["JustLucky","Halt"],"picked":"SashWhip","floor":5.0},{"not_picked":["Study","Protect"],"picked":"Judgement","floor":7.0},{"not_picked":["FlyingSleeves","Halt"],"picked":"FlurryOfBlows","floor":8.0},{"not_picked":["Judgement","EmptyFist"],"picked":"Scrawl","floor":10.0},{"not_picked":["WaveOfTheHand","JustLucky","ThirdEye"],"picked":"SKIP","floor":12.0},{"not_picked":["DeceiveReality","ThirdEye"],"picked":"TalkToTheHand","floor":14.0},{"not_picked":["DevaForm","DeusExMachina"],"picked":"LessonLearned","floor":16.0},{"not_picked":["Prostrate","SignatureMove","JustLucky+1"],"picked":"SKIP","floor":18.0},{"not_picked":["BowlingBash","Pray"],"picked":"CrushJoints","floor":21.0},{"not_picked":["Consecrate+1","Weave+1"],"picked":"CutThroughFate","floor":22.0},{"not_picked":["Crescendo","FlyingSleeves+1"],"picked":"Meditate+1","floor":23.0},{"not_picked":["FollowUp+1","Worship"],"picked":"CutThroughFate+1","floor":25.0},{"not_picked":["Prostrate","Protect"],"picked":"Wallop","floor":31.0},{"not_picked":["Judgement","Ragnarok"],"picked":"DevaForm","floor":33.0},{"not_picked":["CrushJoints","SignatureMove+1"],"picked":"FlurryOfBlows","floor":35.0},{"not_picked":["CrushJoints+1","CutThroughFate"],"picked":"ClearTheMind","floor":37.0},{"not_picked":["LikeWater","PathToVictory","Study"],"picked":"SKIP","floor":38.0},{"not_picked":["Prostrate","Weave+1"],"picked":"Blasphemy","floor":40.0},{"not_picked":["FlurryOfBlows+1","Omniscience"],"picked":"InnerPeace+1","floor":42.0},{"not_picked":["WheelKick+1","Prostrate"],"picked":"Fasting2","floor":44},{"not_picked":["Consecrate+1","Crescendo+1","Vengeance+1"],"picked":"SKIP","floor":47}],"player_experience":252984,"relics_obtained":[{"floor":7.0,"key":"Mercury Hourglass"},{"floor":9.0,"key":"MawBank"},{"floor":10.0,"key":"Omamori"},{"floor":19.0,"key":"Nilry\u0027s Codex"},{"floor":23.0,"key":"CaptainsWheel"},{"floor":26.0,"key":"Happy Flower"},{"floor":40.0,"key":"The Courier"},{"floor":42.0,"key":"Toy Ornithopter"},{"floor":43.0,"key":"Orichalcum"},{"floor":48,"key":"Dead Branch"}],"event_choices":[{"damage_healed":0.0,"max_hp_gain":0.0,"max_hp_loss":0.0,"gold_gain":0.0,"event_name":"Golden Idol","player_choice":"Take Damage","floor":3.0,"gold_loss":0.0,"damage_taken":21.0,"relics_obtained":["Golden Idol"]},{"damage_healed":0.0,"max_hp_gain":0.0,"max_hp_loss":0.0,"gold_gain":0.0,"cards_transformed":["Strike_P"],"event_name":"Transmorgrifier","player_choice":"Transformed","floor":4.0,"gold_loss":0.0,"damage_taken":0.0,"cards_obtained":["FearNoEvil"]},{"damage_healed":0.0,"max_hp_gain":0.0,"max_hp_loss":0.0,"gold_gain":0.0,"event_name":"Cursed Tome","player_choice":"Obtained Book","floor":19.0,"gold_loss":0.0,"damage_taken":16.0},{"damage_healed":0.0,"max_hp_gain":0.0,"max_hp_loss":0.0,"gold_gain":0.0,"event_name":"Accursed Blacksmith","player_choice":"Forge","floor":20.0,"gold_loss":0.0,"damage_taken":0.0,"cards_upgraded":["EmptyFist"]},{"cards_removed":["Strike_P"],"damage_healed":0.0,"max_hp_gain":0.0,"max_hp_loss":0.0,"gold_gain":0.0,"event_name":"Beggar","player_choice":"Gave Gold","floor":27.0,"gold_loss":75.0,"damage_taken":0.0},{"damage_healed":0.0,"max_hp_gain":0.0,"max_hp_loss":0.0,"gold_gain":0.0,"event_name":"Vampires","player_choice":"Ignored","floor":28.0,"gold_loss":0.0,"damage_taken":0.0},{"damage_healed":0.0,"max_hp_gain":0.0,"max_hp_loss":0.0,"gold_gain":0.0,"event_name":"Duplicator","player_choice":"Copied","floor":30.0,"gold_loss":0.0,"damage_taken":0.0,"cards_obtained":["TalkToTheHand"]},{"damage_healed":0,"gold_gain":0,"player_choice":"Fight","damage_taken":0,"max_hp_gain":0,"max_hp_loss":0,"event_name":"MindBloom","floor":48,"gold_loss":0}],"is_beta":false,"boss_relics":[{"not_picked":["Tiny House","Ectoplasm"],"picked":"Runic Dome"},{"not_picked":["SlaversCollar","Coffee Dripper"],"picked":"Cursed Key"}],"items_purged_floors":[36,45],"is_endless":false,"potions_floor_spawned":[1,2,10,14,16,18,25,31,38,40,42],"ascension_level":1}}