{"host":"qwp6882a7gaon7u5","time":1614173448,"event":{"mods":["ATMod(阿瑾Mod)","Act Like it!","BaseMod","BetterRewards","CapriCore","Library of Ruina","Library of Ruina Extra","Minty Spire (QoL Compilation)","Red Circlet Mod","Relic Filter Mod","Replay The Spire","RumiaBox-露米娅的神秘盒子","Spicy Shops","StSLib","【功能Mod】混沌之环修复补丁","【遗物卡牌】REMEMod","篝火指南"],"gold_per_floor":[140,204,240,354,529,53,155,155,155,190,241,309,309,426,7,183,183,271,307,847,385,385,385,542,610,658,429,490,548,548,658,658,837,837,957,1095,1163,1228,1350,1427,1013,1079,1079,1190,654,795,307,307,19,69,119],"floor_reached":52,"language":"ZHS","playtime":6867,"items_purged":["Doubt","LightAttack","LightAttack","LightDefense","LightDefense","LightDefense"],"score":1356,"play_id":"6df3e18a-6970-4856-87ac-0b3f19594db2","local_time":"20210224213048","is_ascension_mode":false,"campfire_choices":[{"data":"AT_MachinaRedman","floor":13,"key":"SMITH"},{"floor":23,"key":"REST"},{"floor":32,"key":"REST"}],"circlet_count":0,"master_deck":["Dodge","LightDefense+1","ChargeAndCover","FocusedStrikes","AT_MachinaRedman+1","Struggle","Unlock1","MindPrepared","HandleRequest","Guardian_lor+1","ReplayTheSpireMod:Faulty Equipment","ClassAndRespect","REME_MawOfCthun+1","HandleRequest","Unlock1","SharpNails","Tttonst+1","EnergyCycle","ExtremeEdge","UncannyStrike+1","Iron Wave","AsThePrescriptOrders","SilentNight","FrontalAssault+1","Juggling+1","Parasite","EnergyCycle","FleetFootsteps+1","JiaoTu","Flash of Steel","SunsetBlade","GreatSerpentsImpact"],"relics":["PageOfLibrarian","REME_ComplimentaryCards","AT_ATBox","AT_MibuBalloonWealth","ClockworkSouvenir","ZombieArmy","MagicDraw3","ReplayTheSpireMod:CursedCoin","War Paint","AT_SunfireAegis","GodSword1","CaptainsWheel","Juzu Bracelet","Membership Card","Singing Bowl","Philosopher\u0027s Stone","Shuriken","Sling","Chameleon Ring","SSSystem","Replay:Rubber Ducky","Vajra","PageOfSnowWhitesApple","Onion Ring","Nilry\u0027s Codex","PageOfQueenBee","Replay:Bronze Core","Pocketwatch","AT_EbonyIvory","AT_BladeRuinedKing","Replay:WaspNest","TheAbacus","ReplayFunnel","Bottled Flame","Replay:Baseball","InkBottle","OrangePellets","Replay:Wax Seal","Strawberry","Kunai","Guide Book","Lee\u0027s Waffle","Bronze Scales","PageOfFreischutz","Oddly Smooth Stone","Lantern","REME_CardOfGreed"],"acts_visited":["Exordium","TheCity","TheBeyond"],"potions_floor_usage":[7,31],"damage_taken":[{"damage":0,"enemies":"Cultist","floor":1,"turns":2},{"damage":7,"enemies":"2 Louse","floor":2,"turns":3},{"damage":0,"enemies":"Jaw Worm","floor":3,"turns":3},{"damage":24,"enemies":"Gremlin Gang","floor":4,"turns":4},{"damage":11,"enemies":"3 Sentries","floor":7,"turns":4},{"damage":0,"enemies":"Large Slime","floor":10,"turns":1},{"damage":0,"enemies":"Lagavulin","floor":11,"turns":4},{"damage":0,"enemies":"Exordium Thugs","floor":12,"turns":3},{"damage":0,"enemies":"Gremlin Gang","floor":14,"turns":2},{"damage":0,"enemies":"Slime Boss","floor":16,"turns":4},{"damage":2,"enemies":"3 Byrds","floor":18,"turns":3},{"damage":0,"enemies":"Shell Parasite","floor":19,"turns":4},{"damage":0,"enemies":"Gremlin Leader","floor":24,"turns":5},{"damage":7,"enemies":"Cultist and Chosen","floor":25,"turns":3},{"damage":0,"enemies":"Sentry and Sphere","floor":28,"turns":2},{"damage":0,"enemies":"REME_1_Revenger","floor":29,"turns":1},{"damage":8,"enemies":"Slavers","floor":31,"turns":2},{"damage":0,"enemies":"Collector","floor":33,"turns":5},{"damage":0,"enemies":"3 Shapes","floor":35,"turns":2},{"damage":6,"enemies":"3 Darklings","floor":36,"turns":2},{"damage":4,"enemies":"Writhing Mass","floor":37,"turns":3},{"damage":6,"enemies":"Spire Growth","floor":38,"turns":2},{"damage":3,"enemies":"2 Orb Walkers","floor":39,"turns":2},{"damage":5,"enemies":"R_Hoarder","floor":40,"turns":4},{"damage":0,"enemies":"Maw","floor":42,"turns":3},{"damage":0,"enemies":"Jaw Worm Horde","floor":44,"turns":2},{"damage":0,"enemies":"3 Darklings","floor":46,"turns":2},{"damage":2,"enemies":"Time Eater","floor":50,"turns":3},{"damage":2,"enemies":"Time Eater","floor":51,"turns":3}],"seed_played":"4474750637730599546","potions_obtained":[{"floor":2,"key":"Regen Potion"},{"floor":11,"key":"CultistPotion"},{"floor":12,"key":"Block Potion"},{"floor":14,"key":"PowerPotion"},{"floor":29,"key":"Dexterity Potion"},{"floor":31,"key":"FearPotion"}],"is_trial":false,"path_per_floor":["M","M","M","M","?","R","E","?","T","M","E","M","R","M","R","B",null,"M","M","?","$","?","R","E","M","T","R","M","E","?","E","R","B",null,"M","M","M","M","?","E","R","M","T","M","R","M","R","?","R","B",null,null],"character_chosen":"Librarian","items_purchased":["AT_MibuBalloonWealth","ClockworkSouvenir","Struggle","ZombieArmy","MagicDraw3","ReplayTheSpireMod:CursedCoin","War Paint","Juzu Bracelet","Membership Card","Singing Bowl","Shuriken","Sling","Chameleon Ring","ExtremeEdge","UncannyStrike+1","Replay:Rubber Ducky","Vajra","PageOfSnowWhitesApple","AT_BladeRuinedKing","Replay:WaspNest","TheAbacus","ReplayFunnel","Flash of Steel","Replay:Baseball","InkBottle","OrangePellets","Replay:Wax Seal","Strawberry","GreatSerpentsImpact","Kunai","Guide Book","Lee\u0027s Waffle","Bronze Scales","PageOfFreischutz","Oddly Smooth Stone","Lantern","REME_CardOfGreed"],"campfire_rested":2,"item_purchase_floors":[0,0,0,6,6,6,6,15,15,15,21,21,21,21,21,27,27,27,41,41,41,41,41,45,45,45,45,45,45,47,47,47,47,47,49,49,49],"current_hp_per_floor":[60,53,59,35,35,35,36,36,36,36,55,55,55,55,55,60,70,65,65,8,8,8,29,31,29,29,29,31,33,17,14,34,39,79,70,64,65,62,66,66,66,68,68,68,75,77,114,114,114,114,114],"gold":119,"neow_bonus":"","is_daily":false,"chose_seed":false,"campfire_upgraded":1,"win_rate":0.0,"timestamp":1614173448,"path_taken":["M","?","M","M","?","R","E","?","T","?","E","M","R","M","R","BOSS","M","M","?","$","?","R","E","M","T","R","M","E","?","E","R","BOSS","M","M","M","M","?","E","R","M","T","M","R","M","R","?","R","BOSS"],"items_purchased_type":["Relic","Relic","Card","Relic","Relic","Relic","Relic","Relic","Relic","Relic","Relic","Relic","Relic","Card","Card","Relic","Relic","Relic","Relic","Relic","Relic","Relic","Card","Relic","Relic","Relic","Relic","Relic","Card","Relic","Relic","Relic","Relic","Relic","Relic","Relic","Relic"],"build_version":"2020-12-22","purchased_purges":6,"victory":true,"max_hp_per_floor":[70,74,84,78,78,70,75,75,75,76,79,79,79,79,79,70,70,65,72,72,72,72,72,66,74,74,74,68,70,70,69,69,79,79,70,85,71,78,80,80,80,77,77,75,82,107,114,114,114,114,114],"card_choices":[{"not_picked":["PinpointShot","ProselytesBlade","ButterflySlash","GoinFirst","StrongStrike","Standoff","GuidanceOfTheGears","SerpentineBarrier"],"picked":"Unlock1","floor":1},{"not_picked":["HandleRequest","FleetEdge","QuickSuppression","FervidEmotions","RhinoRam","TrashDisposal","SearingSword","Thrust"],"picked":"MindPrepared","floor":2},{"not_picked":["Eliminate","PinpointShot","BattleCommand","SpearedSweep","ToOvercomeCrisis","SmokingPipe","InnerArdor","MultiBlock"],"picked":"HandleRequest","floor":3},{"not_picked":["ViolentFlame","FeatherShield","Standoff","TimeForALittleTest","ElectricShock","EndlessBattle","ExtremeEdge","SpearedSweep"],"picked":"Guardian_lor","floor":4},{"not_picked":["DefenseOrder","StrongStrike","Outburst","TimeForALittleTest","Rewind","LoosenUp","NonstopAssault","CookingPrep"],"picked":"ClassAndRespect","floor":7},{"not_picked":["FlashOfSunup","ChiWen","ExtractFuel","Tailoring","HiddenBlade","MindPrepared","FleetEdge","BiXi"],"picked":"HandleRequest","floor":10},{"not_picked":["DefenseOrder","Juggling","SnakeSlit","TendonChords","Track","SinglePointStab","ShockingBlow","SteelKnuckles"],"picked":"Unlock1","floor":11},{"not_picked":["StructuralAnalysis","FleetEdge","SpearedSweep","Unlock1","LoosenUp","SearingSword","FrontalAssault","Leap_lor","GrazeTheGrass"],"picked":"SKIP","floor":12},{"not_picked":["AutomatedMovement","SuppressingShot","Execute_lor","CutIn","GaleKick","EnergyStrike","Rewind","Outburst"],"picked":"SharpNails","floor":14},{"not_picked":["FlamingDragonFist","ChargeUp"],"picked":"Tttonst","floor":16},{"not_picked":["SinglePointStab","CoordinatedAssault+1","ClassAndRespect","GuidanceOfTheGears","DefenseOrder","DestructiveImpact","CombatPreparation","UpbeatPerformance+1","Concentration"],"picked":"Singing Bowl","floor":18},{"not_picked":["SetFire+1","ClassAndRespect","IronWall","Suppress","Leap_lor","Guardian_lor","SpearedSweep","Zzzzzap"],"picked":"EnergyCycle","floor":19},{"not_picked":["GreatSerpentsImpact","QuickSuppression+1","TrimTheIngredients+1","HiddenBlade+1","MindWhip","Commandeering","Overpower","CombatPreparation+1","SpearedSweep"],"picked":"Singing Bowl","floor":24},{"not_picked":["FierceOnslaught","SerpentSwordTechnique","SharpSwipe","WaitUp+1","StrongStrike","StructuralAnalysis+1","Decapitation","PreemptiveStrike+1"],"picked":"JiaoTu","floor":25},{"not_picked":["Leap_lor","StrikeDown","Wallop_lor","SharpSwipe","OpportunitySpotted+1","CumulusWall","QuickSuppression","SnakesPrey+1","EnergyCycle+1"],"picked":"Singing Bowl","floor":28},{"not_picked":["ExtremeEdge","Rewind","SharpSwipe","WillOfThePrescript","GuardingStance","UnforgettableMelody","Diversion","EnergyConversion","StructuralAnalysis"],"picked":"Singing Bowl","floor":29},{"not_picked":["BackstreetsDash+1","DesperateStruggle+1","DaringDecision","Unlock1","RapidGashes+1","DevastatingThrash+1","QuickSuppression","Observe"],"picked":"AsThePrescriptOrders","floor":31},{"not_picked":["ScratchThat","RagingStormLove"],"picked":"SilentNight","floor":33},{"not_picked":["DefenseOrder+1","FierceCharge+1","StrikeDown+1","QuickSuppression+1","Parry2+1","FleetEdge+1","Parry","BackAttack"],"picked":"FrontalAssault+1","floor":35},{"not_picked":["UnavoidableGaze","RhinoRam+1","PuppetBlockade","BackAttack","Rewind+1","PinpointShot","Laceration","Wallop_lor+1"],"picked":"Juggling+1","floor":36},{"not_picked":["Thrust","AutonomousRush","ClassAndRespect","RatsGuideToSurvival","Faith","UpbeatPerformance","StrikeDown","Retaliate"],"picked":"EnergyCycle","floor":37},{"not_picked":["Outburst+1","SomberProcuration","BindingArms+1","Wallop_lor+1","QuickSuppression+1","SunsetBlade","Track+1","UnavoidableGaze"],"picked":"FleetFootsteps+1","floor":38},{"not_picked":["EnergyStrike","ExtractFuel+1","SomberProcuration+1","ReadyUp+1","FormingStorm","LoosenUp+1","MindWhip","GuidanceOfTheGears","Quickness+1"],"picked":"Singing Bowl","floor":39},{"not_picked":["Thrust","TrimTheIngredients","Pound+1","Endure","FeatherShield","BackAttack+1","MultiBlock","FaintMemories"],"picked":"JiaoTu","floor":40},{"not_picked":["Duel_lor","Leap_lor","Commandeering","SuppressingShot+1","GrazeTheGrass+1","VenomousFangs","Parry2","YoureAHindrance","FleetFootsteps+1"],"picked":"Singing Bowl","floor":42},{"not_picked":["Unlock1","AsThePrescriptOrders","CombatPreparation","StructuralAnalysis","Wallop_lor+1","TrimTheIngredients","EnergyBeam","ViolentFlame+1"],"picked":"SunsetBlade","floor":44},{"not_picked":["SharpSwipe+1","EndlessBattle","Feast+1","HandleRequest","Guardian_lor+1","MindCrush","DarkCloud","YoureTooSlow+1","Clone"],"picked":"Singing Bowl","floor":46}],"player_experience":180175,"relics_obtained":[{"floor":7,"key":"AT_SunfireAegis"},{"floor":9,"key":"GodSword1"},{"floor":11,"key":"CaptainsWheel"},{"floor":24,"key":"SSSystem"},{"floor":29,"key":"Onion Ring"},{"floor":30,"key":"Nilry\u0027s Codex"},{"floor":31,"key":"PageOfQueenBee"},{"floor":39,"key":"Pocketwatch"},{"floor":40,"key":"AT_EbonyIvory"},{"floor":43,"key":"Bottled Flame"}],"event_choices":[{"damage_healed":0,"gold_gain":175,"player_choice":"AGREE","damage_taken":0,"max_hp_gain":0,"max_hp_loss":0,"event_name":"Liars Game","floor":5,"gold_loss":0,"cards_obtained":["Doubt"]},{"damage_healed":0,"gold_gain":0,"cards_transformed":["ReplayUltimateDefense"],"player_choice":"Transformed","damage_taken":0,"max_hp_gain":0,"max_hp_loss":0,"event_name":"Transmorgrifier","floor":8,"gold_loss":0,"cards_obtained":["REME_MawOfCthun"]},{"damage_healed":0,"gold_gain":540,"player_choice":"GOLD GOLD GOLD GOLD GOLD GOLD ","damage_taken":57,"max_hp_gain":0,"max_hp_loss":0,"event_name":"Knowing Skull","floor":20,"potions_obtained":[],"gold_loss":0,"cards_obtained":[]},{"cards_removed":["LightAttack"],"damage_healed":0,"gold_gain":0,"player_choice":"Took Card","damage_taken":0,"max_hp_gain":0,"max_hp_loss":0,"event_name":"NoteForYourself","floor":22,"gold_loss":0,"cards_obtained":["Iron Wave"]},{"damage_healed":0,"gold_gain":0,"player_choice":"Obtained Book","damage_taken":16,"max_hp_gain":0,"max_hp_loss":0,"event_name":"Cursed Tome","floor":30,"gold_loss":0},{"damage_healed":0,"gold_gain":0,"player_choice":"Fight","damage_taken":0,"max_hp_gain":0,"max_hp_loss":0,"event_name":"Mysterious Sphere","floor":39,"gold_loss":0},{"cards_removed":["JiaoTu"],"damage_healed":0,"gold_gain":0,"player_choice":"Offered Uncommon","damage_taken":0,"max_hp_gain":0,"max_hp_loss":0,"event_name":"Bonfire Elementals","floor":48,"gold_loss":0}],"is_beta":false,"boss_relics":[{"not_picked":["Cursed Key","Painkiller Herb"],"picked":"Philosopher\u0027s Stone"},{"not_picked":["Velvet Choker","Snecko Eye"],"picked":"Replay:Bronze Core"}],"items_purged_floors":[6,15,21,45,45,49],"is_endless":false,"potions_floor_spawned":[2,11,12,14,24,29,31,37,39,42],"ascension_level":0}}