{"host":"5tzvto3beate6p8b","time":1614168403,"event":{"mods":["BaseMod","Colored Map","DeckTracker","Minty Spire (QoL Compilation)","Relic Stats","StSLib","SuperFastMode"],"gold_per_floor":[111,111,131,56,56,56,88,105,130,157,175,175,195,195,195,195,195],"floor_reached":16,"language":"JPN","playtime":466,"items_purged":[],"score":250,"play_id":"d74c38cc-90d4-4e8c-97b2-2b46224c1d7e","local_time":"20210224210643","is_ascension_mode":true,"campfire_choices":[{"data":"Neutralize","floor":6,"key":"SMITH"},{"data":"Crippling Poison","floor":12,"key":"SMITH"},{"data":"Catalyst","floor":15,"key":"SMITH"}],"circlet_count":0,"master_deck":["AscendersBane","Strike_G","Strike_G","Strike_G","Strike_G","Strike_G","Defend_G","Defend_G","Defend_G","Defend_G","Defend_G","Survivor","Neutralize+1","Blade Dance","Outmaneuver","Catalyst+1","Blade Dance","Crippling Poison+1","Acrobatics","Choke"],"relics":["Ring of the Snake","NeowsBlessing","Omamori","Eternal Feather","Odd Mushroom","Thread and Needle"],"acts_visited":["Exordium"],"potions_floor_usage":[10,16,16],"damage_taken":[{"damage":0,"enemies":"2 Louse","floor":1,"turns":1},{"damage":0,"enemies":"Small Slimes","floor":3,"turns":1},{"damage":0,"enemies":"Lagavulin","floor":7,"turns":1},{"damage":5,"enemies":"Jaw Worm","floor":8,"turns":5},{"damage":6,"enemies":"The Mushroom Lair","floor":10,"turns":4},{"damage":0,"enemies":"Exordium Wildlife","floor":11,"turns":3},{"damage":3,"enemies":"Looter","floor":13,"turns":4},{"damage":69,"enemies":"Hexaghost","floor":16,"turns":11}],"seed_played":"244673958587947993","potions_obtained":[{"floor":3,"key":"Fire Potion"},{"floor":8,"key":"GamblersBrew"},{"floor":11,"key":"Dexterity Potion"}],"is_trial":false,"path_per_floor":["M","?","M","?","?","R","E","M","T","?","M","R","M","T","R","B"],"character_chosen":"THE_SILENT","items_purchased":[],"campfire_rested":0,"item_purchase_floors":[],"current_hp_per_floor":[59,59,59,59,59,59,59,54,54,48,48,57,54,54,66,0,0],"gold":195,"neow_bonus":"THREE_ENEMY_KILL","is_daily":false,"chose_seed":false,"campfire_upgraded":3,"win_rate":0.0,"timestamp":1614168403,"path_taken":["M","?","M","?","?","R","E","M","T","?","M","R","?","?","R","BOSS"],"items_purchased_type":[],"build_version":"2020-12-22","purchased_purges":0,"victory":false,"max_hp_per_floor":[66,66,66,66,66,66,66,66,66,66,66,66,66,66,66,66,66],"relic_stats":{"counters":[8,30],"Eternal Feather":21,"obtain_stats":[{"NeowsBlessing":0,"Eternal Feather":7,"Thread and Needle":14,"Omamori":2,"Odd Mushroom":10,"Ring of the Snake":0},{"NeowsBlessing":0,"Eternal Feather":3,"Thread and Needle":7,"Omamori":1,"Odd Mushroom":5,"Ring of the Snake":0},{"NeowsBlessing":0,"Eternal Feather":3,"Thread and Needle":19,"Omamori":1,"Odd Mushroom":12,"Ring of the Snake":0}],"Ring of the Snake":[16]},"card_choices":[{"not_picked":["Dodge and Roll","PiercingWail"],"picked":"Blade Dance","floor":1},{"not_picked":["Flying Knee","Expertise"],"picked":"Outmaneuver","floor":3},{"not_picked":["Cloak And Dagger","Burst"],"picked":"Catalyst","floor":7},{"not_picked":["Endless Agony","Distraction"],"picked":"Blade Dance","floor":8},{"not_picked":["Well Laid Plans","Blade Dance"],"picked":"Crippling Poison","floor":10},{"not_picked":["Flechettes","Bane"],"picked":"Acrobatics","floor":11},{"not_picked":["Cloak And Dagger","Flying Knee"],"picked":"Choke","floor":13}],"player_experience":862191,"relics_obtained":[{"floor":7,"key":"Eternal Feather"},{"floor":10,"key":"Odd Mushroom"},{"floor":14,"key":"Thread and Needle"}],"event_choices":[{"damage_healed":0,"gold_gain":0,"player_choice":"Box","damage_taken":0,"relics_obtained":["Omamori"],"max_hp_gain":0,"max_hp_loss":0,"event_name":"Big Fish","floor":2,"gold_loss":0,"cards_obtained":["Regret"]},{"cards_removed":["Regret"],"damage_healed":0,"gold_gain":0,"player_choice":"Card Removal","damage_taken":0,"max_hp_gain":0,"max_hp_loss":0,"event_name":"The Cleric","floor":4,"gold_loss":75},{"damage_healed":0,"gold_gain":0,"player_choice":"Ignored","damage_taken":0,"max_hp_gain":0,"max_hp_loss":0,"event_name":"Shining Light","floor":5,"gold_loss":0},{"damage_healed":0,"gold_gain":0,"player_choice":"Fought Mushrooms","damage_taken":0,"max_hp_gain":0,"max_hp_loss":0,"event_name":"Mushrooms","floor":10,"gold_loss":0}],"is_beta":false,"boss_relics":[],"items_purged_floors":[],"is_endless":false,"potions_floor_spawned":[3,8,11,13],"killed_by":"Hexaghost","ascension_level":20}}