{"host":"tljks8peornvp26t","time":1614195462,"event":{"mods":["AchievementEnabler","BaseMod","Downfall","Marisa????????","Minty Spire (QoL Compilation)","Reliquary","Replay The Spire","StSLib","The Cursed","The Servant 0.9.4"],"gold_per_floor":[111,173,190,144,69,85,85,85,85,141,155,155,167,185,185,282,332,351,5,5,19,31,31,65,65,65,85,85,97,97,111,111,206,206,225,225,225,237,248,273,273,292,292,292,304,304,304],"floor_reached":46,"language":"ENG","playtime":4110,"items_purged":["DC"],"score":489,"play_id":"a2d00e2f-d8b8-489d-bfb3-5d0ae0ce38ab","local_time":"20210224193742","is_ascension_mode":false,"campfire_choices":[{"data":"BlazeAway","floor":8,"key":"SMITH"},{"floor":12,"key":"REST"},{"floor":23,"key":"REST"},{"floor":28,"key":"REST"},{"floor":30,"key":"REST"},{"floor":32,"key":"REST"},{"floor":41,"key":"REST"},{"floor":44,"key":"REST"}],"circlet_count":0,"master_deck":["Strike_MRS","Strike_MRS+1","Strike_MRS","Strike_MRS","Defend_MRS","Defend_MRS+1","Defend_MRS","Defend_MRS+1","MasterSpark","UpSweep+1","DC","PulseMagic+1","6A","FinalSpark+1","GalacticHalo","BlazeAway+1","RefractionSpark+1","PropBag","MagicChant+1","SporeBomb+1","SatelliteIllusion+1","IllusionStar","MilkyWay+1","Apotheosis+1","OneTimeOff","AsteroidBelt","DoubleSpark","ManaRampage","CurseOfTheBell","Parasite","PropBag+1","MysteriousBeam+1","MagicAbsorber"],"relics":["MiniHakkero","Oddly Smooth Stone","War Paint","Tiny House","Gremlin Food","Ice Cream","Vajra","Calling Bell","Potion Belt","TungstenRod","Replay:Bottled Snecko","reliquary:Spinner","Turnip","Ornamental Fan","Gremlin Horn"],"acts_visited":["Exordium","TheCity","TheBeyond"],"potions_floor_usage":[16,22,24,24,27,33,39,39,40,40,42,42,45],"damage_taken":[{"damage":10,"enemies":"Small Slimes","floor":1,"turns":3},{"damage":1,"enemies":"2 Louse","floor":3,"turns":2},{"damage":0,"enemies":"Cultist","floor":6,"turns":3},{"damage":16,"enemies":"3 Sentries","floor":10,"turns":4},{"damage":0,"enemies":"Red Slaver","floor":11,"turns":3},{"damage":0,"enemies":"Large Slime","floor":13,"turns":3},{"damage":4,"enemies":"Looter","floor":14,"turns":3},{"damage":28,"enemies":"The Guardian","floor":16,"turns":7},{"damage":26,"enemies":"Chosen","floor":18,"turns":5},{"damage":17,"enemies":"3 Byrds","floor":21,"turns":6},{"damage":13,"enemies":"Snake Plant","floor":22,"turns":4},{"damage":12,"enemies":"Gremlin Leader","floor":24,"turns":3},{"damage":12,"enemies":"Chosen and Byrds","floor":27,"turns":4},{"damage":10,"enemies":"Centurion and Healer","floor":29,"turns":5},{"damage":25,"enemies":"Snecko","floor":31,"turns":5},{"damage":55,"enemies":"Automaton","floor":33,"turns":7},{"damage":0,"enemies":"3 Darklings","floor":35,"turns":2},{"damage":14,"enemies":"Orb Walker","floor":38,"turns":3},{"damage":9,"enemies":"Writhing Mass","floor":39,"turns":5},{"damage":49,"enemies":"Giant Head","floor":40,"turns":6},{"damage":20,"enemies":"4 Shapes","floor":42,"turns":5},{"damage":18,"enemies":"Maw","floor":45,"turns":8},{"damage":25,"enemies":"Reptomancer","floor":46,"turns":3}],"seed_played":"-3668451441429727130","potions_obtained":[{"floor":2,"key":"LifebloodPotion"},{"floor":3,"key":"Weak Potion"},{"floor":16,"key":"SteroidPotion"},{"floor":17,"key":"EssenceOfSteel"},{"floor":20,"key":"DuplicationPotion"},{"floor":22,"key":"Energy Potion"},{"floor":24,"key":"Adrenaline Potion"},{"floor":31,"key":"SpeedPotion"},{"floor":35,"key":"ColorlessPotion"},{"floor":40,"key":"Regen Potion"}],"is_trial":false,"path_per_floor":["M","?","M","$","$","M","?","R","T","?","M","R","M","M","R","B",null,"M","$","?","M","M","R","E","$","T","M","R","M","R","M","R","B",null,"M","$","?","M","M","E","R","M","T","R","M","E"],"character_chosen":"MARISA","items_purchased":["GalacticHalo","Apotheosis","Gremlin Food"],"campfire_rested":7,"item_purchase_floors":[4,19,19],"current_hp_per_floor":[65,35,34,34,34,34,34,34,34,18,18,40,40,36,58,42,80,54,54,54,37,24,48,36,36,36,24,48,38,62,37,61,6,80,80,80,76,62,53,4,26,20,20,42,24,0,0],"gold":304,"neow_bonus":"THREE_CARDS","is_daily":false,"chose_seed":false,"campfire_upgraded":1,"win_rate":0.0,"timestamp":1614195462,"path_taken":["M","?","?","?","$","M","?","R","T","?","M","R","M","M","R","BOSS","M","$","?","M","M","R","E","$","T","?","R","M","R","M","R","BOSS","M","$","?","M","M","E","R","M","T","R","M","E"],"items_purchased_type":["Card","Card","Relic"],"build_version":"2020-12-22","purchased_purges":1,"victory":false,"max_hp_per_floor":[75,75,75,75,75,75,75,75,75,75,75,75,75,75,75,75,80,80,80,80,80,80,80,80,80,80,80,80,80,80,80,80,80,80,80,80,76,76,76,76,76,76,76,76,76,76,76],"card_choices":[{"not_picked":["PowerUp","SuperPerseids"],"picked":"DC","floor":0},{"not_picked":["IllusionStar","PowerUp"],"picked":"PulseMagic","floor":1},{"not_picked":["DC","SporeBomb"],"picked":"6A","floor":2},{"not_picked":["Singularity","MachineGunSpark"],"picked":"DC","floor":2},{"not_picked":["Occultation","DoubleSpark"],"picked":"FinalSpark","floor":3},{"not_picked":["ChargingUp","6A"],"picked":"BlazeAway","floor":6},{"not_picked":["DC","GravityBeat"],"picked":"RefractionSpark","floor":10},{"not_picked":["MaximisePower","GravityBeat"],"picked":"PropBag","floor":11},{"not_picked":["NonDirectionalLaser","GrandCross"],"picked":"MagicChant","floor":13},{"not_picked":["OpenUniverse","LuminesStrike"],"picked":"SporeBomb","floor":14},{"not_picked":["TreasureHunter","StarDustReverie"],"picked":"SatelliteIllusion","floor":16},{"not_picked":["DC","StarBarrage"],"picked":"IllusionStar","floor":17},{"not_picked":["Orbital","GrandCross+1"],"picked":"MilkyWay+1","floor":18},{"not_picked":["StarBarrage","DC"],"picked":"OneTimeOff","floor":21},{"not_picked":["GravityBeat","NonDirectionalLaser","DragonMeteor"],"picked":"SKIP","floor":22},{"not_picked":["DeepEcoloBomb","PowerUp"],"picked":"AsteroidBelt","floor":24},{"not_picked":["AlicesGift","6A"],"picked":"DoubleSpark","floor":27},{"not_picked":["StarlightTyphoon","LuminesStrike","ChargingUp"],"picked":"SKIP","floor":29},{"not_picked":["DarkMatter","PropBag","GravityBeat+1"],"picked":"SKIP","floor":31},{"not_picked":["BigCrunch","CasketOfStar"],"picked":"ManaRampage","floor":33},{"not_picked":["DC+1","WitchOfGreed","StarDustReverie"],"picked":"SKIP","floor":35},{"not_picked":["WitchLeyline","GravityBeat","UnstableBomb+1"],"picked":"SKIP","floor":38},{"not_picked":["AsteroidBelt","DoubleSpark"],"picked":"PropBag+1","floor":39},{"not_picked":["LuminesStrike+1","Acceleration+1"],"picked":"MysteriousBeam+1","floor":40},{"not_picked":["WitchOfGreed+1","DC+1"],"picked":"MagicAbsorber","floor":42},{"not_picked":["WitchOfGreed","WitchLeyline","ManaRampage"],"picked":"SKIP","floor":45}],"player_experience":166946,"relics_obtained":[{"floor":2,"key":"Oddly Smooth Stone"},{"floor":10,"key":"War Paint"},{"floor":24,"key":"Ice Cream"},{"floor":26,"key":"Vajra"},{"floor":34,"key":"Potion Belt"},{"floor":34,"key":"TungstenRod"},{"floor":34,"key":"Replay:Bottled Snecko"},{"floor":40,"key":"reliquary:Spinner"},{"floor":43,"key":"Turnip"}],"event_choices":[{"damage_healed":0,"gold_gain":0,"player_choice":"Grow","damage_taken":0,"max_hp_gain":0,"max_hp_loss":0,"event_name":"Living Wall","floor":7,"gold_loss":0,"cards_upgraded":["FinalSpark"]},{"damage_healed":0,"gold_gain":0,"player_choice":"Searched \u00271\u0027 times","damage_taken":0,"max_hp_gain":0,"max_hp_loss":0,"event_name":"Dead Adventurer","floor":10,"gold_loss":0},{"damage_healed":0,"gold_gain":0,"player_choice":"Got Potions","damage_taken":0,"max_hp_gain":0,"max_hp_loss":0,"event_name":"Lab","floor":20,"gold_loss":0},{"damage_healed":0,"gold_gain":0,"player_choice":"Max HP","damage_taken":0,"max_hp_gain":0,"max_hp_loss":4,"event_name":"Winding Halls","floor":37,"gold_loss":0}],"is_beta":false,"boss_relics":[{"not_picked":["reliquary:Ember","Runic Pyramid"],"picked":"Tiny House"},{"not_picked":["Astrolabe","Snecko Eye"],"picked":"Calling Bell"}],"items_purged_floors":[5],"is_endless":false,"potions_floor_spawned":[3,16,22,24,31,35,40],"killed_by":"Reptomancer","ascension_level":0}}