{"host":"qiddgr1lyn3b7c88","time":1614210804,"event":{"mods":["Aspiration","BaseMod","Colored Map","Highlight Path","Minty Spire (QoL Compilation)","Replay The Spire","Shop Mod","StSLib","Synergy Search","The Alterego","egg"],"gold_per_floor":[113,133,144,157,157,157,39,39,39,72,72,86,66,86,86,189,189,206,225,425,435,445,445,144,176,203,203,213,213,245,28,28,28,28],"floor_reached":33,"language":"ENG","playtime":1584,"items_purged":["Strike_B"],"score":461,"play_id":"6f77f423-ad05-4d5b-b3d8-56479f4a2c34","local_time":"20210224185324","is_ascension_mode":true,"campfire_choices":[{"data":"Zap","floor":6,"key":"SMITH"},{"data":"Sweeping Beam","floor":8,"key":"SMITH"},{"floor":11,"key":"REST"},{"data":"Steam Power","floor":15,"key":"SMITH"},{"floor":23,"key":"REST"},{"data":"ReplayTheSpireMod:Calculation Training","floor":29,"key":"SMITH"},{"floor":32,"key":"REST"}],"circlet_count":0,"master_deck":["AscendersBane","Strike_B","Strike_B","Defend_B","Defend_B","Defend_B+1","Defend_B+1","Zap+1","Dualcast","Ball Lightning","Sweeping Beam+1","BootSequence","Steam","Hyperbeam+1","Steam Power+1","Core Surge","All For One","CurseOfTheBell","Beam Cell+1","Rip and Tear","Capacitor","Echo Form","Reinforced Body","Gash+1","ReplayTheSpireMod:Calculation Training+1","Conserve Battery","Sunder","Cold Snap","Cold Snap","Echo Form","Glacier+1","Apotheosis"],"relics":["Cracked Core","Counterbalance","Replay:Bottled Flurry","Bottled Lightning","Calling Bell","Simple Rune","aspiration:FetidBarrel","Prayer Wheel","Lee\u0027s Waffle","Tiny Chest","aspiration:ChemicalBlood","Omamori"],"acts_visited":["Exordium","TheCity"],"potions_floor_usage":[16,16,21,21,22,25,27,30,33,33,33],"damage_taken":[{"damage":12,"enemies":"Small Slimes","floor":1,"turns":5},{"damage":12,"enemies":"Jaw Worm","floor":2,"turns":3},{"damage":1,"enemies":"Cultist","floor":3,"turns":3},{"damage":2,"enemies":"Looter","floor":4,"turns":3},{"damage":16,"enemies":"Gremlin Nob","floor":10,"turns":3},{"damage":0,"enemies":"Red Slaver","floor":12,"turns":3},{"damage":0,"enemies":"3 Louse","floor":14,"turns":2},{"damage":47,"enemies":"Fading Forest","floor":16,"turns":11},{"damage":0,"enemies":"Chosen","floor":18,"turns":4},{"damage":23,"enemies":"2 Thieves","floor":19,"turns":3},{"damage":14,"enemies":"Snake Plant","floor":21,"turns":3},{"damage":2,"enemies":"Shelled Parasite and Fungi","floor":22,"turns":6},{"damage":29,"enemies":"Slavers","floor":25,"turns":5},{"damage":0,"enemies":"Replay:Snechameleon","floor":27,"turns":2},{"damage":12,"enemies":"Centurion and Healer","floor":28,"turns":5},{"damage":21,"enemies":"Book of Stabbing","floor":30,"turns":5},{"damage":37,"enemies":"Pondfish","floor":33,"turns":7}],"seed_played":"-5449352495088842990","potions_obtained":[{"floor":4,"key":"DuplicationPotion"},{"floor":10,"key":"Weak Potion"},{"floor":13,"key":"Flashbang"},{"floor":16,"key":"Adrenaline Potion"},{"floor":19,"key":"DistilledChaos"},{"floor":21,"key":"Fire Potion"},{"floor":25,"key":"SmokeBomb"},{"floor":30,"key":"Milkshake"}],"is_trial":false,"path_per_floor":["M","M","M","M","?","R","$","R","T","E","R","M","?","M","R","B",null,"M","M","?","M","M","R","$","E","T","E","M","R","E","$","R","B"],"character_chosen":"DEFECT","items_purchased":["Hyperbeam+1","Lee\u0027s Waffle","Sunder","Glacier+1","Apotheosis"],"campfire_rested":3,"item_purchase_floors":[7,24,24,31,31],"current_hp_per_floor":[56,44,43,41,34,34,34,34,34,18,38,38,38,38,38,7,53,53,30,30,16,14,34,75,46,46,46,34,34,13,13,35,0,0],"gold":28,"neow_bonus":"ONE_RARE_RELIC","is_daily":false,"chose_seed":false,"campfire_upgraded":4,"win_rate":0.0,"timestamp":1614210804,"path_taken":["M","M","M","M","?","R","$","R","T","E","R","M","?","M","R","BOSS","M","?","?","M","?","R","$","E","T","E","M","R","E","?","R","BOSS"],"items_purchased_type":["Card","Relic","Card","Card","Card"],"build_version":"2020-12-22","purchased_purges":1,"victory":false,"max_hp_per_floor":[68,68,68,68,68,68,68,68,68,68,68,68,68,68,68,68,68,68,68,68,68,68,68,75,75,75,75,75,75,75,75,75,75,75],"card_choices":[{"not_picked":["Streamline","Gash"],"picked":"Ball Lightning","floor":1},{"not_picked":["Skim","Steam"],"picked":"Sweeping Beam","floor":2},{"not_picked":["Stack","Recycle"],"picked":"BootSequence","floor":3},{"not_picked":["Leap","Beam Cell"],"picked":"Steam","floor":4},{"not_picked":["ReplayTheSpireMod:Reroute Power","ReplaySort","Doom and Gloom"],"picked":"SKIP","floor":10},{"not_picked":["Turbo","Cold Snap"],"picked":"Steam Power","floor":12},{"not_picked":["Blizzard","Conserve Battery"],"picked":"Core Surge","floor":14},{"not_picked":["Creative AI","Multi-Cast"],"picked":"All For One","floor":16},{"not_picked":["Cold Snap","Compile Driver+1"],"picked":"Beam Cell+1","floor":18},{"not_picked":["Compile Driver","Beam Cell+1"],"picked":"Rip and Tear","floor":18},{"not_picked":["Conserve Battery","Streamline"],"picked":"Capacitor","floor":19},{"not_picked":["Leap","Redo"],"picked":"Echo Form","floor":19},{"not_picked":["Rebound+1","Cold Snap+1"],"picked":"Reinforced Body","floor":21},{"not_picked":["Barrage+1","Conserve Battery"],"picked":"Gash+1","floor":21},{"not_picked":["Cold Snap","Go for the Eyes+1"],"picked":"ReplayTheSpireMod:Calculation Training","floor":22},{"not_picked":["FIFO Queue+1","Steam"],"picked":"Conserve Battery","floor":22},{"not_picked":["Darkness+1","Amplify"],"picked":"Cold Snap","floor":25},{"not_picked":["Rip and Tear","Sweeping Beam"],"picked":"Cold Snap","floor":28},{"not_picked":["Rebound","Go for the Eyes","Time Bomb"],"picked":"SKIP","floor":28},{"not_picked":["Chaos","Steam"],"picked":"Echo Form","floor":30}],"player_experience":1073652,"relics_obtained":[{"floor":9,"key":"Replay:Bottled Flurry"},{"floor":10,"key":"Bottled Lightning"},{"floor":17,"key":"Simple Rune"},{"floor":17,"key":"aspiration:FetidBarrel"},{"floor":17,"key":"Prayer Wheel"},{"floor":25,"key":"Tiny Chest"},{"floor":26,"key":"aspiration:ChemicalBlood"},{"floor":30,"key":"Omamori"}],"event_choices":[{"cards_removed":["Strike_B"],"damage_healed":0,"gold_gain":0,"player_choice":"Card Removal","damage_taken":7,"max_hp_gain":0,"max_hp_loss":0,"event_name":"Golden Wing","floor":5,"gold_loss":0},{"damage_healed":0,"gold_gain":0,"player_choice":"Bought 1 Potion","damage_taken":0,"max_hp_gain":0,"max_hp_loss":0,"event_name":"The Woman in Blue","floor":13,"gold_loss":0},{"damage_healed":0,"gold_gain":200,"player_choice":"Gold","damage_taken":0,"max_hp_gain":0,"max_hp_loss":0,"event_name":"Wheel of Change","floor":20,"gold_loss":0}],"is_beta":false,"boss_relics":[{"not_picked":["Coffee Dripper","ReplayTheSpireMod:DimensionalGlitch"],"picked":"Calling Bell"}],"items_purged_floors":[24],"is_endless":false,"potions_floor_spawned":[4,10,16,19,21,25,30],"killed_by":"Pondfish","ascension_level":10}}