{"host":"r4aerl4ckfvw1dw3","time":1614138326,"event":{"mods":["BaseMod","BetterRewards","Minty Spire (QoL Compilation)","Quick Restart","StSLib"],"gold_per_floor":[116,116,116,128,5,34,61,94,94,125,125,139,65,45,45,148,148,163,84,84,101,101,135,150,150,150,249,249,284,199,214,214,313,313,330,340,340,354,36,68,68,168,246,246,256,282,27,46,46,46,46,46,46,72,72],"floor_reached":56,"language":"ENG","playtime":2861,"items_purged":["Strike_B"],"score":1890,"play_id":"f5382102-3b64-4a19-a144-607e57beef90","local_time":"20210223194526","is_ascension_mode":true,"campfire_choices":[{"data":"Dualcast","floor":11.0,"key":"SMITH"},{"data":"Defragment","floor":15.0,"key":"SMITH"},{"data":"Streamline","floor":25.0,"key":"SMITH"},{"data":"Loop","floor":28.0,"key":"SMITH"},{"data":"Force Field","floor":32.0,"key":"SMITH"},{"data":"Echo Form","floor":41.0,"key":"SMITH"},{"floor":49,"key":"RECALL"},{"data":"Recycle","floor":52,"key":"SMITH"}],"circlet_count":0,"master_deck":["Strike_B","Strike_B","Defend_B","Defend_B","Defend_B","Defend_B","Zap","Dualcast+1","Streamline+1","Cold Snap","Coolheaded","Defragment+1","BootSequence","Self Repair","Cold Snap","Electrodynamics","Go for the Eyes","Loop+1","Force Field+1","Ghostly","Ghostly","Ghostly","Ghostly","Ghostly","Biased Cognition","Stack","Echo Form+1","Turbo+1","Parasite","Core Surge","Barrage","Skim","Recycle+1","Conserve Battery+1"],"relics":["Cracked Core","NeowsBlessing","Meat on the Bone","DataDisk","Odd Mushroom","Singing Bowl","Thread and Needle","Du-Vu Doll","SlaversCollar","PreservedInsect","Art of War","Tiny Chest","Symbiotic Virus","Inserter","Ice Cream","Bronze Scales","Bottled Lightning","Question Card","Mummified Hand","Blue Candle"],"acts_visited":["Exordium","TheCity","TheBeyond","TheEnding"],"potions_floor_usage":[50,55,55,55],"damage_taken":[{"damage":0.0,"enemies":"Cultist","floor":1.0,"turns":1.0},{"damage":0.0,"enemies":"Jaw Worm","floor":4.0,"turns":1.0},{"damage":0.0,"enemies":"3 Sentries","floor":6.0,"turns":1.0},{"damage":25.0,"enemies":"The Mushroom Lair","floor":7.0,"turns":4.0},{"damage":28.0,"enemies":"Gremlin Nob","floor":8.0,"turns":5.0},{"damage":2.0,"enemies":"Lagavulin","floor":10.0,"turns":7.0},{"damage":0.0,"enemies":"Small Slimes","floor":12.0,"turns":3.0},{"damage":4.0,"enemies":"Exordium Thugs","floor":14.0,"turns":5.0},{"damage":3.0,"enemies":"The Guardian","floor":16.0,"turns":12.0},{"damage":0.0,"enemies":"Shell Parasite","floor":18.0,"turns":6.0},{"damage":6.0,"enemies":"2 Thieves","floor":21.0,"turns":3.0},{"damage":0.0,"enemies":"Book of Stabbing","floor":23.0,"turns":7.0},{"damage":0.0,"enemies":"Centurion and Healer","floor":24.0,"turns":6.0},{"damage":0.0,"enemies":"Gremlin Leader","floor":29.0,"turns":6.0},{"damage":0.0,"enemies":"Chosen and Byrds","floor":31.0,"turns":7.0},{"damage":12.0,"enemies":"Automaton","floor":33.0,"turns":14.0},{"damage":0.0,"enemies":"3 Shapes","floor":35.0,"turns":5.0},{"damage":0.0,"enemies":"3 Darklings","floor":36.0,"turns":6.0},{"damage":0.0,"enemies":"Writhing Mass","floor":38.0,"turns":7.0},{"damage":0.0,"enemies":"Nemesis","floor":40.0,"turns":7.0},{"damage":4.0,"enemies":"Jaw Worm Horde","floor":45.0,"turns":4.0},{"damage":0.0,"enemies":"Giant Head","floor":46.0,"turns":7.0},{"damage":19.0,"enemies":"Spire Growth","floor":48.0,"turns":6.0},{"damage":0,"enemies":"Time Eater","floor":50,"turns":10},{"damage":30,"enemies":"Shield and Spear","floor":54,"turns":7},{"damage":34,"enemies":"The Heart","floor":55,"turns":11}],"seed_played":"368428781065683516","potions_obtained":[{"floor":4.0,"key":"Regen Potion"},{"floor":7.0,"key":"Weak Potion"},{"floor":8.0,"key":"BlessingOfTheForge"},{"floor":10.0,"key":"DuplicationPotion"},{"floor":23.0,"key":"LiquidBronze"},{"floor":24.0,"key":"SpeedPotion"},{"floor":29.0,"key":"Ancient Potion"},{"floor":38.0,"key":"DuplicationPotion"},{"floor":54,"key":"Block Potion"}],"is_trial":false,"path_per_floor":["M","?","T","M","$","E","?","E","T","E","R","M","$","M","R","B",null,"M","$","?","M","?","E","M","R","T","?","R","E","?","M","R","B",null,"M","M","?","M","$","E","R","?","T","T","M","E","$","M","R","B",null,"R","$","E","B",null],"character_chosen":"DEFECT","items_purchased":["Coolheaded","Self Repair","Loop","Ice Cream","Barrage","Mummified Hand"],"campfire_rested":0,"item_purchase_floors":[5,13,19,39,39,47],"current_hp_per_floor":[68,73,73,73,73,73,60,46,46,46,46,48,48,51,51,55,78,85,85,85,81,44,46,46,46,46,46,46,48,48,48,48,43,47,47,49,49,50,50,50,50,50,50,50,46,52,52,33,33,43,50,50,50,41,26],"gold":72,"neow_bonus":"THREE_ENEMY_KILL","is_daily":false,"chose_seed":false,"campfire_upgraded":7,"win_rate":0.0,"timestamp":1614138326,"path_taken":["M","?","?","M","?","E","?","E","T","E","R","M","$","M","R","BOSS","M","$","?","?","?","E","M","R","T","?","R","E","?","M","R","BOSS","M","M","?","M","$","E","R","?","T","?","?","E","$","M","R","BOSS","R","$","E","BOSS"],"items_purchased_type":["Card","Card","Card","Relic","Card","Relic"],"build_version":"2020-12-22","purchased_purges":1,"victory":true,"max_hp_per_floor":[75,80,80,80,80,80,80,82,82,84,84,86,86,86,86,86,86,86,86,86,88,44,46,46,46,46,46,46,48,48,48,48,48,48,48,50,50,50,50,50,50,50,50,50,50,52,52,52,52,52,52,52,52,54,54],"card_choices":[{"not_picked":["Barrage","Double Energy"],"picked":"Streamline","floor":1.0},{"not_picked":["Reinforced Body","Consume"],"picked":"Cold Snap","floor":4.0},{"not_picked":["Doom and Gloom","Self Repair"],"picked":"Defragment","floor":6.0},{"not_picked":["Reprogram","Stack"],"picked":"BootSequence","floor":7.0},{"not_picked":["Leap","Barrage","Lockon"],"picked":"Singing Bowl","floor":8.0},{"not_picked":["Undo","Reboot","Lockon"],"picked":"Singing Bowl","floor":10.0},{"not_picked":["Redo","Barrage","Compile Driver"],"picked":"Singing Bowl","floor":12.0},{"not_picked":["Heatsinks","Recycle"],"picked":"Cold Snap","floor":14.0},{"not_picked":["Creative AI","Seek"],"picked":"Electrodynamics","floor":16.0},{"not_picked":["Sweeping Beam","Leap"],"picked":"Go for the Eyes","floor":18.0},{"not_picked":["Sunder","Undo","Cold Snap"],"picked":"Singing Bowl","floor":21.0},{"not_picked":["Streamline+1","Undo+1","Conserve Battery"],"picked":"Singing Bowl","floor":23.0},{"not_picked":["Go for the Eyes+1","Cold Snap+1"],"picked":"Biased Cognition","floor":24.0},{"not_picked":["Double Energy","Lockon","Conserve Battery"],"picked":"Singing Bowl","floor":29.0},{"not_picked":["Coolheaded","Go for the Eyes+1"],"picked":"Stack","floor":31.0},{"not_picked":["Creative AI","Seek"],"picked":"Echo Form","floor":33.0},{"not_picked":["Sweeping Beam+1","Hello World+1"],"picked":"Turbo+1","floor":35.0},{"not_picked":["Redo","Hologram","Gash"],"picked":"Singing Bowl","floor":36.0},{"not_picked":["Chill","Sweeping Beam"],"picked":"Core Surge","floor":38.0},{"not_picked":["BootSequence","Stack"],"picked":"Skim","floor":40.0},{"not_picked":["Sweeping Beam","Gash"],"picked":"Recycle","floor":45.0},{"not_picked":["Streamline","Barrage","Blizzard+1"],"picked":"Singing Bowl","floor":46.0},{"not_picked":["Cold Snap","Tempest","Streamline+1"],"picked":"Conserve Battery+1","floor":48.0},{"not_picked":["Capacitor+1","Go for the Eyes","Genetic Algorithm","Rebound"],"picked":"Singing Bowl","floor":54}],"player_experience":691452,"relics_obtained":[{"floor":3.0,"key":"Meat on the Bone"},{"floor":6.0,"key":"DataDisk"},{"floor":7.0,"key":"Odd Mushroom"},{"floor":8.0,"key":"Singing Bowl"},{"floor":9.0,"key":"Thread and Needle"},{"floor":10.0,"key":"Du-Vu Doll"},{"floor":23.0,"key":"PreservedInsect"},{"floor":26.0,"key":"Art of War"},{"floor":29.0,"key":"Tiny Chest"},{"floor":40.0,"key":"Bronze Scales"},{"floor":44.0,"key":"Bottled Lightning"},{"floor":46.0,"key":"Question Card"},{"floor":54,"key":"Blue Candle"}],"event_choices":[{"damage_healed":0.0,"max_hp_gain":5.0,"max_hp_loss":0.0,"gold_gain":0.0,"event_name":"Big Fish","player_choice":"Donut","floor":2.0,"gold_loss":0.0,"damage_taken":0.0},{"damage_healed":0.0,"max_hp_gain":0.0,"max_hp_loss":0.0,"gold_gain":0.0,"event_name":"Mushrooms","player_choice":"Fought Mushrooms","floor":7.0,"gold_loss":0.0,"damage_taken":0.0},{"damage_healed":0.0,"max_hp_gain":0.0,"max_hp_loss":0.0,"gold_gain":0.0,"cards_transformed":["Strike_B"],"event_name":"Transmorgrifier","player_choice":"Transformed","floor":20.0,"gold_loss":0.0,"damage_taken":0.0,"cards_obtained":["Force Field"]},{"damage_healed":0.0,"max_hp_gain":0.0,"max_hp_loss":44.0,"gold_gain":0.0,"event_name":"Ghosts","player_choice":"Became a Ghost","floor":22.0,"gold_loss":0.0,"damage_taken":0.0,"cards_obtained":["Ghostly","Ghostly","Ghostly","Ghostly","Ghostly"]},{"damage_healed":0.0,"max_hp_gain":0.0,"max_hp_loss":0.0,"gold_gain":99.0,"event_name":"Nest","player_choice":"Stole From Cult","floor":27.0,"gold_loss":0.0,"damage_taken":0.0},{"damage_healed":0.0,"max_hp_gain":0.0,"max_hp_loss":0.0,"gold_gain":0.0,"event_name":"Addict","player_choice":"Obtained Relic","floor":30.0,"gold_loss":85.0,"damage_taken":0.0,"relics_obtained":["Symbiotic Virus"]},{"damage_healed":0.0,"max_hp_gain":0.0,"max_hp_loss":0.0,"gold_gain":0.0,"event_name":"Tomb of Lord Red Mask","player_choice":"Ignored","floor":37.0,"gold_loss":0.0,"damage_taken":0.0},{"damage_healed":0.0,"max_hp_gain":0.0,"max_hp_loss":0.0,"gold_gain":100.0,"event_name":"Golden Shrine","player_choice":"Pray","floor":42.0,"gold_loss":0.0,"damage_taken":0.0}],"is_beta":false,"boss_relics":[{"not_picked":["Velvet Choker","Nuclear Battery"],"picked":"SlaversCollar"},{"not_picked":["Astrolabe","Sozu"],"picked":"Inserter"}],"items_purged_floors":[5],"is_endless":false,"potions_floor_spawned":[4,7,8,10,23,24,29,33,38,46,48,54],"ascension_level":8}}