{"host":"0tl58ol8nhobbddc","time":1614135003,"event":{"mods":["AchievementEnabler","BaseMod","Bestiary","Block Reminder","Colored Map","Colored Powertips","Highlight Path","Minty Spire (QoL Compilation)"],"gold_per_floor":[167,167,180,193,47,47,81,94,94,94,105,105,140,110,110,207,207,179,193,203,219,49,49,49,49,49,64,75,75,2,2,2,106,106,126,139,189,189,64,98,98,110,110,136,151,151,1,19,19,19,19],"floor_reached":50,"language":"ENG","playtime":9396,"items_purged":["Defend_G","Strike_G","Choke","Shame"],"score":512,"play_id":"90ec45f4-7662-4aa2-ba84-a1f57e85e69d","local_time":"20210223185003","is_ascension_mode":false,"campfire_choices":[{"data":"Blur","floor":6.0,"key":"SMITH"},{"data":"Sucker Punch","floor":10.0,"key":"SMITH"},{"data":"Dodge and Roll","floor":12.0,"key":"SMITH"},{"data":"Survivor","floor":15.0,"key":"SMITH"},{"data":"Dash","floor":23.0,"key":"SMITH"},{"data":"Skewer","floor":32.0,"key":"SMITH"},{"data":"Crippling Poison","floor":41,"key":"SMITH"},{"data":"Dark Shackles","floor":49,"key":"SMITH"}],"circlet_count":0,"master_deck":["Strike_G","Strike_G","Strike_G","Defend_G","Defend_G","Defend_G","Survivor+1","Neutralize+1","Blur+1","Dodge and Roll+1","Acrobatics","Sucker Punch+1","Caltrops+1","Dagger Throw","Well Laid Plans+1","Crippling Poison+1","Flying Knee","Tools of the Trade+1","Heel Hook","Flying Knee+1","Skewer+1","Dash+1","PiercingWail+1","Footwork+1","After Image+1","Blade Dance+1","Underhanded Strike","Dark Shackles+1","Skewer"],"relics":["Tiny House","Frozen Egg 2","Bottled Flame","Eternal Feather","InkBottle","Cursed Key","FossilizedHelix","Empty Cage","Ice Cream","White Beast Statue","Darkstone Periapt","TungstenRod"],"acts_visited":["Exordium","TheCity","TheBeyond"],"potions_floor_usage":[33,44,44,48,48,50,50],"damage_taken":[{"damage":6.0,"enemies":"2 Louse","floor":1.0,"turns":4.0},{"damage":0.0,"enemies":"Small Slimes","floor":3.0,"turns":5.0},{"damage":0.0,"enemies":"Cultist","floor":4.0,"turns":6.0},{"damage":21.0,"enemies":"3 Sentries","floor":7.0,"turns":12.0},{"damage":14.0,"enemies":"Exordium Thugs","floor":8.0,"turns":7.0},{"damage":0.0,"enemies":"Exordium Wildlife","floor":11.0,"turns":3.0},{"damage":2.0,"enemies":"Lagavulin","floor":13.0,"turns":8.0},{"damage":2.0,"enemies":"Looter","floor":14.0,"turns":4.0},{"damage":8.0,"enemies":"Hexaghost","floor":16.0,"turns":10.0},{"damage":17.0,"enemies":"2 Thieves","floor":18.0,"turns":5.0},{"damage":1.0,"enemies":"3 Byrds","floor":19.0,"turns":5.0},{"damage":15.0,"enemies":"Snake Plant","floor":20.0,"turns":5.0},{"damage":16.0,"enemies":"Shelled Parasite and Fungi","floor":21.0,"turns":5.0},{"damage":8.0,"enemies":"Centurion and Healer","floor":27.0,"turns":6.0},{"damage":11.0,"enemies":"Snecko","floor":28.0,"turns":5.0},{"damage":17,"enemies":"Collector","floor":33,"turns":16},{"damage":0,"enemies":"Orb Walker","floor":35,"turns":4},{"damage":33,"enemies":"3 Shapes","floor":36,"turns":5},{"damage":0,"enemies":"Mind Bloom Boss Battle","floor":37,"turns":10},{"damage":19,"enemies":"Nemesis","floor":40,"turns":9},{"damage":15,"enemies":"Sphere and 2 Shapes","floor":42,"turns":6},{"damage":8,"enemies":"Reptomancer","floor":44,"turns":9},{"damage":6,"enemies":"4 Shapes","floor":45,"turns":6},{"damage":0,"enemies":"Jaw Worm Horde","floor":48,"turns":6},{"damage":29,"enemies":"Donu and Deca","floor":50,"turns":9}],"seed_played":"-3589716438796896810","potions_obtained":[{"floor":0.0,"key":"DistilledChaos"},{"floor":3.0,"key":"ColorlessPotion"},{"floor":7.0,"key":"Block Potion"},{"floor":16.0,"key":"Ancient Potion"},{"floor":18.0,"key":"Weak Potion"},{"floor":21.0,"key":"DuplicationPotion"},{"floor":27.0,"key":"AttackPotion"},{"floor":28.0,"key":"ColorlessPotion"},{"floor":35,"key":"Fire Potion"},{"floor":44,"key":"Swift Potion"},{"floor":45,"key":"PowerPotion"},{"floor":48,"key":"Poison Potion"}],"is_trial":false,"path_per_floor":["M","?","M","M","$","R","E","M","T","R","M","R","E","M","R","B",null,"M","M","M","M","$","R","?","?","T","M","M","T","$","$","R","B",null,"M","M","?","?","$","E","R","M","T","E","M","?","$","M","R","B"],"character_chosen":"THE_SILENT","items_purchased":["Caltrops+1","Dash","Footwork+1"],"campfire_rested":0,"item_purchase_floors":[5,22,30],"current_hp_per_floor":[69,66,66,66,66,66,45,31,31,40,40,49,47,45,57,49,75,58,57,42,26,26,41,41,46,46,38,27,27,27,27,42,25,75,75,42,42,42,42,23,38,23,23,15,9,9,9,9,24,0,0],"gold":19,"neow_bonus":"BOSS_RELIC","is_daily":false,"chose_seed":false,"campfire_upgraded":8,"win_rate":0.0,"timestamp":1614135003,"path_taken":["M","?","M","M","$","R","E","M","T","R","M","R","E","M","R","BOSS","M","M","M","M","$","R","?","?","T","M","?","?","?","$","R","BOSS","M","M","?","?","$","E","R","M","T","E","M","?","?","?","R","BOSS"],"items_purchased_type":["Card","Card","Card"],"build_version":"2020-12-22","purchased_purges":4,"victory":false,"max_hp_per_floor":[75,75,75,75,75,75,75,75,75,75,75,75,75,75,75,75,75,75,75,75,75,75,75,75,75,75,75,75,75,75,75,75,75,75,75,75,75,71,71,71,71,71,71,71,71,71,71,71,71,71,71],"card_choices":[{"not_picked":["Prepared","Bane"],"picked":"Blur","floor":0.0},{"not_picked":["Outmaneuver","Bane"],"picked":"Dodge and Roll","floor":1.0},{"not_picked":["Bane","Calculated Gamble"],"picked":"Acrobatics","floor":3.0},{"not_picked":["Die Die Die","Dodge and Roll"],"picked":"Sucker Punch","floor":4.0},{"not_picked":["Prepared","Phantasmal Killer"],"picked":"Dagger Throw","floor":7.0},{"not_picked":["Dodge and Roll","Calculated Gamble"],"picked":"Deadly Poison","floor":8.0},{"not_picked":["Expertise","Flechettes"],"picked":"Well Laid Plans+1","floor":11.0},{"not_picked":["Sucker Punch","Night Terror"],"picked":"Crippling Poison","floor":13.0},{"not_picked":["Infinite Blades+1","Deflect"],"picked":"Flying Knee","floor":14.0},{"not_picked":["Doppelganger","Wraith Form v2+1"],"picked":"Tools of the Trade+1","floor":16.0},{"not_picked":["Acrobatics","Outmaneuver"],"picked":"Heel Hook","floor":18.0},{"not_picked":["Dodge and Roll+1","All Out Attack"],"picked":"Flying Knee+1","floor":19.0},{"not_picked":["Flying Knee","Sucker Punch"],"picked":"Choke","floor":20.0},{"not_picked":["Blade Dance+1","Outmaneuver"],"picked":"Skewer","floor":21.0},{"not_picked":["Acrobatics+1","Distraction","Leg Sweep"],"picked":"SKIP","floor":27.0},{"not_picked":["Flying Knee","Tools of the Trade+1"],"picked":"PiercingWail+1","floor":28.0},{"not_picked":["Corpse Explosion","Tools of the Trade+1"],"picked":"After Image+1","floor":33},{"not_picked":["Prepared","Poisoned Stab+1","Eviscerate+1"],"picked":"SKIP","floor":35},{"not_picked":["Prepared+1","Caltrops+1","Predator"],"picked":"SKIP","floor":36},{"not_picked":["Dagger Throw+1","Backflip","PiercingWail"],"picked":"SKIP","floor":40},{"not_picked":["Eviscerate","Distraction"],"picked":"Blade Dance+1","floor":42},{"not_picked":["Dodge and Roll","Dagger Throw+1"],"picked":"Underhanded Strike","floor":44},{"not_picked":["Leg Sweep","Well Laid Plans+1","Blade Dance+1"],"picked":"SKIP","floor":45},{"not_picked":["PanicButton","Flash of Steel"],"picked":"Dark Shackles","floor":46},{"not_picked":["Blade Dance","Underhanded Strike"],"picked":"Skewer","floor":48}],"player_experience":68493,"relics_obtained":[{"floor":7.0,"key":"Bottled Flame"},{"floor":9.0,"key":"Eternal Feather"},{"floor":13.0,"key":"InkBottle"},{"floor":37,"key":"Ice Cream"},{"floor":40,"key":"White Beast Statue"},{"floor":43,"key":"Darkstone Periapt"},{"floor":44,"key":"TungstenRod"}],"event_choices":[{"damage_healed":0.0,"max_hp_gain":0.0,"max_hp_loss":0.0,"gold_gain":0.0,"event_name":"Scrap Ooze","player_choice":"Success","floor":2.0,"gold_loss":0.0,"damage_taken":3.0,"relics_obtained":["Frozen Egg 2"]},{"damage_healed":0.0,"max_hp_gain":0.0,"max_hp_loss":0.0,"gold_gain":0.0,"event_name":"The Mausoleum","player_choice":"Opened","floor":24.0,"gold_loss":0.0,"damage_taken":0.0,"relics_obtained":["FossilizedHelix"]},{"cards_removed":["Deadly Poison"],"damage_healed":5.0,"max_hp_gain":0.0,"max_hp_loss":0.0,"gold_gain":0.0,"event_name":"Bonfire Elementals","player_choice":"Offered Common","floor":25.0,"gold_loss":0.0,"damage_taken":0.0},{"cards_removed":["Deadly Poison"],"damage_healed":5.0,"max_hp_gain":0.0,"max_hp_loss":0.0,"gold_gain":0.0,"event_name":"Bonfire Elementals","player_choice":"Offered Special","floor":25.0,"gold_loss":0.0,"damage_taken":0.0},{"damage_healed":0,"gold_gain":0,"player_choice":"Fight","damage_taken":0,"max_hp_gain":0,"max_hp_loss":0,"event_name":"MindBloom","floor":37,"gold_loss":0},{"damage_healed":0,"gold_gain":0,"player_choice":"Max HP","damage_taken":0,"max_hp_gain":0,"max_hp_loss":4,"event_name":"Winding Halls","floor":38,"gold_loss":0},{"damage_healed":0,"gold_gain":0,"player_choice":"Memory 1","damage_taken":0,"max_hp_gain":0,"max_hp_loss":0,"event_name":"SensoryStone","floor":46,"gold_loss":0}],"is_beta":false,"boss_relics":[{"not_picked":["Runic Dome","Snecko Eye"],"picked":"Cursed Key"},{"not_picked":["SacredBark","Fusion Hammer"],"picked":"Empty Cage"}],"items_purged_floors":[5,22,39,47],"is_endless":false,"potions_floor_spawned":[3,7,16,18,21,27,28,35,37,42,44,45,48],"killed_by":"Donu and Deca","ascension_level":0}}