{"host":"lvs2wt6hnb8ekxok","time":1614156173,"event":{"mods":["Act Like it!","Ascension Reborn","Bartender","BaseMod","BetterRewards","Card Forge","Challenge The Spire","Custom Start","Downfall","Elementarium","Friendly Minions","Gensokyo","GifTheSpireLib","Halation","Hallownest","Hero for Fun","Hubris","Infinite Spire","Kiyohime????","Lobotomy","Menagerie","Minty Spire (QoL Compilation)","Relic Filter","Replay The Spire","Reworked Bosses","Ruina","SOS???????","StSLib","Stuff the Spire","Td1madao Mod","The Animator","The Bladedancer","The Bug Knight","The Death Knight","The Exalted","The Forsaken","The Servant 0.9.4","Wandering Minibosses","???Mod??????Boss","???mod?????"],"gold_per_floor":[608,329,360,385,418,518,518,518,552,582,582,582],"floor_reached":11,"language":"ENG","playtime":731,"items_purged":[],"score":105,"play_id":"a8e1174f-60e2-4101-8b02-734ac4018dc2","local_time":"20210224004253","daily_mods":["challengethespire:Platinum Difficulty","challengethespire:Modded Elite Rush","Uncertain Future"],"is_ascension_mode":true,"campfire_choices":[{"floor":7,"key":"REST"},{"floor":8,"key":"REST"}],"circlet_count":0,"master_deck":["DeathKnight:Strike_DeathKnight","DeathKnight:Strike_DeathKnight","DeathKnight:Strike_DeathKnight","DeathKnight:Strike_DeathKnight","DeathKnight:Defend_DeathKnight","DeathKnight:Defend_DeathKnight","DeathKnight:Defend_DeathKnight","DeathKnight:Defend_DeathKnight","DeathKnight:RuneTap","DeathKnight:RuneStrike","DeathKnight:BladedArmor","DeathKnight:DeathCoil","DeathKnight:DeathGrip+1","DeathKnight:MutagenicPlague","DeathKnight:HartStrike","DeathKnight:BludPresence","DeathKnight:Strike_DeathKnight","DeathKnight:BloodBoil","DeathKnight:DancingRuneblade","DeathKnight:SindragosasBreath","DeathKnight:Rot","DeathKnight:Pestilence"],"relics":["DeathKnight:BrokenRuneblade","Hammer of Thor","Seething Fire","Anvil of the Gods","Black Star","Sling","PreservedInsect","HollowMod:PaleOreRelic","StuffTheSpire:Mouthbags","theForsaken:Kindling","halation:Trompette","DeathKnight:ScourgePlagueSample","StuffTheSpire:Rhapsscallions","Bromod:ArcaneTempo","Replay:Wanted Poster","Pen Nib","Protect_Vest","Letter Opener","Bromod:ArcaneAwakening"],"acts_visited":["Exordium"],"potions_floor_usage":[5,11],"damage_taken":[{"damage":34,"enemies":"3 Sentries","floor":3,"turns":5},{"damage":22,"enemies":"Replay:BlueRogue","floor":4,"turns":4},{"damage":14,"enemies":"HollowMod:MossKnight","floor":5,"turns":4},{"damage":49,"enemies":"Book of Stabbing","floor":9,"turns":4},{"damage":13,"enemies":"HollowMod:Nosk","floor":10,"turns":4},{"damage":6,"enemies":"Replay:Snechameleon","floor":11,"turns":3}],"seed_played":"7576762119931140125","potions_obtained":[{"floor":3,"key":"Explosive Potion"},{"floor":10,"key":"DeathKnight:BottledBloodEchoes"}],"is_trial":true,"path_per_floor":["$","$","E","E","E","T","R","R","E","E","E"],"character_chosen":"DEATH_KNIGHT","items_purchased":["DeathKnight:BladedArmor","DeathKnight:DeathCoil","DeathKnight:DeathGrip+1","HollowMod:PaleOreRelic","DeathKnight:MutagenicPlague","DeathKnight:HartStrike","DeathKnight:BludPresence"],"campfire_rested":2,"item_purchase_floors":[1,1,1,2,2,2,2],"current_hp_per_floor":[75,75,41,19,8,8,36,65,16,3,0,0],"gold":582,"neow_bonus":"","is_daily":false,"chose_seed":false,"campfire_upgraded":0,"win_rate":0.0,"timestamp":1614156173,"path_taken":["$","$","E","E","E","T","R","R","E","E","E"],"items_purchased_type":["Card","Card","Card","Relic","Card","Card","Card"],"build_version":"2020-12-22","purchased_purges":0,"victory":false,"max_hp_per_floor":[75,75,75,75,78,78,83,88,88,88,88,88],"card_choices":[],"player_experience":107193,"relics_obtained":[{"floor":3,"key":"StuffTheSpire:Mouthbags"},{"floor":3,"key":"theForsaken:Kindling"},{"floor":4,"key":"halation:Trompette"},{"floor":4,"key":"DeathKnight:ScourgePlagueSample"},{"floor":5,"key":"StuffTheSpire:Rhapsscallions"},{"floor":5,"key":"Bromod:ArcaneTempo"},{"floor":9,"key":"Pen Nib"},{"floor":9,"key":"Protect_Vest"},{"floor":10,"key":"Letter Opener"},{"floor":10,"key":"Bromod:ArcaneAwakening"}],"event_choices":[],"is_beta":false,"boss_relics":[{"not_picked":["halation:LoveArrow","Honey Jar"],"picked":"Replay:Wanted Poster"}],"items_purged_floors":[],"is_endless":false,"potions_floor_spawned":[3,10],"killed_by":"Replay:Snechameleon","ascension_level":0}}