{"host":"7wi4qgm5yw4j7oz0","time":1614172481,"event":{"mods":["AchievementEnabler","BaseMod","Block Reminder","Colored Map","Colored Powertips","Highlight Path","Minty Spire (QoL Compilation)","Permanent Neow","Random Character Button","StSLib","SuperFastMode","everything is the same but u backflip on backflip"],"gold_per_floor":[110,110,129,143,156,156,188,188,188,205,224,236,255,255,255],"floor_reached":14,"language":"KOR","playtime":432,"items_purged":[],"score":182,"play_id":"bc368999-e3f0-4c21-b01c-3586a22084ac","local_time":"20210224221441","is_ascension_mode":true,"campfire_choices":[{"floor":6.0,"key":"REST"},{"floor":8,"key":"REST"}],"circlet_count":0,"master_deck":["AscendersBane","Strike_R","Strike_R","Strike_R","Strike_R","Strike_R","Defend_R","Defend_R","Defend_R","Defend_R","Bash","Enlightenment+1","Twin Strike","Sword Boomerang","Clothesline","Juggernaut","Inflame","Headbutt","Dropkick"],"relics":["Burning Blood","Singing Bowl","Sundial"],"acts_visited":["Exordium"],"potions_floor_usage":[11,11,12,13],"damage_taken":[{"damage":9.0,"enemies":"Jaw Worm","floor":1.0,"turns":4.0},{"damage":6.0,"enemies":"Cultist","floor":3.0,"turns":3.0},{"damage":12.0,"enemies":"Small Slimes","floor":4.0,"turns":2.0},{"damage":46.0,"enemies":"Exordium Wildlife","floor":5.0,"turns":6.0},{"damage":26,"enemies":"Gremlin Nob","floor":7,"turns":4},{"damage":18,"enemies":"Blue Slaver","floor":10,"turns":4},{"damage":20,"enemies":"Gremlin Gang","floor":11,"turns":5},{"damage":8,"enemies":"Large Slime","floor":12,"turns":4},{"damage":14,"enemies":"Lots of Slimes","floor":13,"turns":4},{"damage":15,"enemies":"3 Sentries","floor":14,"turns":2}],"seed_played":"-4698746948432205120","potions_obtained":[{"floor":1.0,"key":"ColorlessPotion"},{"floor":7,"key":"GamblersBrew"},{"floor":11,"key":"AttackPotion"},{"floor":12,"key":"DuplicationPotion"}],"is_trial":false,"path_per_floor":["M","?","M","M","M","R","E","R","T","M","M","M","M","E"],"character_chosen":"IRONCLAD","items_purchased":[],"campfire_rested":2,"item_purchase_floors":[],"current_hp_per_floor":[65,65,65,59,19,41,21,43,43,31,19,19,11,0,0],"gold":255,"neow_bonus":"RANDOM_COLORLESS","is_daily":false,"chose_seed":false,"campfire_upgraded":0,"win_rate":0.0,"timestamp":1614172481,"path_taken":["M","?","M","M","M","R","E","R","T","M","M","M","M","E"],"items_purchased_type":[],"build_version":"2020-12-22","purchased_purges":0,"victory":false,"max_hp_per_floor":[75,75,75,75,75,75,75,75,75,75,77,79,79,79,79],"card_choices":[{"not_picked":["Forethought","Bandage Up"],"picked":"Enlightenment","floor":0.0},{"not_picked":["True Grit","Disarm"],"picked":"Twin Strike","floor":1.0},{"not_picked":["Feel No Pain","Armaments"],"picked":"Sword Boomerang","floor":3.0},{"not_picked":["Pommel Strike","Shrug It Off"],"picked":"Clothesline","floor":4.0},{"not_picked":["Pummel","Spot Weakness"],"picked":"Juggernaut","floor":5.0},{"not_picked":["Spot Weakness","True Grit"],"picked":"Inflame","floor":7},{"not_picked":["Flex","Anger"],"picked":"Headbutt","floor":10},{"not_picked":["Havoc","Clash","Thunderclap"],"picked":"Singing Bowl","floor":11},{"not_picked":["Iron Wave","Inflame","Searing Blow"],"picked":"Singing Bowl","floor":12},{"not_picked":["Cleave","Spot Weakness"],"picked":"Dropkick","floor":13}],"player_experience":368717,"relics_obtained":[{"floor":7,"key":"Singing Bowl"},{"floor":9,"key":"Sundial"}],"event_choices":[{"damage_healed":0.0,"max_hp_gain":0.0,"max_hp_loss":0.0,"gold_gain":0.0,"event_name":"Accursed Blacksmith","player_choice":"Forge","floor":2.0,"gold_loss":0.0,"damage_taken":0.0,"cards_upgraded":["Enlightenment"]}],"is_beta":false,"boss_relics":[],"items_purged_floors":[],"is_endless":false,"potions_floor_spawned":[1,7,11,12],"killed_by":"3 Sentries","ascension_level":18}}