{"host":"7jbuhzz8yy5cuou7","time":1614129656,"event":{"mods":["AchievementEnabler","Act Like it!","BaseMod","Better Third Choice","Bossed Relics","Colored Map","Colored Powertips","Dark Map","DeckTracker","Minty Spire (QoL Compilation)","Permanent Neow","Quick Restart","Ruina","StSLib","The Cursed","The Hierophant","Weighted Paths"],"gold_per_floor":[116,116,116,129,147,172,172,188,188,207,218,218,218,218],"floor_reached":13,"language":"ENG","playtime":596,"items_purged":[],"score":131,"play_id":"a8dca601-1986-491c-8431-0e76ed8f5498","local_time":"20210223182056","is_ascension_mode":true,"campfire_choices":[{"floor":7,"key":"REST"},{"floor":12,"key":"REST"}],"circlet_count":0,"master_deck":["AscendersBane","Strike_R","Strike_R","Strike_R","Defend_R","Defend_R","Defend_R","Defend_R","Bash","Thunderclap","Cleave"],"relics":["Philosopher\u0027s Stone","Orichalcum","Anchor"],"acts_visited":["Exordium"],"potions_floor_usage":[11,11],"damage_taken":[{"damage":0,"enemies":"Cultist","floor":1,"turns":3},{"damage":3,"enemies":"Jaw Worm","floor":4,"turns":4},{"damage":0,"enemies":"Small Slimes","floor":5,"turns":3},{"damage":44,"enemies":"Gremlin Nob","floor":6,"turns":5},{"damage":28,"enemies":"Exordium Wildlife","floor":8,"turns":5},{"damage":10,"enemies":"Lots of Slimes","floor":10,"turns":3},{"damage":0,"enemies":"Red Slaver","floor":11,"turns":2},{"damage":35,"enemies":"Lagavulin","floor":13,"turns":6}],"seed_played":"184907273187620804","potions_obtained":[{"floor":6,"key":"Energy Potion"},{"floor":10,"key":"LiquidBronze"}],"is_trial":false,"path_per_floor":["M","?","?","M","M","E","R","M","T","M","M","R","E"],"character_chosen":"IRONCLAD","items_purchased":[],"campfire_rested":2,"item_purchase_floors":[],"current_hp_per_floor":[72,65,65,62,62,18,42,14,14,4,4,28,0,0],"gold":218,"neow_bonus":"BOSS_RELIC","is_daily":false,"chose_seed":false,"campfire_upgraded":0,"win_rate":0.0,"timestamp":1614129656,"path_taken":["M","?","?","M","?","E","R","M","T","?","M","R","E"],"items_purchased_type":[],"build_version":"2020-12-22","purchased_purges":0,"victory":false,"max_hp_per_floor":[80,80,80,80,80,80,80,80,80,80,80,80,80,80],"card_choices":[{"not_picked":["Pommel Strike","Sever Soul"],"picked":"Thunderclap","floor":1},{"not_picked":["Havoc","Armaments","Headbutt"],"picked":"SKIP","floor":4},{"not_picked":["Headbutt","Body Slam","Uppercut"],"picked":"SKIP","floor":5},{"not_picked":["Double Tap","Iron Wave"],"picked":"Cleave","floor":6},{"not_picked":["Headbutt","Pommel Strike","Wild Strike"],"picked":"SKIP","floor":8},{"not_picked":["Headbutt","Hemokinesis","Flex"],"picked":"SKIP","floor":10},{"not_picked":["Headbutt","Havoc","Whirlwind"],"picked":"SKIP","floor":11}],"player_experience":440508,"relics_obtained":[{"floor":6,"key":"Orichalcum"},{"floor":9,"key":"Anchor"}],"event_choices":[{"cards_removed":["Strike_R"],"damage_healed":0,"gold_gain":0,"player_choice":"Card Removal","damage_taken":7,"max_hp_gain":0,"max_hp_loss":0,"event_name":"Golden Wing","floor":2,"gold_loss":0},{"cards_removed":["Strike_R"],"damage_healed":0,"gold_gain":0,"player_choice":"Offered Basic","damage_taken":0,"max_hp_gain":0,"max_hp_loss":0,"event_name":"Bonfire Elementals","floor":3,"gold_loss":0}],"is_beta":false,"boss_relics":[],"items_purged_floors":[],"is_endless":false,"potions_floor_spawned":[6,10],"killed_by":"Lagavulin","ascension_level":10}}