{"host":"epc8efk9vrywpcsw","time":1614182651,"event":{"mods":["BaseMod","Minty Spire (QoL Compilation)","Relic Stats","StSLib"],"gold_per_floor":[118,118,170,184,184,184,220,220,245,297,320,368,390,154,154,257,320,353,372,202,230,230,245,281,311,335,335,351,370,370,35,35,35,35],"floor_reached":33,"language":"ENG","playtime":1527,"items_purged":["Strike_G","Strike_G"],"score":624,"play_id":"026f37c6-2571-49d0-8928-cfca1d8e0d76","local_time":"20210224170411","is_ascension_mode":true,"campfire_choices":[{"data":"Neutralize","floor":6,"key":"SMITH"},{"floor":15,"key":"REST"},{"floor":27,"key":"REST"},{"floor":30,"key":"REST"},{"data":"Apotheosis","floor":32,"key":"SMITH"}],"circlet_count":0,"master_deck":["AscendersBane","Strike_G","Strike_G","Strike_G+1","Defend_G+1","Defend_G","Defend_G","Defend_G","Defend_G","Survivor","Neutralize+1","Leg Sweep","Flying Knee","Noxious Fumes+1","Slice","Calculated Gamble","Bullet Time","Deflect","Dash+1","Adrenaline","Caltrops","Caltrops","Acrobatics","Noxious Fumes+1","Apotheosis+1"],"relics":["Ring of the Snake","NeowsBlessing","Golden Idol","Pen Nib","Bag of Marbles","Dream Catcher","CeramicFish","Happy Flower","Membership Card","Tiny House","Oddly Smooth Stone","MealTicket","Lantern","Ginger","Tiny Chest"],"acts_visited":["Exordium","TheCity"],"potions_floor_usage":[21,33],"damage_taken":[{"damage":0,"enemies":"Jaw Worm","floor":1,"turns":1},{"damage":0,"enemies":"2 Louse","floor":4,"turns":1},{"damage":0,"enemies":"Gremlin Nob","floor":7,"turns":1},{"damage":15,"enemies":"Lagavulin","floor":10,"turns":7},{"damage":0,"enemies":"Cultist","floor":11,"turns":2},{"damage":11,"enemies":"3 Sentries","floor":12,"turns":6},{"damage":6,"enemies":"Red Slaver","floor":13,"turns":4},{"damage":2,"enemies":"The Guardian","floor":16,"turns":12},{"damage":2,"enemies":"Shell Parasite","floor":18,"turns":6},{"damage":4,"enemies":"Spheric Guardian","floor":19,"turns":5},{"damage":26,"enemies":"Snecko","floor":21,"turns":8},{"damage":1,"enemies":"3 Cultists","floor":23,"turns":5},{"damage":26,"enemies":"Gremlin Leader","floor":24,"turns":11},{"damage":5,"enemies":"Centurion and Healer","floor":25,"turns":7},{"damage":13,"enemies":"Cultist and Chosen","floor":28,"turns":6},{"damage":1,"enemies":"Snecko","floor":29,"turns":6},{"damage":55,"enemies":"Champ","floor":33,"turns":12}],"seed_played":"2328998396060764896","potions_obtained":[{"floor":1,"key":"CunningPotion"},{"floor":4,"key":"Block Potion"},{"floor":11,"key":"CultistPotion"},{"floor":16,"key":"AttackPotion"},{"floor":21,"key":"Dexterity Potion"},{"floor":22,"key":"FairyPotion"},{"floor":24,"key":"ColorlessPotion"}],"is_trial":false,"path_per_floor":["M","?","T","M","?","R","E","?","T","E","M","E","M","$","R","B",null,"M","M","$","M","?","M","E","M","T","R","M","M","R","$","R","B"],"character_chosen":"THE_SILENT","items_purchased":["Membership Card","Dash","Caltrops","Oddly Smooth Stone","Apotheosis","Ginger","Tiny Chest"],"campfire_rested":3,"item_purchase_floors":[14,14,20,20,31,31,31],"current_hp_per_floor":[59,59,59,59,41,41,41,41,41,26,26,15,9,9,27,25,56,54,50,50,24,24,23,19,14,14,33,20,19,38,53,53,0,0],"gold":35,"neow_bonus":"THREE_ENEMY_KILL","is_daily":false,"chose_seed":false,"campfire_upgraded":2,"win_rate":0.0,"timestamp":1614182651,"path_taken":["M","?","?","M","?","R","E","?","T","E","M","E","M","$","R","BOSS","M","M","$","M","?","?","E","?","T","R","M","M","R","$","R","BOSS"],"items_purchased_type":["Relic","Card","Card","Relic","Card","Relic","Relic"],"build_version":"2020-12-22","purchased_purges":2,"victory":false,"max_hp_per_floor":[66,60,60,60,60,60,60,60,60,60,60,60,60,60,60,60,65,65,65,65,65,65,65,65,65,65,65,65,65,65,65,65,65,65],"relic_stats":{"Dream Catcher":3,"Happy Flower":[27],"counters":[17,100],"Golden Idol":99,"CeramicFish":99,"MealTicket":15,"Tiny Chest":0,"Pen Nib":[16],"Ginger":[4],"obtain_stats":[{"Lantern":26,"Tiny House":17,"NeowsBlessing":0,"Happy Flower":12,"Golden Idol":2,"CeramicFish":10,"Oddly Smooth Stone":20,"Pen Nib":3,"Ginger":31,"Dream Catcher":9,"MealTicket":24,"Tiny Chest":31,"Bag of Marbles":7,"Membership Card":14,"Ring of the Snake":0},{"Lantern":14,"Tiny House":8,"NeowsBlessing":0,"Happy Flower":6,"Golden Idol":1,"CeramicFish":4,"Oddly Smooth Stone":10,"Pen Nib":1,"Ginger":16,"Dream Catcher":3,"MealTicket":13,"Tiny Chest":16,"Bag of Marbles":3,"Membership Card":7,"Ring of the Snake":0},{"Lantern":76,"Tiny House":34,"NeowsBlessing":0,"Happy Flower":18,"Golden Idol":1,"CeramicFish":10,"Oddly Smooth Stone":45,"Pen Nib":1,"Ginger":88,"Dream Catcher":3,"MealTicket":69,"Tiny Chest":88,"Bag of Marbles":3,"Membership Card":22,"Ring of the Snake":0}],"Ring of the Snake":[34]},"card_choices":[{"not_picked":["Concentrate","Expertise"],"picked":"Leg Sweep","floor":1},{"not_picked":["Dodge and Roll","Deadly Poison"],"picked":"Flying Knee","floor":4},{"not_picked":["Reflex","Underhanded Strike"],"picked":"Noxious Fumes","floor":7},{"not_picked":["Underhanded Strike","Acrobatics"],"picked":"Slice","floor":10},{"not_picked":["Quick Slash","Dagger Throw"],"picked":"Calculated Gamble","floor":11},{"not_picked":["Deflect","Endless Agony"],"picked":"Bullet Time","floor":12},{"not_picked":["Sucker Punch","Prepared"],"picked":"Deflect","floor":13},{"not_picked":["Wraith Form v2","After Image"],"picked":"Adrenaline","floor":16},{"not_picked":["Outmaneuver","Flechettes"],"picked":"Caltrops","floor":18},{"not_picked":["Infinite Blades+1","Calculated Gamble","Outmaneuver+1"],"picked":"SKIP","floor":19},{"not_picked":["Deflect","Dagger Throw"],"picked":"Acrobatics","floor":21},{"not_picked":["Dagger Throw","Poisoned Stab+1","Unload"],"picked":"SKIP","floor":23},{"not_picked":["Envenom","Flying Knee","Deflect"],"picked":"SKIP","floor":24},{"not_picked":["Calculated Gamble","Deadly Poison"],"picked":"Noxious Fumes+1","floor":25},{"not_picked":["Prepared","Sucker Punch","Heel Hook+1"],"picked":"SKIP","floor":28},{"not_picked":["Cloak And Dagger","Bane","Outmaneuver"],"picked":"SKIP","floor":29}],"player_experience":544101,"relics_obtained":[{"floor":3,"key":"Pen Nib"},{"floor":7,"key":"Bag of Marbles"},{"floor":9,"key":"Dream Catcher"},{"floor":10,"key":"CeramicFish"},{"floor":12,"key":"Happy Flower"},{"floor":24,"key":"MealTicket"},{"floor":26,"key":"Lantern"}],"event_choices":[{"damage_healed":0,"gold_gain":0,"player_choice":"Lose Max HP","damage_taken":0,"relics_obtained":["Golden Idol"],"max_hp_gain":0,"max_hp_loss":6,"event_name":"Golden Idol","floor":2,"gold_loss":0},{"damage_healed":0,"gold_gain":0,"player_choice":"Entered Light","damage_taken":18,"max_hp_gain":0,"max_hp_loss":0,"event_name":"Shining Light","floor":5,"gold_loss":0,"cards_upgraded":["Strike_G","Defend_G"]},{"damage_healed":0,"gold_gain":0,"player_choice":"Upgraded","damage_taken":0,"max_hp_gain":0,"max_hp_loss":0,"event_name":"Upgrade Shrine","floor":8,"gold_loss":0,"cards_upgraded":["Noxious Fumes"]},{"damage_healed":0,"gold_gain":0,"player_choice":"Got Potions","damage_taken":0,"max_hp_gain":0,"max_hp_loss":0,"event_name":"Lab","floor":22,"gold_loss":0}],"is_beta":false,"boss_relics":[{"not_picked":["Velvet Choker","SlaversCollar"],"picked":"Tiny House"}],"items_purged_floors":[14,20],"is_endless":false,"potions_floor_spawned":[1,4,11,16,18,21,24,28],"killed_by":"Champ","ascension_level":20}}