{"host":"j91vuht9qegouwcc","time":1614174328,"event":{"mods":["100% Spire Juice","Act Like it!","BaseMod","Better Skull","Koishi","Minty Spire (QoL Compilation)","StSLib","The Bug Knight","The Cursed","The Marked","The Servant 0.9.4","TheSwordswoman"],"gold_per_floor":[110,125,300,51,63,96,109,142,221,240,250,250,200,210,210,305,305,322,334,15,15,15],"floor_reached":21,"language":"ENG","playtime":1991,"items_purged":["Doubt","HollowMod:NailStrikeStart"],"score":193,"play_id":"f3c1ce5e-2578-41b4-bb5d-e3b40900f1f1","local_time":"20210224144528","is_ascension_mode":false,"campfire_choices":[{"data":"HollowMod:FocusHealStart","floor":12,"key":"SMITH"},{"data":"HollowMod:DesolateDive","floor":15,"key":"SMITH"}],"circlet_count":0,"master_deck":["HollowMod:NailStrikeStart","HollowMod:NailStrikeStart","HollowMod:QuickDashStart","HollowMod:QuickDashStart","HollowMod:QuickDashStart","HollowMod:QuickDashStart","HollowMod:FocusHealStart+1","HollowMod:PogoStrike","HollowMod:CloakDash","HollowMod:CornifersMapStart","HollowMod:SiblingsSouls","HollowMod:DashSlash","HollowMod:HuntersJournal","HollowMod:DesolateDive+1","HollowMod:QuirrelsAssistance","HollowMod:CycloneSlash","HollowMod:InfectedCysts","HollowMod:AwokenDreamNail","HollowMod:PerfectDash","HollowMod:SoulStrike+1","HollowMod:MothsMistake"],"relics":["HollowMod:VesselMask","Vajra","Ancient Tea Set","Incense Burner","HollowMod:MantisClawRelic","Black Star","HollowMod:KingsBrand"],"acts_visited":["Exordium","TheCity"],"potions_floor_usage":[8,16,16],"damage_taken":[{"damage":0,"enemies":"Small Slimes","floor":1,"turns":3},{"damage":1,"enemies":"Jaw Worm","floor":2,"turns":4},{"damage":1,"enemies":"Cultist","floor":5,"turns":3},{"damage":1,"enemies":"HollowMod:MossKnight","floor":6,"turns":7},{"damage":8,"enemies":"Gremlin Gang","floor":7,"turns":5},{"damage":29,"enemies":"Gremlin Nob","floor":8,"turns":4},{"damage":9,"enemies":"Exordium Wildlife","floor":10,"turns":5},{"damage":1,"enemies":"Looter","floor":11,"turns":2},{"damage":0,"enemies":"3 Louse","floor":14,"turns":2},{"damage":33,"enemies":"HollowMod:FalseKnight","floor":16,"turns":11},{"damage":19,"enemies":"2 Thieves","floor":18,"turns":3},{"damage":46,"enemies":"Spheric Guardian","floor":19,"turns":6},{"damage":35,"enemies":"Snecko","floor":21,"turns":3}],"seed_played":"-417674810650244950","potions_obtained":[{"floor":1,"key":"AttackPotion"},{"floor":5,"key":"SpeedPotion"},{"floor":8,"key":"SpeedPotion"},{"floor":11,"key":"LiquidBronze"},{"floor":14,"key":"BlessingOfTheForge"},{"floor":18,"key":"AttackPotion"}],"is_trial":false,"path_per_floor":["M","M","?","$","M","E","M","E","T","M","M","R","?","M","R","B",null,"M","M","$","M"],"character_chosen":"THE_BUGKNIGHT","items_purchased":["HollowMod:SiblingsSouls","Vajra","HollowMod:KingsBrand","HollowMod:MothsMistake"],"campfire_rested":0,"item_purchase_floors":[4,4,20,20],"current_hp_per_floor":[82,82,82,82,81,80,78,49,49,46,45,45,45,45,45,22,82,63,23,23,0,0],"gold":15,"neow_bonus":"TEN_PERCENT_HP_BONUS","is_daily":false,"chose_seed":false,"campfire_upgraded":2,"win_rate":0.0,"timestamp":1614174328,"path_taken":["M","M","?","$","M","E","M","E","T","M","M","R","?","M","R","BOSS","M","M","$","M"],"items_purchased_type":["Card","Relic","Relic","Card"],"build_version":"2020-12-22","purchased_purges":2,"victory":false,"max_hp_per_floor":[82,82,82,82,82,82,82,82,82,82,82,82,82,82,82,82,82,82,82,82,82,82],"card_choices":[{"not_picked":["HollowMod:SiblingsShadow","HollowMod:DescendingDark"],"picked":"HollowMod:CloakDash","floor":1},{"not_picked":["HollowMod:MantisMark","HollowMod:HeavyBlow"],"picked":"HollowMod:CornifersMapStart","floor":2},{"not_picked":["HollowMod:GreatSlash","HollowMod:InfectionAssault"],"picked":"HollowMod:DashSlash","floor":5},{"not_picked":["HollowMod:HeavyBlow","HollowMod:NewLittleFool"],"picked":"HollowMod:HuntersJournal","floor":6},{"not_picked":["HollowMod:SiblingsShadow","HollowMod:HowlingWraiths"],"picked":"HollowMod:DesolateDive","floor":7},{"not_picked":["HollowMod:PureNailStrike","HollowMod:ShapeofUnn"],"picked":"HollowMod:QuirrelsAssistance","floor":8},{"not_picked":["HollowMod:NewLittleFool","HollowMod:HowlingWraiths"],"picked":"HollowMod:CycloneSlash","floor":10},{"not_picked":["HollowMod:NewInfectedGuardian","HollowMod:CoiledNail"],"picked":"HollowMod:InfectedCysts","floor":11},{"not_picked":["HollowMod:PureNailStrike","HollowMod:NewLittleFool","HollowMod:SharpenedShadows"],"picked":"SKIP","floor":14},{"not_picked":["HollowMod:MidwifesHunger","HollowMod:theNailsmith"],"picked":"HollowMod:AwokenDreamNail","floor":16},{"not_picked":["HollowMod:NewLittleFool+1","HollowMod:InfectedAttack"],"picked":"HollowMod:PerfectDash","floor":18},{"not_picked":["HollowMod:HowlingWraiths","HollowMod:WraithStrike"],"picked":"HollowMod:SoulStrike+1","floor":19}],"player_experience":9918,"relics_obtained":[{"floor":6,"key":"Ancient Tea Set"},{"floor":8,"key":"Incense Burner"},{"floor":9,"key":"HollowMod:MantisClawRelic"}],"event_choices":[{"damage_healed":0,"gold_gain":175,"player_choice":"AGREE","damage_taken":0,"max_hp_gain":0,"max_hp_loss":0,"event_name":"Liars Game","floor":3,"gold_loss":0,"cards_obtained":["Doubt"]},{"cards_removed":["HollowMod:NailStrikeStart"],"damage_healed":0,"gold_gain":0,"player_choice":"Card Removal","damage_taken":0,"max_hp_gain":0,"max_hp_loss":0,"event_name":"The Cleric","floor":13,"gold_loss":50}],"is_beta":false,"boss_relics":[{"not_picked":["Busted Crown","Velvet Choker"],"picked":"Black Star"}],"items_purged_floors":[4,20],"is_endless":false,"potions_floor_spawned":[1,5,8,11,14,18],"killed_by":"Snecko","ascension_level":0}}