{"host":"auii0tli5ebhxikt","time":1614136348,"event":{"mods":["ATMod(°¢èªMod)","BaseMod","Downfall","Energized Spire","Minty Spire (QoL Compilation)","Quick Restart","Relic Stats","Reliquary","Replay The Spire","Shop Mod","Spicy Shops","StSLib","The Alterego","The Marked","[IsaacMod]ÒÔÈö¼âËþ","¡¾ÒÅÎï¿¨ÅÆ¡¿REMEMod"],"gold_per_floor":[113,125,125,139,159,245,275,29,29,64,75,119,135,185,186,287,287,287,287],"floor_reached":18,"language":"ZHS","playtime":1180,"items_purged":[],"score":162,"play_id":"2b76da75-47bf-49a7-9d2d-69b2872262b9","local_time":"20210224111228","is_ascension_mode":false,"campfire_choices":[{"floor":6,"key":"REST"},{"floor":12,"key":"REST"},{"floor":15,"key":"REST"}],"circlet_count":0,"master_deck":["Strike_R","Strike_R","Strike_R","Strike_R","Strike_R","Defend_R","Defend_R","Defend_R","Defend_R","Bash","REME_ACTH","Inflame","Armaments","Perfected Strike","Replay:Bootleg Shield Generator","Dropkick","Armaments","REME_Scribble","Berserk"],"relics":["Burning Blood","AT_ATBox","HushsDoor","REME_ComplimentaryCards","BloodDonationBag","Odd Mushroom","AT_EbonyIvory","reliquary:Aerogel","reliquary:TuningFork","Bottled Lightning","REME_HandOfSuture","Replay:Grab Bag","GuppysCollar"],"acts_visited":["Exordium","TheCity"],"potions_floor_usage":[4,5,14],"damage_taken":[{"damage":0,"enemies":"2 Louse","floor":1,"turns":2},{"damage":0,"enemies":"Cultist","floor":2,"turns":4},{"damage":0,"enemies":"Jaw Worm","floor":4,"turns":2},{"damage":3,"enemies":"2 Fungi Beasts","floor":5,"turns":3},{"damage":24,"enemies":"The Mushroom Lair","floor":7,"turns":7},{"damage":14,"enemies":"Gremlin Nob","floor":10,"turns":3},{"damage":6,"enemies":"Exordium Wildlife","floor":11,"turns":2},{"damage":0,"enemies":"Looter","floor":13,"turns":3},{"damage":12,"enemies":"Hiden Room Battle","floor":14,"turns":7},{"damage":30,"enemies":"Hexaghost","floor":16,"turns":9},{"damage":0,"enemies":"3 Byrds","floor":18,"turns":1}],"seed_played":"6126685793084653282","potions_obtained":[{"floor":1,"key":"DistilledChaos"},{"floor":4,"key":"Adrenaline Potion"},{"floor":11,"key":"SkillPotion"},{"floor":14,"key":"Fire Potion"}],"is_trial":false,"path_per_floor":["M","M","?","M","M","R","?","$","T","E","M","R","M","?","R","B",null,"M"],"character_chosen":"IRONCLAD","items_purchased":["AT_EbonyIvory","Replay:Bootleg Shield Generator","GuppysCollar"],"campfire_rested":3,"item_purchase_floors":[8,8,17],"current_hp_per_floor":[88,88,73,79,82,88,70,70,70,62,62,78,84,63,88,66,77,77,77],"gold":287,"neow_bonus":"TEN_PERCENT_HP_BONUS","is_daily":false,"chose_seed":false,"campfire_upgraded":0,"win_rate":0.0,"timestamp":1614136348,"path_taken":["M","M","?","M","M","R","?","$","T","E","?","R","M","?","R","BOSS","M"],"items_purchased_type":["Relic","Card","Relic"],"build_version":"2020-12-22","purchased_purges":0,"victory":false,"max_hp_per_floor":[88,88,88,88,88,88,88,88,88,88,88,88,88,88,88,90,77,77,77],"relic_stats":{"counters":[11,43],"obtain_stats":[{"KeepersGift":0,"AT_ATBox":0,"reliquary:Aerogel":9,"Replay:Grab Bag":17,"AT_EbonyIvory":8,"Odd Mushroom":7,"Burning Blood":0,"BloodDonationBag":6,"REME_HandOfSuture":14,"reliquary:TuningFork":10,"Bottled Lightning":14,"HushsDoor":0,"GuppysCollar":17,"REME_ComplimentaryCards":0,"BloodDonationMachine":0},{"KeepersGift":0,"AT_ATBox":0,"reliquary:Aerogel":5,"Replay:Grab Bag":10,"AT_EbonyIvory":5,"Odd Mushroom":5,"Burning Blood":0,"BloodDonationBag":4,"REME_HandOfSuture":9,"reliquary:TuningFork":6,"Bottled Lightning":9,"HushsDoor":0,"GuppysCollar":10,"REME_ComplimentaryCards":0,"BloodDonationMachine":0},{"KeepersGift":0,"AT_ATBox":0,"reliquary:Aerogel":18,"Replay:Grab Bag":42,"AT_EbonyIvory":18,"Odd Mushroom":18,"Burning Blood":0,"BloodDonationBag":11,"REME_HandOfSuture":33,"reliquary:TuningFork":21,"Bottled Lightning":33,"HushsDoor":0,"GuppysCollar":42,"REME_ComplimentaryCards":0,"BloodDonationMachine":0}],"Burning Blood":48},"card_choices":[{"not_picked":["Warcry","AT_IchimonjiDouble"],"picked":"REME_ACTH","floor":1},{"not_picked":["Run Through","Clash"],"picked":"Inflame","floor":2},{"not_picked":["Sword Boomerang","Shrug It Off"],"picked":"Armaments","floor":4},{"not_picked":["Headbutt","Wild Strike"],"picked":"Perfected Strike","floor":5},{"not_picked":["Clash","Rampage"],"picked":"Dropkick","floor":10},{"not_picked":["Carnage","Wild Strike","Perfected Strike"],"picked":"SKIP","floor":11},{"not_picked":["Shrug It Off","Havoc"],"picked":"Armaments","floor":13},{"not_picked":["AT_IchimonjiDouble","ReplayTheSpireMod:Strike From Hell"],"picked":"REME_Scribble","floor":14},{"not_picked":["Barricade","Corruption"],"picked":"Berserk","floor":16}],"player_experience":137111,"relics_obtained":[{"floor":7,"key":"Odd Mushroom"},{"floor":9,"key":"reliquary:Aerogel"},{"floor":10,"key":"reliquary:TuningFork"},{"floor":14,"key":"Bottled Lightning"},{"floor":14,"key":"REME_HandOfSuture"}],"event_choices":[{"damage_healed":0,"gold_gain":0,"player_choice":"Fought Mushrooms","damage_taken":0,"max_hp_gain":0,"max_hp_loss":0,"event_name":"Mushrooms","floor":7,"gold_loss":0},{"damage_healed":0,"gold_gain":0,"player_choice":"Fight","damage_taken":0,"max_hp_gain":0,"max_hp_loss":0,"event_name":"HidenRoomEvent","floor":14,"gold_loss":0}],"is_beta":false,"boss_relics":[{"not_picked":["AT_MortalBlade","REME_LowDesire"],"picked":"Replay:Grab Bag"},{"not_picked":[]}],"items_purged_floors":[],"is_endless":false,"potions_floor_spawned":[1,4,11,14],"killed_by":"3 Byrds","ascension_level":0}}