{"host":"3n5xmnb54n2y5mb4","time":1614141943,"event":{"mods":["BaseMod","Colored Map","Colored Powertips","Minty Spire (QoL Compilation)","Permanent Neow","StSLib","Unceasing Turn Reminder","everything is the same but u backflip on backflip"],"gold_per_floor":[20,20,39,53,53,97,97,97,167,182,182,182,217,231,231,327,327,351,351,367,347,368,412,412,412],"floor_reached":24,"language":"ENG","playtime":711,"items_purged":[],"score":414,"play_id":"6660a3e3-ec1f-4ac2-bcf6-44ea148b043e","local_time":"20210223234543","is_ascension_mode":true,"campfire_choices":[{"data":"Inflame","floor":7,"key":"SMITH"},{"data":"Power Through","floor":11,"key":"SMITH"},{"data":"Metallicize","floor":15,"key":"SMITH"}],"circlet_count":0,"master_deck":["AscendersBane","Strike_R","Strike_R","Defend_R","Defend_R","Defend_R","Defend_R","Bash+1","Violence","Twin Strike","Injury","Inflame+1","Headbutt","Power Through+1","Juggernaut","Metallicize+1","Seeing Red+1","Limit Break+1","Heavy Blade+1","Juggernaut+1","Sword Boomerang+1","Anger+1","Whirlwind","Shockwave+1"],"relics":["Burning Blood","Golden Idol","Bronze Scales","Bottled Tornado","Toxic Egg 2","Astrolabe","Red Skull"],"acts_visited":["Exordium","TheCity"],"potions_floor_usage":[6,20,23,24],"damage_taken":[{"damage":0,"enemies":"2 Louse","floor":1,"turns":3},{"damage":0,"enemies":"Small Slimes","floor":3,"turns":3},{"damage":1,"enemies":"Cultist","floor":4,"turns":3},{"damage":0,"enemies":"Lagavulin","floor":6,"turns":3},{"damage":11,"enemies":"Blue Slaver","floor":10,"turns":3},{"damage":8,"enemies":"Gremlin Nob","floor":13,"turns":3},{"damage":8,"enemies":"Large Slime","floor":14,"turns":4},{"damage":41,"enemies":"Hexaghost","floor":16,"turns":8},{"damage":2,"enemies":"Chosen","floor":18,"turns":4},{"damage":37,"enemies":"Shell Parasite","floor":20,"turns":4},{"damage":21,"enemies":"3 Cultists","floor":22,"turns":4},{"damage":38,"enemies":"Slavers","floor":23,"turns":5},{"damage":12,"enemies":"Snake Plant","floor":24,"turns":2}],"seed_played":"-4747226981666844673","potions_obtained":[{"floor":4,"key":"ColorlessPotion"},{"floor":6,"key":"Regen Potion"},{"floor":8,"key":"BlessingOfTheForge"},{"floor":21,"key":"SpeedPotion"},{"floor":22,"key":"LiquidMemories"},{"floor":23,"key":"ElixirPotion"}],"is_trial":false,"path_per_floor":["M","?","M","M","$","E","R","?","T","M","R","?","E","M","R","B",null,"M","?","M","?","M","E","M"],"character_chosen":"IRONCLAD","items_purchased":[],"campfire_rested":0,"item_purchase_floors":[],"current_hp_per_floor":[78,78,80,80,80,80,80,80,80,75,75,75,73,71,71,36,69,73,73,54,54,39,7,0,0],"gold":412,"neow_bonus":"RANDOM_COLORLESS_2","is_daily":false,"chose_seed":false,"campfire_upgraded":3,"win_rate":0.0,"timestamp":1614141943,"path_taken":["M","?","M","M","$","E","R","?","T","?","R","?","E","M","R","BOSS","M","?","M","?","M","E","?"],"items_purchased_type":[],"build_version":"2020-12-22","purchased_purges":0,"victory":false,"max_hp_per_floor":[80,80,80,80,80,80,80,80,80,80,80,80,80,80,80,80,80,80,80,80,80,80,80,80,80],"card_choices":[{"not_picked":["HandOfGreed","Chrysalis"],"picked":"Violence","floor":0.0},{"not_picked":["Evolve","Seeing Red"],"picked":"Twin Strike","floor":1},{"not_picked":["Second Wind","Havoc"],"picked":"Inflame","floor":3},{"not_picked":["Clash","Pommel Strike"],"picked":"Headbutt","floor":4},{"not_picked":["Evolve","Rage"],"picked":"Power Through","floor":6},{"not_picked":["Armaments","Disarm"],"picked":"Juggernaut","floor":10},{"not_picked":["Infernal Blade+1","Thunderclap"],"picked":"Metallicize","floor":13},{"not_picked":["Twin Strike","Wild Strike"],"picked":"Seeing Red+1","floor":14},{"not_picked":["Bludgeon","Corruption"],"picked":"Limit Break+1","floor":16},{"not_picked":["Wild Strike","Twin Strike"],"picked":"Anger+1","floor":18},{"not_picked":["Bloodletting+1","Dark Embrace"],"picked":"Whirlwind","floor":20},{"not_picked":["Dark Embrace","Uppercut+1","Body Slam"],"picked":"SKIP","floor":22},{"not_picked":["Heavy Blade","Immolate"],"picked":"Shockwave+1","floor":23}],"player_experience":1019061,"relics_obtained":[{"floor":6,"key":"Bronze Scales"},{"floor":9,"key":"Bottled Tornado"},{"floor":13,"key":"Toxic Egg 2"},{"floor":23,"key":"Red Skull"}],"event_choices":[{"damage_healed":0,"gold_gain":0,"player_choice":"Take Wound","damage_taken":0,"relics_obtained":["Golden Idol"],"max_hp_gain":0,"max_hp_loss":0,"event_name":"Golden Idol","floor":2,"gold_loss":0,"cards_obtained":["Injury"]},{"damage_healed":0,"gold_gain":0,"player_choice":"Got Potions","damage_taken":0,"max_hp_gain":0,"max_hp_loss":0,"event_name":"Lab","floor":8,"gold_loss":0},{"damage_healed":0,"gold_gain":0,"player_choice":"Grow","damage_taken":0,"max_hp_gain":0,"max_hp_loss":0,"event_name":"Living Wall","floor":12,"gold_loss":0,"cards_upgraded":["Bash"]},{"damage_healed":0,"gold_gain":0,"player_choice":"Ignored","damage_taken":0,"max_hp_gain":0,"max_hp_loss":0,"event_name":"Vampires","floor":19,"gold_loss":0},{"damage_healed":0,"gold_gain":0,"player_choice":"Bought 1 Potion","damage_taken":0,"max_hp_gain":0,"max_hp_loss":0,"event_name":"The Woman in Blue","floor":21,"gold_loss":0}],"is_beta":false,"boss_relics":[{"not_picked":["Black Blood","Runic Cube"],"picked":"Astrolabe"}],"items_purged_floors":[],"is_endless":false,"potions_floor_spawned":[4,6,10,13,18,22,23],"killed_by":"Snake Plant","ascension_level":13}}