{"host":"xa0kvhbb1ful01xu","time":1614196062,"event":{"mods":["BaseMod","BetterRewards","Custom Start","Downfall","Minty Spire (QoL Compilation)","READ ME - Snecko Mod","StSLib"],"gold_per_floor":[99,116,128,193,206,419,419,438,438,473,473,484,504,516,532,635,635,635,648,666,666,682,696,723,735,735,403,420,320,333,364,381,480,480,480,494,544,544,564,614,614,641,651,671,686,686,686,697,711,711,711,711],"floor_reached":50,"language":"ENG","playtime":5662,"items_purged":[],"score":556,"play_id":"6c23060c-9e5e-437f-84e2-d84b162b57d9","local_time":"20210224204742","is_ascension_mode":false,"campfire_choices":[{"floor":1,"key":"RECALL"},{"floor":9,"key":"REST"},{"data":"Slimebound:LevelUp","floor":11,"key":"SMITH"},{"data":"Slimebound:MinionMaster","floor":18,"key":"SMITH"},{"data":"Slimebound:Split","floor":26,"key":"SMITH"},{"floor":29,"key":"REST"},{"data":"Slimebound:MinionMaster","floor":35,"key":"SMITH"},{"data":"Slimebound:TongueLash","floor":47,"key":"SMITH"}],"circlet_count":0,"master_deck":["Slimebound:Strike_Slimebound","Slimebound:Strike_Slimebound","Slimebound:Strike_Slimebound","Slimebound:Tackle","Slimebound:Defend_Slimebound","Slimebound:Defend_Slimebound","Slimebound:Defend_Slimebound","Slimebound:Split+1","Slimebound:CorrosiveSpit","Slimebound:FormOfPuddle","Slimebound:ForwardTackle","Slimebound:SplitBruiser","Slimebound:SlimeSpikes","Slimebound:SplitBruiser","Slimebound:SplitLeeching","Slimebound:Darklings+1","Slimebound:SamplingLick+1","Slimebound:LevelUp+1","Slimebound:SlimeSpikes+1","Slimebound:MegaLick+1","Slimebound:SplitLeeching+1","Slimebound:SplitAcid+1","Slimebound:MinionMaster+1","Slimebound:GoopSpray+1","Slimebound:SpikyOuterGoop+1","Slimebound:GoopSpray+1","Slimebound:MassRepurpose+1","Slimebound:PressTheAttack","Slimebound:Gluttony+1","Slimebound:LeadByExample+1","Slimebound:MinionMaster+1","Slimebound:SplitBruiser+1","Slimebound:RejuvenatingLick+1","Slimebound:SplitAcid+1","Slimebound:TongueLash+1","Slimebound:MegaLick+1","Slimebound:SlimeBarrage","Slimebound:Gluttony+1"],"relics":["Slimebound:AbsorbEndCombat","Boot","Toxic Egg 2","Thread and Needle","Sling","Mummified Hand","MealTicket","Philosopher\u0027s Stone","Omamori","Toy Ornithopter","downfall:HeartBlessingRed","Du-Vu Doll","Slimebound:TarBlob","StoneCalendar","Frozen Egg 2","FossilizedHelix","Letter Opener","Sundial"],"acts_visited":["Exordium","TheCity","TheBeyond"],"potions_floor_usage":[8,16,32,33,33,50,50],"damage_taken":[{"damage":2,"enemies":"2 Louse","floor":2,"turns":4},{"damage":9,"enemies":"Jaw Worm","floor":3,"turns":5},{"damage":22,"enemies":"3 Sentries","floor":4,"turns":10},{"damage":0,"enemies":"Cultist","floor":5,"turns":4},{"damage":10,"enemies":"downfall:FleeingMerchant","floor":6,"turns":4},{"damage":13,"enemies":"Gremlin Gang","floor":8,"turns":5},{"damage":9,"enemies":"Gremlin Nob","floor":10,"turns":4},{"damage":6,"enemies":"Lots of Slimes","floor":12,"turns":3},{"damage":9,"enemies":"downfall:LooterAlt","floor":13,"turns":2},{"damage":5,"enemies":"Exordium Wildlife","floor":14,"turns":3},{"damage":2,"enemies":"2 Fungi Beasts","floor":15,"turns":3},{"damage":11,"enemies":"DF_ARCHETYPE_STREAMLINE","floor":16,"turns":8},{"damage":6,"enemies":"downfall:LooterAlt2","floor":19,"turns":3},{"damage":29,"enemies":"3 Byrds","floor":20,"turns":2},{"damage":3,"enemies":"Centurion and Healer","floor":22,"turns":4},{"damage":6,"enemies":"Snecko","floor":23,"turns":5},{"damage":4,"enemies":"Snake Plant","floor":25,"turns":3},{"damage":4,"enemies":"downfall:FleeingMerchant","floor":27,"turns":4},{"damage":1,"enemies":"Centurion and Healer","floor":28,"turns":4},{"damage":10,"enemies":"Sentry and Sphere","floor":30,"turns":3},{"damage":3,"enemies":"Book of Stabbing","floor":31,"turns":4},{"damage":8,"enemies":"Snake Plant","floor":32,"turns":3},{"damage":13,"enemies":"IC_MUSHROOM_ARCHETYPE","floor":33,"turns":6},{"damage":11,"enemies":"Orb Walker","floor":36,"turns":3},{"damage":14,"enemies":"2 Orb Walkers","floor":37,"turns":4},{"damage":30,"enemies":"3 Darklings","floor":39,"turns":4},{"damage":0,"enemies":"3 Darklings","floor":40,"turns":5},{"damage":12,"enemies":"Giant Head","floor":42,"turns":8},{"damage":10,"enemies":"4 Shapes","floor":43,"turns":4},{"damage":0,"enemies":"Maw","floor":44,"turns":6},{"damage":0,"enemies":"Spire Growth","floor":45,"turns":4},{"damage":3,"enemies":"Sphere and 2 Shapes","floor":48,"turns":3},{"damage":0,"enemies":"Maw","floor":49,"turns":6},{"damage":93,"enemies":"WA_ARCHETYPE_DIVINITY","floor":50,"turns":7}],"seed_played":"3882295584079349777","potions_obtained":[{"floor":2,"key":"EssenceOfSteel"},{"floor":10,"key":"DistilledChaos"},{"floor":12,"key":"LiquidBronze"},{"floor":15,"key":"Slimebound:SlimyTonguePotion"},{"floor":16,"key":"Block Potion"},{"floor":20,"key":"Strength Potion"},{"floor":28,"key":"PowerPotion"},{"floor":39,"key":"Slimebound:ThreeZeroPotion"},{"floor":42,"key":"Strength Potion"},{"floor":45,"key":"hexamod:SoulburnPotion"}],"is_trial":false,"path_per_floor":["R","M","M","?","M","$","T","M","R","E","R","M","M","M","M","B",null,"R","M","M","?","M","M","T","M","R","$","M","R","M","E","M","B",null,"R","M","?","?","M","?","T","E","M","M","M","?","R","M","M","B"],"character_chosen":"SLIMEBOUND","items_purchased":["Toxic Egg 2","Thread and Needle","Sling","Slimebound:Darklings+1","Slimebound:MassRepurpose+1","Toy Ornithopter"],"campfire_rested":2,"item_purchase_floors":[6,6,6,6,27,27],"current_hp_per_floor":[65,65,56,34,36,28,28,17,36,31,31,25,16,11,11,4,65,65,59,32,32,35,31,31,31,31,48,53,65,55,58,59,64,65,65,58,50,50,28,28,28,57,51,59,65,65,65,64,65,0,0,0],"gold":711,"neow_bonus":"TRANSFORM_CARD","is_daily":false,"chose_seed":false,"campfire_upgraded":5,"win_rate":0.0,"timestamp":1614196062,"path_taken":["R","M","M","?","M","$","T","M","R","E","R","M","M","M","M","BOSS","R","M","M","?","?","M","T","?","R","?","?","R","M","E","M","BOSS","R","M","?","?","M","?","T","E","M","M","M","?","R","?","M","BOSS"],"items_purchased_type":["Relic","Relic","Relic","Card","Card","Relic"],"build_version":"2020-12-22","purchased_purges":0,"victory":false,"max_hp_per_floor":[65,65,65,65,65,65,65,65,65,65,65,65,65,65,65,65,65,65,65,65,65,65,65,65,65,65,65,65,65,65,65,65,65,65,65,65,65,65,65,65,65,65,65,65,65,65,65,65,65,65,65,65],"card_choices":[{"not_picked":["Slimebound:LeechEnergy","Slimebound:GoopSpray"],"picked":"Slimebound:ForwardTackle","floor":2},{"not_picked":["Slimebound:SpikyOuterGoop","Slimebound:GoopTackle"],"picked":"Slimebound:SplitBruiser","floor":3},{"not_picked":["Slimebound:ForwardTackle","Slimebound:LeechLife"],"picked":"Slimebound:SlimeSpikes","floor":4},{"not_picked":["Slimebound:LeechEnergy","Slimebound:DivideAndConquer"],"picked":"Slimebound:SplitBruiser","floor":5},{"not_picked":["Slimebound:Schlurp","Slimebound:SplitMire"],"picked":"Slimebound:SplitLeeching","floor":6},{"not_picked":["Slimebound:TongueLash","Slimebound:SplitBruiser+1"],"picked":"Slimebound:SamplingLick+1","floor":8},{"not_picked":["Slimebound:ViciousTackle","Slimebound:ProtectTheBoss"],"picked":"Slimebound:LevelUp","floor":10},{"not_picked":["Slimebound:SplitBruiser+1","Slimebound:LeechingTouch"],"picked":"Slimebound:SlimeSpikes+1","floor":12},{"not_picked":["Slimebound:SamplingLick+1","Slimebound:LeechEnergy"],"picked":"Slimebound:MegaLick+1","floor":13},{"not_picked":["Slimebound:FlameTackle","Slimebound:Prepare+1"],"picked":"Slimebound:SplitLeeching+1","floor":14},{"not_picked":["Slimebound:BestDefense","Slimebound:Prepare+1"],"picked":"Slimebound:SplitAcid+1","floor":15},{"not_picked":["Slimebound:TagTeam","Slimebound:WasteNot+1"],"picked":"Slimebound:MinionMaster","floor":16},{"not_picked":["Slimebound:PressTheAttack","Slimebound:Prepare+1","Slimebound:FinishingTackle"],"picked":"SKIP","floor":19},{"not_picked":["Slimebound:Grow","Slimebound:SlimeSpikes+1"],"picked":"Slimebound:GoopSpray+1","floor":20},{"not_picked":["Slimebound:RejuvenatingLick+1","Slimebound:Grow"],"picked":"Slimebound:SpikyOuterGoop+1","floor":22},{"not_picked":["Slimebound:SamplingLick+1","Slimebound:Replication+1"],"picked":"Slimebound:GoopSpray+1","floor":23},{"not_picked":["Slimebound:SlimeSpikes+1","Slimebound:LeechEnergy","Slimebound:LeechingTouch"],"picked":"SKIP","floor":25},{"not_picked":["Slimebound:FinishingTackle","Slimebound:SamplingLick+1","Slimebound:Nibble+1"],"picked":"SKIP","floor":27},{"not_picked":["Slimebound:SplitLeeching+1","Slimebound:MegaLick+1"],"picked":"Slimebound:PressTheAttack","floor":28},{"not_picked":["Slimebound:Grow","Slimebound:Replication+1"],"picked":"Slimebound:Gluttony+1","floor":30},{"not_picked":["Slimebound:ViciousTackle","Slimebound:DisruptingSlam+1"],"picked":"Slimebound:LeadByExample+1","floor":31},{"not_picked":["Slimebound:BestDefense","Slimebound:LeechingTouch","Slimebound:MassFeed"],"picked":"SKIP","floor":32},{"not_picked":["Slimebound:OozeBath+1","Slimebound:MassFeed"],"picked":"Slimebound:MinionMaster","floor":33},{"not_picked":["Slimebound:Prepare+1","Slimebound:ComboTackle"],"picked":"Slimebound:SplitBruiser+1","floor":36},{"not_picked":["Slimebound:DivideAndConquer+1","Slimebound:SamplingLick+1"],"picked":"Slimebound:RejuvenatingLick+1","floor":37},{"not_picked":["Slimebound:LivingWall+1","Slimebound:Chomp"],"picked":"Slimebound:SplitAcid+1","floor":39},{"not_picked":["Slimebound:RainOfGoop+1","Slimebound:PressTheAttack"],"picked":"Slimebound:TongueLash","floor":40},{"not_picked":["Slimebound:BestDefense+1","Slimebound:GoopTackle+1"],"picked":"Slimebound:MegaLick+1","floor":42},{"not_picked":["Slimebound:RejuvenatingLick+1","Slimebound:FinishingTackle+1","Slimebound:Nibble+1"],"picked":"SKIP","floor":43},{"not_picked":["Slimebound:RejuvenatingLick+1","Slimebound:RollThrough+1","Slimebound:Equalize"],"picked":"SKIP","floor":44},{"not_picked":["Slimebound:DisruptingSlam+1","Slimebound:SplitMire+1"],"picked":"Slimebound:SlimeBarrage","floor":45},{"not_picked":["Slimebound:TongueLash","Slimebound:RollThrough","Slimebound:SpikyOuterGoop+1"],"picked":"SKIP","floor":48},{"not_picked":["Slimebound:ItLooksTasty+1","Slimebound:LeechingTouch+1"],"picked":"Slimebound:Gluttony+1","floor":49}],"player_experience":113589,"relics_obtained":[{"floor":4,"key":"Boot"},{"floor":7,"key":"Mummified Hand"},{"floor":10,"key":"MealTicket"},{"floor":24,"key":"Omamori"},{"floor":31,"key":"Du-Vu Doll"},{"floor":37,"key":"StoneCalendar"},{"floor":38,"key":"Frozen Egg 2"},{"floor":40,"key":"FossilizedHelix"},{"floor":41,"key":"Letter Opener"},{"floor":42,"key":"Sundial"}],"event_choices":[{"damage_healed":0,"gold_gain":0,"player_choice":"Fight","damage_taken":0,"max_hp_gain":0,"max_hp_loss":0,"event_name":"Mysterious Sphere","floor":37,"gold_loss":0},{"damage_healed":0,"gold_gain":0,"player_choice":"Got Potions","damage_taken":0,"max_hp_gain":0,"max_hp_loss":0,"event_name":"Lab","floor":46,"gold_loss":0}],"is_beta":false,"boss_relics":[{"not_picked":["Fusion Hammer","Calling Bell"],"picked":"Philosopher\u0027s Stone"},{"not_picked":["Cursed Key","Runic Dome"],"picked":"Slimebound:TarBlob"}],"items_purged_floors":[],"is_endless":false,"potions_floor_spawned":[2,10,12,15,16,19,20,28,30,31,39,42,45],"killed_by":"WA_ARCHETYPE_DIVINITY","ascension_level":0}}