{"host":"m2qkn877fkm57m2k","time":1614201766,"event":{"mods":["AchievementEnabler","Bartender","BaseMod","Colored Map","Koishi","Magitek Elite","Minty Spire (QoL Compilation)","Permanent Neow","Relic Sorter","StSLib"],"gold_per_floor":[115,129,143,15,25,52,52,52,121,136,136,154,154,179,179,277,277,291,37,48,59,70,96,16,36,110,137,137,187,187,207,207,310,310,329,379,394,440,21,53,53,0,26,40,70,70,84,113,113,113],"floor_reached":51,"language":"ENG","playtime":4602,"items_purged":["Strike_G","Strike_G","Defend_G"],"score":1062,"play_id":"42052abf-b411-4413-a2b3-0cf623be5e21","local_time":"20210224222246","is_ascension_mode":false,"campfire_choices":[{"data":"Noxious Fumes","floor":7.0,"key":"SMITH"},{"data":"A Thousand Cuts","floor":13.0,"key":"SMITH"},{"data":"Neutralize","floor":15.0,"key":"SMITH"},{"data":"Burst","floor":28,"key":"SMITH"},{"data":"Blur","floor":30,"key":"SMITH"},{"data":"Blur","floor":32,"key":"SMITH"},{"data":"Acrobatics","floor":41,"key":"SMITH"},{"data":"After Image","floor":49,"key":"SMITH"}],"circlet_count":0,"master_deck":["Defend_G","Survivor","Neutralize+1","Blade Dance","Noxious Fumes+1","Reflex","Backflip","Reflex","A Thousand Cuts+1","Backstab","Burst+1","Finisher+1","Endless Agony+1","Adrenaline+1","Dodge and Roll","Blur+1","Blur+1","Prepared+1","Deadly Poison+1","Acrobatics+1","Calculated Gamble","Prepared","After Image+1"],"relics":["Ring of the Snake","Ornamental Fan","Centennial Puzzle","HoveringKite","Tingsha","Bronze Scales","Pantograph","Regal Pillow","Astrolabe","Anchor","Juzu Bracelet","Calipers","Bird Faced Urn","Cleaning_Rag","ClockworkSouvenir","Vajra","PreservedInsect","Happy Flower","Toxic Egg 2","Snake Skull"],"acts_visited":["Exordium","TheCity","TheBeyond"],"potions_floor_usage":[27],"damage_taken":[{"damage":0.0,"enemies":"Cultist","floor":1.0,"turns":5.0},{"damage":0.0,"enemies":"Small Slimes","floor":2.0,"turns":4.0},{"damage":0.0,"enemies":"2 Louse","floor":3.0,"turns":4.0},{"damage":6.0,"enemies":"Gremlin Gang","floor":5.0,"turns":7.0},{"damage":16.0,"enemies":"Lagavulin","floor":6.0,"turns":11.0},{"damage":0.0,"enemies":"3 Louse","floor":10.0,"turns":3.0},{"damage":0.0,"enemies":"Exordium Wildlife","floor":12.0,"turns":3.0},{"damage":2.0,"enemies":"Gremlin Nob","floor":14.0,"turns":4.0},{"damage":0.0,"enemies":"Slime Boss","floor":16.0,"turns":5.0},{"damage":5.0,"enemies":"2 Thieves","floor":18.0,"turns":1.0},{"damage":0.0,"enemies":"Spheric Guardian","floor":20.0,"turns":3.0},{"damage":11.0,"enemies":"Snecko","floor":21.0,"turns":4.0},{"damage":0.0,"enemies":"Chosen and Byrds","floor":22.0,"turns":3.0},{"damage":3.0,"enemies":"Slavers","floor":23.0,"turns":4.0},{"damage":0.0,"enemies":"Centurion and Healer","floor":25.0,"turns":5.0},{"damage":0,"enemies":"Gremlin Leader","floor":27,"turns":4},{"damage":0,"enemies":"3 Cultists","floor":31,"turns":4},{"damage":0,"enemies":"Collector","floor":33,"turns":8},{"damage":0,"enemies":"3 Darklings","floor":35,"turns":3},{"damage":0,"enemies":"Mind Bloom Boss Battle","floor":36,"turns":7},{"damage":0,"enemies":"Orb Walker","floor":37,"turns":1},{"damage":0,"enemies":"2 Orb Walkers","floor":38,"turns":4},{"damage":0,"enemies":"Giant Head","floor":40,"turns":10},{"damage":0,"enemies":"Spire Growth","floor":44,"turns":4},{"damage":0,"enemies":"Nemesis","floor":45,"turns":5},{"damage":0,"enemies":"Jaw Worm Horde","floor":47,"turns":3},{"damage":0,"enemies":"Reptomancer","floor":48,"turns":4},{"damage":0,"enemies":"Donu and Deca","floor":50,"turns":8}],"seed_played":"-5113037105727300366","potions_obtained":[{"floor":3.0,"key":"Regen Potion"},{"floor":5.0,"key":"CultistPotion"},{"floor":6.0,"key":"LiquidMemories"},{"floor":10.0,"key":"Dexterity Potion"},{"floor":14.0,"key":"LiquidMemories"},{"floor":20.0,"key":"Strength Potion"},{"floor":22.0,"key":"Block Potion"},{"floor":23.0,"key":"BlessingOfTheForge"},{"floor":31,"key":"BlessingOfTheForge"},{"floor":37,"key":"PowerPotion"},{"floor":38,"key":"SpeedPotion"},{"floor":45,"key":"Weak Potion"}],"is_trial":false,"path_per_floor":["M","M","M","$","M","E","R","?","T","M","?","M","R","E","R","B",null,"M","$","M","M","M","E","$","M","T","E","R","?","R","M","R","B",null,"M","?","M","?","$","E","R","?","T","M","E","?","M","E","R","B",null],"character_chosen":"THE_SILENT","items_purchased":["Backflip","Anchor","Blur","Cleaning_Rag","ClockworkSouvenir"],"campfire_rested":0,"item_purchase_floors":[4,19,24,39,39],"current_hp_per_floor":[49,49,49,49,43,42,42,42,42,42,42,42,42,40,40,65,70,65,65,65,54,54,51,51,51,51,51,51,51,51,51,51,70,70,70,70,70,70,70,70,70,70,70,70,70,70,70,70,70,70],"gold":113,"neow_bonus":"REMOVE_TWO","is_daily":false,"chose_seed":false,"campfire_upgraded":8,"win_rate":0.0,"timestamp":1614201766,"path_taken":["M","M","?","?","M","E","R","?","T","M","?","?","R","E","R","BOSS","M","?","M","M","M","E","$","M","T","E","R","?","R","M","R","BOSS","M","?","M","?","$","E","R","?","T","M","E","?","M","E","R","BOSS"],"items_purchased_type":["Card","Relic","Card","Relic","Relic"],"build_version":"2020-12-22","purchased_purges":3,"victory":true,"max_hp_per_floor":[70,70,70,70,70,70,70,70,70,70,70,70,70,70,70,70,70,70,70,70,70,70,70,70,70,70,70,70,70,70,70,70,70,70,70,70,70,70,70,70,70,70,70,70,70,70,70,70,70,70],"card_choices":[{"not_picked":["PiercingWail","Outmaneuver"],"picked":"Blade Dance","floor":1.0},{"not_picked":["Blade Dance","Caltrops"],"picked":"Noxious Fumes","floor":2.0},{"not_picked":["Flying Knee","Underhanded Strike"],"picked":"Reflex","floor":3.0},{"not_picked":["Blade Dance","Skewer"],"picked":"Reflex","floor":5.0},{"not_picked":["Poisoned Stab","Slice"],"picked":"A Thousand Cuts","floor":6.0},{"not_picked":["Poisoned Stab","Skewer"],"picked":"Backstab","floor":10.0},{"not_picked":["Underhanded Strike","Blade Dance","Flying Knee"],"picked":"SKIP","floor":12.0},{"not_picked":["Caltrops","Malaise","Dagger Spray"],"picked":"SKIP","floor":14.0},{"not_picked":["Envenom","Phantasmal Killer"],"picked":"Burst","floor":16.0},{"not_picked":["Eviscerate","Masterful Stab","Finisher"],"picked":"SKIP","floor":18.0},{"not_picked":["Deflect+1","Dagger Spray"],"picked":"Dodge and Roll","floor":20.0},{"not_picked":["Quick Slash","Well Laid Plans","Caltrops"],"picked":"SKIP","floor":21.0},{"not_picked":["Finisher","Deflect+1","Flying Knee"],"picked":"SKIP","floor":22.0},{"not_picked":["Deflect","Choke"],"picked":"Blur","floor":23.0},{"not_picked":["Leg Sweep","Slice"],"picked":"Prepared+1","floor":25.0},{"not_picked":["Deadly Poison","Phantasmal Killer","Underhanded Strike"],"picked":"SKIP","floor":27},{"not_picked":["Flechettes","Expertise"],"picked":"Deadly Poison+1","floor":31},{"not_picked":["Sucker Punch","Backstab","Deadly Poison+1"],"picked":"SKIP","floor":35},{"not_picked":["Deadly Poison","Prepared"],"picked":"Acrobatics","floor":36},{"not_picked":["Dagger Throw+1","Backstab"],"picked":"Calculated Gamble","floor":37},{"not_picked":["Deadly Poison","Distraction+1","Poisoned Stab"],"picked":"SKIP","floor":40},{"not_picked":["Deadly Poison","Acrobatics+1"],"picked":"Prepared","floor":44},{"not_picked":["Choke+1","Distraction+1"],"picked":"After Image","floor":45},{"not_picked":["Dagger Spray+1","Flying Knee","Sucker Punch"],"picked":"SKIP","floor":47},{"not_picked":["Dagger Spray","Blade Dance+1","Deadly Poison+1"],"picked":"SKIP","floor":48}],"player_experience":54203,"relics_obtained":[{"floor":6.0,"key":"Tingsha"},{"floor":9.0,"key":"Pantograph"},{"floor":14.0,"key":"Regal Pillow"},{"floor":23.0,"key":"Juzu Bracelet"},{"floor":26.0,"key":"Ornamental Fan"},{"floor":27,"key":"Centennial Puzzle"},{"floor":36,"key":"Calipers"},{"floor":38,"key":"Bird Faced Urn"},{"floor":40,"key":"Vajra"},{"floor":43,"key":"Happy Flower"},{"floor":45,"key":"Toxic Egg 2"},{"floor":48,"key":"Snake Skull"}],"event_choices":[{"damage_healed":0.0,"max_hp_gain":0.0,"max_hp_loss":0.0,"gold_gain":0.0,"event_name":"Dead Adventurer","player_choice":"Searched \u00271\u0027 times","floor":8.0,"gold_loss":0.0,"damage_taken":0.0,"relics_obtained":["Bronze Scales"]},{"damage_healed":0.0,"max_hp_gain":0.0,"max_hp_loss":0.0,"gold_gain":0.0,"event_name":"Match and Keep!","player_choice":"0 cards matched","floor":11.0,"gold_loss":0.0,"damage_taken":0.0,"cards_obtained":[]},{"damage_healed":0,"gold_gain":100,"player_choice":"Bet on Murderer","damage_taken":0,"max_hp_gain":0,"max_hp_loss":0,"event_name":"The Joust","floor":29,"gold_loss":50},{"damage_healed":0,"gold_gain":0,"player_choice":"Fight","damage_taken":0,"max_hp_gain":0,"max_hp_loss":0,"event_name":"MindBloom","floor":36,"gold_loss":0},{"damage_healed":0,"gold_gain":0,"player_choice":"Fight","damage_taken":0,"max_hp_gain":0,"max_hp_loss":0,"event_name":"Mysterious Sphere","floor":38,"gold_loss":0},{"damage_healed":0,"gold_gain":0,"player_choice":"Paid Gold","damage_taken":0,"relics_obtained":["PreservedInsect"],"max_hp_gain":0,"max_hp_loss":0,"event_name":"WeMeetAgain","floor":42,"gold_loss":53},{"cards_removed":["Defend_G"],"damage_healed":0,"gold_gain":0,"player_choice":"Purged","damage_taken":0,"max_hp_gain":0,"max_hp_loss":0,"event_name":"Purifier","floor":46,"gold_loss":0}],"is_beta":false,"boss_relics":[{"not_picked":["SacredBark","Snecko Eye"],"picked":"Astrolabe"},{"not_picked":["Calling Bell","Velvet Choker"],"picked":"HoveringKite"}],"items_purged_floors":[4,19,39],"is_endless":false,"potions_floor_spawned":[3,5,6,10,14,20,22,23,31,37,38,45,47],"ascension_level":0}}