{"host":"qp7xs8nuzfsyommi","time":1614196041,"event":{"mods":["2.2 Compatiblity","BaseMod","Colored Powertips","DeckTracker","Highlight Path","Minty Spire (QoL Compilation)","Permanent Neow","Quick Restart","StSLib","Weighted Paths"],"gold_per_floor":[366,366,382,31,31,31,48,48,116,116,151,151,151,46,46,135,135,155,175,175,175],"floor_reached":20,"language":"ENG","playtime":682,"items_purged":[],"score":440,"play_id":"700fbbdd-a867-4167-95a1-e8858ff67a80","local_time":"20210224144721","is_ascension_mode":true,"campfire_choices":[{"floor":6,"key":"REST"},{"data":"Sunder","floor":8,"key":"SMITH"},{"data":"Hologram","floor":10,"key":"SMITH"},{"data":"Panacea","floor":15,"key":"SMITH"}],"circlet_count":0,"master_deck":["AscendersBane","Strike_B+1","Strike_B","Strike_B","Strike_B","Defend_B","Defend_B","Defend_B","Defend_B+1","Zap","Dualcast","Cold Snap","Gash","Sunder+1","Amplify","Glacier","Heatsinks","Hologram+1","Conserve Battery","Defragment","Panacea+1","Hyperbeam","Glacier"],"relics":["Cracked Core","OrangePellets","Eternal Feather","DataDisk","Golden Idol","Kunai","Black Star"],"acts_visited":["Exordium","TheCity"],"potions_floor_usage":[16,16,18],"damage_taken":[{"damage":2.0,"enemies":"Jaw Worm","floor":1.0,"turns":3.0},{"damage":4,"enemies":"Cultist","floor":3,"turns":3},{"damage":8,"enemies":"2 Louse","floor":7,"turns":2},{"damage":47,"enemies":"Gremlin Nob","floor":11,"turns":5},{"damage":0,"enemies":"The Guardian","floor":16,"turns":9},{"damage":31,"enemies":"3 Byrds","floor":18,"turns":7},{"damage":14,"enemies":"Spheric Guardian","floor":19,"turns":4},{"damage":15,"enemies":"Centurion and Healer","floor":20,"turns":6}],"seed_played":"2781010363688647075","potions_obtained":[{"floor":1.0,"key":"LiquidBronze"},{"floor":11,"key":"BlessingOfTheForge"},{"floor":16,"key":"Block Potion"}],"is_trial":false,"path_per_floor":["M","?","M","$","?","R","M","R","T","R","E","?","T","$","R","B",null,"M","M","M"],"character_chosen":"DEFECT","items_purchased":["OrangePellets","Heatsinks","Hologram","Conserve Battery","Panacea"],"campfire_rested":1,"item_purchase_floors":[4,4,4,4,14],"current_hp_per_floor":[62,62,58,58,39,58,50,50,50,59,12,12,12,12,24,24,50,19,5,0,0],"gold":175,"neow_bonus":"TWO_FIFTY_GOLD","is_daily":false,"chose_seed":false,"campfire_upgraded":3,"win_rate":0.0,"timestamp":1614196041,"path_taken":["M","?","?","$","?","R","M","R","T","R","E","?","?","$","R","BOSS","M","M","?"],"items_purchased_type":["Relic","Card","Card","Card","Card"],"build_version":"2020-12-22","purchased_purges":0,"victory":false,"max_hp_per_floor":[64,64,64,64,64,64,64,64,64,64,64,58,58,58,58,58,58,58,58,58,58],"card_choices":[{"not_picked":["Blizzard","Leap"],"picked":"Cold Snap","floor":1.0},{"not_picked":["Coolheaded","Go for the Eyes"],"picked":"Glacier","floor":3},{"not_picked":["Steam Power","Steam","Leap"],"picked":"SKIP","floor":7},{"not_picked":["Sweeping Beam","Biased Cognition"],"picked":"Defragment","floor":11},{"not_picked":["Rainbow","Buffer"],"picked":"Hyperbeam","floor":16},{"not_picked":["Sweeping Beam","Fusion","Stack"],"picked":"SKIP","floor":18},{"not_picked":["Cold Snap","Beam Cell+1"],"picked":"Glacier","floor":19}],"player_experience":1509068,"relics_obtained":[{"floor":9,"key":"Eternal Feather"},{"floor":11,"key":"DataDisk"},{"floor":13,"key":"Kunai"}],"event_choices":[{"damage_healed":0,"gold_gain":0,"player_choice":"3 cards matched","damage_taken":0,"max_hp_gain":0,"max_hp_loss":0,"event_name":"Match and Keep!","floor":2,"gold_loss":0,"cards_obtained":["Gash","Sunder","Amplify"]},{"damage_healed":0,"gold_gain":0,"player_choice":"Entered Light","damage_taken":19,"max_hp_gain":0,"max_hp_loss":0,"event_name":"Shining Light","floor":5,"gold_loss":0,"cards_upgraded":["Strike_B","Defend_B"]},{"damage_healed":0,"gold_gain":0,"player_choice":"Lose Max HP","damage_taken":0,"relics_obtained":["Golden Idol"],"max_hp_gain":0,"max_hp_loss":6,"event_name":"Golden Idol","floor":12,"gold_loss":0}],"is_beta":false,"boss_relics":[{"not_picked":["SlaversCollar","Coffee Dripper"],"picked":"Black Star"}],"items_purged_floors":[],"is_endless":false,"potions_floor_spawned":[1,11,16],"killed_by":"Centurion and Healer","ascension_level":20}}