{"host":"g5ny5fyrefx7hq49","time":1614198009,"event":{"mods":["BaseMod","Better Vampires","Library of Ruina","Minty Spire (QoL Compilation)","StSLib"],"gold_per_floor":[116,191,203,203,278,278,288,288,358,32,32,52,52,67,67,162,162,178,448,464,464,464,464],"floor_reached":22,"language":"ENG","playtime":1275,"items_purged":[],"score":199,"play_id":"3eba3b23-c104-45d7-8e98-a37291207a2b","local_time":"20210224212009","is_ascension_mode":false,"campfire_choices":[{"data":"SunsetBlade","floor":6,"key":"SMITH"},{"data":"ForTheFamily","floor":11,"key":"SMITH"},{"data":"TrashDisposal","floor":15,"key":"SMITH"}],"circlet_count":0,"master_deck":["Dodge","LightDefense","LightAttack","LightAttack","LightAttack+1","LightDefense","LightDefense","LightDefense+1","ChargeAndCover","FocusedStrikes","BlazingStrike","SunsetBlade+1","TrashDisposal+1","AsThePrescriptOrders","ForTheFamily+1","CleanUp","TendonChords","TrashDisposal","EnergyCycle+1","DesperateStruggle"],"relics":["PageOfLibrarian","Sundial","PageOfScorchedGirl","Bird Faced Urn","Philosopher\u0027s Stone"],"acts_visited":["Exordium","TheCity"],"potions_floor_usage":[],"damage_taken":[{"damage":0,"enemies":"Cultist","floor":1,"turns":3},{"damage":0,"enemies":"2 Louse","floor":3,"turns":2},{"damage":7,"enemies":"Small Slimes","floor":7,"turns":4},{"damage":0,"enemies":"3 Louse","floor":12,"turns":5},{"damage":15,"enemies":"Large Slime","floor":14,"turns":6},{"damage":2,"enemies":"Hexaghost","floor":16,"turns":9},{"damage":28,"enemies":"Spheric Guardian","floor":18,"turns":5},{"damage":0,"enemies":"Chosen","floor":20,"turns":4},{"damage":54,"enemies":"Masked Bandits","floor":22,"turns":3}],"seed_played":"5205497955285680154","potions_obtained":[{"floor":1,"key":"EntropicBrew"},{"floor":12,"key":"Dexterity Potion"}],"is_trial":false,"path_per_floor":["M","?","M","?","?","R","M","?","T","$","R","M","T","M","R","B",null,"M","?","M","?","?"],"character_chosen":"Librarian","items_purchased":["PageOfScorchedGirl","ForTheFamily"],"campfire_rested":0,"item_purchase_floors":[10,10],"current_hp_per_floor":[60,49,49,36,36,36,31,52,52,52,52,56,56,55,55,65,65,45,18,33,33,0,0],"gold":464,"neow_bonus":"ONE_RANDOM_RARE_CARD","is_daily":false,"chose_seed":false,"campfire_upgraded":3,"win_rate":0.0,"timestamp":1614198009,"path_taken":["M","?","M","?","?","R","M","?","T","$","R","M","?","?","R","BOSS","M","?","?","?","?"],"items_purchased_type":["Relic","Card"],"build_version":"2020-12-22","purchased_purges":0,"victory":false,"max_hp_per_floor":[63,63,63,63,63,63,65,65,65,65,65,65,65,62,65,65,65,81,81,81,81,81,81],"card_choices":[{"not_picked":["Concentration","Quickness","HighKick","ViolentFlame","Outburst","MultiHit","AsThePrescriptOrders","StrongStrike"],"picked":"SunsetBlade","floor":1},{"not_picked":["AsThePrescriptOrders","SharpSwipe","SinglePointStab","Parry2","DefenseOrder","QuickAttack","StrongStrike","SmokingPipe"],"picked":"TrashDisposal","floor":3},{"not_picked":["FendThisOffIfYouCan","WillOfThePrescript","SomberProcuration","ElectricShock","DefenseOrder","SinglePointStab","ConcentratedFire","QuickAttack"],"picked":"AsThePrescriptOrders","floor":7},{"not_picked":["StrikeDown","WildCard","Faith","EnergyConversion","FrontalAssault","ForTheFamily","Gigigig","SmokingPipe"],"picked":"CleanUp","floor":12},{"not_picked":["StrikeDown","StrongStrike","SenseQuarry","Execute_lor","HandleRequest","DeepDrag","FleetFootsteps","SilentMist"],"picked":"TendonChords","floor":14},{"not_picked":["Punishment","SenseQuarry"],"picked":"TrashDisposal","floor":16},{"not_picked":["Brawl","GuidanceOfTheGears","Parry","Overpower","EndlessBattle","HandleRequest","Track","StrongStrike"],"picked":"EnergyCycle+1","floor":18},{"not_picked":["AGoldenOpportunity+1","Suppress","SnakeSlit","Outburst","WildCard","Concentration","LawAndOrder+1","Multislash"],"picked":"DesperateStruggle","floor":20}],"player_experience":179805,"relics_obtained":[{"floor":9,"key":"Sundial"},{"floor":13,"key":"Bird Faced Urn"}],"event_choices":[{"damage_healed":0,"gold_gain":75,"player_choice":"Gather Gold","damage_taken":11,"max_hp_gain":0,"max_hp_loss":0,"event_name":"World of Goop","floor":2,"gold_loss":0},{"damage_healed":0,"gold_gain":0,"player_choice":"Entered Light","damage_taken":13,"max_hp_gain":0,"max_hp_loss":0,"event_name":"Shining Light","floor":4,"gold_loss":0,"cards_upgraded":["LightDefense","LightAttack"]},{"damage_healed":0,"gold_gain":75,"player_choice":"Gained Gold","damage_taken":0,"max_hp_gain":0,"max_hp_loss":0,"event_name":"Golden Wing","floor":5,"gold_loss":0},{"damage_healed":21,"gold_gain":0,"player_choice":"Banana","damage_taken":0,"max_hp_gain":0,"max_hp_loss":0,"event_name":"Big Fish","floor":8,"gold_loss":0},{"damage_healed":0,"gold_gain":270,"player_choice":"GOLD GOLD GOLD ","damage_taken":27,"max_hp_gain":0,"max_hp_loss":0,"event_name":"Knowing Skull","floor":19,"potions_obtained":[],"gold_loss":0,"cards_obtained":[]},{"damage_healed":0,"gold_gain":0,"player_choice":"Ignored","damage_taken":0,"max_hp_gain":0,"max_hp_loss":0,"event_name":"Ghosts","floor":21,"gold_loss":0},{"damage_healed":0,"gold_gain":0,"player_choice":"Fought Bandits","damage_taken":0,"max_hp_gain":0,"max_hp_loss":0,"event_name":"Masked Bandits","floor":22,"gold_loss":0}],"is_beta":false,"boss_relics":[{"not_picked":["Coffee Dripper","Astrolabe"],"picked":"Philosopher\u0027s Stone"}],"items_purged_floors":[],"is_endless":false,"potions_floor_spawned":[1,12],"killed_by":"Masked Bandits","ascension_level":0}}