{"host":"rolltorest","time":1614138008,"event":{"mods":["BaseMod","Minty Spire (QoL Compilation)","Relic Stats","Slay the Relics Exporter","StSLib"],"gold_per_floor":[110,130,140,154,229,229,261,261,286,316,337,337,373,397,397,481,481,470,479,499,499,519,519,519,519],"floor_reached":24,"language":"ENG","playtime":804,"items_purged":[],"score":432,"play_id":"7df4fd47-3561-41a9-a7b0-a49f6972971e","local_time":"20210223194008","is_ascension_mode":true,"campfire_choices":[{"floor":6,"key":"REST"},{"floor":8,"key":"REST"},{"data":"Barrage","floor":12,"key":"SMITH"},{"data":"Hologram","floor":15,"key":"SMITH"},{"floor":23,"key":"REST"}],"circlet_count":0,"master_deck":["AscendersBane","Strike_B","Strike_B","Strike_B","Strike_B","Defend_B","Defend_B","Defend_B","Defend_B","Zap","Dualcast","Compile Driver","Ball Lightning","Darkness","Glacier","Barrage+1","Hologram+1","Seek","Chill","Biased Cognition","Rebound+1","Necronomicurse","BootSequence"],"relics":["Velvet Choker","Nunchaku","Blood Vial","Art of War","Odd Mushroom","CeramicFish","Snecko Eye","Necronomicon"],"acts_visited":["Exordium","TheCity"],"potions_floor_usage":[10,16,22,22],"damage_taken":[{"damage":6,"enemies":"Cultist","floor":1,"turns":3},{"damage":4,"enemies":"Jaw Worm","floor":2,"turns":4},{"damage":0,"enemies":"Small Slimes","floor":3,"turns":2},{"damage":13,"enemies":"Blue Slaver","floor":4,"turns":4},{"damage":25,"enemies":"3 Sentries","floor":7,"turns":7},{"damage":1,"enemies":"Lagavulin","floor":10,"turns":7},{"damage":7,"enemies":"The Mushroom Lair","floor":11,"turns":4},{"damage":3,"enemies":"3 Sentries","floor":13,"turns":6},{"damage":9,"enemies":"Exordium Wildlife","floor":14,"turns":5},{"damage":16,"enemies":"The Guardian","floor":16,"turns":10},{"damage":24,"enemies":"2 Thieves","floor":18,"turns":4},{"damage":0,"enemies":"3 Byrds","floor":20,"turns":4},{"damage":16,"enemies":"Shelled Parasite and Fungi","floor":22,"turns":5},{"damage":27,"enemies":"Snake Plant","floor":24,"turns":4}],"seed_played":"330269491870112058","potions_obtained":[{"floor":1,"key":"FocusPotion"},{"floor":2,"key":"FocusPotion"},{"floor":14,"key":"FocusPotion"},{"floor":20,"key":"DistilledChaos"},{"floor":22,"key":"BlessingOfTheForge"}],"is_trial":false,"path_per_floor":["M","M","M","M","?","R","E","R","T","E","?","R","E","M","R","B",null,"M","?","M","?","M","R","M"],"character_chosen":"DEFECT","items_purchased":[],"campfire_rested":3,"item_purchase_floors":[],"current_hp_per_floor":[58,54,54,41,30,51,26,47,47,48,43,43,42,35,35,21,59,37,16,18,18,4,25,0,0],"gold":519,"neow_bonus":"BOSS_RELIC","is_daily":false,"chose_seed":false,"campfire_upgraded":2,"win_rate":0.0,"timestamp":1614138008,"path_taken":["M","M","M","?","?","R","E","R","T","E","?","R","E","M","R","BOSS","M","?","M","?","M","R","M"],"items_purchased_type":[],"build_version":"2020-12-18","purchased_purges":0,"victory":false,"max_hp_per_floor":[71,71,71,71,71,71,71,71,71,71,71,71,71,71,71,71,71,71,71,71,71,71,71,71,71],"relic_stats":{"Blood Vial":18,"Nunchaku":[8],"counters":[14,69],"CeramicFish":54,"Snecko Eye":[29,22,36,25],"Art of War":[7],"Necronomicon":[8],"obtain_stats":[{"Blood Vial":9,"Nunchaku":7,"CeramicFish":13,"Velvet Choker":0,"Snecko Eye":17,"Art of War":10,"Necronomicon":19,"Odd Mushroom":11,"Cracked Core":0},{"Blood Vial":5,"Nunchaku":5,"CeramicFish":8,"Velvet Choker":0,"Snecko Eye":10,"Art of War":6,"Necronomicon":11,"Odd Mushroom":7,"Cracked Core":0},{"Blood Vial":20,"Nunchaku":20,"CeramicFish":37,"Velvet Choker":0,"Snecko Eye":52,"Art of War":27,"Necronomicon":56,"Odd Mushroom":31,"Cracked Core":0}]},"card_choices":[{"not_picked":["Fusion","Reprogram"],"picked":"Compile Driver","floor":1},{"not_picked":["Redo","Rebound"],"picked":"Ball Lightning","floor":2},{"not_picked":["Beam Cell","Steam"],"picked":"Darkness","floor":3},{"not_picked":["Chaos","Stack","White Noise"],"picked":"SKIP","floor":4},{"not_picked":["Blizzard","White Noise"],"picked":"Glacier","floor":7},{"not_picked":["Double Energy","Conserve Battery"],"picked":"Barrage","floor":10},{"not_picked":["Barrage","Reprogram"],"picked":"Hologram","floor":11},{"not_picked":["Hologram","Melter"],"picked":"Seek","floor":13},{"not_picked":["Turbo","Stack"],"picked":"Chill","floor":14},{"not_picked":["Rainbow","Machine Learning"],"picked":"Biased Cognition","floor":16},{"not_picked":["Barrage","Tempest"],"picked":"Rebound+1","floor":18},{"not_picked":["Stack","Go for the Eyes","Blizzard+1"],"picked":"SKIP","floor":20},{"not_picked":["Stack","Hologram"],"picked":"BootSequence","floor":22}],"player_experience":2027777,"relics_obtained":[{"floor":7,"key":"Nunchaku"},{"floor":9,"key":"Blood Vial"},{"floor":10,"key":"Art of War"},{"floor":11,"key":"Odd Mushroom"},{"floor":13,"key":"CeramicFish"},{"floor":19,"key":"Necronomicon"}],"event_choices":[{"damage_healed":0,"gold_gain":75,"player_choice":"Gather Gold","damage_taken":11,"max_hp_gain":0,"max_hp_loss":0,"event_name":"World of Goop","floor":5,"gold_loss":0},{"damage_healed":0,"gold_gain":0,"player_choice":"Fought Mushrooms","damage_taken":0,"max_hp_gain":0,"max_hp_loss":0,"event_name":"Mushrooms","floor":11,"gold_loss":0},{"damage_healed":0,"gold_gain":0,"player_choice":"Obtained Book","damage_taken":21,"max_hp_gain":0,"max_hp_loss":0,"event_name":"Cursed Tome","floor":19,"gold_loss":0},{"damage_healed":0,"gold_gain":0,"player_choice":"Ignored","damage_taken":0,"max_hp_gain":0,"max_hp_loss":0,"event_name":"The Mausoleum","floor":21,"gold_loss":0}],"is_beta":true,"boss_relics":[{"not_picked":["Runic Dome","SacredBark"],"picked":"Snecko Eye"}],"items_purged_floors":[],"is_endless":false,"potions_floor_spawned":[1,2,4,14,20,22],"killed_by":"Snake Plant","ascension_level":20}}