{"host":"gjwzgdilc53yxmt0","time":1614193838,"event":{"mods":["2.2 Compatiblity","BaseMod","Bestiary","Highlight Path","Minty Spire (QoL Compilation)","Relic Stats","StSLib","ojb\u0027s Info Mod"],"gold_per_floor":[111,126,137,156,23,48,48,90,113,137,137,172,172,181,181,265,337,361,20,43,63,85,122,122,158,182,182,209,230,250,289,289,375,375,398,65,86,21,32,70,70,70,70,89,143,161,205,223,223,223,223,223,223,13,53,53],"floor_reached":57,"language":"ENG","playtime":7257,"items_purged":[],"score":2942,"play_id":"f48215b2-eb56-4b14-9c31-d2156d811529","local_time":"20210224141038","is_ascension_mode":true,"campfire_choices":[{"data":"Eruption","floor":7.0,"key":"SMITH"},{"data":"Vigilance","floor":11.0,"key":"SMITH"},{"data":"Wireheading","floor":13.0,"key":"SMITH"},{"data":"Tantrum","floor":15.0,"key":"SMITH"},{"data":"Ragnarok","floor":24.0,"key":"SMITH"},{"data":"Nirvana","floor":27.0,"key":"SMITH"},{"data":"Wireheading","floor":32.0,"key":"SMITH"},{"floor":42.0,"key":"RECALL"},{"floor":49.0,"key":"REST"},{"floor":53.0,"key":"REST"}],"circlet_count":0,"master_deck":["AscendersBane","Eruption+1","Vigilance+1","EmptyBody","Wireheading+1","Halt","Conclude","Tantrum+1","ClearTheMind","EmptyBody+1","FlurryOfBlows","EmptyBody+1","InnerPeace+1","Ragnarok+1","SignatureMove","Blasphemy+1","Tantrum","Swivel+1","FearNoEvil","BattleHymn","DevaForm","Nirvana+1","JustLucky+1","CutThroughFate","DeceiveReality+1","ThirdEye+1","CutThroughFate","ClearTheMind+1","Meditate+1","Wireheading+1","ClearTheMind+1","FearNoEvil","Omniscience+1","Crescendo+1","JustLucky+1","FlurryOfBlows","ThirdEye+1","DeusExMachina+1","JustLucky+1","Prostrate+1","Wireheading","MentalFortress","FearNoEvil"],"relics":["Runic Dome","Toxic Egg 2","CeramicFish","Lantern","Pen Nib","Pandora\u0027s Box","Incense Burner","Gremlin Horn","Ornamental Fan","Bird Faced Urn","Fusion Hammer","Unceasing Top","Damaru","HornCleat","Torii","Juzu Bracelet","Lizard Tail"],"acts_visited":["Exordium","TheCity","TheBeyond","TheEnding"],"potions_floor_usage":[56,56,56,56],"damage_taken":[{"damage":0.0,"enemies":"Cultist","floor":1.0,"turns":2.0},{"damage":0.0,"enemies":"2 Louse","floor":2.0,"turns":4.0},{"damage":0.0,"enemies":"Jaw Worm","floor":3.0,"turns":4.0},{"damage":1.0,"enemies":"2 Fungi Beasts","floor":4.0,"turns":5.0},{"damage":0.0,"enemies":"Lagavulin","floor":6.0,"turns":4.0},{"damage":12.0,"enemies":"3 Sentries","floor":8.0,"turns":5.0},{"damage":1.0,"enemies":"Looter","floor":10.0,"turns":4.0},{"damage":8.0,"enemies":"Lagavulin","floor":12.0,"turns":6.0},{"damage":29.0,"enemies":"Slime Boss","floor":16.0,"turns":7.0},{"damage":0.0,"enemies":"2 Thieves","floor":18.0,"turns":1.0},{"damage":0.0,"enemies":"Spheric Guardian","floor":20.0,"turns":1.0},{"damage":0.0,"enemies":"Snake Plant","floor":21.0,"turns":2.0},{"damage":0.0,"enemies":"Centurion and Healer","floor":22.0,"turns":2.0},{"damage":3.0,"enemies":"Gremlin Leader","floor":23.0,"turns":3.0},{"damage":1.0,"enemies":"Book of Stabbing","floor":25.0,"turns":2.0},{"damage":0.0,"enemies":"Snecko","floor":28.0,"turns":1.0},{"damage":0.0,"enemies":"Snake Plant","floor":29.0,"turns":2.0},{"damage":0.0,"enemies":"Sentry and Sphere","floor":30.0,"turns":3.0},{"damage":0.0,"enemies":"Gremlin Leader","floor":31.0,"turns":4.0},{"damage":23.0,"enemies":"Champ","floor":33.0,"turns":8.0},{"damage":0.0,"enemies":"Orb Walker","floor":35.0,"turns":3.0},{"damage":15.0,"enemies":"3 Shapes","floor":37.0,"turns":4.0},{"damage":4.0,"enemies":"Jaw Worm Horde","floor":39.0,"turns":3.0},{"damage":0.0,"enemies":"Giant Head","floor":40.0,"turns":4.0},{"damage":0.0,"enemies":"Sphere and 2 Shapes","floor":44.0,"turns":4.0},{"damage":10.0,"enemies":"2 Orb Walkers","floor":45.0,"turns":4.0},{"damage":0.0,"enemies":"Transient","floor":46.0,"turns":6.0},{"damage":1.0,"enemies":"Reptomancer","floor":47.0,"turns":3.0},{"damage":11.0,"enemies":"Spire Growth","floor":48.0,"turns":4.0},{"damage":2.0,"enemies":"Awakened One","floor":50.0,"turns":7.0},{"damage":61.0,"enemies":"Time Eater","floor":51.0,"turns":12.0},{"damage":19,"enemies":"Shield and Spear","floor":55,"turns":6},{"damage":53,"enemies":"The Heart","floor":56,"turns":9}],"seed_played":"-4710902768932559282","potions_obtained":[{"floor":2.0,"key":"Swift Potion"},{"floor":6.0,"key":"SkillPotion"},{"floor":16.0,"key":"FearPotion"},{"floor":20.0,"key":"EntropicBrew"},{"floor":22.0,"key":"SpeedPotion"},{"floor":33.0,"key":"Regen Potion"},{"floor":55,"key":"EntropicBrew"}],"is_trial":false,"path_per_floor":["M","M","M","M","$","E","R","E","T","M","R","E","R","?","R","B",null,"M","$","M","M","M","E","R","E","T","R","M","M","M","E","R","B",null,"M","$","M","$","M","E","?","R","T","M","?","M","E","M","R","B","B",null,"R","$","E","B",null],"character_chosen":"WATCHER","items_purchased":["Tantrum","ClearTheMind","Incense Burner","CutThroughFate","Unceasing Top","FlurryOfBlows","ThirdEye+1","MentalFortress","DuplicationPotion","SpeedPotion"],"campfire_rested":2,"item_purchase_floors":[5,5,19,19,36,38,38,54,54,54],"current_hp_per_floor":[61,61,61,60,60,60,60,48,48,47,47,39,39,39,39,10,54,54,54,54,54,54,51,51,50,50,50,50,50,50,50,50,37,60,66,66,57,57,59,68,65,65,65,65,61,65,65,59,65,65,17,53,65,65,58,23],"gold":53,"neow_bonus":"BOSS_RELIC","is_daily":false,"chose_seed":false,"campfire_upgraded":7,"win_rate":0.0,"timestamp":1614193838,"path_taken":["M","M","M","M","$","E","R","E","T","M","R","E","R","?","R","BOSS","M","$","M","M","M","E","R","E","T","R","M","M","M","E","R","BOSS","M","$","M","?","M","E","?","R","T","?","?","M","E","M","R","BOSS","BOSS","R","$","E","BOSS"],"items_purchased_type":["Card","Card","Relic","Card","Relic","Card","Card","Card","Potion","Potion"],"build_version":"2020-12-22","purchased_purges":0,"victory":true,"max_hp_per_floor":[68,68,68,68,68,68,68,68,68,68,68,68,68,68,68,68,68,68,68,68,68,68,68,68,68,68,68,68,68,68,68,68,68,68,68,68,68,68,68,68,65,65,65,65,65,65,65,65,65,65,65,65,65,65,65,65],"relic_stats":{"Lizard Tail":0,"Gremlin Horn":[20,20],"Torii":11,"counters":[33,139],"Ornamental Fan":[440],"CeramicFish":306,"Bird Faced Urn":[88],"Pandora\u0027s Box":["SignatureMove","Blasphemy","Tantrum","Swivel","FearNoEvil","BattleHymn","DevaForm","Nirvana"],"Pen Nib":[46],"Juzu Bracelet":0,"obtain_stats":[{"Lantern":9,"Gremlin Horn":23,"Torii":45,"CeramicFish":8,"Damaru":40,"Pen Nib":12,"Incense Burner":19,"Juzu Bracelet":47,"Runic Dome":0,"Lizard Tail":55,"HornCleat":43,"Ornamental Fan":25,"Bird Faced Urn":31,"Pandora\u0027s Box":17,"Fusion Hammer":34,"PureWater":0,"Toxic Egg 2":6,"Unceasing Top":36},{"Lantern":6,"Gremlin Horn":14,"Torii":26,"CeramicFish":6,"Damaru":24,"Pen Nib":8,"Incense Burner":10,"Juzu Bracelet":28,"Runic Dome":0,"Lizard Tail":32,"HornCleat":24,"Ornamental Fan":15,"Bird Faced Urn":19,"Pandora\u0027s Box":9,"Fusion Hammer":20,"PureWater":0,"Toxic Egg 2":5,"Unceasing Top":21},{"Lantern":24,"Gremlin Horn":50,"Torii":92,"CeramicFish":24,"Damaru":84,"Pen Nib":34,"Incense Burner":42,"Juzu Bracelet":101,"Runic Dome":0,"Lizard Tail":130,"HornCleat":84,"Ornamental Fan":52,"Bird Faced Urn":62,"Pandora\u0027s Box":41,"Fusion Hammer":70,"PureWater":0,"Toxic Egg 2":19,"Unceasing Top":73}],"Unceasing Top":[103]},"card_choices":[{"not_picked":["Consecrate","WreathOfFlame"],"picked":"EmptyBody","floor":1.0},{"not_picked":["FollowUp","CrushJoints"],"picked":"Wireheading","floor":2.0},{"not_picked":["Protect","PathToVictory"],"picked":"Halt","floor":3.0},{"not_picked":["Protect","ClearTheMind"],"picked":"Conclude","floor":4.0},{"not_picked":["BattleHymn","Consecrate","Study"],"picked":"SKIP","floor":6.0},{"not_picked":["FollowUp","Crescendo+1"],"picked":"EmptyBody+1","floor":8.0},{"not_picked":["Halt+1","Ragnarok"],"picked":"FlurryOfBlows","floor":10.0},{"not_picked":["JustLucky","CrushJoints"],"picked":"EmptyBody+1","floor":12.0},{"not_picked":["Brilliance","Devotion"],"picked":"Ragnarok","floor":16.0},{"not_picked":["Crescendo+1","SignatureMove+1"],"picked":"JustLucky+1","floor":18.0},{"not_picked":["EmptyBody+1","BattleHymn+1"],"picked":"DeceiveReality+1","floor":20.0},{"not_picked":["Prostrate+1","JustLucky+1"],"picked":"ThirdEye+1","floor":21.0},{"not_picked":["EmptyBody+1","Prostrate+1"],"picked":"CutThroughFate","floor":22.0},{"not_picked":["Conclude","Swivel+1"],"picked":"ClearTheMind+1","floor":23.0},{"not_picked":["Crescendo+1","FlurryOfBlows"],"picked":"Meditate+1","floor":25.0},{"not_picked":["Protect+1","FlyingSleeves"],"picked":"Wireheading","floor":28.0},{"not_picked":["Collect+1","WreathOfFlame+1"],"picked":"ClearTheMind+1","floor":29.0},{"not_picked":["Crescendo+1","BowlingBash+1","Devotion"],"picked":"SKIP","floor":30.0},{"not_picked":["Devotion","SignatureMove"],"picked":"FearNoEvil","floor":31.0},{"not_picked":["Vault+1","SpiritShield+1"],"picked":"Omniscience+1","floor":33.0},{"not_picked":["FollowUp+1","EmptyBody+1"],"picked":"Crescendo+1","floor":35.0},{"not_picked":["Swivel+1","Consecrate"],"picked":"JustLucky+1","floor":37.0},{"not_picked":["Perseverance+1","JustLucky","Sanctity+1"],"picked":"SKIP","floor":39.0},{"not_picked":["BattleHymn","EmptyFist"],"picked":"DeusExMachina+1","floor":40.0},{"not_picked":["WindmillStrike","Evaluate+1"],"picked":"JustLucky+1","floor":44.0},{"not_picked":["Pray+1","Evaluate+1"],"picked":"Prostrate+1","floor":45.0},{"not_picked":["Sanctity+1","FollowUp","Protect+1"],"picked":"SKIP","floor":46.0},{"not_picked":["Wallop","Conclude"],"picked":"Wireheading","floor":47.0},{"not_picked":["FollowUp","PathToVictory+1","Crescendo+1"],"picked":"SKIP","floor":48.0},{"not_picked":["Evaluate+1","Collect+1"],"picked":"FearNoEvil","floor":55}],"player_experience":4993083,"relics_obtained":[{"floor":6.0,"key":"Toxic Egg 2"},{"floor":8.0,"key":"CeramicFish"},{"floor":9.0,"key":"Lantern"},{"floor":12.0,"key":"Pen Nib"},{"floor":23.0,"key":"Gremlin Horn"},{"floor":25.0,"key":"Ornamental Fan"},{"floor":31.0,"key":"Bird Faced Urn"},{"floor":40.0,"key":"Damaru"},{"floor":43.0,"key":"HornCleat"},{"floor":45.0,"key":"Torii"},{"floor":47.0,"key":"Juzu Bracelet"},{"floor":55,"key":"Lizard Tail"}],"event_choices":[{"damage_healed":0.0,"max_hp_gain":0.0,"max_hp_loss":0.0,"gold_gain":0.0,"event_name":"Match and Keep!","player_choice":"1 cards matched","floor":14.0,"gold_loss":0.0,"damage_taken":0.0,"cards_obtained":["InnerPeace"]},{"damage_healed":0.0,"max_hp_gain":0.0,"max_hp_loss":3.0,"gold_gain":0.0,"event_name":"Winding Halls","player_choice":"Max HP","floor":41.0,"gold_loss":0.0,"damage_taken":0.0},{"damage_healed":0.0,"max_hp_gain":0.0,"max_hp_loss":0.0,"gold_gain":0.0,"event_name":"Mysterious Sphere","player_choice":"Fight","floor":45.0,"gold_loss":0.0,"damage_taken":0.0}],"is_beta":false,"boss_relics":[{"not_picked":["SacredBark","Velvet Choker"],"picked":"Pandora\u0027s Box"},{"not_picked":["Empty Cage","Busted Crown"],"picked":"Fusion Hammer"}],"items_purged_floors":[],"is_endless":false,"potions_floor_spawned":[2,6,16,20,22,28,30,31,33,39,40,47,48,55],"ascension_level":20}}