{"host":"ihhmze8k3dygjpvp","time":1614184139,"event":{"mods":["10 clothes from DAL","Act Like it!","BaseMod","Colored Map","Hallownest","Highlight Path","Minty Spire (QoL Compilation)","MostiFishMod","Pale of the Ancients","Quick Restart","RumiaBox-露米娅的神秘盒子","Shop Mod","Spicy Shops","StSLib","TestMod","[IsaacMod]以撒尖塔","【功能Mod】混沌之环修复补丁","【功能Mod】聪明的最终Boss"],"gold_per_floor":[115,127,127,145,544,544,559,593,619,619,619,619,630,643,643,747,747,763,763,763,779,825,859,859,871,871,900,725,736,736,834,834,936,936,953,1054,1106,1154,1771,1804,1804,1816,1816,1816,1873,1873,1888,1888,1888,1936,1936,1936,1936,1962,2016],"floor_reached":56,"language":"ZHS","playtime":2048,"items_purged":["Defend_B","Defend_B","Writhe","Strike_B","Strike_B","Zap+1","Loop","testmod-ChaoticCore"],"score":1592,"play_id":"7e95bb9c-bb80-49b2-b06c-cca89f563a06","local_time":"20210225002859","is_ascension_mode":true,"campfire_choices":[{"data":"Defend_B","floor":6.0,"key":"PURGE"},{"data":"Defend_B","floor":11.0,"key":"PURGE"},{"data":"Strike_B","floor":15.0,"key":"PURGE"},{"floor":24,"key":"RECALL"},{"data":"MostiFishMod:LinkProtocol","floor":30,"key":"SMITH"},{"data":"MostiFishMod:DawningShadow","floor":32,"key":"SMITH"},{"data":"MostiFishMod:DawningShadow","floor":41,"key":"SMITH"},{"data":"Echo Form","floor":49,"key":"SMITH"},{"data":"MostiFishMod:Exploitation","floor":52,"key":"SMITH"}],"circlet_count":0,"master_deck":["Dualcast+1","MostiFishMod:DawningShadow+1","Doom and Gloom+1","MostiFishMod:DawningShadow+1","Reboot","MostiFishMod:LinkProtocol+1","Echo Form+1","Darkness+1","MostiFishMod:Exploitation+1"],"relics":["Cracked Core","HushsDoor","DiscerningMonocle","MoneyPower","testmod-Charity","Peace Pipe","Ancient Tea Set","BirthdayGift-Tetrahedron","SynthV","GodSword3","DeathBook","MerchantsRug","Tiny Chest","DollysMirror","Chaos","testmod-RealStoneCalender","Potion Belt","InkBottle","Pocketwatch","Void","testmod-Antiphasic","Shuriken","DALC_THREE","OriginationStaff","testmod-Nine","DianDianMeat","HollowDreamFlower","TheBattery","ClockworkSouvenir","testmod-GoldenSoul","SynthV:C4","Anchor","SSSystem","White Beast Statue","MostiFishMod:AdaptiveDefenses","Black Star","Torii","ZombieArmy","GnawedLeaf","Regal Pillow","GuppysPaw","DoctorsRemote","Shovel","Letter Opener","testmod-TheFather","Whetstone","MomsKnife","Bronze Scales","Toy Ornithopter","PokeGo","Tough Bandages","SalivaCoin","ArrowTower","CaptainsWheel","testmod-IndustrialRevolution","testmod-ArcanaOfDestiny","testmod-InjuryResistance","NineVolt","ChiLing","Chi","Ling"],"acts_visited":["Exordium","TheCity","TheBeyond","TheEnding"],"potions_floor_usage":[21,23,23,27,33,33,38,50,50,50,50,50,50,55,55,55,55,55,55],"damage_taken":[{"damage":16.0,"enemies":"Jaw Worm","floor":1.0,"turns":4.0},{"damage":6.0,"enemies":"2 Louse","floor":2.0,"turns":2.0},{"damage":4.0,"enemies":"Small Slimes","floor":4.0,"turns":2.0},{"damage":9.0,"enemies":"2 Fungi Beasts","floor":7.0,"turns":2.0},{"damage":7.0,"enemies":"3 Sentries","floor":8.0,"turns":2.0},{"damage":1.0,"enemies":"Looter","floor":13.0,"turns":1.0},{"damage":0.0,"enemies":"3 Louse","floor":14.0,"turns":1.0},{"damage":19.0,"enemies":"Hexaghost","floor":16.0,"turns":4.0},{"damage":0,"enemies":"Spheric Guardian","floor":18,"turns":1},{"damage":20,"enemies":"2 Thieves","floor":21,"turns":2},{"damage":21,"enemies":"Gremlin Leader","floor":23,"turns":4},{"damage":15,"enemies":"Snecko","floor":25,"turns":3},{"damage":0,"enemies":"Slavers","floor":27,"turns":1},{"damage":2,"enemies":"Centurion and Healer","floor":29,"turns":2},{"damage":6,"enemies":"Collector","floor":33,"turns":4},{"damage":2,"enemies":"3 Darklings","floor":35,"turns":2},{"damage":18,"enemies":"2 Orb Walkers","floor":37,"turns":2},{"damage":2,"enemies":"Hiden Room Battle","floor":38,"turns":2},{"damage":2,"enemies":"3 Shapes","floor":39,"turns":2},{"damage":2,"enemies":"Reptomancer","floor":40,"turns":2},{"damage":0,"enemies":"Jaw Worm Horde","floor":42,"turns":1},{"damage":2,"enemies":"Maw","floor":47,"turns":2},{"damage":26,"enemies":"Donu and Deca","floor":50,"turns":4},{"damage":0,"enemies":"Shield and Spear","floor":54,"turns":1},{"damage":5,"enemies":"LittleHush","floor":55,"turns":9}],"seed_played":"-2407512739486498061","potions_obtained":[{"floor":2.0,"key":"testmod-EscapePotion"},{"floor":13.0,"key":"FearPotion"},{"floor":16.0,"key":"LiquidMemories"},{"floor":21,"key":"Fire Potion"},{"floor":25,"key":"DistilledChaos"},{"floor":29,"key":"SmokeBomb"},{"floor":33,"key":"PotionOfCapacity"},{"floor":37,"key":"Swift Potion"},{"floor":38,"key":"Block Potion"},{"floor":39,"key":"Weak Potion"},{"floor":40,"key":"LiquidBronze"},{"floor":42,"key":"testmod-EscapePotion"},{"floor":47,"key":"Fire Potion"},{"floor":54,"key":"SkillPotion"}],"is_trial":false,"path_per_floor":["M","M","$","M","?","R","M","E","T","$","R","?","M","M","R","B",null,"M","?","$","M","T","E","R","M","T","E","$","M","R","?","R","B",null,"M","$","?","?","M","E","R","M","T","T","$","?","M","$","R","B",null,"R","$","E","B",null],"character_chosen":"DEFECT","items_purchased":["Peace Pipe","Ancient Tea Set","BirthdayGift-Tetrahedron","SynthV","GodSword3","DeathBook","MostiFishMod:DawningShadow","Doom and Gloom","MerchantsRug","Strength Potion","Weak Potion","DollysMirror","Chaos","testmod-RealStoneCalender","War Paint","Potion Belt","testmod-SpacePotion","Void","testmod-Antiphasic","Mango","Shuriken","testmod-SpacePotion","DALC_THREE","testmod-ChaoticCore","TheBattery","ClockworkSouvenir","testmod-GoldenSoul","SynthV:C4","Anchor","White Beast Statue","MostiFishMod:AdaptiveDefenses","Black Star","Torii","ZombieArmy","GnawedLeaf","Whetstone","MomsKnife","Bronze Scales","Toy Ornithopter","PokeGo","FearPotion","ColorlessPotion","testmod-TimePotion","Explosive Potion","Loop","Tough Bandages","SalivaCoin","ArrowTower","CaptainsWheel","Charon\u0027s Ashes","testmod-IndustrialRevolution","testmod-ArcanaOfDestiny","testmod-InjuryResistance","NineVolt","PowerPotion","SteroidPotion","Strength Potion","Swift Potion"],"campfire_rested":0,"item_purchase_floors":[3,3,3,3,3,3,3,3,3,3,3,10,10,10,10,10,10,20,20,20,20,20,20,20,28,28,28,28,28,36,36,36,36,36,36,45,45,45,45,45,45,45,45,45,45,48,48,48,48,53,53,53,53,53,53,53,53,53],"current_hp_per_floor":[67,62,62,59,60,60,52,46,47,47,47,47,47,48,48,30,92,93,93,107,89,90,70,70,56,56,57,28,28,28,29,29,28,34,36,40,32,30,34,37,37,42,42,42,49,49,61,61,61,93,116,116,116,121,189],"gold":2016,"neow_bonus":"TEN_PERCENT_HP_BONUS","is_daily":false,"chose_seed":false,"campfire_upgraded":5,"win_rate":0.0,"timestamp":1614184139,"path_taken":["M","M","$","M","?","R","M","E","T","$","R","?","?","M","R","BOSS","M","?","$","M","?","E","R","M","T","E","$","M","R","?","R","BOSS","M","$","?","?","M","E","R","M","T","?","$","?","M","$","R","BOSS","R","$","E","BOSS"],"items_purchased_type":["Relic","Relic","Relic","Relic","Relic","Relic","Card","Card","Relic","Potion","Potion","Relic","Card","Relic","Relic","Relic","Potion","Card","Relic","Relic","Relic","Potion","Relic","Card","Relic","Relic","Relic","Relic","Relic","Relic","Relic","Relic","Relic","Relic","Relic","Relic","Relic","Relic","Relic","Relic","Potion","Potion","Potion","Potion","Card","Relic","Relic","Relic","Relic","Relic","Relic","Relic","Relic","Relic","Potion","Potion","Potion","Potion"],"build_version":"2020-12-22","purchased_purges":8,"victory":true,"max_hp_per_floor":[83,84,84,85,86,86,87,88,89,89,89,89,90,91,91,92,92,93,93,107,109,110,111,111,112,112,113,28,30,30,31,31,34,34,38,42,48,59,61,62,62,63,63,63,70,70,80,80,80,116,116,116,116,121,189],"card_choices":[{"not_picked":["Beam Cell","Rip and Tear","Reinforced Body"],"picked":"SKIP","floor":1.0},{"not_picked":["Cold Snap","Hello World","Compile Driver"],"picked":"SKIP","floor":2.0},{"not_picked":["MostiFishMod:PushDownKick","Coolheaded","Barrage"],"picked":"SKIP","floor":4.0},{"not_picked":["MostiFishMod:PushDownKick","Sweeping Beam","Genetic Algorithm"],"picked":"SKIP","floor":7.0},{"not_picked":["Creative AI","Genetic Algorithm","Coolheaded"],"picked":"SKIP","floor":8.0},{"not_picked":["Compile Driver","Reinforced Body","Sweeping Beam"],"picked":"SKIP","floor":13.0},{"not_picked":["Beam Cell","Go for the Eyes","Conserve Battery"],"picked":"SKIP","floor":14.0},{"not_picked":["MostiFishMod:Culaccino","Machine Learning"],"picked":"Reboot","floor":16.0},{"not_picked":["Streamline","Compile Driver","Turbo"],"picked":"SKIP","floor":18},{"not_picked":["Beam Cell","Sunder","MostiFishMod:FluxCapactior+1"],"picked":"SKIP","floor":21},{"not_picked":["MostiFishMod:IceShield","MostiFishMod:PushDownKick","Go for the Eyes"],"picked":"SKIP","floor":23},{"not_picked":["Coolheaded","Steam"],"picked":"Defragment","floor":25},{"not_picked":["Coolheaded","MostiFishMod:PushDownKick","Ball Lightning"],"picked":"SKIP","floor":27},{"not_picked":["Skim","Conserve Battery"],"picked":"MostiFishMod:LinkProtocol","floor":29},{"not_picked":["Buffer","Fission"],"picked":"Echo Form","floor":33},{"not_picked":["Cold Snap","Ball Lightning"],"picked":"Darkness+1","floor":35},{"not_picked":["Streamline+1","Hologram+1"],"picked":"MostiFishMod:Exploitation","floor":38},{"not_picked":["Ball Lightning","Cancel","Leap+1"],"picked":"SKIP","floor":39},{"not_picked":["Fusion","Skim+1","Go for the Eyes"],"picked":"SKIP","floor":40},{"not_picked":["Cold Snap","Rip and Tear+1","Steam Power+1"],"picked":"SKIP","floor":42},{"not_picked":["Leap+1","Streamline+1","Undo"],"picked":"SKIP","floor":47},{"not_picked":["MostiFishMod:DeathFromBelow","Glacier+1","MostiFishMod:PushDownKick"],"picked":"SKIP","floor":54}],"player_experience":22167,"relics_obtained":[{"floor":8.0,"key":"Tiny Chest"},{"floor":22,"key":"OriginationStaff"},{"floor":23,"key":"testmod-Nine"},{"floor":26,"key":"DianDianMeat"},{"floor":27,"key":"HollowDreamFlower"},{"floor":37,"key":"Regal Pillow"},{"floor":38,"key":"GuppysPaw"},{"floor":38,"key":"DoctorsRemote"},{"floor":40,"key":"Shovel"},{"floor":40,"key":"Letter Opener"},{"floor":44,"key":"testmod-TheFather"},{"floor":54,"key":"ChiLing"}],"event_choices":[{"damage_healed":0.0,"max_hp_gain":0.0,"max_hp_loss":0.0,"gold_gain":400.0,"event_name":"恩洛斯的盘子","player_choice":"Sell","floor":5.0,"relics_lost":["DaveBox"],"gold_loss":0.0,"damage_taken":0.0},{"cards_removed":["Strike_B"],"damage_healed":0.0,"max_hp_gain":0.0,"max_hp_loss":0.0,"gold_gain":0.0,"event_name":"Living Wall","player_choice":"Forget","floor":12.0,"gold_loss":0.0,"damage_taken":0.0},{"damage_healed":0,"gold_gain":0,"player_choice":"Opened","damage_taken":0,"relics_obtained":["Pocketwatch"],"max_hp_gain":0,"max_hp_loss":0,"event_name":"The Mausoleum","floor":19,"gold_loss":0,"cards_obtained":["Writhe"]},{"damage_healed":0,"gold_gain":99,"player_choice":"Stole From Cult","damage_taken":0,"max_hp_gain":0,"max_hp_loss":0,"event_name":"Nest","floor":31,"gold_loss":0},{"damage_healed":0,"gold_gain":0,"player_choice":"Fight","damage_taken":0,"max_hp_gain":0,"max_hp_loss":0,"event_name":"Mysterious Sphere","floor":37,"gold_loss":0},{"damage_healed":0,"gold_gain":0,"player_choice":"Fight","damage_taken":0,"max_hp_gain":0,"max_hp_loss":0,"event_name":"HidenRoomEvent","floor":38,"gold_loss":0},{"cards_removed":["Defragment"],"damage_healed":0,"gold_gain":0,"player_choice":"Removed Power","damage_taken":0,"max_hp_gain":0,"max_hp_loss":0,"event_name":"Falling","floor":46,"gold_loss":0}],"is_beta":false,"boss_relics":[{"not_picked":["testmod-Motorcycle","PrismaticShard"],"picked":"InkBottle"},{"not_picked":[]},{"not_picked":["UnicornStump","Snecko Eye"],"picked":"SSSystem"},{"not_picked":[]}],"items_purged_floors":[3,10,20,28,28,36,48,53],"is_endless":false,"potions_floor_spawned":[2,4,13,16,21,25,29,33,37,38,39,40,42,47,54],"ascension_level":1}}