{"host":"8yon5n5je7lh4vc0","time":1614155772,"event":{"mods":["AchievementEnabler","BaseMod","BetterRewards","Downfall","Gold Saver","Good Game Mod","Highlight Path","Hubris","Infinite Spire","Minty Spire (QoL Compilation)","Permanent Neow","Quick Restart","Remilia（蕾米莉亚）","Remove Card Discount Mod","Replay The Spire","Shop Mod","Spicy Shops","StSLib","SuperFastMode","TestMod","The Animator","Thieving Mod","UnlockEverythingMod","篝火指南"],"gold_per_floor":[1271,1282,1282,1292,1292,1292,1322,278,278,309,309,320,333,333,160,236,236,252,252,252,262,278,303,303,337,337,354,354,366,366,379,18,103,103,119,128,0,71,71,71,92,131,186,230,254,20,20,42,42,42,42,42,42,40,65,65],"floor_reached":57,"language":"ZHS","playtime":6725,"items_purged":["Delirium","Bash","Strike_R","Strike_R","Strike_R","Defend_R","Strike_R","ReplayTheSpireMod:Strike From Hell","Abandon","downfall:Icky","ReplayReversal","hubris:ReadiedAction","Inflame","Strike_R","Defend_R","Writhe","Defend_R","Defend_R","Barricade","Headbutt","Pain","Warcry","Abandon"],"score":3920,"play_id":"e96573e9-333c-4686-b06a-d559c595be3d","local_time":"20210224163612","is_ascension_mode":true,"campfire_choices":[{"floor":6.0,"key":"REST"},{"floor":11,"key":"RECALL"},{"floor":24,"key":"REST"},{"data":"Barricade","floor":40,"key":"SMITH"},{"floor":49,"key":"REST"},{"data":"Entrench","floor":53,"key":"SMITH"}],"circlet_count":0,"master_deck":["AscendersBane","animator:Eris+1","Burning Pact","Entrench+1","Pommel Strike","testmod-Dream","Dark Shackles","ReplayTheSpireMod:Strike From Hell","Warcry","Havoc","ReplayTheSpireMod:Stacked","Seeing Red","ReplayTheSpireMod:Strike From Hell","Cleave","Armaments","Armaments","Metallicize","Bloodletting","Headbutt+1","Second Wind","Body Slam","Barricade+1","Dark Embrace","Havoc+1","True Grit","Armaments+1","Feel No Pain+1","Entrench+1"],"relics":["Burning Blood","testmod-TestBox","REME:ComplimentaryCards","testmod-CardMagician","Strange Spoon","hubris:BundleOfHerbs","infinitespire:WardingShard","ReplayTheSpireMod:CursedCoin","hubris:HerbalPaste","hubris:Spice","MerchantsRug","testmod-Alchemist","testmod-Register","Garlic","Snack Pack","Regal Pillow","Replay:Towering Pillar of Hats","Ring of Chaos","sneckomod:BabySnecko","hubris:TenFootPole","hubris:Icosahedron","hubris:Metronome","CeramicFish","Electric Blood","HornCleat","BranchBurnRelic"],"acts_visited":["Exordium","TheCity","TheBeyond","TheEnding"],"potions_floor_usage":[16,18,21,27,31,33,42],"damage_taken":[{"damage":8.0,"enemies":"infinitespire:Voidling","floor":1.0,"turns":2.0},{"damage":6.0,"enemies":"Small Slimes","floor":2.0,"turns":3.0},{"damage":11.0,"enemies":"Cultist","floor":4.0,"turns":4.0},{"damage":34.0,"enemies":"Replay:BlueRogue","floor":7.0,"turns":5.0},{"damage":6,"enemies":"Gremlin Nob","floor":10,"turns":3},{"damage":13,"enemies":"3 Louse","floor":12,"turns":5},{"damage":10,"enemies":"Blue Slaver","floor":13,"turns":2},{"damage":17,"enemies":"Hexaghost","floor":16,"turns":7},{"damage":6,"enemies":"2 Thieves","floor":18,"turns":2},{"damage":1,"enemies":"Shell Parasite","floor":21,"turns":5},{"damage":3,"enemies":"Snake Plant","floor":22,"turns":5},{"damage":90,"enemies":"Gremlin Leader","floor":23,"turns":8},{"damage":11,"enemies":"Replay:Snechameleon","floor":25,"turns":8},{"damage":69,"enemies":"Shelled Parasite and Fungi","floor":27,"turns":4},{"damage":11,"enemies":"Sentry and Sphere","floor":29,"turns":3},{"damage":16,"enemies":"Centurion and Healer","floor":31,"turns":10},{"damage":37,"enemies":"hubris:MusketHawk","floor":33,"turns":7},{"damage":12,"enemies":"Orb Walker","floor":35,"turns":3},{"damage":60,"enemies":"3 Darklings","floor":41,"turns":5},{"damage":50,"enemies":"Nightmare","floor":42,"turns":4},{"damage":58,"enemies":"Nemesis","floor":44,"turns":7},{"damage":18,"enemies":"Writhing Mass","floor":45,"turns":3},{"damage":18,"enemies":"Maw","floor":48,"turns":5},{"damage":31,"enemies":"Time Eater","floor":50,"turns":7},{"damage":27,"enemies":"hubris:GrandSnecko","floor":51,"turns":6},{"damage":26,"enemies":"Shield and Spear","floor":55,"turns":3},{"damage":125,"enemies":"The Heart","floor":56,"turns":10}],"seed_played":"8078507168559839853","potions_obtained":[{"floor":3.0,"key":"Regen Potion"},{"floor":3.0,"key":"Fire Potion"},{"floor":12,"key":"FearPotion"},{"floor":13,"key":"BlessingOfTheForge"},{"floor":16,"key":"Guardian:BlockOnCardUsePotion"},{"floor":18,"key":"ColorlessPotion"},{"floor":25,"key":"LiquidMemories"},{"floor":29,"key":"Swift Potion"},{"floor":35,"key":"Regen Potion"},{"floor":45,"key":"Block Potion"}],"is_trial":false,"path_per_floor":["M","M","?","M","?","R","E","R","T","E","R","M","M","AVR","R","B",null,"M","?","?","M","M","E","R","E","T","M","?","M","?","M","R","B",null,"M","?","$","?","T","R","M","NM","T","E","M","R","?","M","R","B","B",null,"R","$","E","B",null],"character_chosen":"IRONCLAD","items_purchased":["Strange Spoon","Inflame","Burning Pact","Entrench","ReplayTheSpireMod:CursedCoin","hubris:HerbalPaste","Warcry","testmod-Dream","Dark Shackles","hubris:Spice","MerchantsRug","testmod-Alchemist","testmod-Register","Garlic","Havoc","ReplayTheSpireMod:Strike From Hell","Orrery","Armaments","Metallicize","Abandon","Body Slam","Warcry","CeramicFish","Energy Potion","Dark Embrace","BloodPotion","Feel No Pain","FairyPotion"],"campfire_rested":3,"item_purchase_floors":[0,0,0,0,0,0,0,0,0,0,0,8,8,8,8,8,8,15,15,15,32,32,32,32,37,37,46,46],"current_hp_per_floor":[35,46,46,47,47,71,61,61,61,76,76,83,79,79,79,83,83,83,83,83,83,83,30,69,82,82,36,36,58,58,70,70,53,76,79,83,83,83,83,83,77,74,74,64,59,59,59,59,59,59,59,59,59,59,58,14],"gold":65,"neow_bonus":"","is_daily":false,"chose_seed":false,"campfire_upgraded":2,"win_rate":0.0,"timestamp":1614155772,"path_taken":["M","?","?","?","?","R","E","R","T","E","R","M","M","AVR","R","BOSS","M","?","?","M","?","E","R","E","T","M","?","M","?","?","R","BOSS","M","?","$","?","?","R","M","NM","T","E","?","R","?","?","R","BOSS","BOSS","R","$","E","BOSS"],"items_purchased_type":["Relic","Card","Card","Card","Relic","Relic","Card","Card","Card","Relic","Relic","Relic","Relic","Relic","Card","Card","Relic","Card","Card","Card","Card","Card","Relic","Potion","Card","Potion","Card","Potion"],"build_version":"2020-12-22","purchased_purges":23,"victory":true,"max_hp_per_floor":[83,83,83,83,83,83,83,83,83,83,83,83,83,83,83,83,83,83,83,83,83,83,83,83,83,83,83,83,83,83,83,83,83,83,83,83,83,83,83,83,83,91,83,67,59,59,59,59,59,59,59,59,59,59,59,59],"card_choices":[{"not_picked":["Uppercut","Iron Wave"],"picked":"ReplayTheSpireMod:Strike From Hell","floor":1.0},{"not_picked":["Thunderclap","Cleave"],"picked":"Warcry","floor":2.0},{"not_picked":["Anger","hubris:CleavingFinish"],"picked":"Headbutt","floor":4.0},{"not_picked":["Massacre","Perfected Strike"],"picked":"Barricade","floor":7.0},{"not_picked":["Wild Strike","Rampage"],"picked":"ReplayTheSpireMod:Stacked","floor":8.0},{"not_picked":["Ghostly Armor","Havoc"],"picked":"Seeing Red","floor":8.0},{"not_picked":["Disarm","Entrench"],"picked":"ReplayReversal","floor":8.0},{"not_picked":["Life Link","Perfected Strike"],"picked":"ReplayTheSpireMod:Strike From Hell","floor":8.0},{"not_picked":["Wild Strike","Anger"],"picked":"Cleave","floor":10},{"not_picked":["Intimidate","Clash"],"picked":"Armaments","floor":12},{"not_picked":["Clothesline","Replay:Undeath\u0027s Touch"],"picked":"Abandon","floor":13},{"not_picked":["Heavy Blade","Thunderclap","Clash"],"picked":"SKIP","floor":18},{"not_picked":["Rampage","hubris:CleavingFinish+1"],"picked":"hubris:ReadiedAction","floor":21},{"not_picked":["Replay:Undeath\u0027s Touch","True Grit"],"picked":"Bloodletting","floor":22},{"not_picked":["hubris:ReadiedAction","ReplayTheSpireMod:Strike From Hell","Blood for Blood+1"],"picked":"SKIP","floor":23},{"not_picked":["Wild Strike+1","Battle Trance"],"picked":"Headbutt+1","floor":25},{"not_picked":["Reckless Charge","Wild Strike","Sever Soul"],"picked":"SKIP","floor":27},{"not_picked":["Pommel Strike","Flex","Cleave"],"picked":"SKIP","floor":29},{"not_picked":["ReplayReversal","Havoc"],"picked":"Second Wind","floor":31},{"not_picked":["Demonic Infusion","hubris:StunningStrike"],"picked":"Barricade","floor":33},{"not_picked":["Clothesline","ReplayTheSpireMod:Strike From Hell","Rampage"],"picked":"SKIP","floor":35},{"not_picked":["Run Through","Metallicize"],"picked":"Havoc+1","floor":38},{"not_picked":["Disarm","Havoc"],"picked":"True Grit","floor":41},{"not_picked":["Clash","Whirlwind"],"picked":"Armaments+1","floor":42},{"not_picked":["Wild Strike","Clash"],"picked":"hubris:SpiceAddiction","floor":44},{"not_picked":["Metallicize+1","Sentinel"],"picked":"hubris:SpiceAddiction","floor":45},{"not_picked":["Body Slam+1","Hemokinesis"],"picked":"Entrench+1","floor":48},{"not_picked":["Whirlwind","Flex","hubris:CleavingFinish"],"picked":"SKIP","floor":55}],"player_experience":23208,"relics_obtained":[{"floor":7.0,"key":"Red Skull"},{"floor":9.0,"key":"Snack Pack"},{"floor":10,"key":"Regal Pillow"},{"floor":23,"key":"hubris:TenFootPole"},{"floor":25,"key":"Dead Branch"},{"floor":38,"key":"HornCleat"},{"floor":39,"key":"infinitespire:PuzzleCube"},{"floor":42,"key":"hubris:Spice"},{"floor":43,"key":"hubris:Spice"},{"floor":44,"key":"hubris:Spice"}],"event_choices":[{"damage_healed":0.0,"max_hp_gain":0.0,"max_hp_loss":0.0,"gold_gain":0.0,"event_name":"Lab","player_choice":"Got Potions","floor":3.0,"gold_loss":0.0,"damage_taken":0.0},{"cards_removed":["downfall:Bewildered"],"damage_healed":0,"gold_gain":0,"player_choice":"Purged","damage_taken":0,"max_hp_gain":0,"max_hp_loss":0,"event_name":"Purifier","floor":20,"gold_loss":0},{"damage_healed":17,"gold_gain":0,"player_choice":"Writhe","damage_taken":0,"max_hp_gain":0,"max_hp_loss":0,"event_name":"Winding Halls","floor":36,"gold_loss":0,"cards_obtained":["Writhe"]},{"damage_healed":0,"gold_gain":0,"player_choice":"Forge","damage_taken":0,"max_hp_gain":0,"max_hp_loss":0,"event_name":"Accursed Blacksmith","floor":47,"gold_loss":0,"cards_upgraded":["Feel No Pain"]}],"is_beta":false,"boss_relics":[{"not_picked":["testmod-Nine","Sozu"],"picked":"Ring of Chaos"},{"not_picked":["hubris:Spice","hubris:ScarierMask"],"picked":"Electric Blood"}],"items_purged_floors":[0,15,15,15,15,15,32,32,32,32,32,32,32,32,32,37,37,37,46,46,46,46,54],"is_endless":false,"potions_floor_spawned":[4,12,13,16,18,25,29,33,35,45],"ascension_level":20}}