{"host":"dlqyscxstsnu98l1","time":1614208405,"event":{"mods":["AchievementEnabler","BaseMod","Colored Map","Colored Powertips","GifTheSpireLib","Highlight Path","Minty Spire (QoL Compilation)","Random Character Button","SacredBarkPlus","StSLib","everything is the same but u backflip on backflip"],"gold_per_floor":[112,125,125,142,158,158,177,177,230,230,230],"floor_reached":10,"language":"ENG","playtime":372,"items_purged":[],"score":78,"play_id":"18625a64-9db7-443b-9ac4-efaf3378353f","local_time":"20210224171325","is_ascension_mode":true,"campfire_choices":[{"floor":6,"key":"REST"},{"floor":8,"key":"REST"}],"circlet_count":0,"master_deck":["Strike_P","Strike_P","Strike_P","Strike_P","Defend_P","Defend_P","Defend_P","Defend_P","Eruption","Vigilance","Protect","Halt","Adaptation","Vengeance","LikeWater"],"relics":["PureWater","Bronze Scales"],"acts_visited":["Exordium"],"potions_floor_usage":[],"damage_taken":[{"damage":0,"enemies":"Cultist","floor":1,"turns":2},{"damage":0,"enemies":"Small Slimes","floor":2,"turns":3},{"damage":2,"enemies":"Jaw Worm","floor":4,"turns":4},{"damage":39,"enemies":"Large Slime","floor":5,"turns":11},{"damage":39,"enemies":"Lots of Slimes","floor":7,"turns":6},{"damage":62,"enemies":"Gremlin Nob","floor":10,"turns":5}],"seed_played":"-384989781301483430","potions_obtained":[{"floor":7,"key":"LiquidBronze"}],"is_trial":false,"path_per_floor":["M","M","?","M","M","R","M","R","T","E"],"character_chosen":"WATCHER","items_purchased":[],"campfire_rested":2,"item_purchase_floors":[],"current_hp_per_floor":[72,72,72,70,31,54,15,38,38,0,0],"gold":230,"neow_bonus":"TEN_PERCENT_HP_BONUS","is_daily":false,"chose_seed":false,"campfire_upgraded":0,"win_rate":0.0,"timestamp":1614208405,"path_taken":["M","M","?","M","M","R","M","R","T","E"],"items_purchased_type":[],"build_version":"2020-12-22","purchased_purges":0,"victory":false,"max_hp_per_floor":[79,79,79,79,79,79,79,79,79,79,79],"card_choices":[{"not_picked":["FlyingSleeves","JustLucky"],"picked":"Protect","floor":1},{"not_picked":["CarveReality","EmptyBody","JustLucky"],"picked":"SKIP","floor":2},{"not_picked":["InnerPeace","ClearTheMind"],"picked":"Adaptation","floor":4},{"not_picked":["Protect","CutThroughFate"],"picked":"Vengeance","floor":5},{"not_picked":["Prostrate","PathToVictory"],"picked":"LikeWater","floor":7}],"player_experience":278014,"relics_obtained":[{"floor":9,"key":"Bronze Scales"}],"event_choices":[{"damage_healed":0,"gold_gain":0,"player_choice":"1 cards matched","damage_taken":0,"max_hp_gain":0,"max_hp_loss":0,"event_name":"Match and Keep!","floor":3,"gold_loss":0,"cards_obtained":["Halt"]}],"is_beta":false,"boss_relics":[],"items_purged_floors":[],"is_endless":false,"potions_floor_spawned":[7],"killed_by":"Gremlin Nob","ascension_level":6}}