{"host":"wugyjexek1po53fc","time":1614139781,"event":{"mods":["Act Like it!","BaseMod","Challenge The Spire","Colored Powertips","Downfall","Gensokyo","Good Game Mod","Infinite Spire","Library of Ruina","Library of Ruina Extra","Minty Spire (QoL Compilation)","Quick Restart","Replay The Spire","Spicy Shops","StSLib","SuperFastMode","The Administrix","The Animator","The Construct","The Marked"],"gold_per_floor":[398,298,408,528,638,638,364,66,183,295,410,410,86,86,205,321,431,551],"floor_reached":19,"language":"ZHS","playtime":981,"items_purged":["DegradedShockwave","DegradedPillar","DegradedPillar","DegradedLock","DegradedChain"],"score":2740,"play_id":"63aabfe6-133d-41ca-99c5-5a95604be480","local_time":"20210224120941","daily_mods":["challengethespire:Bronze Difficulty","challengethespire:Boss Rush","Uncertain Future"],"is_ascension_mode":false,"campfire_choices":[{"floor":14,"key":"REST"}],"circlet_count":0,"master_deck":["DegradedFairy","DegradedFairy","DegradedFairy","DegradedChain","Commandeering","Commandeering","Parry2","GatherIntel","WaitUp","WaitUp","FrontalAssault","WaitUp","WaitUp","WaitUp"],"relics":["PageOfLibrarian","REME:ComplimentaryCards","DollysMirror","PageOfBloodbath","Bottled Lightning","Happy Flower","Fusion Hammer","PageOfSingingMachine","Strange Spoon","Anchor","Shuriken","Slimebound:PreparedRelic","SlaversCollar","ReplayTheSpireMod:TigerMarble","Akabeko","PageOfTheQueenOfHatred","PageOfTheKnightOfDespair","PageOfGreed"],"acts_visited":["Exordium"],"potions_floor_usage":[18],"damage_taken":[{"damage":0,"enemies":"Slime Boss","floor":3,"turns":2},{"damage":0,"enemies":"Hexaghost","floor":4,"turns":4},{"damage":0,"enemies":"The Guardian","floor":5,"turns":4},{"damage":0,"enemies":"Automaton","floor":9,"turns":2},{"damage":0,"enemies":"Collector","floor":10,"turns":2},{"damage":0,"enemies":"Champ","floor":11,"turns":2},{"damage":0,"enemies":"Donu and Deca","floor":15,"turns":1},{"damage":0,"enemies":"Time Eater","floor":16,"turns":3},{"damage":0,"enemies":"Awakened One","floor":17,"turns":2},{"damage":13,"enemies":"The Heart","floor":18,"turns":3}],"seed_played":"-4611156097058961027","potions_obtained":[{"floor":3,"key":"Guardian:BlockOnCardUsePotion"},{"floor":4,"key":"Adrenaline Potion"},{"floor":16,"key":"Flashbang"}],"is_trial":true,"path_per_floor":["$","$","M","M","M","T","$","$","M","M","M","T","$","R","M","M","M","M",null],"character_chosen":"Librarian","items_purchased":["Commandeering","DollysMirror","PageOfBloodbath","Parry2","PageOfSingingMachine","Strange Spoon","ReplayTheSpireMod:TigerMarble"],"campfire_rested":1,"item_purchase_floors":[1,1,1,1,7,8,13],"current_hp_per_floor":[60,60,60,60,60,60,60,60,60,60,60,60,60,87,87,87,90,78],"gold":551,"neow_bonus":"","is_daily":false,"chose_seed":false,"campfire_upgraded":0,"win_rate":0.0,"timestamp":1614139781,"path_taken":["$","$","M","M","M","T","$","$","M","M","M","T","$","R","M","M","M","M"],"items_purchased_type":["Card","Relic","Relic","Card","Relic","Relic","Relic"],"build_version":"2020-12-22","purchased_purges":5,"victory":true,"max_hp_per_floor":[90,90,90,90,90,90,90,90,90,90,90,90,90,90,90,90,90,90],"card_choices":[],"player_experience":86834,"relics_obtained":[{"floor":3,"key":"Bottled Lightning"},{"floor":5,"key":"Happy Flower"},{"floor":9,"key":"Anchor"},{"floor":10,"key":"Shuriken"},{"floor":11,"key":"Slimebound:PreparedRelic"},{"floor":15,"key":"Akabeko"},{"floor":16,"key":"PageOfTheQueenOfHatred"},{"floor":17,"key":"PageOfTheKnightOfDespair"},{"floor":18,"key":"PageOfGreed"}],"event_choices":[],"is_beta":false,"boss_relics":[{"not_picked":["Pantograph","bronze:MakeshiftBattery"],"picked":"Fusion Hammer"},{"not_picked":["construct:WeddingRing","infinitespire:Cupcake"],"picked":"SlaversCollar"}],"items_purged_floors":[1,2,7,8,13],"is_endless":false,"potions_floor_spawned":[3,4,16],"ascension_level":0}}