{"host":"p0hktren06injwdf","time":1614184204,"event":{"mods":["AchievementEnabler","BaseMod","Colored Map","DeckTracker","Minty Spire (QoL Compilation)","Permanent Neow","StSLib","SuperFastMode"],"gold_per_floor":[119,132,132,57,72,72,104,29,54,65,81,113,130,161,161,240,240,254,154,154,54,54],"floor_reached":21,"language":"KOR","playtime":367,"items_purged":["Strike_P","Strike_P"],"score":448,"play_id":"94487cd7-fdd3-43eb-997c-766b602e7e0c","local_time":"20210225013004","is_ascension_mode":true,"campfire_choices":[{"data":"Eruption","floor":6,"key":"SMITH"},{"floor":15,"key":"REST"}],"circlet_count":0,"master_deck":["AscendersBane","Strike_P","Strike_P","Defend_P","Defend_P","Defend_P","Eruption+1","Vigilance","MasterReality","FearNoEvil","BattleHymn","Wallop","MentalFortress","InnerPeace","Establishment","ConjureBlade"],"relics":["PureWater","Damaru","Omamori","Vajra","StoneCalendar","Fusion Hammer"],"acts_visited":["Exordium","TheCity"],"potions_floor_usage":[7,12,14,14],"damage_taken":[{"damage":23,"enemies":"Jaw Worm","floor":1,"turns":7},{"damage":3,"enemies":"2 Louse","floor":2,"turns":2},{"damage":0,"enemies":"Cultist","floor":5,"turns":2},{"damage":0,"enemies":"Lagavulin","floor":7,"turns":4},{"damage":3,"enemies":"Blue Slaver","floor":10,"turns":3},{"damage":0,"enemies":"3 Louse","floor":11,"turns":3},{"damage":32,"enemies":"3 Sentries","floor":12,"turns":7},{"damage":2,"enemies":"Looter","floor":13,"turns":3},{"damage":6,"enemies":"Lagavulin","floor":14,"turns":5},{"damage":13,"enemies":"Hexaghost","floor":16,"turns":7},{"damage":31,"enemies":"Shell Parasite","floor":18,"turns":3},{"damage":39,"enemies":"2 Thieves","floor":21,"turns":3}],"seed_played":"-652896718490696521","potions_obtained":[{"floor":1,"key":"CultistPotion"},{"floor":5,"key":"Dexterity Potion"},{"floor":10,"key":"SpeedPotion"},{"floor":13,"key":"SteroidPotion"}],"is_trial":false,"path_per_floor":["M","M","?","$","M","R","E","?","T","M","M","E","M","E","R","B",null,"M","$","?","M"],"character_chosen":"WATCHER","items_purchased":[],"campfire_rested":1,"item_purchase_floors":[],"current_hp_per_floor":[38,35,57,57,57,57,57,57,57,54,54,22,20,14,34,21,56,25,25,25,0,0],"gold":54,"neow_bonus":"ONE_RANDOM_RARE_CARD","is_daily":false,"chose_seed":false,"campfire_upgraded":1,"win_rate":0.0,"timestamp":1614184204,"path_taken":["M","M","?","$","M","R","E","?","T","M","M","E","M","E","R","BOSS","M","$","?","M"],"items_purchased_type":[],"build_version":"2020-12-22","purchased_purges":2,"victory":false,"max_hp_per_floor":[68,68,68,68,68,68,68,68,68,68,68,68,68,68,68,68,68,68,68,68,68,68],"card_choices":[{"not_picked":["Fasting2","EmptyMind"],"picked":"FearNoEvil","floor":1},{"not_picked":["Protect","ThirdEye"],"picked":"BattleHymn","floor":2},{"not_picked":["PathToVictory","Prostrate","ClearTheMind"],"picked":"SKIP","floor":5},{"not_picked":["WindmillStrike","Protect","CrushJoints"],"picked":"SKIP","floor":7},{"not_picked":["CutThroughFate","FollowUp"],"picked":"Wallop","floor":10},{"not_picked":["FlyingSleeves","Meditate"],"picked":"MentalFortress","floor":11},{"not_picked":["SashWhip","EmptyFist"],"picked":"InnerPeace","floor":12},{"not_picked":["Vengeance","Pray","EmptyBody"],"picked":"SKIP","floor":13},{"not_picked":["ReachHeaven","Wireheading"],"picked":"Establishment","floor":14},{"not_picked":["Omniscience","Brilliance"],"picked":"ConjureBlade","floor":16},{"not_picked":["ClearTheMind","Collect","FlurryOfBlows"],"picked":"SKIP","floor":18}],"player_experience":1110412,"relics_obtained":[{"floor":7,"key":"Damaru"},{"floor":9,"key":"Omamori"},{"floor":12,"key":"Vajra"},{"floor":14,"key":"StoneCalendar"}],"event_choices":[{"damage_healed":22,"gold_gain":0,"player_choice":"Banana","damage_taken":0,"max_hp_gain":0,"max_hp_loss":0,"event_name":"Big Fish","floor":3,"gold_loss":0},{"cards_removed":["Defend_P"],"damage_healed":0,"gold_gain":0,"player_choice":"Card Removal","damage_taken":0,"max_hp_gain":0,"max_hp_loss":0,"event_name":"The Cleric","floor":8,"gold_loss":75},{"damage_healed":0,"gold_gain":0,"player_choice":"Ignored","damage_taken":0,"max_hp_gain":0,"max_hp_loss":0,"event_name":"Vampires","floor":20,"gold_loss":0}],"is_beta":false,"boss_relics":[{"not_picked":["Coffee Dripper","Black Star"],"picked":"Fusion Hammer"}],"items_purged_floors":[4,19],"is_endless":false,"potions_floor_spawned":[1,5,10,13],"killed_by":"2 Thieves","ascension_level":20}}