{"host":"8lcbm2v5cw7pb9tu","time":1614140800,"event":{"mods":["AchievementEnabler","BaseMod","Block Reminder","Colored Map","Colored Powertips","Highlight Path","Minty Spire (QoL Compilation)","Random Character Button","Rare Cards Sparkle","StSLib","everything is the same but u backflip on backflip"],"gold_per_floor":[10,23,123,138,151,485,502,502,557,589,604,604,569,594,594,692,692,702,792,809,820,836,836,865,865,890,308,339,339,339,370,370,473,473,491,491,491,507,521,521,521],"floor_reached":40,"language":"ENG","playtime":11001,"items_purged":["Shame"],"score":563,"play_id":"9a058b5b-44d0-4e75-abea-b78c8ebe7657","local_time":"20210223202640","is_ascension_mode":true,"campfire_choices":[{"floor":8.0,"key":"REST"},{"data":"Neutralize","floor":15.0,"key":"SMITH"},{"floor":23.0,"key":"REST"},{"floor":25.0,"key":"REST"},{"floor":32.0,"key":"REST"}],"circlet_count":0,"master_deck":["Strike_G+1","Strike_G+1","Strike_G+1","Strike_G+1","Strike_G+1","Defend_G+1","Defend_G+1","Defend_G+1","Defend_G+1","Defend_G+1","Survivor","Neutralize+1","Poisoned Stab","Sucker Punch","Heel Hook","Prepared","Bouncing Flask","Dash","Flying Knee","Sucker Punch","Glass Knife","Blade Dance","Crippling Poison","Noxious Fumes+1","Dagger Throw","Predator+1","Backstab","Noxious Fumes","Flying Knee+1","Decay","Setup","Night Terror","Endless Agony","Madness","Madness","Well Laid Plans+1","Quick Slash+1"],"relics":["Ring of the Snake","Old Coin","Sundial","Toy Ornithopter","Orichalcum","Cursed Key","CaptainsWheel","Regal Pillow","Strange Spoon","Letter Opener","Question Card","Unceasing Top","WristBlade"],"acts_visited":["Exordium","TheCity","TheBeyond"],"potions_floor_usage":[39,40],"damage_taken":[{"damage":1.0,"enemies":"Jaw Worm","floor":1.0,"turns":6.0},{"damage":2.0,"enemies":"Cultist","floor":2.0,"turns":4.0},{"damage":4.0,"enemies":"Small Slimes","floor":4.0,"turns":5.0},{"damage":5.0,"enemies":"2 Fungi Beasts","floor":5.0,"turns":3.0},{"damage":25.0,"enemies":"Lagavulin","floor":6.0,"turns":7.0},{"damage":12.0,"enemies":"Exordium Thugs","floor":7.0,"turns":5.0},{"damage":12.0,"enemies":"3 Sentries","floor":10.0,"turns":12.0},{"damage":1.0,"enemies":"Large Slime","floor":11.0,"turns":6.0},{"damage":11.0,"enemies":"Lagavulin","floor":14.0,"turns":6.0},{"damage":11.0,"enemies":"Hexaghost","floor":16.0,"turns":9.0},{"damage":17.0,"enemies":"3 Byrds","floor":18.0,"turns":4.0},{"damage":5.0,"enemies":"Chosen","floor":20.0,"turns":4.0},{"damage":21.0,"enemies":"Sentry and Sphere","floor":21.0,"turns":4.0},{"damage":21.0,"enemies":"Centurion and Healer","floor":22.0,"turns":5.0},{"damage":18.0,"enemies":"Gremlin Leader","floor":24.0,"turns":7.0},{"damage":19.0,"enemies":"Slavers","floor":28.0,"turns":4.0},{"damage":8.0,"enemies":"Book of Stabbing","floor":31.0,"turns":4.0},{"damage":82.0,"enemies":"Collector","floor":33.0,"turns":11.0},{"damage":11,"enemies":"Orb Walker","floor":35,"turns":3},{"damage":1,"enemies":"3 Shapes","floor":38,"turns":4},{"damage":15,"enemies":"Jaw Worm Horde","floor":39,"turns":3},{"damage":67,"enemies":"Giant Head","floor":40,"turns":7}],"seed_played":"-2747321300135371689","potions_obtained":[{"floor":5.0,"key":"SteroidPotion"},{"floor":7.0,"key":"SpeedPotion"},{"floor":11.0,"key":"SpeedPotion"},{"floor":16.0,"key":"FairyPotion"},{"floor":18.0,"key":"DuplicationPotion"},{"floor":21.0,"key":"FearPotion"},{"floor":28.0,"key":"Strength Potion"},{"floor":39,"key":"ColorlessPotion"}],"is_trial":false,"path_per_floor":["M","M","?","M","M","E","M","R","T","E","M","?","?","E","R","B",null,"M","?","M","M","M","R","E","R","T","$","E","?","?","E","R","B",null,"M","?","?","M","M","E"],"character_chosen":"THE_SILENT","items_purchased":["Strange Spoon","Letter Opener","Backstab","Noxious Fumes"],"campfire_rested":4,"item_purchase_floors":[27,27,27,27],"current_hp_per_floor":[83,81,81,77,72,47,35,60,60,48,47,40,61,50,50,44,84,67,55,50,34,18,43,25,50,50,50,31,31,31,23,63,7,84,73,62,62,61,51,0,0],"gold":521,"neow_bonus":"TWENTY_PERCENT_HP_BONUS","is_daily":false,"chose_seed":false,"campfire_upgraded":1,"win_rate":0.0,"timestamp":1614140800,"path_taken":["M","M","?","M","M","E","?","R","T","E","M","?","?","E","R","BOSS","M","?","M","M","M","R","E","R","T","$","E","?","?","E","R","BOSS","M","?","?","M","M","E"],"items_purchased_type":["Relic","Relic","Card","Card"],"build_version":"2020-12-22","purchased_purges":1,"victory":false,"max_hp_per_floor":[84,84,84,84,84,84,84,84,84,84,84,84,84,84,84,84,84,84,84,84,84,84,84,84,84,84,84,84,84,84,84,84,84,84,84,84,84,84,84,84,84],"card_choices":[{"not_picked":["Slice","Footwork"],"picked":"Poisoned Stab","floor":1.0},{"not_picked":["Dagger Spray","Quick Slash"],"picked":"Sucker Punch","floor":2.0},{"not_picked":["Leg Sweep","Cloak And Dagger"],"picked":"Heel Hook","floor":4.0},{"not_picked":["Underhanded Strike","All Out Attack"],"picked":"Prepared","floor":5.0},{"not_picked":["Eviscerate","Dagger Spray"],"picked":"Bouncing Flask","floor":6.0},{"not_picked":["Tactician","Concentrate"],"picked":"Dash","floor":7.0},{"not_picked":["Wraith Form v2","Bouncing Flask"],"picked":"Flying Knee","floor":10.0},{"not_picked":["Acrobatics","Dodge and Roll","Underhanded Strike"],"picked":"SKIP","floor":11.0},{"not_picked":["Riddle With Holes","Outmaneuver"],"picked":"Sucker Punch","floor":14.0},{"not_picked":["Wraith Form v2","Grand Finale"],"picked":"Glass Knife","floor":16.0},{"not_picked":["Dodge and Roll","Outmaneuver"],"picked":"Blade Dance","floor":18.0},{"not_picked":["Dodge and Roll","Flying Knee"],"picked":"Crippling Poison","floor":20.0},{"not_picked":["Bane+1","Prepared"],"picked":"Noxious Fumes+1","floor":21.0},{"not_picked":["Underhanded Strike+1","Backflip"],"picked":"Dagger Throw","floor":22.0},{"not_picked":["Unload","Deflect"],"picked":"Predator+1","floor":24.0},{"not_picked":["Deflect","Quick Slash"],"picked":"Flying Knee+1","floor":28.0},{"not_picked":["Outmaneuver","Prepared+1","Dodge and Roll"],"picked":"Setup","floor":31.0},{"not_picked":["Burst","Doppelganger","Grand Finale"],"picked":"Night Terror","floor":33.0},{"not_picked":["Tactician+1","Dagger Spray+1","Masterful Stab"],"picked":"Endless Agony","floor":35},{"not_picked":["PiercingWail","Dagger Spray","Riddle With Holes"],"picked":"Well Laid Plans+1","floor":38},{"not_picked":["Backflip","Deadly Poison","Deflect+1"],"picked":"Quick Slash+1","floor":39}],"player_experience":511991,"relics_obtained":[{"floor":6.0,"key":"Old Coin"},{"floor":10.0,"key":"Sundial"},{"floor":14.0,"key":"Orichalcum"},{"floor":24.0,"key":"CaptainsWheel"},{"floor":26.0,"key":"Regal Pillow"},{"floor":28.0,"key":"Question Card"},{"floor":31.0,"key":"Unceasing Top"}],"event_choices":[{"damage_healed":0.0,"max_hp_gain":0.0,"max_hp_loss":0.0,"gold_gain":100.0,"event_name":"Wheel of Change","player_choice":"Gold","floor":3.0,"gold_loss":0.0,"damage_taken":0.0},{"damage_healed":0.0,"max_hp_gain":0.0,"max_hp_loss":0.0,"gold_gain":0.0,"event_name":"Scrap Ooze","player_choice":"Success","floor":12.0,"gold_loss":0.0,"damage_taken":7.0,"relics_obtained":["Toy Ornithopter"]},{"damage_healed":21.0,"max_hp_gain":0.0,"max_hp_loss":0.0,"gold_gain":0.0,"event_name":"The Cleric","player_choice":"Healed","floor":13.0,"gold_loss":35.0,"damage_taken":0.0},{"damage_healed":0.0,"max_hp_gain":0.0,"max_hp_loss":0.0,"gold_gain":90.0,"event_name":"Knowing Skull","player_choice":"GOLD ","floor":19.0,"potions_obtained":[],"gold_loss":0.0,"damage_taken":12.0,"cards_obtained":[]},{"damage_healed":0.0,"max_hp_gain":0.0,"max_hp_loss":0.0,"gold_gain":0.0,"event_name":"Forgotten Altar","player_choice":"Smashed Altar","floor":29.0,"gold_loss":0.0,"damage_taken":0.0,"cards_obtained":["Decay"]},{"damage_healed":0.0,"max_hp_gain":0.0,"max_hp_loss":0.0,"gold_gain":0.0,"event_name":"Back to Basics","player_choice":"Simplicity","floor":30.0,"gold_loss":0.0,"damage_taken":0.0,"cards_upgraded":["Strike_G","Strike_G","Strike_G","Strike_G","Strike_G","Defend_G","Defend_G","Defend_G","Defend_G","Defend_G"]},{"damage_healed":0,"gold_gain":0,"player_choice":"Embrace Madness","damage_taken":11,"max_hp_gain":0,"max_hp_loss":0,"event_name":"Winding Halls","floor":36,"gold_loss":0,"cards_obtained":["Madness","Madness"]},{"damage_healed":0,"gold_gain":0,"player_choice":"Ignored","damage_taken":0,"max_hp_gain":0,"max_hp_loss":0,"event_name":"Mysterious Sphere","floor":37,"gold_loss":0}],"is_beta":false,"boss_relics":[{"not_picked":["Runic Dome","Ectoplasm"],"picked":"Cursed Key"},{"not_picked":["Snecko Eye","Empty Cage"],"picked":"WristBlade"}],"items_purged_floors":[27],"is_endless":false,"potions_floor_spawned":[5,7,11,16,18,21,28,39],"killed_by":"Giant Head","ascension_level":2}}