{"host":"j9610sde00vfp93k","time":1614157719,"event":{"mods":["AchievementEnabler","BaseMod","Gold Saver","Minty Spire (QoL Compilation)","Permanent Neow","Rare Cards Sparkle","Spire Arcade","StSLib","SuperFastMode","The Marked"],"gold_per_floor":[650,609,609,784,803,803,833,833,859,896,908,908],"floor_reached":11,"language":"ENG","playtime":387,"items_purged":[],"score":94,"play_id":"b882b40b-8880-4387-bc3a-d3b4e4cd92df","local_time":"20210224170839","is_ascension_mode":false,"campfire_choices":[{"data":"theMarked:ComboAttacks","floor":6,"key":"SMITH"}],"circlet_count":0,"master_deck":["theMarked:Strike","theMarked:Strike","theMarked:Strike","theMarked:Strike","theMarked:Strike","theMarked:Defend","theMarked:Defend","theMarked:Defend","theMarked:Defend","theMarked:SoldierOfQuellstein","theMarked:ComboAttacks+1","theMarked:Standoff","Doubt","theMarked:MysticalArsenal","theMarked:ElectricStrings","theMarked:Opportunist"],"relics":["theMarked:ArtifactOfAir","NeowsBlessing","Singing Bowl","Matryoshka","Golden Idol","Blood Vial","MawBank","Odd Mushroom"],"acts_visited":["Exordium"],"potions_floor_usage":[11,11],"damage_taken":[{"damage":0,"enemies":"Small Slimes","floor":1,"turns":1},{"damage":0,"enemies":"Jaw Worm","floor":5,"turns":1},{"damage":0,"enemies":"Gremlin Nob","floor":7,"turns":1},{"damage":43,"enemies":"The Mushroom Lair","floor":10,"turns":5},{"damage":26,"enemies":"3 Sentries","floor":11,"turns":4}],"seed_played":"-8207024738714962134","potions_obtained":[{"floor":1,"key":"Regen Potion"},{"floor":5,"key":"FearPotion"},{"floor":7,"key":"BlessingOfTheForge"}],"is_trial":false,"path_per_floor":["M","$","?","?","M","R","E","?","T","?","E"],"character_chosen":"THE_DEFAULT","items_purchased":["theMarked:Standoff"],"campfire_rested":0,"item_purchase_floors":[2],"current_hp_per_floor":[72,72,65,65,65,65,65,47,47,6,0,0],"gold":908,"neow_bonus":"THREE_ENEMY_KILL","is_daily":false,"chose_seed":false,"campfire_upgraded":1,"win_rate":0.0,"timestamp":1614157719,"path_taken":["M","$","?","?","M","R","E","?","T","?","E"],"items_purchased_type":["Card"],"build_version":"2020-12-22","purchased_purges":0,"victory":false,"max_hp_per_floor":[72,72,72,72,72,72,72,72,72,72,72,72],"card_choices":[{"not_picked":["theMarked:StartUp","theMarked:Improvise"],"picked":"theMarked:ComboAttacks","floor":1},{"not_picked":["theMarked:RepellingDischarge","theMarked:ResourceFulStrike"],"picked":"theMarked:MysticalArsenal","floor":5},{"not_picked":["theMarked:ChainLightning","theMarked:Memento"],"picked":"theMarked:ElectricStrings","floor":7},{"not_picked":["theMarked:BanishingWave","theMarked:WardOff"],"picked":"theMarked:Opportunist","floor":10}],"player_experience":230956,"relics_obtained":[{"floor":7,"key":"Matryoshka"},{"floor":9,"key":"Blood Vial"},{"floor":9,"key":"MawBank"},{"floor":10,"key":"Odd Mushroom"}],"event_choices":[{"damage_healed":0,"gold_gain":0,"player_choice":"Success","damage_taken":7,"relics_obtained":["Singing Bowl"],"max_hp_gain":0,"max_hp_loss":0,"event_name":"Scrap Ooze","floor":3,"gold_loss":0},{"damage_healed":0,"gold_gain":175,"player_choice":"AGREE","damage_taken":0,"max_hp_gain":0,"max_hp_loss":0,"event_name":"Liars Game","floor":4,"gold_loss":0,"cards_obtained":["Doubt"]},{"damage_healed":0,"gold_gain":0,"player_choice":"Take Damage","damage_taken":18,"relics_obtained":["Golden Idol"],"max_hp_gain":0,"max_hp_loss":0,"event_name":"Golden Idol","floor":8,"gold_loss":0},{"damage_healed":0,"gold_gain":0,"player_choice":"Fought Mushrooms","damage_taken":0,"max_hp_gain":0,"max_hp_loss":0,"event_name":"Mushrooms","floor":10,"gold_loss":0}],"is_beta":false,"boss_relics":[],"items_purged_floors":[],"is_endless":false,"potions_floor_spawned":[1,5,7,10],"killed_by":"3 Sentries","ascension_level":0}}