{"host":"iptbjd7kkdc69fbc","time":1614126083,"event":{"mods":["BaseMod","Colored Map","Colored Powertips","Highlight Path","Minty Spire (QoL Compilation)","StSLib"],"gold_per_floor":[112,132,132,152,169,195,195,211,211,211,18,53,64,94,94,94,94],"floor_reached":16,"language":"ENG","playtime":1561,"items_purged":[],"score":140,"play_id":"636025b8-6218-40d9-a65d-be164ea5b20f","local_time":"20210224012123","is_ascension_mode":true,"campfire_choices":[{"data":"Bash","floor":7,"key":"SMITH"},{"data":"Blood for Blood","floor":10,"key":"SMITH"},{"data":"Power Through","floor":15,"key":"SMITH"}],"circlet_count":0,"master_deck":["Strike_R","Strike_R","Strike_R","Strike_R","Strike_R","Defend_R","Defend_R","Defend_R","Defend_R","Bash+1","Blood for Blood+1","Evolve","Thunderclap","Evolve","Second Wind","Feed","Warcry","Uppercut","Headbutt","Power Through+1"],"relics":["Burning Blood","NeowsBlessing","Lantern","WingedGreaves","Kunai","TungstenRod"],"acts_visited":["Exordium"],"potions_floor_usage":[6,6,8,16],"damage_taken":[{"damage":0.0,"enemies":"Small Slimes","floor":1.0,"turns":1.0},{"damage":0.0,"enemies":"Cultist","floor":2.0,"turns":1.0},{"damage":0,"enemies":"2 Louse","floor":4,"turns":1},{"damage":20,"enemies":"Exordium Wildlife","floor":5,"turns":6},{"damage":7,"enemies":"3 Sentries","floor":6,"turns":3},{"damage":6,"enemies":"3 Louse","floor":8,"turns":2},{"damage":20,"enemies":"Gremlin Nob","floor":12,"turns":4},{"damage":17,"enemies":"Large Slime","floor":13,"turns":6},{"damage":25,"enemies":"3 Sentries","floor":14,"turns":7},{"damage":33,"enemies":"The Guardian","floor":16,"turns":6}],"seed_played":"5004647023759193891","potions_obtained":[{"floor":2,"key":"SneckoOil"},{"floor":4,"key":"AttackPotion"},{"floor":6,"key":"SteroidPotion"},{"floor":14,"key":"ColorlessPotion"}],"is_trial":false,"path_per_floor":["M","M","?","M","M","E","R","M","T","R","$","E","M","E","R","B"],"character_chosen":"IRONCLAD","items_purchased":["Feed","Warcry"],"campfire_rested":0,"item_purchase_floors":[11,11],"current_hp_per_floor":[80,80,80,80,66,65,65,65,65,65,65,54,46,30,30,0,0],"gold":94,"neow_bonus":"THREE_ENEMY_KILL","is_daily":false,"chose_seed":false,"campfire_upgraded":3,"win_rate":0.0,"timestamp":1614126083,"path_taken":["M","M","?","?","M","E","R","M","T","R","$","E","?","E","R","BOSS"],"items_purchased_type":["Card","Card"],"build_version":"2020-12-22","purchased_purges":0,"victory":false,"max_hp_per_floor":[80,80,80,80,80,80,80,80,80,80,80,83,86,89,89,89,89],"card_choices":[{"not_picked":["Flex","Clash"],"picked":"Spot Weakness","floor":1.0},{"not_picked":["Body Slam","Clash"],"picked":"Blood for Blood","floor":2},{"not_picked":["Pommel Strike","Headbutt"],"picked":"Evolve","floor":4},{"not_picked":["Sword Boomerang","Twin Strike"],"picked":"Thunderclap","floor":5},{"not_picked":["Sever Soul","Flex"],"picked":"Evolve","floor":6},{"not_picked":["Carnage","Sever Soul"],"picked":"Second Wind","floor":8},{"not_picked":["Clothesline","Perfected Strike"],"picked":"Uppercut","floor":12},{"not_picked":["Iron Wave","Thunderclap"],"picked":"Headbutt","floor":13},{"not_picked":["Thunderclap","Feed"],"picked":"Power Through","floor":14}],"player_experience":253200,"relics_obtained":[{"floor":6,"key":"Lantern"},{"floor":9,"key":"WingedGreaves"},{"floor":12,"key":"Kunai"},{"floor":14,"key":"TungstenRod"}],"event_choices":[{"cards_removed":["Spot Weakness"],"damage_healed":0,"gold_gain":0,"player_choice":"Offered Uncommon","damage_taken":0,"max_hp_gain":0,"max_hp_loss":0,"event_name":"Bonfire Elementals","floor":3,"gold_loss":0}],"is_beta":false,"boss_relics":[],"items_purged_floors":[],"is_endless":false,"potions_floor_spawned":[2,4,6,14],"killed_by":"The Guardian","ascension_level":3}}