{"host":"v4nyfngrgywi7zc6","time":1614185042,"event":{"mods":["2.2 Compatiblity","Act Like it!","BaseMod","Custom Start","Friendly Minions","Minty Spire (QoL Compilation)","Reliquary","Ruina","Shade Mod","Shop Mod","StSLib","The Cursed","The Judge","The Jungle","The Marked","The Mystic","The Necromancer","The Saiyan"],"gold_per_floor":[110,35,35,47,62,91,91,91,164,164,174,204,204,215,215,316,316,326,326,412,428,447,447,447,447],"floor_reached":24,"language":"ENG","playtime":1288,"items_purged":["theMarked:Strike"],"score":206,"play_id":"cb50fc4d-5e73-4288-854e-161357762103","local_time":"20210224104402","is_ascension_mode":false,"campfire_choices":[{"data":"theMarked:WardOff","floor":8,"key":"SMITH"},{"floor":10,"key":"REST"},{"data":"theMarked:Seal","floor":13,"key":"SMITH"},{"data":"theMarked:AttractMetal","floor":15,"key":"SMITH"},{"floor":23,"key":"REST"}],"circlet_count":0,"master_deck":["theMarked:Strike","theMarked:Strike","theMarked:Strike","theMarked:Strike","theMarked:Defend","theMarked:Defend","theMarked:Defend","theMarked:Defend","theMarked:SoldierOfQuellstein+1","theMarked:BanishingStrike","theMarked:WardOff+1","theMarked:EternalStudent","theMarked:AttractMetal+1","theMarked:Seal+1","theMarked:BanishingStrike","theMarked:Vacuum","CurseOfTheBell","theMarked:Memento","theMarked:WardOff","theMarked:Vacuum"],"relics":["reliquary:WritOfMandamus","Toy Ornithopter","theMarked:Gun","Calling Bell","Oddly Smooth Stone","Letter Opener","Prayer Wheel","Frozen Eye"],"acts_visited":["Exordium","Exordium"],"potions_floor_usage":[12,16,16],"damage_taken":[{"damage":3,"enemies":"Jaw Worm","floor":1,"turns":5},{"damage":0,"enemies":"Cultist","floor":4,"turns":3},{"damage":0,"enemies":"Small Slimes","floor":5,"turns":3},{"damage":21,"enemies":"Lagavulin","floor":6,"turns":5},{"damage":8,"enemies":"2 Fungi Beasts","floor":11,"turns":3},{"damage":12,"enemies":"3 Sentries","floor":12,"turns":6},{"damage":2,"enemies":"Exordium Wildlife","floor":14,"turns":4},{"damage":13,"enemies":"Hexaghost","floor":16,"turns":7},{"damage":6,"enemies":"ruina:2_Scarecrows","floor":18,"turns":4},{"damage":13,"enemies":"ruina:3_Bats","floor":21,"turns":4},{"damage":20,"enemies":"ruina:Woodsman","floor":22,"turns":3},{"damage":0,"enemies":"ruina:3_Scarecrows","floor":24,"turns":1}],"seed_played":"-4101441756951915270","potions_obtained":[{"floor":1,"key":"SteroidPotion"},{"floor":5,"key":"Explosive Potion"},{"floor":6,"key":"LiquidMemories"},{"floor":14,"key":"Energy Potion"}],"is_trial":false,"path_per_floor":["M","$","?","M","M","E","?","R","T","R","M","E","R","M","R","B",null,"M","?","?","M","M","R","M"],"character_chosen":"THE_DEFAULT","items_purchased":[],"campfire_rested":2,"item_purchase_floors":[],"current_hp_per_floor":[69,69,69,69,69,48,53,53,53,72,64,57,57,55,55,52,72,66,74,74,61,41,65,65,65],"gold":447,"neow_bonus":"BOSS_RELIC","is_daily":false,"chose_seed":false,"campfire_upgraded":3,"win_rate":0.0,"timestamp":1614185042,"path_taken":["M","$","?","?","M","E","?","R","T","R","?","E","R","M","R","BOSS","M","?","?","M","?","R","M"],"items_purchased_type":[],"build_version":"2020-12-22","purchased_purges":1,"victory":false,"max_hp_per_floor":[72,72,72,72,72,72,72,72,72,72,72,72,72,72,72,72,72,72,80,80,80,80,80,80,80],"card_choices":[{"not_picked":["theMarked:Pokerface","theMarked:Improvise"],"picked":"theMarked:BanishingStrike","floor":1},{"not_picked":["theMarked:Overcharge","theMarked:ElectricStrings"],"picked":"theMarked:WardOff","floor":4},{"not_picked":["theMarked:AttractMetal","theMarked:RepellingDischarge"],"picked":"theMarked:Frustration","floor":5},{"not_picked":["theMarked:Maelstrom","theMarked:Aftermath"],"picked":"theMarked:EternalStudent","floor":6},{"not_picked":["theMarked:Frustration","theMarked:ChainLightning"],"picked":"theMarked:AttractMetal","floor":11},{"not_picked":["theMarked:Parkour","theMarked:Memento"],"picked":"theMarked:Seal","floor":12},{"not_picked":["theMarked:GodGivenPower","theMarked:Aftermath"],"picked":"theMarked:BanishingStrike","floor":14},{"not_picked":["theMarked:UnarmedFury","theMarked:EternalStudent"],"picked":"theMarked:Vacuum","floor":16},{"not_picked":["theMarked:ChainLightning","theMarked:ChannelForce"],"picked":"theMarked:Memento","floor":18},{"not_picked":["theMarked:Polarize","theMarked:EmpowerWeapon","theMarked:TheMission"],"picked":"SKIP","floor":18},{"not_picked":["theMarked:Memento","theMarked:SelfDefenseTraining"],"picked":"theMarked:WardOff","floor":21},{"not_picked":["theMarked:TakeCover+1","theMarked:ChainLightning+1","theMarked:LightningStrikesTwice"],"picked":"SKIP","floor":21},{"not_picked":["theMarked:SwordAndMagic+1","theMarked:Parkour"],"picked":"theMarked:Vacuum","floor":22},{"not_picked":["theMarked:AttractMetal","theMarked:Frustration","theMarked:ResourceFulStrike+1"],"picked":"SKIP","floor":22}],"player_experience":302454,"relics_obtained":[{"floor":6,"key":"Toy Ornithopter"},{"floor":12,"key":"theMarked:Gun"},{"floor":17,"key":"Oddly Smooth Stone"},{"floor":17,"key":"Letter Opener"},{"floor":17,"key":"Prayer Wheel"}],"event_choices":[{"damage_healed":0,"gold_gain":0,"player_choice":"Forge","damage_taken":0,"max_hp_gain":0,"max_hp_loss":0,"event_name":"Accursed Blacksmith","floor":3,"gold_loss":0,"cards_upgraded":["theMarked:SoldierOfQuellstein"]},{"cards_removed":["theMarked:Frustration"],"damage_healed":5,"gold_gain":0,"player_choice":"Offered Common","damage_taken":0,"max_hp_gain":0,"max_hp_loss":0,"event_name":"Bonfire Elementals","floor":7,"gold_loss":0},{"cards_removed":["theMarked:Frustration"],"damage_healed":5,"gold_gain":0,"player_choice":"Offered Special","damage_taken":0,"max_hp_gain":0,"max_hp_loss":0,"event_name":"Bonfire Elementals","floor":7,"gold_loss":0}],"is_beta":false,"boss_relics":[{"not_picked":["Sozu","Fusion Hammer"],"picked":"Calling Bell"}],"items_purged_floors":[2],"is_endless":false,"potions_floor_spawned":[1,5,6,14],"killed_by":"ruina:3_Scarecrows","ascension_level":0}}