{"host":"kpcx2wrn7eq3nf7c","time":1614181014,"event":{"mods":["ATMod(∞¢Ë™Mod)","Act Like it!","BaseMod","CapriCore","Downfall","Friendly Minions","Gensokyo","Marisa£®ÏF”Í°°ƒß¿Ì…≥£©","Minty Spire (QoL Compilation)","Remilia£®¿Ÿ√◊¿Ú—«£©","Robot Space Explorer","StSLib","The Animator","The Immortal","The Marked","The Servant 0.9.4","Together in Spire","Waifu the Spire","Youmu£®ªÍ∆«—˝√Œ£©","°æ“≈ŒÔø®≈∆°øREMEMod"],"gold_per_floor":[99,112,129,129,144,178,202,202,213,233,233,268,368,385,398,496,496,496,496],"floor_reached":17,"language":"ZHS","playtime":1032,"items_purged":[],"score":169,"play_id":"968e835e-6264-46f4-b2cc-4b2acd8ad08b","local_time":"20210224233654","is_ascension_mode":false,"campfire_choices":[{"data":"Slimebound:CorrosiveSpit","floor":1,"key":"SMITH"},{"data":"Slimebound:Split","floor":8,"key":"SMITH"}],"circlet_count":0,"master_deck":["Slimebound:Strike_Slimebound","Slimebound:Strike_Slimebound","Slimebound:Strike_Slimebound","Slimebound:Tackle","Slimebound:Defend_Slimebound","Slimebound:Defend_Slimebound","Slimebound:Defend_Slimebound","Slimebound:Defend_Slimebound","Slimebound:Split+1","Slimebound:CorrosiveSpit+1","Dramatic Entrance","Slimebound:DivideAndConquer","Slimebound:SamplingLick","Slimebound:SplitLeeching","Slimebound:LeadByExample","Slimebound:LeechEnergy","Slimebound:GrowthPunch","Slimebound:MassRepurpose","Gensokyo:CrescentMoonSlash","Slimebound:MegaLick","Slimebound:Gluttony","Slimebound:MassFeed"],"relics":["Slimebound:AbsorbEndCombat","AT_ATBox","REME_ComplimentaryCards","Art of War","Akabeko","Boot","Philosopher\u0027s Stone"],"acts_visited":["Gensokyo:Gensokyo","TheCity"],"potions_floor_usage":[12,16],"damage_taken":[{"damage":6,"enemies":"Gensokyo:Python","floor":2,"turns":3},{"damage":0,"enemies":"Gensokyo:3_Fairies","floor":3,"turns":2},{"damage":1,"enemies":"Gensokyo:Gryphon","floor":5,"turns":3},{"damage":13,"enemies":"Gensokyo:Cirno","floor":6,"turns":6},{"damage":0,"enemies":"Gensokyo:2_Rabbits","floor":9,"turns":3},{"damage":3,"enemies":"Gensokyo:LivingMonolith","floor":10,"turns":3},{"damage":8,"enemies":"Gensokyo:Aya","floor":12,"turns":4},{"damage":4,"enemies":"Gensokyo:VengefulSpirit","floor":14,"turns":4},{"damage":4,"enemies":"Gensokyo:CorruptedTreant","floor":15,"turns":3},{"damage":21,"enemies":"IC_STATUS_ARCHETYPE","floor":16,"turns":4}],"seed_played":"7139290215900459901","potions_obtained":[{"floor":3,"key":"SteroidPotion"},{"floor":6,"key":"Fire Potion"},{"floor":10,"key":"Strength Potion"},{"floor":14,"key":"REME_GoldPotion"},{"floor":16,"key":"GamblersBrew"}],"is_trial":false,"path_per_floor":["R","M","M","?","M","E","T","R","M","M","?","E","?","M","M","B",null],"character_chosen":"SLIMEBOUND","items_purchased":[],"campfire_rested":0,"item_purchase_floors":[],"current_hp_per_floor":[65,59,59,59,60,51,51,51,53,54,45,41,41,39,39,26,65,65,65],"gold":496,"neow_bonus":"RANDOM_COLORLESS","is_daily":false,"chose_seed":false,"campfire_upgraded":2,"win_rate":0.0,"timestamp":1614181014,"path_taken":["R","M","M","?","M","E","T","R","?","M","?","E","?","?","M","BOSS"],"items_purchased_type":[],"build_version":"2020-12-22","purchased_purges":0,"victory":false,"max_hp_per_floor":[65,65,65,65,65,65,65,65,65,65,65,65,65,65,65,65,65,65,65],"card_choices":[{"not_picked":["Swift Strike","Jack Of All Trades"],"picked":"Dramatic Entrance","floor":0},{"not_picked":["Slimebound:Grow","Slimebound:SplitAcid"],"picked":"Slimebound:DivideAndConquer","floor":2},{"not_picked":["Slimebound:Replication","Slimebound:GoopTackle"],"picked":"Slimebound:SamplingLick","floor":3},{"not_picked":["Slimebound:FormOfPuddle","Slimebound:GoopSpray"],"picked":"Slimebound:SplitLeeching","floor":4},{"not_picked":["Slimebound:DisruptingSlam","Slimebound:GoopTackle"],"picked":"Slimebound:LeadByExample","floor":4},{"not_picked":["Slimebound:Prepare","Slimebound:GoopSpray"],"picked":"Slimebound:LeechEnergy","floor":5},{"not_picked":["Slimebound:SplitLeeching","Slimebound:DivideAndConquer"],"picked":"Slimebound:GrowthPunch","floor":6},{"not_picked":["Slimebound:PressTheAttack","Slimebound:ProtectTheBoss"],"picked":"Slimebound:MassRepurpose","floor":9},{"not_picked":["Slimebound:Chomp","Slimebound:FormOfPuddle","Slimebound:ComboTackle"],"picked":"SKIP","floor":10},{"not_picked":["Slimebound:AcidTongue","Slimebound:OozeBath"],"picked":"Slimebound:MegaLick","floor":12},{"not_picked":["Slimebound:SplitBruiser","Slimebound:SplitAcid"],"picked":"Slimebound:Gluttony","floor":14},{"not_picked":["Slimebound:Chomp","Slimebound:SlimeSpikes","Slimebound:LeechingTouch"],"picked":"SKIP","floor":15},{"not_picked":["Slimebound:LeechLife","Slimebound:DuplicatedForm"],"picked":"Slimebound:MassFeed","floor":16}],"player_experience":1360341,"relics_obtained":[{"floor":6,"key":"Art of War"},{"floor":7,"key":"Akabeko"},{"floor":12,"key":"Boot"}],"event_choices":[],"is_beta":false,"boss_relics":[{"not_picked":["Cursed Key","REME_DemonsWealth"],"picked":"Philosopher\u0027s Stone"}],"items_purged_floors":[],"is_endless":false,"potions_floor_spawned":[3,6,10,14,16],"ascension_level":0}}