{"host":"q6ff4ns2kep02ti6","time":1614206803,"event":{"mods":["AchievementEnabler","BaseMod","Minty Spire (QoL Compilation)","Relic Stats","StSLib","Unceasing Turn Reminder"],"gold_per_floor":[114,132,149,109,109,109,144,157,234,234,261,261,31,44,44,138,138,152,170,170,68,82,82,113,113,160,160,85,116,130,153,153,246,246,270,48,72,103,118,158,158,196,196,196,234,234,259,273,273,273,273,273,273,1,36,36,36],"floor_reached":56,"language":"ENG","playtime":6674,"items_purged":["Strike_R","Defend_R","Strike_R"],"score":1995,"play_id":"b8cde058-16bb-47c0-a4f3-3f72b4592611","local_time":"20210224234643","is_ascension_mode":true,"campfire_choices":[{"data":"Flash of Steel","floor":6.0,"key":"SMITH"},{"data":"Armaments","floor":10.0,"key":"SMITH"},{"data":"Finesse","floor":15.0,"key":"SMITH"},{"data":"Immolate","floor":23.0,"key":"SMITH"},{"data":"True Grit","floor":25.0,"key":"SMITH"},{"data":"Disarm","floor":27.0,"key":"SMITH"},{"data":"Flame Barrier","floor":32.0,"key":"SMITH"},{"data":"Pommel Strike","floor":41.0,"key":"SMITH"},{"data":"Offering","floor":44.0,"key":"SMITH"},{"floor":49,"key":"RECALL"},{"data":"Panacea","floor":53,"key":"SMITH"}],"circlet_count":0,"master_deck":["AscendersBane","Strike_R","Defend_R","Defend_R","Defend_R","Bash","Flash of Steel+1","Iron Wave","Metallicize","Headbutt","Disarm","Armaments+1","Pommel Strike+1","Shrug It Off","Finesse+1","Disarm+1","Immolate+1","Metallicize","Battle Trance","Flash of Steel+1","Flash of Steel","Flame Barrier+1","True Grit+1","Offering+1","Feel No Pain","Flame Barrier+1","Fiend Fire","Feed","Sever Soul","Panacea+1","Body Slam+1","Dual Wield","Exhume"],"relics":["Burning Blood","FossilizedHelix","Paper Frog","Red Skull","Golden Idol","Sozu","Akabeko","Bag of Preparation","Eternal Feather","Coffee Dripper","Membership Card","Mango","Torii","Ancient Tea Set","TungstenRod","Brimstone","Boot","InkBottle"],"acts_visited":["Exordium","TheCity","TheBeyond","TheEnding"],"potions_floor_usage":[],"damage_taken":[{"damage":7.0,"enemies":"Jaw Worm","floor":1.0,"turns":3.0},{"damage":4.0,"enemies":"Small Slimes","floor":2.0,"turns":3.0},{"damage":0.0,"enemies":"Cultist","floor":3.0,"turns":4.0},{"damage":1.0,"enemies":"Looter","floor":4.0,"turns":4.0},{"damage":39.0,"enemies":"Lagavulin","floor":7.0,"turns":10.0},{"damage":0.0,"enemies":"Blue Slaver","floor":8.0,"turns":6.0},{"damage":25.0,"enemies":"3 Sentries","floor":11.0,"turns":8.0},{"damage":0.0,"enemies":"Large Slime","floor":14.0,"turns":4.0},{"damage":27.0,"enemies":"Slime Boss","floor":16.0,"turns":14.0},{"damage":15.0,"enemies":"3 Byrds","floor":18.0,"turns":6.0},{"damage":4.0,"enemies":"Spheric Guardian","floor":19.0,"turns":6.0},{"damage":0.0,"enemies":"Centurion and Healer","floor":22.0,"turns":7.0},{"damage":22.0,"enemies":"Slavers","floor":24.0,"turns":6.0},{"damage":14.0,"enemies":"Gremlin Leader","floor":29.0,"turns":8.0},{"damage":0.0,"enemies":"Snake Plant","floor":30.0,"turns":4.0},{"damage":5.0,"enemies":"3 Cultists","floor":31.0,"turns":6.0},{"damage":32.0,"enemies":"Automaton","floor":33.0,"turns":12.0},{"damage":2.0,"enemies":"3 Darklings","floor":35.0,"turns":7.0},{"damage":0.0,"enemies":"3 Shapes","floor":37.0,"turns":6.0},{"damage":0.0,"enemies":"Mind Bloom Boss Battle","floor":38.0,"turns":9.0},{"damage":20.0,"enemies":"3 Darklings","floor":39.0,"turns":7.0},{"damage":44.0,"enemies":"Reptomancer","floor":40.0,"turns":7.0},{"damage":32.0,"enemies":"Nemesis","floor":42.0,"turns":11.0},{"damage":0,"enemies":"Giant Head","floor":45,"turns":5},{"damage":5,"enemies":"Spire Growth","floor":47,"turns":4},{"damage":0,"enemies":"Jaw Worm Horde","floor":48,"turns":4},{"damage":28,"enemies":"Donu and Deca","floor":50,"turns":13},{"damage":26,"enemies":"Time Eater","floor":51,"turns":12},{"damage":55,"enemies":"Shield and Spear","floor":55,"turns":5},{"damage":52,"enemies":"The Heart","floor":56,"turns":6}],"seed_played":"8237106605611808641","potions_obtained":[{"floor":1.0,"key":"LiquidBronze"},{"floor":7.0,"key":"EssenceOfSteel"},{"floor":11.0,"key":"BloodPotion"},{"floor":14.0,"key":"SkillPotion"}],"is_trial":false,"path_per_floor":["M","M","M","M","?","R","E","M","T","R","E","?","$","M","R","B",null,"M","M","?","$","M","R","E","R","T","R","?","E","M","M","R","B",null,"M","$","M","?","M","E","R","E","T","R","E","?","M","M","R","B","B",null,"R","$","E","B"],"character_chosen":"IRONCLAD","items_purchased":["Finesse","SkillPotion","Flash of Steel","Membership Card","Dual Wield","Brimstone","Boot"],"campfire_rested":0,"item_purchase_floors":[13,13,21,36,54,54,54],"current_hp_per_floor":[67,69,75,75,68,68,35,41,41,41,22,22,35,41,41,20,56,47,49,49,49,55,55,39,39,39,39,39,31,37,38,53,27,58,62,62,68,82,72,34,49,23,23,38,44,40,44,54,72,54,34,81,97,97,48,0,0],"gold":36,"neow_bonus":"RANDOM_COLORLESS","is_daily":false,"chose_seed":false,"campfire_upgraded":10,"win_rate":0.0,"timestamp":1614206803,"path_taken":["M","M","M","M","?","R","E","M","T","R","E","?","$","M","R","BOSS","M","M","?","?","M","R","E","R","T","R","?","E","M","M","R","BOSS","M","$","M","?","M","E","R","E","T","R","E","?","M","M","R","BOSS","BOSS","R","$","E","BOSS"],"items_purchased_type":["Card","Potion","Card","Relic","Card","Relic","Relic"],"build_version":"2020-12-22","purchased_purges":3,"victory":false,"max_hp_per_floor":[75,75,75,75,75,75,75,75,75,75,75,68,68,68,68,68,68,68,68,68,68,68,68,68,68,68,68,68,68,68,68,68,68,68,68,68,68,82,86,86,86,86,86,86,86,86,89,93,93,97,97,97,97,97,97,97,97],"relic_stats":{"Sozu":7,"Torii":41,"counters":[30,207],"Golden Idol":166,"Eternal Feather":79,"Bag of Preparation":[34],"Boot":[0],"obtain_stats":[{"Torii":40,"Golden Idol":12,"Eternal Feather":29,"Mango":38,"Bag of Preparation":26,"Ancient Tea Set":42,"Boot":54,"Burning Blood":0,"Akabeko":24,"Sozu":17,"Brimstone":54,"Coffee Dripper":34,"Membership Card":36,"FossilizedHelix":7,"Red Skull":11,"TungstenRod":45,"InkBottle":55,"Paper Frog":9},{"Torii":22,"Golden Idol":7,"Eternal Feather":14,"Mango":20,"Bag of Preparation":13,"Ancient Tea Set":23,"Boot":28,"Burning Blood":0,"Akabeko":13,"Sozu":9,"Brimstone":28,"Coffee Dripper":17,"Membership Card":18,"FossilizedHelix":5,"Red Skull":7,"TungstenRod":24,"InkBottle":29,"Paper Frog":6},{"Torii":147,"Golden Idol":38,"Eternal Feather":89,"Mango":133,"Bag of Preparation":81,"Ancient Tea Set":158,"Boot":196,"Burning Blood":0,"Akabeko":81,"Sozu":56,"Brimstone":196,"Coffee Dripper":111,"Membership Card":118,"FossilizedHelix":24,"Red Skull":38,"TungstenRod":163,"InkBottle":201,"Paper Frog":30}],"Burning Blood":163,"TungstenRod":43,"InkBottle":[2]},"card_choices":[{"not_picked":["Impatience","Dark Shackles"],"picked":"Flash of Steel","floor":0.0},{"not_picked":["Sentinel","Armaments"],"picked":"Iron Wave","floor":1.0},{"not_picked":["Havoc","Body Slam"],"picked":"Metallicize","floor":2.0},{"not_picked":["Rupture","True Grit"],"picked":"Headbutt","floor":3.0},{"not_picked":["Clash","Seeing Red"],"picked":"Disarm","floor":4.0},{"not_picked":["Headbutt","Wild Strike"],"picked":"Armaments","floor":7.0},{"not_picked":["Metallicize","Headbutt"],"picked":"Pommel Strike","floor":8.0},{"not_picked":["Sentinel","Burning Pact"],"picked":"Shrug It Off","floor":11.0},{"not_picked":["Heavy Blade","Havoc"],"picked":"Disarm","floor":14.0},{"not_picked":["Limit Break","Feed"],"picked":"Immolate","floor":16.0},{"not_picked":["Flex","Reckless Charge+1"],"picked":"Metallicize","floor":18.0},{"not_picked":["Perfected Strike","Sword Boomerang"],"picked":"Battle Trance","floor":19.0},{"not_picked":["Shrug It Off","Headbutt"],"picked":"Flame Barrier+1","floor":22.0},{"not_picked":["Brutality","Pommel Strike"],"picked":"True Grit","floor":24.0},{"not_picked":["Headbutt+1","Cleave"],"picked":"Offering","floor":29.0},{"not_picked":["Clothesline","Seeing Red"],"picked":"Feel No Pain","floor":30.0},{"not_picked":["Headbutt","Wild Strike"],"picked":"Flame Barrier","floor":31.0},{"not_picked":["Impervious","Demon Form"],"picked":"Fiend Fire","floor":33.0},{"not_picked":["Armaments","Wild Strike+1","Flex+1"],"picked":"SKIP","floor":35.0},{"not_picked":["Havoc+1","Cleave+1"],"picked":"Feed","floor":37.0},{"not_picked":["Perfected Strike","Thunderclap","Heavy Blade+1"],"picked":"SKIP","floor":39.0},{"not_picked":["Wild Strike","Inflame","Flex+1"],"picked":"SKIP","floor":40.0},{"not_picked":["Body Slam","Bloodletting+1","Twin Strike"],"picked":"SKIP","floor":42.0},{"not_picked":["Battle Trance","Searing Blow"],"picked":"Sever Soul","floor":45},{"not_picked":["Swift Strike","PanicButton"],"picked":"Panacea","floor":46},{"not_picked":["Sever Soul","Armaments+1","Sword Boomerang"],"picked":"SKIP","floor":47},{"not_picked":["Carnage","Thunderclap"],"picked":"Body Slam+1","floor":48},{"not_picked":["Cleave","Entrench"],"picked":"Exhume","floor":55}],"player_experience":1097612,"relics_obtained":[{"floor":7.0,"key":"FossilizedHelix"},{"floor":9.0,"key":"Paper Frog"},{"floor":11.0,"key":"Red Skull"},{"floor":24.0,"key":"Akabeko"},{"floor":26.0,"key":"Bag of Preparation"},{"floor":29.0,"key":"Eternal Feather"},{"floor":38.0,"key":"Mango"},{"floor":40.0,"key":"Torii"},{"floor":42.0,"key":"Ancient Tea Set"},{"floor":45,"key":"TungstenRod"},{"floor":55,"key":"InkBottle"}],"event_choices":[{"cards_removed":["Strike_R"],"damage_healed":0.0,"max_hp_gain":0.0,"max_hp_loss":0.0,"gold_gain":0.0,"event_name":"Golden Wing","player_choice":"Card Removal","floor":5.0,"gold_loss":0.0,"damage_taken":7.0},{"damage_healed":0.0,"max_hp_gain":0.0,"max_hp_loss":7.0,"gold_gain":0.0,"event_name":"Golden Idol","player_choice":"Lose Max HP","floor":12.0,"gold_loss":0.0,"damage_taken":0.0,"relics_obtained":["Golden Idol"]},{"damage_healed":0.0,"max_hp_gain":0.0,"max_hp_loss":0.0,"gold_gain":0.0,"event_name":"Duplicator","player_choice":"Copied","floor":20.0,"gold_loss":0.0,"damage_taken":0.0,"cards_obtained":["Flash of Steel"]},{"cards_removed":["Strike_R"],"damage_healed":0.0,"max_hp_gain":0.0,"max_hp_loss":0.0,"gold_gain":0.0,"event_name":"Beggar","player_choice":"Gave Gold","floor":28.0,"gold_loss":75.0,"damage_taken":0.0},{"damage_healed":0.0,"max_hp_gain":0.0,"max_hp_loss":0.0,"gold_gain":0.0,"event_name":"MindBloom","player_choice":"Fight","floor":38.0,"gold_loss":0.0,"damage_taken":0.0},{"damage_healed":0,"gold_gain":0,"player_choice":"Memory 2","damage_taken":5,"max_hp_gain":0,"max_hp_loss":0,"event_name":"SensoryStone","floor":46,"gold_loss":0}],"is_beta":false,"boss_relics":[{"not_picked":["Runic Dome","Empty Cage"],"picked":"Sozu"},{"not_picked":["Runic Cube","Mark of Pain"],"picked":"Coffee Dripper"}],"items_purged_floors":[13,36,54],"is_endless":false,"potions_floor_spawned":[1,7,11,14,22,24,29,39,40,45,55],"killed_by":"The Heart","ascension_level":20}}