{"host":"5bsc0nab6whpyrbj","time":1614129866,"event":{"mods":["BaseMod","Highlight Path","Minty Spire (QoL Compilation)"],"gold_per_floor":[116,78,89,39,39,65,85,85,139,69,98,61,61,61,61,166,166,177,276,276,39,58,87,101,101,149,149,169,94,94,141,141,245,245,259,274,174,174,174,174,174],"floor_reached":40,"language":"ENG","playtime":1002,"items_purged":["Parasite","Writhe"],"score":408,"play_id":"834b761e-178c-4f73-8b7b-40758de0cf33","local_time":"20210223202426","is_ascension_mode":false,"campfire_choices":[{"floor":15.0,"key":"REST"},{"floor":25.0,"key":"REST"},{"floor":27.0,"key":"REST"},{"floor":32.0,"key":"REST"}],"circlet_count":0,"master_deck":["Strike_B","Strike_B","Strike_B+1","Strike_B","Defend_B","Defend_B","Defend_B","Defend_B","Zap","Dualcast+1","Static Discharge","Storm+1","Capacitor","Loop","BootSequence","Chaos+1","Barrage+1","Machine Learning+1","Redo","Defragment","Static Discharge","Ball Lightning","Steam","Barrage","Steam","Self Repair","Chaos","Ball Lightning","Ball Lightning","Leap"],"relics":["Cracked Core","Mango","Bag of Marbles","Dream Catcher","Pocketwatch","Letter Opener","Astrolabe","Orichalcum","MealTicket","Art of War","Symbiotic Virus","Toy Ornithopter","Black Star"],"acts_visited":["Exordium","TheCity","TheBeyond"],"potions_floor_usage":[40,40],"damage_taken":[{"damage":0.0,"enemies":"Small Slimes","floor":1.0,"turns":2.0},{"damage":9.0,"enemies":"2 Louse","floor":3.0,"turns":3.0},{"damage":30.0,"enemies":"Gremlin Nob","floor":6.0,"turns":4.0},{"damage":11.0,"enemies":"Jaw Worm","floor":7.0,"turns":2.0},{"damage":29.0,"enemies":"3 Sentries","floor":11.0,"turns":5.0},{"damage":33.0,"enemies":"The Guardian","floor":16.0,"turns":7.0},{"damage":22.0,"enemies":"Shell Parasite","floor":18.0,"turns":4.0},{"damage":17.0,"enemies":"3 Byrds","floor":22.0,"turns":3.0},{"damage":33.0,"enemies":"Gremlin Leader","floor":23.0,"turns":5.0},{"damage":10.0,"enemies":"3 Cultists","floor":24.0,"turns":4.0},{"damage":18.0,"enemies":"Snecko","floor":28.0,"turns":4.0},{"damage":75.0,"enemies":"Collector","floor":33.0,"turns":7.0},{"damage":30.0,"enemies":"3 Darklings","floor":35.0,"turns":3.0},{"damage":12.0,"enemies":"Orb Walker","floor":36.0,"turns":3.0},{"damage":83,"enemies":"Nemesis","floor":40,"turns":4}],"seed_played":"2803419929099217060","potions_obtained":[{"floor":7.0,"key":"ColorlessPotion"},{"floor":11.0,"key":"LiquidBronze"},{"floor":23.0,"key":"AttackPotion"},{"floor":35.0,"key":"CultistPotion"},{"floor":36.0,"key":"SneckoOil"}],"is_trial":false,"path_per_floor":["M","$","M","?","?","E","M","?","T","$","E","$","T","?","R","B",null,"M","?","?","$","M","E","M","R","T","R","M","$","?","T","R","B",null,"M","M","$","?","?","E"],"character_chosen":"DEFECT","items_purchased":["Storm","Loop","Storm","Static Discharge","Orichalcum","Ball Lightning"],"campfire_rested":4,"item_purchase_floors":[2,10,12,21,21,21],"current_hp_per_floor":[89,89,80,80,62,32,21,43,43,43,14,14,14,14,40,7,89,67,67,67,67,50,17,7,33,33,59,48,63,63,63,86,18,86,63,51,66,66,66,0,0],"gold":174,"neow_bonus":"ONE_RARE_RELIC","is_daily":false,"chose_seed":false,"campfire_upgraded":0,"win_rate":0.0,"timestamp":1614129866,"path_taken":["M","$","M","?","?","E","M","?","T","$","E","$","?","?","R","BOSS","M","?","?","$","?","E","M","R","T","R","?","$","?","?","R","BOSS","M","M","$","?","?","E"],"items_purchased_type":["Card","Card","Card","Card","Relic","Card"],"build_version":"2020-12-22","purchased_purges":2,"victory":false,"max_hp_per_floor":[89,89,89,89,89,89,89,89,89,89,89,89,89,89,89,89,89,89,89,89,89,89,89,89,89,89,89,89,86,86,86,86,86,86,86,86,86,86,86,86,86],"card_choices":[{"not_picked":["Turbo","Self Repair"],"picked":"Static Discharge","floor":1.0},{"not_picked":["Hologram","Tempest"],"picked":"Capacitor","floor":3.0},{"not_picked":["Scrape","Hologram"],"picked":"Consume","floor":6.0},{"not_picked":["Redo","Go for the Eyes","Blizzard"],"picked":"SKIP","floor":7.0},{"not_picked":["Skim","Turbo"],"picked":"Hello World","floor":11.0},{"not_picked":["Sweeping Beam","Rip and Tear"],"picked":"BootSequence","floor":15.0},{"not_picked":["Meteor Strike","Hyperbeam"],"picked":"Buffer","floor":16.0},{"not_picked":["Turbo","Hello World+1"],"picked":"Redo","floor":18.0},{"not_picked":["Lockon","Hologram","Turbo"],"picked":"SKIP","floor":22.0},{"not_picked":["Beam Cell","Streamline"],"picked":"Steam","floor":23.0},{"not_picked":["Rip and Tear","Redo+1"],"picked":"Barrage","floor":24.0},{"not_picked":["Consume+1","Darkness"],"picked":"Steam","floor":25.0},{"not_picked":["Reinforced Body","Stack"],"picked":"Self Repair","floor":27.0},{"not_picked":["Sunder","Redo"],"picked":"Chaos","floor":28.0},{"not_picked":["Conserve Battery","Glacier+1"],"picked":"Ball Lightning","floor":35.0},{"not_picked":["Turbo","Hologram"],"picked":"Ball Lightning","floor":36.0}],"player_experience":110832,"relics_obtained":[{"floor":6.0,"key":"Bag of Marbles"},{"floor":9.0,"key":"Dream Catcher"},{"floor":11.0,"key":"Pocketwatch"},{"floor":13.0,"key":"Letter Opener"},{"floor":23.0,"key":"MealTicket"},{"floor":26.0,"key":"Art of War"},{"floor":31.0,"key":"Toy Ornithopter"}],"event_choices":[{"cards_removed":["Injury"],"damage_healed":0.0,"max_hp_gain":0.0,"max_hp_loss":0.0,"gold_gain":0.0,"event_name":"The Cleric","player_choice":"Card Removal","floor":4.0,"gold_loss":50.0,"damage_taken":0.0},{"damage_healed":0.0,"max_hp_gain":0.0,"max_hp_loss":0.0,"gold_gain":0.0,"event_name":"Shining Light","player_choice":"Entered Light","floor":5.0,"gold_loss":0.0,"damage_taken":18.0,"cards_upgraded":["Dualcast","Strike_B"]},{"damage_healed":22.0,"max_hp_gain":0.0,"max_hp_loss":0.0,"gold_gain":0.0,"event_name":"Mushrooms","player_choice":"Healed and dodged fight","floor":8.0,"gold_loss":0.0,"damage_taken":0.0,"cards_obtained":["Parasite"]},{"damage_healed":0.0,"max_hp_gain":0.0,"max_hp_loss":0.0,"gold_gain":0.0,"event_name":"Accursed Blacksmith","player_choice":"Forge","floor":14.0,"gold_loss":0.0,"damage_taken":0.0,"cards_upgraded":["Storm"]},{"damage_healed":0.0,"max_hp_gain":0.0,"max_hp_loss":0.0,"gold_gain":99.0,"event_name":"Nest","player_choice":"Stole From Cult","floor":19.0,"gold_loss":0.0,"damage_taken":0.0},{"damage_healed":0.0,"max_hp_gain":0.0,"max_hp_loss":0.0,"gold_gain":0.0,"event_name":"The Library","player_choice":"Read","floor":20.0,"gold_loss":0.0,"damage_taken":0.0,"cards_obtained":["Defragment"]},{"damage_healed":0.0,"max_hp_gain":0.0,"max_hp_loss":0.0,"gold_gain":0.0,"event_name":"The Mausoleum","player_choice":"Opened","floor":30.0,"gold_loss":0.0,"damage_taken":0.0,"relics_obtained":["Symbiotic Virus"],"cards_obtained":["Writhe"]},{"damage_healed":0.0,"max_hp_gain":0.0,"max_hp_loss":0.0,"gold_gain":0.0,"event_name":"Mysterious Sphere","player_choice":"Ignored","floor":38.0,"gold_loss":0.0,"damage_taken":0.0},{"cards_removed":["Storm"],"damage_healed":0.0,"max_hp_gain":0.0,"max_hp_loss":0.0,"gold_gain":0.0,"event_name":"NoteForYourself","player_choice":"Took Card","floor":39.0,"gold_loss":0.0,"damage_taken":0.0,"cards_obtained":["Leap"]}],"is_beta":false,"boss_relics":[{"not_picked":["Tiny House","FrozenCore"],"picked":"Astrolabe"},{"not_picked":["Velvet Choker","Busted Crown"],"picked":"Black Star"}],"items_purged_floors":[29,37],"is_endless":false,"potions_floor_spawned":[7,11,23,35,36],"killed_by":"Nemesis","ascension_level":0}}