{"host":"i1peby39mt3us2ef","time":1614201632,"event":{"mods":["BaseMod","Better Altar","Better Match","Better Note","Better Sensory Stone","Better Skull","Downfall","Minty Spire (QoL Compilation)","Reliquary","Replay The Spire","StSLib"],"gold_per_floor":[364,364,375,156,182,182,219,219,219,219,241,285,306,306,306,314,314],"floor_reached":16,"language":"ENG","playtime":1032,"items_purged":["Shame"],"score":100,"play_id":"d867964c-5c75-4837-b9ba-cb693248a09b","local_time":"20210224142032","is_ascension_mode":false,"campfire_choices":[{"data":"Crystallizer","floor":6,"key":"SMITH"},{"floor":15,"key":"REST"}],"circlet_count":0,"master_deck":["Strike_B","Strike_B","Strike_B","Strike_B","Defend_B","Defend_B","Defend_B","Defend_B","Zap","Dualcast","Neutralize","Strike_R","Doom and Gloom","Crystallizer+1","Melter","Ball Lightning","FIFO Queue+1","Reprogram","Redo"],"relics":["Cracked Core","Ring of Hypnosis","ReplayTheSpireMod:Ring of Exchange","Replay:Bandana","Odd Mushroom","Happy Flower","Golden Idol","reliquary:JackalopeAntler"],"acts_visited":["Exordium"],"potions_floor_usage":[7,7,16],"damage_taken":[{"damage":3,"enemies":"Small Slimes","floor":1,"turns":3},{"damage":2,"enemies":"Jaw Worm","floor":3,"turns":3},{"damage":0,"enemies":"2 Louse","floor":5,"turns":2},{"damage":3,"enemies":"The Mushroom Lair","floor":7,"turns":2},{"damage":10,"enemies":"Exordium Wildlife","floor":11,"turns":3},{"damage":11,"enemies":"Lagavulin","floor":12,"turns":5},{"damage":9,"enemies":"Red Slaver","floor":13,"turns":4},{"damage":53,"enemies":"Slime Boss","floor":16,"turns":6}],"seed_played":"-3503368658765228793","potions_obtained":[{"floor":3,"key":"Explosive Potion"},{"floor":5,"key":"Ancient Potion"},{"floor":7,"key":"SpeedPotion"},{"floor":12,"key":"Dexterity Potion"}],"is_trial":false,"path_per_floor":["M","?","M","$","M","R","?","T","T","?","M","E","M","?","R","B"],"character_chosen":"DEFECT","items_purchased":["Replay:Bandana"],"campfire_rested":1,"item_purchase_floors":[4],"current_hp_per_floor":[72,72,70,70,70,70,67,67,67,49,39,28,19,19,41,0,0],"gold":314,"neow_bonus":"TWO_FIFTY_GOLD","is_daily":false,"chose_seed":false,"campfire_upgraded":1,"win_rate":0.0,"timestamp":1614201632,"path_taken":["M","?","M","$","M","R","?","?","T","?","?","E","M","?","R","BOSS"],"items_purchased_type":["Relic"],"build_version":"2020-12-22","purchased_purges":1,"victory":false,"max_hp_per_floor":[75,75,75,75,75,75,75,75,75,75,75,75,75,75,75,75,75],"card_choices":[{"not_picked":["Go for the Eyes","Barrage"],"picked":"Doom and Gloom","floor":1},{"not_picked":["Melter","Panic Button"],"picked":"Crystallizer","floor":3},{"not_picked":["Self Repair","Beam Cell"],"picked":"Melter","floor":5},{"not_picked":["Hologram","Redo"],"picked":"Ball Lightning","floor":7},{"not_picked":["Barrage","Tempest"],"picked":"FIFO Queue","floor":11},{"not_picked":["Barrage","Ball Lightning"],"picked":"Reprogram","floor":12},{"not_picked":["BasicCrystalCard","Streamline"],"picked":"Redo","floor":13}],"player_experience":92020,"relics_obtained":[{"floor":2,"key":"Ring of Hypnosis"},{"floor":2,"key":"ReplayTheSpireMod:Ring of Exchange"},{"floor":7,"key":"Odd Mushroom"},{"floor":9,"key":"Happy Flower"},{"floor":12,"key":"reliquary:JackalopeAntler"}],"event_choices":[{"damage_healed":0,"gold_gain":0,"player_choice":"Fought Mushrooms","damage_taken":0,"max_hp_gain":0,"max_hp_loss":0,"event_name":"Mushrooms","floor":7,"gold_loss":0},{"damage_healed":0,"gold_gain":0,"player_choice":"Take Damage","damage_taken":18,"relics_obtained":["Golden Idol"],"max_hp_gain":0,"max_hp_loss":0,"event_name":"Golden Idol","floor":10,"gold_loss":0},{"damage_healed":0,"gold_gain":0,"player_choice":"Grow","damage_taken":0,"max_hp_gain":0,"max_hp_loss":0,"event_name":"Living Wall","floor":14,"gold_loss":0,"cards_upgraded":["FIFO Queue"]}],"is_beta":false,"boss_relics":[],"items_purged_floors":[4],"is_endless":false,"potions_floor_spawned":[3,5,7,12],"killed_by":"Slime Boss","ascension_level":0}}