{"host":"gkm149kh1ihaqy0o","time":1614147182,"event":{"mods":["AchievementEnabler","BaseMod","Colored Powertips","Curses Come First","Dark Map","Key Reminder","Minty Spire (QoL Compilation)","Permanent Neow","Quick Restart","Random Character Button","Rare Cards Sparkle","Relic Sorter","Relic Stats","StSLib","SuperFastMode","Unceasing Turn Reminder","everything is the same but u backflip on backflip"],"gold_per_floor":[114,39,54,69,84,84,114,14,89,89,104,119,149,164,164,264,264,279,279,294,305,330,360,360,375,375,4,4,4,34,49,49,149,149,164,188,238,253,268,298,313,343,418,418,20,50,50,65,65,65],"floor_reached":51,"language":"ENG","playtime":2281,"items_purged":["Strike_R","Strike_R"],"score":889,"play_id":"4c52fe1f-e25b-488f-9894-7b4dec4cd683","local_time":"20210224001302","daily_mods":["Heirloom","Colorless Cards","DeadlyEvents"],"is_ascension_mode":false,"campfire_choices":[{"data":"Heavy Blade","floor":6,"key":"SMITH"},{"data":"Bash","floor":10,"key":"SMITH"},{"data":"Madness","floor":15,"key":"SMITH"},{"floor":24,"key":"REST"},{"floor":28,"key":"REST"},{"data":"Corruption","floor":32,"key":"SMITH"},{"data":"Dark Embrace","floor":44,"key":"SMITH"},{"data":"Demon Form","floor":47,"key":"SMITH"},{"data":"Feel No Pain","floor":49,"key":"SMITH"}],"circlet_count":0,"master_deck":["Strike_R","Strike_R","Strike_R+1","Defend_R","Defend_R","Defend_R","Defend_R","Bash+1","Cleave","Inflame","Anger","Heavy Blade+1","Demon Form+1","Madness+1","Armaments","Feed","Pommel Strike","Corruption+1","Feel No Pain+1","RitualDagger","Swift Strike+1","Dark Embrace+1","True Grit+1","Flex+1","Double Tap+1","Bandage Up+1","Ghostly Armor+1","Havoc+1","Havoc+1","Flex+1","Panacea+1","Shockwave+1","Heavy Blade+1"],"relics":["Burning Blood","Magic Flower","Gremlin Horn","Sundial","SlaversCollar","Red Mask","Centennial Puzzle","Toy Ornithopter","Whetstone","Toxic Egg 2","Ice Cream","Coffee Dripper","Gambling Chip","Red Skull","PreservedInsect","Mummified Hand","Blue Candle","Brimstone","Potion Belt"],"acts_visited":["Exordium","TheCity","TheBeyond"],"potions_floor_usage":[11,16,21,23,29,30,31,46,50,50,50,50,50,50],"damage_taken":[{"damage":5,"enemies":"Cultist","floor":1,"turns":4},{"damage":8,"enemies":"Jaw Worm","floor":3,"turns":4},{"damage":8,"enemies":"2 Louse","floor":4,"turns":2},{"damage":4,"enemies":"Blue Slaver","floor":5,"turns":3},{"damage":31,"enemies":"Lagavulin","floor":7,"turns":6},{"damage":0,"enemies":"3 Louse","floor":11,"turns":2},{"damage":10,"enemies":"Looter","floor":12,"turns":3},{"damage":22,"enemies":"Gremlin Nob","floor":13,"turns":4},{"damage":6,"enemies":"Large Slime","floor":14,"turns":3},{"damage":21,"enemies":"The Guardian","floor":16,"turns":9},{"damage":27,"enemies":"Spheric Guardian","floor":18,"turns":5},{"damage":26,"enemies":"2 Thieves","floor":20,"turns":5},{"damage":55,"enemies":"Masked Bandits","floor":21,"turns":6},{"damage":22,"enemies":"Book of Stabbing","floor":23,"turns":4},{"damage":11,"enemies":"Snecko","floor":25,"turns":5},{"damage":0,"enemies":"Centurion and Healer","floor":29,"turns":1},{"damage":35,"enemies":"Slavers","floor":30,"turns":5},{"damage":21,"enemies":"Snake Plant","floor":31,"turns":4},{"damage":44,"enemies":"Automaton","floor":33,"turns":8},{"damage":7,"enemies":"3 Shapes","floor":35,"turns":3},{"damage":8,"enemies":"2 Orb Walkers","floor":36,"turns":4},{"damage":28,"enemies":"3 Darklings","floor":38,"turns":4},{"damage":2,"enemies":"Maw","floor":39,"turns":6},{"damage":13,"enemies":"Giant Head","floor":40,"turns":5},{"damage":2,"enemies":"Jaw Worm Horde","floor":41,"turns":2},{"damage":2,"enemies":"Reptomancer","floor":42,"turns":2},{"damage":0,"enemies":"Giant Head","floor":46,"turns":4},{"damage":0,"enemies":"4 Shapes","floor":48,"turns":2},{"damage":31,"enemies":"Time Eater","floor":50,"turns":4}],"seed_played":"1986488565424594500","potions_obtained":[{"floor":5,"key":"BloodPotion"},{"floor":7,"key":"Block Potion"},{"floor":14,"key":"BlessingOfTheForge"},{"floor":21,"key":"AttackPotion"},{"floor":25,"key":"SmokeBomb"},{"floor":30,"key":"LiquidBronze"},{"floor":33,"key":"SpeedPotion"},{"floor":35,"key":"Ancient Potion"},{"floor":40,"key":"Ancient Potion"},{"floor":42,"key":"GamblersBrew"},{"floor":46,"key":"Strength Potion"}],"is_trial":false,"path_per_floor":["M","$","M","M","M","R","E","$","T","R","M","M","E","M","R","B",null,"M","?","M","?","T","E","R","M","T","$","R","M","E","M","R","B",null,"M","?","T","M","M","E","M","E","T","R","$","E","R","M","R","B",null],"character_chosen":"IRONCLAD","items_purchased":["Toxic Egg 2","Dark Embrace","Swift Potion","Brimstone","Flex+1","EntropicBrew","Panacea+1"],"campfire_rested":2,"item_purchase_floors":[27,27,27,45,45,45,45],"current_hp_per_floor":[80,80,80,80,80,80,58,58,58,58,67,66,53,56,56,44,80,62,56,44,27,27,14,39,37,37,37,62,79,60,56,56,27,90,93,93,93,83,93,93,97,97,97,97,97,97,97,97,97,97],"gold":65,"neow_bonus":"","is_daily":true,"chose_seed":false,"campfire_upgraded":7,"win_rate":0.0,"timestamp":1614147182,"path_taken":["M","$","M","M","M","R","E","?","T","R","?","M","E","M","R","BOSS","M","?","M","?","?","E","R","M","T","$","R","M","?","M","R","BOSS","M","?","?","?","M","E","M","E","T","R","?","E","R","M","R","BOSS"],"items_purchased_type":["Relic","Card","Potion","Relic","Card","Potion","Card"],"build_version":"2020-12-22","purchased_purges":2,"victory":true,"max_hp_per_floor":[80,80,80,80,80,80,80,80,80,80,80,80,80,80,80,80,80,80,80,83,86,86,86,86,86,86,86,86,86,86,86,86,90,90,93,93,93,93,93,93,97,97,97,97,97,97,97,97,97,100],"relic_stats":{"Gremlin Horn":[23,23],"counters":[29,119],"Blue Candle":[0],"Magic Flower":[98],"PreservedInsect":185,"Whetstone":["Swift Strike","Strike_R"],"Burning Blood":198,"Centennial Puzzle":[39],"Sundial":[16],"Mummified Hand":[12],"Gambling Chip":[26],"obtain_stats":[{"Ice Cream":30,"Potion Belt":46,"Gremlin Horn":7,"Blue Candle":43,"Magic Flower":0,"PreservedInsect":40,"Whetstone":26,"Burning Blood":0,"SlaversCollar":17,"Centennial Puzzle":22,"Sundial":9,"Mummified Hand":42,"Brimstone":45,"Gambling Chip":36,"Red Mask":21,"Coffee Dripper":34,"Toxic Egg 2":27,"Toy Ornithopter":23,"Red Skull":37},{"Ice Cream":17,"Potion Belt":27,"Gremlin Horn":5,"Blue Candle":26,"Magic Flower":0,"PreservedInsect":24,"Whetstone":15,"Burning Blood":0,"SlaversCollar":10,"Centennial Puzzle":13,"Sundial":5,"Mummified Hand":26,"Brimstone":26,"Gambling Chip":21,"Red Mask":13,"Coffee Dripper":19,"Toxic Egg 2":15,"Toy Ornithopter":14,"Red Skull":21},{"Ice Cream":71,"Potion Belt":113,"Gremlin Horn":19,"Blue Candle":109,"Magic Flower":0,"PreservedInsect":105,"Whetstone":65,"Burning Blood":0,"SlaversCollar":40,"Centennial Puzzle":56,"Sundial":19,"Mummified Hand":109,"Brimstone":109,"Gambling Chip":90,"Red Mask":56,"Coffee Dripper":83,"Toxic Egg 2":65,"Toy Ornithopter":60,"Red Skull":90}],"Toy Ornithopter":31},"card_choices":[{"not_picked":["Flex","Body Slam"],"picked":"Cleave","floor":1},{"not_picked":["Second Wind","Flash of Steel"],"picked":"Inflame","floor":3},{"not_picked":["Warcry","Flex"],"picked":"Anger","floor":4},{"not_picked":["Cleave","Dark Embrace"],"picked":"Heavy Blade","floor":5},{"not_picked":["Forethought","Feel No Pain"],"picked":"Demon Form","floor":7},{"not_picked":["Cleave","Clothesline"],"picked":"Madness","floor":11},{"not_picked":["Clothesline","Sever Soul"],"picked":"Armaments","floor":12},{"not_picked":["Headbutt","Sword Boomerang"],"picked":"Feed","floor":13},{"not_picked":["Armaments","Body Slam"],"picked":"Pommel Strike","floor":14},{"not_picked":["Double Tap","Secret Weapon"],"picked":"Corruption","floor":16},{"not_picked":["Pommel Strike","Warcry+1"],"picked":"Feel No Pain","floor":18},{"not_picked":["Evolve","Iron Wave","Heavy Blade"],"picked":"SKIP","floor":20},{"not_picked":["Feed","Flex"],"picked":"Swift Strike","floor":23},{"not_picked":["Entrench","Searing Blow","Pommel Strike"],"picked":"SKIP","floor":25},{"not_picked":["Sword Boomerang","Wild Strike"],"picked":"True Grit+1","floor":30},{"not_picked":["Wild Strike","Blood for Blood"],"picked":"Flex+1","floor":31},{"not_picked":["Magnetism","Transmutation+1"],"picked":"Double Tap+1","floor":33},{"not_picked":["Wild Strike+1","True Grit+1","Anger+1"],"picked":"SKIP","floor":35},{"not_picked":["Pommel Strike","Perfected Strike"],"picked":"Bandage Up+1","floor":36},{"not_picked":["Pommel Strike+1","Mind Blast"],"picked":"Ghostly Armor+1","floor":38},{"not_picked":["Clash+1","Sword Boomerang+1","Headbutt"],"picked":"SKIP","floor":39},{"not_picked":["Seeing Red+1","Cleave"],"picked":"Havoc+1","floor":40},{"not_picked":["Wild Strike+1","Headbutt"],"picked":"Havoc+1","floor":41},{"not_picked":["Pummel","Power Through+1","True Grit+1"],"picked":"SKIP","floor":42},{"not_picked":["Dark Embrace+1","Sadistic Nature"],"picked":"Shockwave+1","floor":46},{"not_picked":["Thunderclap+1","Warcry+1"],"picked":"Heavy Blade+1","floor":48}],"player_experience":666374,"relics_obtained":[{"floor":7,"key":"Gremlin Horn"},{"floor":9,"key":"Sundial"},{"floor":21,"key":"Red Mask"},{"floor":22,"key":"Centennial Puzzle"},{"floor":23,"key":"Toy Ornithopter"},{"floor":26,"key":"Whetstone"},{"floor":30,"key":"Ice Cream"},{"floor":36,"key":"Gambling Chip"},{"floor":37,"key":"Red Skull"},{"floor":40,"key":"PreservedInsect"},{"floor":42,"key":"Mummified Hand"},{"floor":43,"key":"Blue Candle"},{"floor":46,"key":"Potion Belt"}],"event_choices":[{"damage_healed":0,"gold_gain":0,"player_choice":"Joined the Cult","damage_taken":6,"max_hp_gain":0,"max_hp_loss":0,"event_name":"Nest","floor":19,"gold_loss":0,"cards_obtained":["RitualDagger"]},{"damage_healed":0,"gold_gain":0,"player_choice":"Fought Bandits","damage_taken":0,"max_hp_gain":0,"max_hp_loss":0,"event_name":"Masked Bandits","floor":21,"gold_loss":0},{"damage_healed":0,"gold_gain":0,"player_choice":"Fight","damage_taken":0,"max_hp_gain":0,"max_hp_loss":0,"event_name":"Mysterious Sphere","floor":36,"gold_loss":0}],"is_beta":false,"boss_relics":[{"not_picked":["Tiny House","Black Star"],"picked":"SlaversCollar"},{"not_picked":["Runic Pyramid","Runic Cube"],"picked":"Coffee Dripper"}],"items_purged_floors":[2,8],"is_endless":false,"potions_floor_spawned":[5,7,13,14,21,25,29,30,33,35,40,42,46],"ascension_level":0}}