{"host":"lwys0gbp6t40j7jh","time":1614209699,"event":{"mods":["Act Like it!","BaseMod","CapriCore","Friendly Minions","GifTheSpireLib","Minty Spire (QoL Compilation)","StSLib","SuperFastMode","The Servant 0.9.4"],"gold_per_floor":[118,118,43,43,43,43,74,74,74,90,106,118,118,131,131,131,131],"floor_reached":16,"language":"ENG","playtime":402,"items_purged":["Strike_S"],"score":110,"play_id":"85908e78-2b94-4470-b1c3-86c2d8c5c08c","local_time":"20210225003459","is_ascension_mode":true,"campfire_choices":[{"floor":6,"key":"REST"},{"floor":8,"key":"REST"},{"floor":13,"key":"REST"},{"data":"BottledTime","floor":15,"key":"SMITH"}],"circlet_count":0,"master_deck":["Strike_S","Strike_S","Strike_S","Defend_S","Defend_S","Defend_S","Defend_S","KidneyShot","Exchange","Unruled","Unruled","Defy","BottledTime+1","BottledTime"],"relics":["Uniform","CaptainsWheel","Gremlin Horn","KneeBrace","HornCleat"],"acts_visited":["Exordium"],"potions_floor_usage":[7],"damage_taken":[{"damage":7,"enemies":"Small Slimes","floor":1,"turns":4},{"damage":31,"enemies":"Lagavulin","floor":7,"turns":9},{"damage":0,"enemies":"Jaw Worm","floor":10,"turns":3},{"damage":1,"enemies":"Cultist","floor":11,"turns":5},{"damage":6,"enemies":"Lots of Slimes","floor":12,"turns":4},{"damage":0,"enemies":"Red Slaver","floor":14,"turns":5},{"damage":47,"enemies":"Hexaghost","floor":16,"turns":16}],"seed_played":"665312878404317406","potions_obtained":[{"floor":1,"key":"LiquidMemories"},{"floor":7,"key":"Fire Potion"},{"floor":12,"key":"FearPotion"},{"floor":14,"key":"SneckoOil"}],"is_trial":false,"path_per_floor":["M","?","$","?","T","R","E","R","T","M","M","M","R","M","R","B"],"character_chosen":"THE_SERVANT","items_purchased":[],"campfire_rested":3,"item_purchase_floors":[],"current_hp_per_floor":[58,25,25,25,25,44,13,32,32,32,31,25,44,44,44,0,0],"gold":131,"neow_bonus":"THREE_CARDS","is_daily":false,"chose_seed":false,"campfire_upgraded":1,"win_rate":0.0,"timestamp":1614209699,"path_taken":["M","?","$","?","?","R","E","R","T","?","?","M","R","M","R","BOSS"],"items_purchased_type":[],"build_version":"2020-12-22","purchased_purges":1,"victory":false,"max_hp_per_floor":[65,65,65,65,65,65,65,65,65,65,65,65,65,65,65,65,65],"card_choices":[{"not_picked":["GearUp","FastForward"],"picked":"Unruled","floor":0},{"not_picked":["Moondial","WasteNot"],"picked":"Unruled","floor":1},{"not_picked":["Revamp","LightFlow"],"picked":"Defy","floor":7},{"not_picked":["Rearm","Read"],"picked":"BottledTime","floor":10},{"not_picked":["Foresight","Rearm"],"picked":"BottledTime","floor":11},{"not_picked":["Potential","Orbit","DualDimension"],"picked":"SKIP","floor":12},{"not_picked":["Replace","BestPractice","StarChef"],"picked":"SKIP","floor":14}],"player_experience":1254811,"relics_obtained":[{"floor":5,"key":"Gremlin Horn"},{"floor":7,"key":"KneeBrace"},{"floor":9,"key":"HornCleat"}],"event_choices":[{"damage_healed":0,"gold_gain":0,"player_choice":"Success","damage_taken":33,"relics_obtained":["CaptainsWheel"],"max_hp_gain":0,"max_hp_loss":0,"event_name":"Scrap Ooze","floor":2,"gold_loss":0},{"damage_healed":0,"gold_gain":0,"player_choice":"Ignored","damage_taken":0,"max_hp_gain":0,"max_hp_loss":0,"event_name":"Liars Game","floor":4,"gold_loss":0}],"is_beta":false,"boss_relics":[],"items_purged_floors":[3],"is_endless":false,"potions_floor_spawned":[1,7,12,14],"killed_by":"Hexaghost","ascension_level":2}}