{"host":"03jd0k347uuzjnun","time":1614197383,"event":{"mods":["BaseMod","Bestiary","Minty Spire (QoL Compilation)","Permanent Neow","Quick Restart","Random Character Button","Relic Stats"],"gold_per_floor":[110,121,135,148,148,181,181,209,232,244,269,282,156,168,168,241,241,259,271,5,25,25,25,25],"floor_reached":23,"language":"ENG","playtime":1928,"items_purged":["Strike_P","Alpha"],"score":580,"play_id":"3b335aca-61ae-4e60-bacb-e19f660ea667","local_time":"20210224210943","is_ascension_mode":true,"campfire_choices":[{"data":"CutThroughFate","floor":7,"key":"SMITH"},{"data":"TalkToTheHand","floor":15,"key":"SMITH"}],"circlet_count":0,"master_deck":["AscendersBane","Eruption","Vigilance","FollowUp","CutThroughFate+1","EmptyMind","Omniscience","Omniscience+1","Consecrate","TalkToTheHand+1","Wireheading+1","BattleHymn","FollowUp","SandsOfTime","Scrawl","LessonLearned","EmptyBody","DevaForm+1","Consecrate","Devotion","TalkToTheHand","Wallop","Vengeance","Protect","J.A.X."],"relics":["PureWater","Vajra","Gambling Chip","Art of War","Bronze Scales","Anchor","Pandora\u0027s Box","Orrery"],"acts_visited":["Exordium","TheCity"],"potions_floor_usage":[6,8,11,23],"damage_taken":[{"damage":2,"enemies":"Jaw Worm","floor":1,"turns":3},{"damage":0,"enemies":"Cultist","floor":2,"turns":2},{"damage":0,"enemies":"Small Slimes","floor":3,"turns":2},{"damage":10,"enemies":"Exordium Wildlife","floor":4,"turns":4},{"damage":0,"enemies":"Gremlin Nob","floor":6,"turns":2},{"damage":9,"enemies":"3 Sentries","floor":8,"turns":5},{"damage":16,"enemies":"3 Louse","floor":10,"turns":1},{"damage":9,"enemies":"Lagavulin","floor":11,"turns":5},{"damage":0,"enemies":"Lots of Slimes","floor":12,"turns":1},{"damage":1,"enemies":"Exordium Thugs","floor":14,"turns":2},{"damage":0,"enemies":"Slime Boss","floor":16,"turns":3},{"damage":1,"enemies":"2 Thieves","floor":18,"turns":4},{"damage":0,"enemies":"Chosen","floor":19,"turns":5},{"damage":6,"enemies":"Centurion and Healer","floor":21,"turns":4},{"damage":3,"enemies":"Gremlin Leader","floor":23,"turns":2}],"seed_played":"-8790338146121699824","potions_obtained":[{"floor":3,"key":"PowerPotion"},{"floor":4,"key":"FearPotion"},{"floor":8,"key":"SkillPotion"},{"floor":11,"key":"Fire Potion"},{"floor":14,"key":"SkillPotion"},{"floor":16,"key":"PowerPotion"},{"floor":18,"key":"Swift Potion"}],"is_trial":false,"path_per_floor":["M","M","M","M","?","E","R","E","T","M","E","M","$","M","R","B",null,"M","M","$","M","?","E"],"character_chosen":"WATCHER","items_purchased":["FollowUp","Orrery"],"campfire_rested":0,"item_purchase_floors":[13,20],"current_hp_per_floor":[59,59,59,49,49,49,49,40,40,24,15,15,15,14,14,14,55,54,54,54,48,48,45,45],"gold":25,"neow_bonus":"RANDOM_COMMON_RELIC","is_daily":false,"chose_seed":false,"campfire_upgraded":2,"win_rate":0.0,"timestamp":1614197383,"path_taken":["M","M","M","M","?","E","R","E","T","?","E","M","?","M","R","BOSS","M","M","$","M","?","E"],"items_purchased_type":["Card","Relic"],"build_version":"2020-12-22","purchased_purges":2,"victory":false,"max_hp_per_floor":[68,68,68,68,68,68,68,68,68,68,68,68,68,68,68,68,68,68,68,68,68,68,68,68],"relic_stats":{"counters":[15,45],"Gambling Chip":[10],"Bronze Scales":[47],"Pandora\u0027s Box":["LessonLearned","Alpha","EmptyBody","DevaForm","Consecrate","Devotion"],"Art of War":[4],"obtain_stats":[{"Anchor":11,"Gambling Chip":6,"Bronze Scales":9,"Vajra":0,"Orrery":20,"Pandora\u0027s Box":17,"Art of War":8,"PureWater":0},{"Anchor":8,"Gambling Chip":5,"Bronze Scales":6,"Vajra":0,"Orrery":13,"Pandora\u0027s Box":11,"Art of War":6,"PureWater":0},{"Anchor":24,"Gambling Chip":13,"Bronze Scales":18,"Vajra":0,"Orrery":39,"Pandora\u0027s Box":30,"Art of War":18,"PureWater":0}]},"card_choices":[{"not_picked":["EmptyBody","JustLucky"],"picked":"FollowUp","floor":1},{"not_picked":["CrushJoints","LikeWater"],"picked":"CutThroughFate","floor":2},{"not_picked":["ClearTheMind","Evaluate","SandsOfTime"],"picked":"SKIP","floor":3},{"not_picked":["SandsOfTime","WindmillStrike"],"picked":"EmptyMind","floor":4},{"not_picked":["JustLucky","Vengeance"],"picked":"Omniscience","floor":6},{"not_picked":["EmptyBody","BattleHymn"],"picked":"Consecrate","floor":8},{"not_picked":["Crescendo","ReachHeaven"],"picked":"TalkToTheHand","floor":10},{"not_picked":["Sanctity","PathToVictory"],"picked":"Wireheading","floor":11},{"not_picked":["ThirdEye","ClearTheMind"],"picked":"BattleHymn","floor":12},{"not_picked":["ClearTheMind","EmptyFist"],"picked":"SandsOfTime","floor":14},{"not_picked":["Blasphemy","DeusExMachina"],"picked":"Scrawl","floor":16},{"not_picked":["SashWhip","CrushJoints","PathToVictory"],"picked":"SKIP","floor":18},{"not_picked":["FollowUp","CutThroughFate"],"picked":"TalkToTheHand","floor":19},{"not_picked":["EmptyFist","InnerPeace"],"picked":"Wallop","floor":20},{"not_picked":["FlyingSleeves+1","FollowUp"],"picked":"Vengeance","floor":20},{"not_picked":["CrushJoints+1","DeusExMachina"],"picked":"Protect","floor":20},{"not_picked":["SashWhip","BowlingBash","Study"],"picked":"SKIP","floor":21}],"player_experience":1466099,"relics_obtained":[{"floor":6,"key":"Gambling Chip"},{"floor":8,"key":"Art of War"},{"floor":9,"key":"Bronze Scales"},{"floor":11,"key":"Anchor"}],"event_choices":[{"damage_healed":0,"gold_gain":0,"cards_transformed":["Defend_P"],"player_choice":"Transformed","damage_taken":0,"max_hp_gain":0,"max_hp_loss":0,"event_name":"Transmorgrifier","floor":5,"gold_loss":0,"cards_obtained":["Omniscience"]},{"damage_healed":0,"gold_gain":0,"player_choice":"Obtain J.A.X.","damage_taken":0,"max_hp_gain":0,"max_hp_loss":0,"event_name":"Drug Dealer","floor":22,"gold_loss":0,"cards_obtained":["J.A.X."]}],"is_beta":false,"boss_relics":[{"not_picked":["HolyWater","Philosopher\u0027s Stone"],"picked":"Pandora\u0027s Box"}],"items_purged_floors":[13,20],"is_endless":false,"potions_floor_spawned":[3,4,8,11,14,16,18],"killed_by":"Gremlin Leader","ascension_level":20}}