{"host":"whe4vf9w0yuhsr02","time":1614184654,"event":{"mods":["AchievementEnabler","Act Like it!","BaseMod","Better Altar","Better Match","Better Note","Better Sensory Stone","Better Skull","Better Third Choice","Colored Map","Dark Map","Friendly Minions","Highlight Path","Hubris","Library of Ruina","Library of Ruina Extra","Minty Spire (QoL Compilation)","Poor People Problems","Quick Restart","Replay The Spire","StSLib","everything is the same but u backflip on backflip"],"gold_per_floor":[114,114,114,39,49,79,79,108,133,133,145,158,192,211,211,310,310,328,171,86,97,97,132,132,143,143,177,196,206,206,54,54,179,179,200,264,292,145,180,226,226,226,250,289,136,136,192,192,192,212],"floor_reached":51,"language":"ENG","playtime":729,"items_purged":["Regret"],"score":1211,"play_id":"3cbdf91d-d2cd-49c9-a047-19491e0f5b1e","local_time":"20210224183734","is_ascension_mode":true,"campfire_choices":[{"data":"DegradedPillar","floor":7.0,"key":"SMITH"},{"data":"DegradedPillar","floor":10.0,"key":"SMITH"},{"data":"DegradedLock","floor":15.0,"key":"SMITH"},{"data":"DegradedChain","floor":30.0,"key":"SMITH"},{"data":"DegradedFairy","floor":32.0,"key":"SMITH"},{"data":"1","floor":41.0,"key":"LIFT"},{"floor":46.0,"key":"REST"}],"circlet_count":0,"master_deck":["DegradedFairy+1","DegradedFairy+1","DegradedChain+1","DegradedChain+1","DegradedLock+1","DegradedPillar+1","DegradedPillar+1","DegradedShockwave+1"],"relics":["PageOfLibrarian","PageOfTodaysShyLook","hubris:Towel","Juzu Bracelet","PageOfPunishingBird","hubris:TenFootPole","PageOfSingingMachine","Vajra","Replay:Bottled Steam","MutagenicStrength","PageOfBloodbath","ReplayTheSpireMod:Shallot","hubris:MysteriousPyramids","Replay:Bandana","hubris:Backtick","PageOfNothingThere","Girya","Bag of Marbles","Lantern","Whetstone","PageOfNosferatu","Toy Ornithopter","PageOfUniverseFragment","hubris:Icosahedron"],"acts_visited":["Exordium","TheCity","TheBeyond"],"potions_floor_usage":[],"damage_taken":[{"damage":0.0,"enemies":"2 Louse","floor":1.0,"turns":1.0},{"damage":0.0,"enemies":"Small Slimes","floor":5.0,"turns":1.0},{"damage":0.0,"enemies":"Gremlin Nob","floor":6.0,"turns":2.0},{"damage":4.0,"enemies":"3 Sentries","floor":8.0,"turns":3.0},{"damage":0.0,"enemies":"Jaw Worm","floor":11.0,"turns":1.0},{"damage":0.0,"enemies":"Blue Slaver","floor":12.0,"turns":1.0},{"damage":0.0,"enemies":"Gremlin Nob","floor":13.0,"turns":2.0},{"damage":0.0,"enemies":"3 Louse","floor":14.0,"turns":1.0},{"damage":3.0,"enemies":"The Guardian","floor":16.0,"turns":4.0},{"damage":0.0,"enemies":"Chosen","floor":18.0,"turns":2.0},{"damage":0.0,"enemies":"Spheric Guardian","floor":21.0,"turns":1.0},{"damage":0.0,"enemies":"Slavers","floor":23.0,"turns":1.0},{"damage":0.0,"enemies":"Chosen and Byrds","floor":25.0,"turns":2.0},{"damage":0.0,"enemies":"Book of Stabbing","floor":27.0,"turns":3.0},{"damage":0.0,"enemies":"3 Cultists","floor":28.0,"turns":2.0},{"damage":0.0,"enemies":"Sentry and Sphere","floor":29.0,"turns":1.0},{"damage":47.0,"enemies":"hubris:MusketHawk","floor":33.0,"turns":16.0},{"damage":0.0,"enemies":"Orb Walker","floor":35.0,"turns":2.0},{"damage":0.0,"enemies":"2 Orb Walkers","floor":36.0,"turns":2.0},{"damage":20.0,"enemies":"3 Shapes","floor":37.0,"turns":1.0},{"damage":0.0,"enemies":"Maw","floor":39.0,"turns":5.0},{"damage":26.0,"enemies":"Nemesis","floor":40.0,"turns":3.0},{"damage":0.0,"enemies":"R_Hoarder","floor":44.0,"turns":2.0},{"damage":15.0,"enemies":"hubris:GrandSnecko","floor":50.0,"turns":4.0}],"seed_played":"2843411072329779256","potions_obtained":[{"floor":8.0,"key":"Adrenaline Potion"},{"floor":11.0,"key":"Energy Potion"},{"floor":12.0,"key":"Adrenaline Potion"},{"floor":35.0,"key":"FearPotion"},{"floor":36.0,"key":"Adrenaline Potion"},{"floor":39.0,"key":"Explosive Potion"}],"is_trial":false,"path_per_floor":["M","?","?","$","M","E","R","E","T","R","M","M","E","M","R","B",null,"M","$","?","M","?","E","?","M","T","E","M","M","R","$","R","B",null,"M","?","M","$","M","E","R","?","T","E","$","R","?","?","R_BF","B",null],"character_chosen":"Librarian","items_purchased":["Vajra","Replay:Bandana","Bag of Marbles","Toy Ornithopter"],"campfire_rested":1,"item_purchase_floors":[19,31,38,45],"current_hp_per_floor":[60,60,60,60,60,60,60,56,56,56,56,56,56,56,56,53,90,90,90,90,90,90,90,90,90,90,90,90,90,90,90,90,43,90,90,90,70,70,70,44,44,44,44,8,8,45,30,30,67,62],"gold":212,"neow_bonus":"RANDOM_EVENT","is_daily":false,"chose_seed":false,"campfire_upgraded":5,"win_rate":0.0,"timestamp":1614184654,"path_taken":["M","?","?","$","M","E","R","E","T","R","M","M","E","M","R","BOSS","M","$","?","M","?","E","?","M","T","E","M","M","R","$","R","BOSS","M","?","M","$","M","E","R","?","T","E","$","R","?","?","R_BF","BOSS"],"items_purchased_type":["Relic","Relic","Relic","Relic"],"build_version":"2020-12-22","purchased_purges":1,"victory":true,"max_hp_per_floor":[90,90,90,90,90,90,90,90,90,90,90,90,90,90,90,90,90,90,90,90,90,90,90,90,90,90,90,90,90,90,90,90,90,90,90,90,90,90,90,90,90,90,90,125,125,125,125,125,125,125],"card_choices":[{"not_picked":["StrongStrike","StrikeDown","Thirst","SerpentineBarrier","Bvapour","Collision","GuardingStance","PreparedMind","BiAn"],"picked":"SKIP","floor":1.0},{"not_picked":["FrontalAssault","AbsorbImpact","UncannyStrike","HandleRequest","TrimTheIngredients","CoordinatedAssault","Retaliate","SharpSwipe","Thrust"],"picked":"SKIP","floor":5.0},{"not_picked":["GrazeTheGrass","PreemptiveStrike","FierceOnslaught","FendThisOffIfYouCan","EnergyBeam","SilentMist","QuickSuppression","ShockRound","LoosenUp"],"picked":"SKIP","floor":6.0},{"not_picked":["SharpSwipe","GroundSmash","Rewind","ChargeUp","GuidanceOfTheGears","SmokingPipe","Unlock1","MultiBlock","SummaryJudgment"],"picked":"SKIP","floor":8.0},{"not_picked":["GroundSmash","RhinoRam","NightInTheBackstreets","FrontalAssault","SunsetBlade","SharpSwipe","DesperateStruggle","StrikeDown","StructuralAnalysis"],"picked":"SKIP","floor":11.0},{"not_picked":["Standoff","StrongStrike","TendonChords","UpbeatPerformance","Pound","FlowOfTheSword","GoinFirst","CoordinatedAssault","SpearedSweep"],"picked":"SKIP","floor":12.0},{"not_picked":["RulesOfTheBackstreets","TrashDisposal","BackAttack","SerpentSwordTechnique","Commandeering","DefenseOrder","GuardingStance","SnakesPrey","SuanNi"],"picked":"SKIP","floor":13.0},{"not_picked":["ToWhereThePrescriptPoints","Multislash","InkOver","ConcentratedFire","CleanUp","EnergyShield","QuickSuppression","SharpSwipe","QuickAttack"],"picked":"SKIP","floor":14.0},{"not_picked":["MindPrepared+1","UnavoidableGaze","BindingArms","Bvapour","BackAttack+1","EnergyCycle","DefenseOrder","LawAndOrder+1","GuidanceOfTheGears"],"picked":"SKIP","floor":18.0},{"not_picked":["FierceCharge","ShockingBlow+1","UnavoidableGaze+1","Faith","YourShield+1","ScratchThat","SpearedSweep","TendonChords","EndlessBattle"],"picked":"SKIP","floor":21.0},{"not_picked":["CoordinatedAssault","FleetFootsteps","Diversion","MultiBlock","Multislash","AsThePrescriptOrders","MindWhip","HighSpeedStabbing+1","BlazingStrike"],"picked":"SKIP","floor":23.0},{"not_picked":["Cruelty","Parry+1","BindingArms","AGoldenOpportunity+1","MultiBlock+1","Multislash+1","ToWhereThePrescriptPoints+1","DarkCloud","SunsetBlade"],"picked":"SKIP","floor":25.0},{"not_picked":["ConcentratedFire+1","QuickSuppression","EnergyShield","FleshFillet","ToOvercomeCrisis","FervidEmotions","Pound","Multislash","EnergyCycle"],"picked":"SKIP","floor":27.0},{"not_picked":["Parry","BackstreetsDash","InnerArdor","EnergyStrike+1","SharpenedBlade","GrazeTheGrass","EnergyCycle","Outburst+1","LeRegole"],"picked":"SKIP","floor":28.0},{"not_picked":["StructuralAnalysis+1","YoureTooSlow","Faith","SpearedSweep+1","EnergyStrike","UndertakePrescript","NightInTheBackstreets","SweepTheBackstreets","UnavoidableGaze+1"],"picked":"SKIP","floor":29.0},{"not_picked":["IllEndYou","AssaultOrder","RulesOfTheBackstreets+1","EndlessBattle+1","AbsorbImpact","Parry","MultiBlock+1","QuickSuppression","SearingSword+1"],"picked":"SKIP","floor":35.0},{"not_picked":["ShockRound","FendThisOffIfYouCan","SteelKnuckles+1","HighSpeedStabbing+1","Track+1","Eradication","EnergyCycle","HiddenBlade+1","SearingSword+1"],"picked":"SKIP","floor":37.0},{"not_picked":["HeavyPeaks","SuppressingShot+1","CombatPreparation+1","MindWhip+1","LawAndOrder+1","Pound+1","ClassAndRespect","MultiHit+1","FleetEdge"],"picked":"SKIP","floor":39.0},{"not_picked":["SnakesPrey+1","DirtyBlow+1","Commandeering","HandlingWork+1","ChiWen+1","PinpointShot+1","UpbeatPerformance","Eject","WildCard+1"],"picked":"SKIP","floor":40.0},{"not_picked":["SenseQuarry","Diversion","FleetEdge","Deflect_lor","Outburst+1","Gamble+1","PinpointShot+1","Duel_lor","MindWhip"],"picked":"SKIP","floor":44.0}],"player_experience":451636,"relics_obtained":[{"floor":6.0,"key":"Juzu Bracelet"},{"floor":8.0,"key":"PageOfPunishingBird"},{"floor":9.0,"key":"hubris:TenFootPole"},{"floor":13.0,"key":"PageOfSingingMachine"},{"floor":23.0,"key":"PageOfBloodbath"},{"floor":26.0,"key":"ReplayTheSpireMod:Shallot"},{"floor":27.0,"key":"hubris:MysteriousPyramids"},{"floor":36.0,"key":"Girya"},{"floor":40.0,"key":"Lantern"},{"floor":43.0,"key":"Whetstone"},{"floor":44.0,"key":"PageOfNosferatu"},{"floor":47.0,"key":"PageOfUniverseFragment"}],"event_choices":[{"damage_healed":0.0,"max_hp_gain":0.0,"max_hp_loss":0.0,"gold_gain":0.0,"event_name":"Big Fish","player_choice":"Box","floor":0.0,"gold_loss":0.0,"damage_taken":0.0,"relics_obtained":["PageOfTodaysShyLook"],"cards_obtained":["Regret"]},{"damage_healed":0.0,"max_hp_gain":0.0,"max_hp_loss":0.0,"gold_gain":0.0,"event_name":"Addict","player_choice":"Obtained Relic","floor":20.0,"gold_loss":85.0,"damage_taken":0.0,"relics_obtained":["Replay:Bottled Steam"]},{"damage_healed":0.0,"max_hp_gain":0.0,"max_hp_loss":0.0,"gold_gain":0.0,"event_name":"Drug Dealer","player_choice":"Inject Mutagens","floor":22.0,"gold_loss":0.0,"damage_taken":0.0,"relics_obtained":["MutagenicStrength"]},{"damage_healed":0.0,"max_hp_gain":0.0,"max_hp_loss":0.0,"gold_gain":0.0,"event_name":"Mysterious Sphere","player_choice":"Fight","floor":36.0,"gold_loss":0.0,"damage_taken":0.0},{"cards_removed":["DegradedFairy"],"damage_healed":0.0,"max_hp_gain":0.0,"max_hp_loss":0.0,"gold_gain":0.0,"event_name":"Bonfire Elementals","player_choice":"Offered Basic","floor":42.0,"gold_loss":0.0,"damage_taken":0.0}],"is_beta":false,"boss_relics":[{"not_picked":["Honey Jar","Kintsugi","Pandora\u0027s Box"]},{"not_picked":["Replay:Wanted Poster","Painkiller Herb"],"picked":"hubris:Backtick"}],"items_purged_floors":[4],"is_endless":false,"potions_floor_spawned":[8,11,12,13,14,21,25,27,29,35,36,39,40],"ascension_level":3}}