{"host":"0tbecx6mc13icp35","time":1614125528,"event":{"mods":["AchievementEnabler","BaseMod","Colored Map","Colored Powertips","Minty Spire (QoL Compilation)","Relic Stats","Synergy Search","slay the spire mod where everything is the same but ironclad has a cowboy hat"],"gold_per_floor":[213,230,248,12,28,53,53,228,280,307,307,307,338,361,361,490,490,510,267,267,77,77,77,77],"floor_reached":23,"language":"ENG","playtime":1109,"items_purged":["Doubt","Injury"],"score":253,"play_id":"af167071-039a-4494-8f29-8bf690928bc9","local_time":"20210224031208","is_ascension_mode":true,"campfire_choices":[{"data":"Bandage Up","floor":7,"key":"SMITH"},{"data":"Infernal Blade","floor":12,"key":"SMITH"},{"data":"Armaments","floor":15,"key":"SMITH"}],"circlet_count":0,"master_deck":["Defend_R","Defend_R","Defend_R","Defend_R","Bash","Thunderclap","Carnage","Blood for Blood","Bandage Up+1","Rupture","Hemokinesis","Searing Blow","Infernal Blade+1","Reaper","Sword Boomerang","Armaments+1","Brutality","Clothesline+1","Bite","Bite","Bite","Bite","Bite","Shrug It Off"],"relics":["Burning Blood","The Courier","Smiling Mask","Toy Ornithopter","Golden Idol","Pear","SlaversCollar","Shuriken","Tiny Chest","Enchiridion"],"acts_visited":["Exordium","TheCity"],"potions_floor_usage":[10,14,16],"damage_taken":[{"damage":6,"enemies":"Cultist","floor":1,"turns":3},{"damage":4,"enemies":"2 Louse","floor":2,"turns":3},{"damage":0,"enemies":"Small Slimes","floor":3,"turns":3},{"damage":10,"enemies":"Blue Slaver","floor":5,"turns":2},{"damage":33,"enemies":"Lagavulin","floor":6,"turns":5},{"damage":37,"enemies":"Gremlin Nob","floor":10,"turns":4},{"damage":28,"enemies":"3 Sentries","floor":13,"turns":5},{"damage":0,"enemies":"Large Slime","floor":14,"turns":3},{"damage":85,"enemies":"Hexaghost","floor":16,"turns":10},{"damage":50,"enemies":"Shell Parasite","floor":18,"turns":5},{"damage":63,"enemies":"Slavers","floor":23,"turns":3}],"seed_played":"2166940370152980358","potions_obtained":[{"floor":5,"key":"BloodPotion"},{"floor":10,"key":"PowerPotion"},{"floor":13,"key":"Fire Potion"}],"is_trial":false,"path_per_floor":["M","M","M","$","M","E","R","?","T","E","?","R","E","M","R","B",null,"M","$","?","$","?","E"],"character_chosen":"IRONCLAD","items_purchased":["Bandage Up","Rupture","Hemokinesis","Shuriken","Tiny Chest","Shrug It Off"],"campfire_rested":0,"item_purchase_floors":[4,4,4,19,21,21],"current_hp_per_floor":[80,80,80,80,76,53,53,53,53,44,44,44,49,70,70,7,90,52,52,52,52,36,0,0],"gold":77,"neow_bonus":"HUNDRED_GOLD","is_daily":false,"chose_seed":false,"campfire_upgraded":3,"win_rate":0.0,"timestamp":1614125528,"path_taken":["M","M","?","$","M","E","R","?","T","E","?","R","E","M","R","BOSS","M","$","?","$","?","E"],"items_purchased_type":["Card","Card","Card","Relic","Relic","Card"],"build_version":"2020-12-22","purchased_purges":2,"victory":false,"max_hp_per_floor":[80,80,80,80,80,80,80,80,80,80,80,80,90,90,90,90,90,90,90,62,62,62,62,62],"relic_stats":{"counters":[11,46],"Golden Idol":41,"Shuriken":[2],"Tiny Chest":0,"Smiling Mask":40,"obtain_stats":[{"SlaversCollar":17,"Pear":13,"Golden Idol":11,"Shuriken":19,"Enchiridion":22,"Tiny Chest":21,"The Courier":6,"Smiling Mask":9,"Burning Blood":0,"Toy Ornithopter":10},{"SlaversCollar":9,"Pear":7,"Golden Idol":6,"Shuriken":10,"Enchiridion":10,"Tiny Chest":10,"The Courier":5,"Smiling Mask":5,"Burning Blood":0,"Toy Ornithopter":6},{"SlaversCollar":38,"Pear":25,"Golden Idol":20,"Shuriken":43,"Enchiridion":43,"Tiny Chest":43,"The Courier":16,"Smiling Mask":16,"Burning Blood":0,"Toy Ornithopter":20}],"Burning Blood":52,"Toy Ornithopter":10},"card_choices":[{"not_picked":["Twin Strike","Sword Boomerang"],"picked":"Thunderclap","floor":1},{"not_picked":["Bloodletting","Metallicize"],"picked":"Carnage","floor":2},{"not_picked":["True Grit","Dual Wield"],"picked":"Blood for Blood","floor":3},{"not_picked":["Flame Barrier","Reckless Charge"],"picked":"Searing Blow","floor":5},{"not_picked":["Evolve","Clothesline"],"picked":"Infernal Blade","floor":6},{"not_picked":["Body Slam","True Grit"],"picked":"Reaper","floor":10},{"not_picked":["Thunderclap","Feel No Pain"],"picked":"Sword Boomerang","floor":13},{"not_picked":["Reckless Charge","Wild Strike"],"picked":"Armaments","floor":14},{"not_picked":["Double Tap","Feed"],"picked":"Brutality","floor":16},{"not_picked":["Twin Strike+1","Thunderclap"],"picked":"Clothesline+1","floor":18}],"player_experience":73165,"relics_obtained":[{"floor":6,"key":"The Courier"},{"floor":9,"key":"Smiling Mask"},{"floor":10,"key":"Toy Ornithopter"},{"floor":13,"key":"Pear"},{"floor":22,"key":"Enchiridion"}],"event_choices":[{"damage_healed":0,"gold_gain":175,"player_choice":"AGREE","damage_taken":0,"max_hp_gain":0,"max_hp_loss":0,"event_name":"Liars Game","floor":8,"gold_loss":0,"cards_obtained":["Doubt"]},{"damage_healed":0,"gold_gain":0,"player_choice":"Take Wound","damage_taken":0,"relics_obtained":["Golden Idol"],"max_hp_gain":0,"max_hp_loss":0,"event_name":"Golden Idol","floor":11,"gold_loss":0,"cards_obtained":["Injury"]},{"damage_healed":0,"gold_gain":0,"player_choice":"Became a vampire","damage_taken":0,"max_hp_gain":0,"max_hp_loss":28,"event_name":"Vampires","floor":20,"gold_loss":0,"cards_obtained":["Bite","Bite","Bite","Bite","Bite"]},{"damage_healed":0,"gold_gain":0,"player_choice":"Obtained Book","damage_taken":16,"max_hp_gain":0,"max_hp_loss":0,"event_name":"Cursed Tome","floor":22,"gold_loss":0}],"is_beta":false,"boss_relics":[{"not_picked":["SacredBark","Pandora\u0027s Box"],"picked":"SlaversCollar"}],"items_purged_floors":[19,21],"is_endless":false,"potions_floor_spawned":[5,10,13],"killed_by":"Slavers","ascension_level":2}}