{"host":"gaqyve1328ta0etl","time":1614191820,"event":{"mods":["BaseMod","Colored Map","Colored Powertips","Duelist Mod","Googly Eyes","Hero for Fun","Minty Spire (QoL Compilation)","Shop Mod","StSLib","SuperFastMode","The Hierophant","The Runesmith"],"gold_per_floor":[139,139,139,139,152,182,182,217,217,217,247,247,260,185,185,261,261,261],"floor_reached":17,"language":"ENG","playtime":833,"items_purged":["theDuelist:CastleWalls"],"score":392,"play_id":"7364cac7-ebbf-47b7-ac42-23021a208c19","local_time":"20210224103700","is_ascension_mode":true,"campfire_choices":[{"data":"theDuelist:MagicSparks","floor":7,"key":"SMITH"},{"data":"theDuelist:HammerShot","floor":10,"key":"SMITH"},{"data":"theDuelist:SnowdustDragon","floor":15,"key":"SMITH"}],"circlet_count":0,"master_deck":["AscendersBane","theDuelist:BeaverWarrior","theDuelist:BeaverWarrior","theDuelist:GiantSoldier","theDuelist:GiantSoldier","theDuelist:ScrapFactory+1","theDuelist:MagicSparks+1","theDuelist:HammerShot+1","theDuelist:DestroyerGolem","theDuelist:Beatraptor","theDuelist:TwinHeadedFire","theDuelist:FinalFlame+1","theDuelist:SnowDragon","theDuelist:SnowdustDragon+1","theDuelist:WaterDragon"],"relics":["theDuelist:MillenniumPuzzle","theDuelist:CardPoolRelic","theDuelist:CardPoolBasicRelic","theDuelist:BoosterPackPoolRelic","theDuelist:CardPoolAddRelic","theDuelist:CardPoolMinusRelic","theDuelist:CardPoolSaveRelic","theDuelist:CardPoolOptionsRelic","NeowsBlessing","Art of War","StrikeDummy","theDuelist:MerchantNecklace","Bottled Flame","theDuelist:ElectricKey"],"acts_visited":["Exordium","TheCity"],"potions_floor_usage":[16],"damage_taken":[{"damage":0,"enemies":"Small Slimes","floor":1,"turns":1},{"damage":0,"enemies":"2 Louse","floor":5,"turns":2},{"damage":0,"enemies":"Gremlin Nob","floor":6,"turns":1},{"damage":9,"enemies":"3 Sentries","floor":8,"turns":7},{"damage":10,"enemies":"Lagavulin","floor":11,"turns":5},{"damage":0,"enemies":"Cultist","floor":13,"turns":2},{"damage":32,"enemies":"Hexaghost","floor":16,"turns":10}],"seed_played":"-7798602345999237803","potions_obtained":[{"floor":1,"key":"theDuelist:FireBottle"},{"floor":11,"key":"Strength Potion"}],"is_trial":false,"path_per_floor":["M","?","?","?","M","E","R","E","T","R","E","?","M","$","R","B",null],"character_chosen":"THE_DUELIST","items_purchased":[],"campfire_rested":0,"item_purchase_floors":[],"current_hp_per_floor":[63,63,68,68,68,68,68,59,59,59,49,49,49,49,49,17,61,61],"gold":261,"neow_bonus":"THREE_ENEMY_KILL","is_daily":false,"chose_seed":false,"campfire_upgraded":3,"win_rate":0.0,"timestamp":1614191820,"path_taken":["M","?","?","?","M","E","R","E","T","R","E","?","M","$","R","BOSS"],"items_purchased_type":[],"build_version":"2020-12-22","purchased_purges":1,"victory":false,"max_hp_per_floor":[70,70,75,75,75,75,75,75,75,75,75,75,75,75,75,75,75,75],"card_choices":[{"not_picked":["theDuelist:BigFire","theDuelist:DarklordSuperbia","theDuelist:LightningVortex","theDuelist:Sangan"],"picked":"theDuelist:HammerShot","floor":1},{"not_picked":["theDuelist:BattleOx","theDuelist:LightningDarts","theDuelist:PowerGiant","theDuelist:LightningRodLord"],"picked":"theDuelist:DestroyerGolem","floor":5},{"not_picked":["theDuelist:Kabazauls","theDuelist:SphereChaos","theDuelist:BlackStego","theDuelist:SilverWing"],"picked":"theDuelist:Beatraptor","floor":6},{"not_picked":["theDuelist:MadSwordBeast","theDuelist:HazyFlameHydra","theDuelist:MoltenDestruction","theDuelist:CaveDragon"],"picked":"theDuelist:TwinHeadedFire","floor":8},{"not_picked":["theDuelist:Hydrogeddon","theDuelist:BusterBlader","theDuelist:MoltenDestruction","theDuelist:YamataDragon"],"picked":"theDuelist:SnowDragon","floor":11},{"not_picked":["theDuelist:ViceDragon","theDuelist:TwinBarrelDragon","theDuelist:Pyrorex","theDuelist:BusterBlader"],"picked":"theDuelist:SnowdustDragon","floor":13},{"not_picked":["theDuelist:TailSwipe","theDuelist:Scapegoat","theDuelist:OceanDragonLord","theDuelist:BusterBladerDDS"],"picked":"theDuelist:WaterDragon","floor":16}],"player_experience":2253189,"relics_obtained":[{"floor":6,"key":"Art of War"},{"floor":8,"key":"StrikeDummy"},{"floor":9,"key":"theDuelist:MerchantNecklace"},{"floor":11,"key":"Bottled Flame"}],"event_choices":[{"cards_removed":["theDuelist:Sparks"],"damage_healed":0,"gold_gain":0,"player_choice":"Forget","damage_taken":0,"max_hp_gain":0,"max_hp_loss":0,"event_name":"Living Wall","floor":2,"gold_loss":0},{"damage_healed":0,"gold_gain":0,"player_choice":"Donut","damage_taken":0,"max_hp_gain":5,"max_hp_loss":0,"event_name":"Big Fish","floor":3,"gold_loss":0},{"damage_healed":0,"gold_gain":0,"player_choice":"Ignored","damage_taken":0,"max_hp_gain":0,"max_hp_loss":0,"event_name":"Liars Game","floor":4,"gold_loss":0},{"cards_removed":["theDuelist:CastleWalls"],"damage_healed":0,"gold_gain":0,"player_choice":"Card Removal","damage_taken":0,"max_hp_gain":0,"max_hp_loss":0,"event_name":"Wheel of Change","floor":12,"gold_loss":0}],"is_beta":false,"boss_relics":[{"not_picked":["theDuelist:MillenniumKey","Snecko Eye"],"picked":"theDuelist:ElectricKey"}],"items_purged_floors":[14],"is_endless":false,"potions_floor_spawned":[1,11,13],"ascension_level":20}}