{"host":"rwiy0nr47d6nmxat","time":1614201818,"event":{"mods":["2.2 Compatiblity","AchievementEnabler","Act Like it!","Aspiration","BaseMod","Better Note","Better Sensory Stone","Block Reminder","Challenge The Spire","Colored Map","Colored Powertips","Conspire","Elementarium","Highlight Path","Hubris","Infinite Spire","Mad Scientist","Minty Spire (QoL Compilation)","Permanent Neow","Quick Restart","Rare Cards Sparkle","Replay The Spire","StSLib","SuperFastMode","The Cursed","TheFirefly","slay the spire mod where everything is the same but ironclad has a cowboy hat"],"gold_per_floor":[118,129,147,203,217,243,243,243,291,322,322,322,336,336,336],"floor_reached":14,"language":"ENG","playtime":587,"items_purged":[],"score":100,"play_id":"17703517-213e-41c2-8e79-0d91414c7d13","local_time":"20210224162338","is_ascension_mode":false,"campfire_choices":[{"floor":8,"key":"REST"},{"floor":12,"key":"REST"}],"circlet_count":0,"master_deck":["Strike_B","Strike_B","Strike_B","Strike_B","Defend_B","Defend_B","Defend_B","Defend_B","Zap","Dualcast","Undo","Heatsinks","Gash","Conserve Battery","Steam","Fusion+1","Self Repair","Parasite","Storm","Genetic Algorithm"],"relics":["Cracked Core","Kunai","ReplayTheSpireMod:TigerMarble","Centennial Puzzle","Replay:Rubber Ducky"],"acts_visited":["Exordium"],"potions_floor_usage":[6,10,14],"damage_taken":[{"damage":10,"enemies":"Jaw Worm","floor":1,"turns":5},{"damage":1,"enemies":"Small Slimes","floor":2,"turns":4},{"damage":7,"enemies":"Cultist","floor":3,"turns":5},{"damage":19,"enemies":"Exordium Thugs","floor":5,"turns":7},{"damage":35,"enemies":"Gremlin Nob","floor":6,"turns":6},{"damage":45,"enemies":"Lagavulin","floor":10,"turns":7},{"damage":1,"enemies":"Large Slime","floor":13,"turns":7},{"damage":46,"enemies":"3 Sentries","floor":14,"turns":6}],"seed_played":"-4785100019282971509","potions_obtained":[{"floor":3,"key":"Reflective Coating"},{"floor":5,"key":"Fire Potion"},{"floor":10,"key":"BlessingOfTheForge"}],"is_trial":false,"path_per_floor":["M","M","M","?","M","E","?","R","T","E","?","R","M","E"],"character_chosen":"DEFECT","items_purchased":[],"campfire_rested":2,"item_purchase_floors":[],"current_hp_per_floor":[72,71,64,64,45,10,30,54,54,16,16,40,46,0,0],"gold":336,"neow_bonus":"TEN_PERCENT_HP_BONUS","is_daily":false,"chose_seed":false,"campfire_upgraded":0,"win_rate":0.0,"timestamp":1614201818,"path_taken":["M","M","M","?","?","E","?","R","T","E","?","R","M","E"],"items_purchased_type":[],"build_version":"2020-12-22","purchased_purges":0,"victory":false,"max_hp_per_floor":[82,82,82,82,82,82,82,82,82,82,82,82,82,82,82],"card_choices":[{"not_picked":["Redo","Panic Button"],"picked":"Undo","floor":1},{"not_picked":["Go for the Eyes","ReplayTheSpireMod:Repulse"],"picked":"Heatsinks","floor":2},{"not_picked":["hubris:Ukulele","Capacitor"],"picked":"Gash","floor":3},{"not_picked":["Amplify","Rebound"],"picked":"Conserve Battery","floor":4},{"not_picked":["Compile Driver","FIFO Queue"],"picked":"Steam","floor":4},{"not_picked":["Leap","Loop"],"picked":"Fusion","floor":5},{"not_picked":["Sweeping Beam","ReplayTheSpireMod:Repulse"],"picked":"Self Repair","floor":6},{"not_picked":["ReplayTheSpireMod:Calculation Training","Consume"],"picked":"Storm","floor":10},{"not_picked":["Stack","Coolheaded"],"picked":"Genetic Algorithm","floor":13}],"player_experience":62298,"relics_obtained":[{"floor":4,"key":"Kunai"},{"floor":6,"key":"ReplayTheSpireMod:TigerMarble"},{"floor":9,"key":"Centennial Puzzle"},{"floor":10,"key":"Replay:Rubber Ducky"}],"event_choices":[{"damage_healed":20,"gold_gain":0,"player_choice":"Healed and dodged fight","damage_taken":0,"max_hp_gain":0,"max_hp_loss":0,"event_name":"Mushrooms","floor":7,"gold_loss":0,"cards_obtained":["Parasite"]},{"damage_healed":0,"gold_gain":0,"player_choice":"Grow","damage_taken":0,"max_hp_gain":0,"max_hp_loss":0,"event_name":"Living Wall","floor":11,"gold_loss":0,"cards_upgraded":["Fusion"]}],"is_beta":false,"boss_relics":[],"items_purged_floors":[],"is_endless":false,"potions_floor_spawned":[3,5,10],"killed_by":"3 Sentries","ascension_level":0}}