{"host":"9l1knhxfturzliqa","time":1614136607,"event":{"mods":["AchievementEnabler","BaseMod","Colored Map","Colored Powertips","DeckTracker","Highlight Path","Keyboard Shortcuts","Minty Spire (QoL Compilation)","Random Character Button"],"gold_per_floor":[109,122,132,48,63,93,93,124,203,203,278,278,278,291,291,367,367,379,391,391,391],"floor_reached":20,"language":"KOR","playtime":1217,"items_purged":[],"score":313,"play_id":"ea94ab45-ffe4-4147-ad08-67eaabd34c38","local_time":"20210224121647","is_ascension_mode":true,"campfire_choices":[{"data":"Streamline","floor":7.0,"key":"SMITH"},{"floor":12.0,"key":"REST"},{"data":"Zap","floor":15.0,"key":"SMITH"}],"circlet_count":0,"master_deck":["AscendersBane","Strike_B","Strike_B","Defend_B","Zap+1","Dualcast","Hologram","Rebound","Streamline+1","Scrape","Go for the Eyes","Echo Form","Rebound","Turbo","BootSequence","Meteor Strike","Force Field+1","Meteor Strike+1","Storm+1","Beam Cell","Beam Cell"],"relics":["Cracked Core","Mango","StoneCalendar","Singing Bowl","Astrolabe"],"acts_visited":["Exordium","TheCity"],"potions_floor_usage":[],"damage_taken":[{"damage":1.0,"enemies":"Cultist","floor":1.0,"turns":3.0},{"damage":0.0,"enemies":"2 Louse","floor":2.0,"turns":2.0},{"damage":2.0,"enemies":"Jaw Worm","floor":3.0,"turns":5.0},{"damage":13.0,"enemies":"Gremlin Gang","floor":5.0,"turns":4.0},{"damage":23.0,"enemies":"3 Sentries","floor":6.0,"turns":6.0},{"damage":15.0,"enemies":"Lagavulin","floor":8.0,"turns":6.0},{"damage":11.0,"enemies":"Looter","floor":14.0,"turns":2.0},{"damage":15.0,"enemies":"Slime Boss","floor":16.0,"turns":7.0},{"damage":28.0,"enemies":"2 Thieves","floor":18.0,"turns":4.0},{"damage":13.0,"enemies":"Shell Parasite","floor":19.0,"turns":3.0},{"damage":22,"enemies":"Snake Plant","floor":20,"turns":2}],"seed_played":"-1029810949692106974","potions_obtained":[{"floor":5.0,"key":"AttackPotion"},{"floor":6.0,"key":"SmokeBomb"},{"floor":8.0,"key":"PotionOfCapacity"},{"floor":16.0,"key":"SteroidPotion"}],"is_trial":false,"path_per_floor":["M","M","M","$","M","E","R","E","T","$","?","R","?","M","R","B",null,"M","M","M"],"character_chosen":"DEFECT","items_purchased":["Scrape","Go for the Eyes"],"campfire_rested":1,"item_purchase_floors":[4,4],"current_hp_per_floor":[63,63,61,61,48,39,39,24,24,24,13,36,36,25,25,10,61,33,20,0,0],"gold":391,"neow_bonus":"REMOVE_TWO","is_daily":false,"chose_seed":false,"campfire_upgraded":2,"win_rate":0.0,"timestamp":1614136607,"path_taken":["M","M","M","?","M","E","R","E","T","$","?","R","?","?","R","BOSS","M","?","M"],"items_purchased_type":["Card","Card"],"build_version":"2020-12-22","purchased_purges":0,"victory":false,"max_hp_per_floor":[64,64,64,64,64,78,78,78,78,78,78,78,78,78,78,78,78,78,78,78,78],"card_choices":[{"not_picked":["Compile Driver","Leap"],"picked":"Hologram","floor":1.0},{"not_picked":["Steam","Streamline"],"picked":"Rebound","floor":2.0},{"not_picked":["Aggregate","Ball Lightning"],"picked":"Streamline","floor":3.0},{"not_picked":["Sweeping Beam","Barrage"],"picked":"Echo Form","floor":5.0},{"not_picked":["Barrage","Go for the Eyes"],"picked":"Rebound","floor":6.0},{"not_picked":["Force Field","Defragment"],"picked":"Turbo","floor":8.0},{"not_picked":["Blizzard","Leap"],"picked":"BootSequence","floor":14.0},{"not_picked":["Thunder Strike","Rainbow"],"picked":"Meteor Strike","floor":16.0},{"not_picked":["Chaos","Barrage"],"picked":"Beam Cell","floor":18.0},{"not_picked":["Redo","Tempest"],"picked":"Beam Cell","floor":19.0}],"player_experience":720164,"relics_obtained":[{"floor":6.0,"key":"Mango"},{"floor":8.0,"key":"StoneCalendar"},{"floor":9.0,"key":"Singing Bowl"}],"event_choices":[{"damage_healed":0.0,"max_hp_gain":0.0,"max_hp_loss":0.0,"gold_gain":75.0,"event_name":"World of Goop","player_choice":"Gather Gold","floor":11.0,"gold_loss":0.0,"damage_taken":11.0},{"damage_healed":0.0,"max_hp_gain":0.0,"max_hp_loss":0.0,"gold_gain":0.0,"event_name":"Liars Game","player_choice":"Ignored","floor":13.0,"gold_loss":0.0,"damage_taken":0.0}],"is_beta":false,"boss_relics":[{"not_picked":["SacredBark","Philosopher\u0027s Stone"],"picked":"Astrolabe"}],"items_purged_floors":[],"is_endless":false,"potions_floor_spawned":[5,6,8,16],"killed_by":"Snake Plant","ascension_level":14}}