{"host":"f7jml7vkwn3tj7tu","time":1614187232,"event":{"mods":["BaseMod","Block Reminder","Minty Spire (QoL Compilation)","Relic Stats","Slay-I"],"gold_per_floor":[114,39,39,39,62,93,93,126,126,126,159,159,159,173,173,304,304,322,347,347,48,48,48,84,84,107,140,159,179,179,179],"floor_reached":30,"language":"ENG","playtime":1324,"items_purged":["Strike_B"],"score":352,"play_id":"f7aa86b4-9d18-4e65-98f5-a2b453d7efc6","local_time":"20210224122032","is_ascension_mode":true,"campfire_choices":[{"data":"Darkness","floor":7,"key":"SMITH"},{"data":"Zap","floor":10,"key":"SMITH"},{"data":"Glacier","floor":13,"key":"SMITH"},{"data":"Dualcast","floor":15,"key":"SMITH"},{"data":"Skim","floor":23,"key":"SMITH"},{"data":"Buffer","floor":25,"key":"SMITH"}],"circlet_count":0,"master_deck":["Strike_B","Strike_B","Strike_B","Defend_B","Defend_B","Defend_B","Defend_B","Zap+1","Dualcast+1","Glacier+1","Echo Form","Darkness+1","Ball Lightning+1","Go for the Eyes+1","Sweeping Beam+1","Skim+1","Hyperbeam+1","Go for the Eyes+1","Conserve Battery+1","Buffer+1","Meteor Strike+1","Streamline+1","Streamline+1","Self Repair","Buffer"],"relics":["Cracked Core","NeowsBlessing","Golden Idol","Molten Egg 2","Meat on the Bone","Pear","Smiling Mask","Symbiotic Virus","Nuclear Battery","Enchiridion","Membership Card","Calipers","Prayer Wheel","Art of War"],"acts_visited":["Exordium","TheCity"],"potions_floor_usage":[8,27,30],"damage_taken":[{"damage":0,"enemies":"Small Slimes","floor":1,"turns":1},{"damage":0,"enemies":"2 Louse","floor":5,"turns":1},{"damage":10,"enemies":"3 Sentries","floor":6,"turns":3},{"damage":21,"enemies":"Gremlin Nob","floor":8,"turns":5},{"damage":45,"enemies":"3 Sentries","floor":11,"turns":6},{"damage":0,"enemies":"Cultist","floor":14,"turns":3},{"damage":28,"enemies":"The Guardian","floor":16,"turns":10},{"damage":1,"enemies":"3 Byrds","floor":18,"turns":3},{"damage":8,"enemies":"Chosen","floor":19,"turns":3},{"damage":9,"enemies":"Slavers","floor":24,"turns":2},{"damage":20,"enemies":"Book of Stabbing","floor":27,"turns":9},{"damage":14,"enemies":"Centurion and Healer","floor":28,"turns":3},{"damage":0,"enemies":"Snecko","floor":29,"turns":4},{"damage":46,"enemies":"Slavers","floor":30,"turns":3}],"seed_played":"-3355569973961982686","potions_obtained":[{"floor":1,"key":"Regen Potion"},{"floor":19,"key":"Fruit Juice"},{"floor":24,"key":"GamblersBrew"},{"floor":29,"key":"Ancient Potion"}],"is_trial":false,"path_per_floor":["M","$","?","?","M","E","R","E","T","R","E","T","R","M","R","B",null,"M","M","?","$","?","R","E","R","T","E","M","M","E"],"character_chosen":"DEFECT","items_purchased":["Membership Card","Calipers"],"campfire_rested":0,"item_purchase_floors":[21,21],"current_hp_per_floor":[75,75,75,75,75,65,65,53,63,63,30,30,30,42,42,26,85,84,76,60,60,60,60,51,51,51,48,46,46,0,0],"gold":179,"neow_bonus":"THREE_ENEMY_KILL","is_daily":false,"chose_seed":false,"campfire_upgraded":6,"win_rate":0.0,"timestamp":1614187232,"path_taken":["M","$","?","?","?","E","R","E","T","R","E","?","R","M","R","BOSS","M","M","?","$","?","R","E","R","T","E","M","M","E"],"items_purchased_type":["Relic","Relic"],"build_version":"2020-12-22","purchased_purges":1,"victory":false,"max_hp_per_floor":[75,75,75,75,75,75,75,75,85,85,85,85,85,85,85,85,85,85,85,85,85,85,85,85,85,85,90,90,90,90,90],"relic_stats":{"counters":[14,56],"Golden Idol":85,"Prayer Wheel":2,"Art of War":[1],"Smiling Mask":0,"obtain_stats":[{"Pear":9,"Calipers":21,"NeowsBlessing":0,"Golden Idol":3,"Enchiridion":20,"Smiling Mask":11,"Nuclear Battery":17,"Molten Egg 2":6,"Prayer Wheel":24,"Art of War":27,"Membership Card":21,"Cracked Core":0,"Symbiotic Virus":12,"Meat on the Bone":8},{"Pear":4,"Calipers":9,"NeowsBlessing":0,"Golden Idol":1,"Enchiridion":9,"Smiling Mask":5,"Nuclear Battery":7,"Molten Egg 2":3,"Prayer Wheel":10,"Art of War":11,"Membership Card":9,"Cracked Core":0,"Symbiotic Virus":5,"Meat on the Bone":4},{"Pear":10,"Calipers":35,"NeowsBlessing":0,"Golden Idol":1,"Enchiridion":35,"Smiling Mask":16,"Nuclear Battery":29,"Molten Egg 2":5,"Prayer Wheel":37,"Art of War":46,"Membership Card":35,"Cracked Core":0,"Symbiotic Virus":16,"Meat on the Bone":10}],"Meat on the Bone":60},"card_choices":[{"not_picked":["Self Repair","Turbo"],"picked":"Glacier","floor":1},{"not_picked":["Reprogram","Steam"],"picked":"Darkness","floor":5},{"not_picked":["Fusion","Steam Power"],"picked":"Ball Lightning+1","floor":6},{"not_picked":["Steam","Rainbow"],"picked":"Go for the Eyes+1","floor":8},{"not_picked":["Conserve Battery","Fusion"],"picked":"Sweeping Beam+1","floor":11},{"not_picked":["Consume","Beam Cell+1"],"picked":"Skim","floor":14},{"not_picked":["Thunder Strike+1","Echo Form"],"picked":"Hyperbeam+1","floor":16},{"not_picked":["Redo+1","Stack"],"picked":"Go for the Eyes+1","floor":18},{"not_picked":["Recycle","Consume"],"picked":"Conserve Battery+1","floor":19},{"not_picked":["Hologram+1","White Noise"],"picked":"Buffer","floor":24},{"not_picked":["Beam Cell+1","Stack"],"picked":"Meteor Strike+1","floor":27},{"not_picked":["Turbo","Beam Cell+1"],"picked":"Streamline+1","floor":28},{"not_picked":["Glacier","Leap","Streamline+1"],"picked":"SKIP","floor":28},{"not_picked":["Glacier","Leap"],"picked":"Streamline+1","floor":28},{"not_picked":["Go for the Eyes+1","Cold Snap+1"],"picked":"Self Repair","floor":29},{"not_picked":["Compile Driver+1","Hologram"],"picked":"Buffer","floor":29}],"player_experience":629716,"relics_obtained":[{"floor":6,"key":"Molten Egg 2"},{"floor":8,"key":"Meat on the Bone"},{"floor":9,"key":"Pear"},{"floor":11,"key":"Smiling Mask"},{"floor":12,"key":"Symbiotic Virus"},{"floor":20,"key":"Enchiridion"},{"floor":24,"key":"Prayer Wheel"},{"floor":27,"key":"Art of War"}],"event_choices":[{"damage_healed":0,"gold_gain":0,"player_choice":"Take Wound","damage_taken":0,"relics_obtained":["Golden Idol"],"max_hp_gain":0,"max_hp_loss":0,"event_name":"Golden Idol","floor":3,"gold_loss":0,"cards_obtained":["Injury"]},{"damage_healed":0,"gold_gain":0,"player_choice":"1 cards matched","damage_taken":0,"max_hp_gain":0,"max_hp_loss":0,"event_name":"Match and Keep!","floor":4,"gold_loss":0,"cards_obtained":["Echo Form"]},{"damage_healed":0,"gold_gain":0,"player_choice":"Obtained Book","damage_taken":16,"max_hp_gain":0,"max_hp_loss":0,"event_name":"Cursed Tome","floor":20,"gold_loss":0},{"cards_removed":["Injury"],"damage_healed":0,"gold_gain":0,"player_choice":"Removed Curses","damage_taken":0,"max_hp_gain":0,"max_hp_loss":0,"event_name":"Fountain of Cleansing","floor":22,"gold_loss":0}],"is_beta":false,"boss_relics":[{"not_picked":["Pandora\u0027s Box","SacredBark"],"picked":"Nuclear Battery"}],"items_purged_floors":[2],"is_endless":false,"potions_floor_spawned":[1,19,24,29],"killed_by":"Slavers","ascension_level":3}}