{"host":"jgl9m63d23sfproq","time":1614129582,"event":{"mods":["Act Like it!","Aspiration","Bard","BaseMod","Bossed Relics","Colored Map","Conspire","Dark Map","DeckTracker","Downfall","Friendly Minions","Gensokyo","Jedi Mod","Marisa¡]Ãú«B¡@Å]²z¨F¡^","Minty Spire (QoL Compilation)","Reliquary","Replay The Spire","Shop Mod","Smile Girya","StSLib","The Blackbeard","The Construct","The Jungle","The Mystic","The Runesmith","The Servant 0.9.4","Wide Potions","Yuyuko"],"gold_per_floor":[116,116,172,172,184,184,212,212,212,212,231,231,181,215,215,331,331,360,383,458,483,521,521,521,521,603,603,616,642,642,659,659,757,757,773,821,821,835,835,835,855,875,875,894,894,526,526,545,545,545,545,545,17,48,48,48],"floor_reached":55,"language":"ZHS","playtime":1896,"items_purged":["Dagger Spray","Poisoned Stab"],"score":685,"play_id":"17bc2d59-5434-451a-9ee8-566c25cff47e","local_time":"20210224091942","is_ascension_mode":false,"campfire_choices":[{"floor":6,"key":"RECALL"},{"data":"Accuracy","floor":8,"key":"SMITH"},{"floor":10,"key":"REST"},{"data":"Cloak And Dagger","floor":12,"key":"SMITH"},{"floor":15,"key":"REST"},{"floor":27,"key":"REST"},{"floor":30,"key":"REST"},{"floor":32,"key":"REST"},{"floor":40,"key":"REST"},{"floor":47,"key":"REST"},{"floor":49,"key":"REST"},{"data":"Noxious Fumes","floor":52,"key":"SMITH"}],"circlet_count":0,"master_deck":["Defend_G","Defend_G","Defend_G","Defend_G","Defend_G","Survivor","Neutralize","Cloak And Dagger+1","Accuracy+1","Backstab","Adrenaline+1","Blade Dance","Accuracy","Infinite Blades","Slimebound:Tackle+1","Slimebound:Tackle+1","conspire:DoublingDagger+1","Deflect+1","Prepared","Prepared","Cloak And Dagger+1","Parasite","Blur+1","Noxious Fumes+1","jedi:pocketpoison+1","Accuracy","Blade Dance","Specialist","ReplayTheSpireMod:Necrosis"],"relics":["Ring of the Snake","NeowsBlessing","Centennial Puzzle","reliquary:GummyVitamins","Odd Mushroom","Tiny House","Anchor","construct:RocketBooster","reliquary:RedPaperclip","Toy Ornithopter","Paper Crane","Mummified Hand","Nunchaku"],"acts_visited":["Exordium","TheCity","TheBeyond","TheEnding"],"potions_floor_usage":[16,18,21,35,42,44,50,50,55,55],"damage_taken":[{"damage":0,"enemies":"2 Louse","floor":1,"turns":1},{"damage":0,"enemies":"Cultist","floor":5,"turns":1},{"damage":0,"enemies":"Gremlin Nob","floor":7,"turns":1},{"damage":0,"enemies":"Small Slimes","floor":11,"turns":4},{"damage":18,"enemies":"The Mushroom Lair","floor":14,"turns":4},{"damage":10,"enemies":"The Guardian","floor":16,"turns":14},{"damage":1,"enemies":"3 Byrds","floor":18,"turns":4},{"damage":14,"enemies":"Spheric Guardian","floor":19,"turns":4},{"damage":2,"enemies":"Centurion and Healer","floor":21,"turns":4},{"damage":12,"enemies":"conspire:HollyBat","floor":22,"turns":8},{"damage":15,"enemies":"Snecko","floor":28,"turns":3},{"damage":1,"enemies":"Book of Stabbing","floor":29,"turns":3},{"damage":2,"enemies":"Centurion and Healer","floor":31,"turns":4},{"damage":44,"enemies":"Automaton","floor":33,"turns":7},{"damage":6,"enemies":"3 Darklings","floor":35,"turns":4},{"damage":26,"enemies":"conspire:MimicChest","floor":36,"turns":7},{"damage":0,"enemies":"3 Shapes","floor":38,"turns":4},{"damage":23,"enemies":"Jaw Worm Horde","floor":41,"turns":3},{"damage":12,"enemies":"Spire Growth","floor":42,"turns":4},{"damage":11,"enemies":"Writhing Mass","floor":44,"turns":4},{"damage":21,"enemies":"Maw","floor":48,"turns":6},{"damage":58,"enemies":"conspire:OrnateMirror","floor":50,"turns":8},{"damage":29,"enemies":"Shield and Spear","floor":54,"turns":6},{"damage":51,"enemies":"The Heart","floor":55,"turns":5}],"seed_played":"6606524469603011868","potions_obtained":[{"floor":3,"key":"LiquidBronze"},{"floor":3,"key":"CunningPotion"},{"floor":11,"key":"jedi:holywater"},{"floor":16,"key":"AttackPotion"},{"floor":19,"key":"AttackPotion"},{"floor":33,"key":"SkillPotion"},{"floor":38,"key":"Swift Potion"},{"floor":42,"key":"FearPotion"},{"floor":48,"key":"Strength Potion"}],"is_trial":false,"path_per_floor":["M","$","?","?","M","R","E","R","T","R","M","R","?","?","R","B",null,"M","M","?","M","M","?","?","?","T","R","M","E","R","M","R","B",null,"M","?","?","M","?","R","M","M","T","M","?","$","R","M","R","B",null,"R","$","E","B"],"character_chosen":"THE_SILENT","items_purchased":["Noxious Fumes","Mummified Hand","Accuracy","Blade Dance","LiquidBronze","BlessingOfTheForge","Specialist","jedi:mysterypotion"],"campfire_rested":8,"item_purchase_floors":[46,46,53,53,53,53,53,53],"current_hp_per_floor":[70,70,42,42,42,42,42,42,42,63,63,63,63,45,66,56,70,69,55,48,46,34,27,27,27,27,48,33,32,53,51,70,26,70,64,38,38,38,38,59,36,29,29,28,28,28,49,28,49,6,70,70,70,41,0,0],"gold":48,"neow_bonus":"THREE_ENEMY_KILL","is_daily":false,"chose_seed":false,"campfire_upgraded":3,"win_rate":0.0,"timestamp":1614129582,"path_taken":["M","$","?","?","M","R","E","R","T","R","?","R","?","?","R","BOSS","M","M","?","?","M","?","?","?","T","R","?","E","R","M","R","BOSS","M","?","?","M","?","R","M","M","T","?","?","$","R","M","R","BOSS","R","$","E","BOSS"],"items_purchased_type":["Card","Relic","Card","Card","Potion","Potion","Card","Potion"],"build_version":"2020-12-22","purchased_purges":2,"victory":false,"max_hp_per_floor":[70,70,70,70,70,70,70,70,70,70,70,70,70,70,70,70,70,70,70,70,70,70,70,70,70,70,70,70,70,70,70,70,70,70,70,70,70,70,70,70,70,70,70,70,70,70,70,70,70,70,70,70,70,70,70,70],"card_choices":[{"not_picked":["Outmaneuver","Expertise"],"picked":"Poisoned Stab","floor":1},{"not_picked":["Flying Knee","Blur"],"picked":"Dagger Spray","floor":3},{"not_picked":["Outmaneuver","Flying Knee"],"picked":"Cloak And Dagger","floor":5},{"not_picked":["Deadly Poison","Poisoned Stab"],"picked":"Accuracy","floor":7},{"not_picked":["ReplayTheSpireMod:Exploit Weakness","Bullet Time","Dagger Spray"],"picked":"SKIP","floor":11},{"not_picked":["Flying Knee","Poisoned Stab"],"picked":"Backstab","floor":14},{"not_picked":["Phantasmal Killer","Tools of the Trade"],"picked":"Adrenaline","floor":16},{"not_picked":["Reflex+1","Bane","Outmaneuver"],"picked":"SKIP","floor":18},{"not_picked":["Dagger Spray+1","Acrobatics+1"],"picked":"Blade Dance","floor":19},{"not_picked":["Acrobatics","Backflip"],"picked":"Accuracy","floor":21},{"not_picked":["Venomology","ReplayTheSpireMod:Speed Training"],"picked":"Infinite Blades","floor":22},{"not_picked":["Bane+1","Flying Knee+1","Acrobatics"],"picked":"SKIP","floor":28},{"not_picked":["Outmaneuver","jedi:pocketpoison"],"picked":"conspire:DoublingDagger+1","floor":29},{"not_picked":["Dodge and Roll","Flying Knee","Choke"],"picked":"SKIP","floor":31},{"not_picked":["Poisoned Stab","Underhanded Strike"],"picked":"Deflect+1","floor":35},{"not_picked":["Riddle With Holes+1","Deadly Poison"],"picked":"Prepared","floor":36},{"not_picked":["All Out Attack","Sucker Punch"],"picked":"Prepared","floor":38},{"not_picked":["Dagger Spray+1","All Out Attack"],"picked":"Cloak And Dagger+1","floor":41},{"not_picked":["Quick Slash","Concentrate","Toxin Wave"],"picked":"SKIP","floor":42},{"not_picked":["ReplayTheSpireMod:The Works+1","Terror"],"picked":"Blur+1","floor":44},{"not_picked":["Reflex","Sucker Punch+1"],"picked":"jedi:pocketpoison+1","floor":48},{"not_picked":["Dagger Throw","Underhanded Strike+1"],"picked":"ReplayTheSpireMod:Necrosis","floor":54}],"player_experience":60315,"relics_obtained":[{"floor":3,"key":"Centennial Puzzle"},{"floor":7,"key":"reliquary:GummyVitamins"},{"floor":14,"key":"Odd Mushroom"},{"floor":26,"key":"reliquary:PrincelyHelmet"},{"floor":29,"key":"construct:RocketBooster"},{"floor":36,"key":"Toy Ornithopter"},{"floor":43,"key":"Paper Crane"},{"floor":54,"key":"Nunchaku"}],"event_choices":[{"cards_removed":["Strike_G"],"damage_healed":0,"gold_gain":0,"player_choice":"Offered Basic","damage_taken":0,"max_hp_gain":0,"max_hp_loss":0,"event_name":"Bonfire Elementals","floor":4,"gold_loss":0},{"damage_healed":0,"gold_gain":0,"player_choice":"Invest 1","damage_taken":0,"max_hp_gain":0,"max_hp_loss":0,"event_name":"conspire:Investor","floor":13,"gold_loss":0},{"damage_healed":0,"gold_gain":0,"player_choice":"Fought Mushrooms","damage_taken":0,"max_hp_gain":0,"max_hp_loss":0,"event_name":"Mushrooms","floor":14,"gold_loss":0},{"damage_healed":0,"gold_gain":75,"player_choice":"Touch","damage_taken":7,"max_hp_gain":0,"max_hp_loss":0,"event_name":"FaceTrader","floor":20,"gold_loss":0},{"damage_healed":0,"gold_gain":0,"player_choice":"Anchor","damage_taken":0,"relics_obtained":["Anchor"],"max_hp_gain":0,"max_hp_loss":0,"event_name":"blackbeard:ShipwreckEvent","floor":23,"gold_loss":0},{"cards_removed":["conspire:SpireCoStock"],"damage_healed":0,"gold_gain":0,"player_choice":"Gave Card","damage_taken":0,"relics_obtained":["aspiration:HiddenCompartment"],"max_hp_gain":0,"max_hp_loss":0,"event_name":"WeMeetAgain","floor":25,"gold_loss":0},{"cards_removed":["Slimebound:Tackle"],"damage_healed":0,"gold_gain":0,"player_choice":"Removed Attack","damage_taken":0,"max_hp_gain":0,"max_hp_loss":0,"event_name":"Falling","floor":37,"gold_loss":0},{"damage_healed":0,"gold_gain":0,"player_choice":"Ignored","damage_taken":0,"max_hp_gain":0,"max_hp_loss":0,"event_name":"NoteForYourself","floor":39,"gold_loss":0},{"damage_healed":0,"gold_gain":0,"player_choice":"Ignored","damage_taken":0,"max_hp_gain":0,"max_hp_loss":0,"event_name":"Mysterious Sphere","floor":45,"gold_loss":0}],"is_beta":false,"boss_relics":[{"not_picked":["Velvet Choker","Pandora\u0027s Box"],"picked":"Tiny House"},{"not_picked":["Sozu","Cursed Key"],"picked":"reliquary:RedPaperclip"}],"items_purged_floors":[46,53],"is_endless":false,"potions_floor_spawned":[11,16,19,33,38,42,48],"killed_by":"The Heart","ascension_level":0}}