{"host":"tj5b4ndtwgv8r84u","time":1614195399,"event":{"mods":["2.2 Compatiblity","AchievementEnabler","Act Like it!","Aspiration","BaseMod","Better Note","Colored Map","Conspire","Downfall","GifTheSpireLib","Hallownest","Hermit","Infinite Spire","Minty Spire (QoL Compilation)","Rare Cards Sparkle","Relic Stats","Replay The Spire","Shop Mod","StSLib","The Bug Knight","The Cursed","The Hierophant","The Marked","The Servant 0.9.4"],"gold_per_floor":[119,119,119,138,154,154,154,154,185,185,185,56,89,99,109,126,126,231,331,348,348,288,288],"floor_reached":22,"language":"ENG","playtime":1364,"items_purged":[],"score":194,"play_id":"8cc63e07-0f18-4e20-a7ec-99448eb2e2bc","local_time":"20210224143639","is_ascension_mode":false,"campfire_choices":[{"data":"HollowMod:SoulStrike","floor":8.0,"key":"SMITH"},{"floor":10.0,"key":"REST"},{"floor":17.0,"key":"REST"}],"circlet_count":0,"master_deck":["HollowMod:NailStrikeStart","HollowMod:NailStrikeStart","HollowMod:NailStrikeStart","HollowMod:NailStrikeStart","HollowMod:QuickDashStart","HollowMod:QuickDashStart","HollowMod:QuickDashStart","HollowMod:QuickDashStart","HollowMod:FocusHealStart","HollowMod:PogoStrike+1","HollowMod:SoulStrike+1","HollowMod:HeavyBlow","HollowMod:SharpenedNail","HollowMod:SoulStrike","HollowMod:CoiledNail","hexamod:NecessarySacrifice","hexamod:NightmareGuise","HollowMod:CrystalDash","HollowMod:DesolateDive","HollowMod:FallenFury+1"],"relics":["m_DevilBlood","infinitespire:Cubic Diamond","aspiration:ChemicalBlood","Replay:Kaleidoscope","Regal Pillow","Replay:Wanted Poster"],"acts_visited":["Exordium","TheCity"],"potions_floor_usage":[22,22,22],"damage_taken":[{"damage":0.0,"enemies":"conspire:RoseBush","floor":1.0,"turns":3.0},{"damage":1.0,"enemies":"Jaw Worm","floor":4.0,"turns":2.0},{"damage":5.0,"enemies":"Small Slimes","floor":5.0,"turns":3.0},{"damage":20.0,"enemies":"Replay:BlueRogue","floor":9.0,"turns":6.0},{"damage":24.0,"enemies":"HollowMod:MossKnight","floor":13.0,"turns":12.0},{"damage":10.0,"enemies":"Blue Slaver","floor":14.0,"turns":4.0},{"damage":10.0,"enemies":"Lots of Slimes","floor":15.0,"turns":4.0},{"damage":1.0,"enemies":"3 Louse","floor":16.0,"turns":3.0},{"damage":33.0,"enemies":"Slime Boss","floor":18.0,"turns":4.0},{"damage":59.0,"enemies":"Spheric Guardian","floor":20.0,"turns":8.0},{"damage":10,"enemies":"2 Thieves","floor":22,"turns":3}],"seed_played":"9118198313345142932","potions_obtained":[{"floor":1.0,"key":"Dexterity Potion"},{"floor":13.0,"key":"ColorlessPotion"},{"floor":15.0,"key":"Fire Potion"},{"floor":18.0,"key":"hexamod:SoulburnPotion"},{"floor":20.0,"key":"BlessingOfTheForge"},{"floor":20.0,"key":"AttackPotion"},{"floor":20.0,"key":"Toxic Potion"},{"floor":21.0,"key":"champ:CounterPotion"},{"floor":21.0,"key":"DuplicationPotion"}],"is_trial":false,"path_per_floor":["M","?","?","M","M","PTL","PTL","R","E","R","T","$","E","M","M","M","R","B",null,"M","?","M"],"character_chosen":"THE_BUGKNIGHT","items_purchased":["HollowMod:CoiledNail","Energy Potion"],"campfire_rested":2,"item_purchase_floors":[12,12],"current_hp_per_floor":[75,75,75,74,69,69,69,69,49,71,71,71,53,43,33,32,69,36,75,30,30,20,20],"gold":288,"neow_bonus":"UPGRADE_CARD","is_daily":false,"chose_seed":false,"campfire_upgraded":1,"win_rate":0.0,"timestamp":1614195399,"path_taken":["M","?","?","M","M","PTL","PTL","R","E","R","T","$","E","M","M","M","R","BOSS","M","?","?"],"items_purchased_type":["Card","Potion"],"build_version":"2020-12-22","purchased_purges":0,"victory":false,"max_hp_per_floor":[75,75,75,75,75,75,75,75,75,75,75,75,75,75,75,75,75,75,75,75,75,75,75],"relic_stats":{"Regal Pillow":15,"counters":[11,52],"obtain_stats":[{"Replay:Wanted Poster":19,"Regal Pillow":13,"HollowMod:VesselMask":0,"m_DevilBlood":2,"infinitespire:Cubic Diamond":2,"Replay:Kaleidoscope":11,"aspiration:ChemicalBlood":9},{"Replay:Wanted Poster":9,"Regal Pillow":5,"HollowMod:VesselMask":0,"m_DevilBlood":1,"infinitespire:Cubic Diamond":1,"Replay:Kaleidoscope":4,"aspiration:ChemicalBlood":4},{"Replay:Wanted Poster":41,"Regal Pillow":26,"HollowMod:VesselMask":0,"m_DevilBlood":3,"infinitespire:Cubic Diamond":3,"Replay:Kaleidoscope":14,"aspiration:ChemicalBlood":14}]},"card_choices":[{"not_picked":["HollowMod:PerfectDash","HollowMod:BrokenVessel"],"picked":"HollowMod:SoulStrike","floor":1.0},{"not_picked":["HollowMod:TaintedHusks","HollowMod:NewLittleFool"],"picked":"HollowMod:HeavyBlow","floor":4.0},{"not_picked":["True Grit","HollowMod:FallenFury"],"picked":"HollowMod:SharpenedNail","floor":5.0},{"not_picked":["HollowMod:NewJinnsSoul","hexamod:ParanormalForm"],"picked":"HollowMod:SoulStrike","floor":9.0},{"not_picked":["hexamod:GhostShield","HollowMod:InfectedCysts"],"picked":"hexamod:NecessarySacrifice","floor":13.0},{"not_picked":["HollowMod:SoulSplash","hexamod:GhostShield"],"picked":"hexamod:NightmareGuise","floor":14.0},{"not_picked":["hexamod:EtherealExpedition","hexamod:Hexaguard"],"picked":"HollowMod:CrystalDash","floor":15.0},{"not_picked":["Warcry","HollowMod:WraithStrike"],"picked":"HollowMod:DesolateDive","floor":16.0},{"not_picked":["HollowMod:NewJinnsSoul","HollowMod:MothsMistake"],"picked":"HollowMod:FallenFury+1","floor":20.0}],"player_experience":51172,"relics_obtained":[{"floor":9.0,"key":"aspiration:ChemicalBlood"},{"floor":11.0,"key":"Replay:Kaleidoscope"},{"floor":13.0,"key":"Regal Pillow"}],"event_choices":[{"damage_healed":0.0,"max_hp_gain":0.0,"max_hp_loss":0.0,"gold_gain":0.0,"event_name":"The Cleric","player_choice":"Leave","floor":3.0,"gold_loss":0.0,"damage_taken":0.0},{"damage_healed":0.0,"max_hp_gain":0.0,"max_hp_loss":0.0,"gold_gain":0.0,"event_name":"Lab","player_choice":"Got Potions","floor":21.0,"gold_loss":0.0,"damage_taken":0.0}],"is_beta":false,"boss_relics":[{"not_picked":["ReplayTheSpireMod:DimensionalGlitch","Empty Cage"],"picked":"Replay:Wanted Poster"}],"items_purged_floors":[],"is_endless":false,"potions_floor_spawned":[1,13,18,20],"killed_by":"2 Thieves","ascension_level":0}}