{"host":"q0qnzbgdx8oqogg9","time":1614180901,"event":{"mods":["BaseMod","Minty Spire (QoL Compilation)","StSLib"],"gold_per_floor":[16,31,45,63,28,28,63,63,63,63,77,77,404,404,404,500,500,513,527,527,82,32,72,107,119,119],"floor_reached":25,"language":"ENG","playtime":898,"items_purged":["Strike_G"],"score":404,"play_id":"832744f4-2923-4cab-a30d-a840169c73a8","local_time":"20210224103501","is_ascension_mode":true,"campfire_choices":[{"data":"Venomology","floor":6,"key":"SMITH"},{"data":"Blade Dance","floor":8,"key":"SMITH"},{"data":"Deadly Poison","floor":12,"key":"SMITH"},{"data":"Poisoned Stab","floor":15,"key":"SMITH"}],"circlet_count":0,"master_deck":["AscendersBane","Strike_G","Strike_G","Strike_G","Strike_G","Defend_G","Defend_G","Defend_G","Defend_G","Defend_G","Survivor","Neutralize","Deadly Poison+1","Sucker Punch","Venomology+1","Blade Dance+1","Footwork+1","Poisoned Stab+1","Bullet Time","CurseOfTheBell","Footwork","Masterful Stab","Dark Shackles","Backflip","Leg Sweep"],"relics":["Ring of the Snake","Ginger","Snake Skull","StrikeDummy","Old Coin","Golden Idol","Calling Bell","Bronze Scales","The Courier","Pocketwatch","Anchor","Pantograph","MawBank"],"acts_visited":["Exordium","TheCity"],"potions_floor_usage":[7,7,13,16,18,19,23,24,25],"damage_taken":[{"damage":0,"enemies":"2 Louse","floor":1,"turns":2},{"damage":1,"enemies":"Jaw Worm","floor":2,"turns":6},{"damage":7,"enemies":"Small Slimes","floor":3,"turns":3},{"damage":3,"enemies":"2 Fungi Beasts","floor":4,"turns":5},{"damage":11,"enemies":"Gremlin Nob","floor":7,"turns":5},{"damage":1,"enemies":"Red Slaver","floor":11,"turns":4},{"damage":6,"enemies":"3 Sentries","floor":13,"turns":7},{"damage":28,"enemies":"Hexaghost","floor":16,"turns":10},{"damage":9,"enemies":"Spheric Guardian","floor":18,"turns":6},{"damage":8,"enemies":"3 Byrds","floor":19,"turns":2},{"damage":11,"enemies":"Gremlin Leader","floor":23,"turns":9},{"damage":14,"enemies":"Cultist and Chosen","floor":24,"turns":6},{"damage":12,"enemies":"3 Cultists","floor":25,"turns":4}],"seed_played":"3903713142712934577","potions_obtained":[{"floor":4,"key":"PowerPotion"},{"floor":7,"key":"GamblersBrew"},{"floor":23,"key":"FearPotion"}],"is_trial":false,"path_per_floor":["M","M","M","M","?","R","E","R","T","?","M","R","E","?","R","B",null,"M","M","?","$","?","E","M","M"],"character_chosen":"THE_SILENT","items_purchased":["Anchor","Pantograph","Dark Shackles"],"campfire_rested":0,"item_purchase_floors":[21,21,21],"current_hp_per_floor":[59,58,51,48,64,64,53,53,53,53,52,52,46,46,46,18,50,41,33,33,33,33,22,8,0,0],"gold":119,"neow_bonus":"ONE_RARE_RELIC","is_daily":false,"chose_seed":false,"campfire_upgraded":4,"win_rate":0.0,"timestamp":1614180901,"path_taken":["M","M","M","M","?","R","E","R","T","?","M","R","E","?","R","BOSS","M","M","?","$","?","E","M","?"],"items_purchased_type":["Relic","Relic","Card"],"build_version":"2020-12-22","purchased_purges":1,"victory":false,"max_hp_per_floor":[66,66,66,66,66,66,66,66,66,66,66,66,66,60,60,60,60,60,60,60,60,60,60,60,60,60],"card_choices":[{"not_picked":["Underhanded Strike","Calculated Gamble"],"picked":"Deadly Poison","floor":1},{"not_picked":["Deflect","Infinite Blades"],"picked":"Sucker Punch","floor":2},{"not_picked":["Finisher","Deflect"],"picked":"Venomology","floor":3},{"not_picked":["PiercingWail","Accuracy"],"picked":"Blade Dance","floor":4},{"not_picked":["Dagger Spray","Distraction"],"picked":"Footwork","floor":7},{"not_picked":["Prepared","Sucker Punch","Acrobatics"],"picked":"SKIP","floor":11},{"not_picked":["Prepared","Dagger Throw"],"picked":"Poisoned Stab","floor":13},{"not_picked":["Unload","Tools of the Trade"],"picked":"Bullet Time","floor":16},{"not_picked":["Deflect","Escape Plan"],"picked":"Footwork","floor":18},{"not_picked":["Accuracy","Outmaneuver"],"picked":"Masterful Stab","floor":19},{"not_picked":["Blade Dance","Deadly Poison+1"],"picked":"Backflip","floor":23},{"not_picked":["Backflip","Poisoned Stab"],"picked":"Leg Sweep","floor":24}],"player_experience":377688,"relics_obtained":[{"floor":7,"key":"Snake Skull"},{"floor":9,"key":"StrikeDummy"},{"floor":13,"key":"Old Coin"},{"floor":17,"key":"Bronze Scales"},{"floor":17,"key":"The Courier"},{"floor":17,"key":"Pocketwatch"},{"floor":23,"key":"MawBank"}],"event_choices":[{"damage_healed":16,"gold_gain":0,"player_choice":"Healed","damage_taken":0,"max_hp_gain":0,"max_hp_loss":0,"event_name":"The Cleric","floor":5,"gold_loss":35},{"damage_healed":0,"gold_gain":0,"player_choice":"Grow","damage_taken":0,"max_hp_gain":0,"max_hp_loss":0,"event_name":"Living Wall","floor":10,"gold_loss":0,"cards_upgraded":["Footwork"]},{"damage_healed":0,"gold_gain":0,"player_choice":"Lose Max HP","damage_taken":0,"relics_obtained":["Golden Idol"],"max_hp_gain":0,"max_hp_loss":6,"event_name":"Golden Idol","floor":14,"gold_loss":0},{"damage_healed":0,"gold_gain":0,"player_choice":"Ignored","damage_taken":0,"max_hp_gain":0,"max_hp_loss":0,"event_name":"Ghosts","floor":20,"gold_loss":0},{"damage_healed":0,"gold_gain":0,"player_choice":"Bet on Murderer","damage_taken":0,"max_hp_gain":0,"max_hp_loss":0,"event_name":"The Joust","floor":22,"gold_loss":50}],"is_beta":false,"boss_relics":[{"not_picked":["Pandora\u0027s Box","Astrolabe"],"picked":"Calling Bell"}],"items_purged_floors":[21],"is_endless":false,"potions_floor_spawned":[4,7,11,13,23],"killed_by":"3 Cultists","ascension_level":15}}