{"host":"0cm5wy4nhuju7tij","time":1614158554,"event":{"mods":["2.2 Compatiblity","AchievementEnabler","BaseMod","Better Third Choice","BetterRewards","Colored Powertips","Curses Come First","Custom Start","Displayed Cursed Tome","Downfall","Energized Spire","Evolution","Filter the Spire","Fireblade Mod","Hermit","Highlight Path","Jess\u0027s Bottle","Minty Spire (QoL Compilation)","Permanent Neow","Poor People Problems","Relic Filter Mod","Shop Mod","Spicy Shops","StSLib","The Cursed","The Servant 0.9.4","TheSwordswoman","TheVacant","Weighted Paths"],"gold_per_floor":[117,128,146,146,164,197,197,226,226,294,344,369,369,383,383,383,383],"floor_reached":16,"language":"ENG","playtime":999,"items_purged":[],"score":128,"play_id":"0412ec00-01ef-44fe-96da-d18f0982a84c","local_time":"20210224042234","is_ascension_mode":true,"campfire_choices":[{"floor":7,"key":"REST"},{"floor":13,"key":"REST"},{"floor":15,"key":"REST"}],"circlet_count":0,"master_deck":["Strike_S","Strike_S","Strike_S","Defend_S","Defend_S","Defend_S","Defend_S","KidneyShot","Exchange","Potential","Misdirection","Hightail","Potential","Collapse","Ricochet","Unruled","InstantArmor","SpecialFormula"],"relics":["Uniform","EVO:Axolotl","Vajra","SsserpentHead","Sundial","Ginger","Frozen Egg 2","Matryoshka"],"acts_visited":["Exordium"],"potions_floor_usage":[12,16],"damage_taken":[{"damage":0,"enemies":"Jaw Worm","floor":1,"turns":3},{"damage":0,"enemies":"Cultist","floor":2,"turns":3},{"damage":5,"enemies":"Small Slimes","floor":3,"turns":3},{"damage":0,"enemies":"Exordium Wildlife","floor":5,"turns":7},{"damage":36,"enemies":"3 Sentries","floor":6,"turns":13},{"damage":26,"enemies":"Gremlin Nob","floor":8,"turns":6},{"damage":0,"enemies":"Looter","floor":10,"turns":3},{"damage":9,"enemies":"3 Sentries","floor":12,"turns":9},{"damage":6,"enemies":"Blue Slaver","floor":14,"turns":2},{"damage":43,"enemies":"Slime Boss","floor":16,"turns":7}],"seed_played":"-8625428026062787989","potions_obtained":[{"floor":1,"key":"ColorlessPotion"},{"floor":2,"key":"Dexterity Potion"},{"floor":10,"key":"LiquidMemories"}],"is_trial":false,"path_per_floor":["M","M","M","?","M","E","R","E","T","M","?","E","R","M","R","B"],"character_chosen":"THE_SERVANT","items_purchased":[],"campfire_rested":3,"item_purchase_floors":[],"current_hp_per_floor":[65,65,60,60,60,24,43,17,17,17,10,1,20,14,33,0,0],"gold":383,"neow_bonus":"RANDOM_COMMON_RELIC","is_daily":false,"chose_seed":false,"campfire_upgraded":0,"win_rate":0.0,"timestamp":1614158554,"path_taken":["M","M","M","?","M","E","R","E","T","?","?","E","R","M","R","BOSS"],"items_purchased_type":[],"build_version":"2020-12-22","purchased_purges":0,"victory":false,"max_hp_per_floor":[65,65,65,65,65,65,65,65,65,65,65,65,65,65,65,65,65],"card_choices":[{"not_picked":["Deadline","ReturningBlade"],"picked":"Potential","floor":1},{"not_picked":["Starlight","Rewind"],"picked":"Misdirection","floor":2},{"not_picked":["DoubleEdge","Sabotage"],"picked":"Hightail","floor":3},{"not_picked":["Contraction","StarChef"],"picked":"Potential","floor":5},{"not_picked":["ShatteredReality","Revamp"],"picked":"Collapse","floor":6},{"not_picked":["Starlight","ShiftingGears"],"picked":"Ricochet","floor":8},{"not_picked":["Solidify","Alleviate"],"picked":"Unruled","floor":10},{"not_picked":["FastForward","Unruled"],"picked":"InstantArmor","floor":12},{"not_picked":["Starlight","Replace"],"picked":"SpecialFormula","floor":14}],"player_experience":464365,"relics_obtained":[{"floor":6,"key":"Sundial"},{"floor":8,"key":"Ginger"},{"floor":9,"key":"Frozen Egg 2"},{"floor":12,"key":"Matryoshka"}],"event_choices":[{"damage_healed":0,"gold_gain":0,"player_choice":"Trade","damage_taken":0,"relics_obtained":["SsserpentHead"],"max_hp_gain":0,"max_hp_loss":0,"event_name":"FaceTrader","floor":4,"gold_loss":0},{"cards_removed":["Strike_S"],"damage_healed":0,"gold_gain":0,"player_choice":"Card Removal","damage_taken":7,"max_hp_gain":0,"max_hp_loss":0,"event_name":"Golden Wing","floor":11,"gold_loss":0}],"is_beta":false,"boss_relics":[],"items_purged_floors":[],"is_endless":false,"potions_floor_spawned":[1,2,10],"killed_by":"Slime Boss","ascension_level":1}}