{"host":"birdoosa9v9yfc1w","time":1614155571,"event":{"mods":["2.2 Compatiblity","Act Like it!","BaseMod","Colored Map","Colored Powertips","Dark Map","Highlight Path","Minty Spire (QoL Compilation)","Rare Cards Sparkle","Relic Filter","Relic Stats","Reorder Act Four","StSLib","Thrall Mod"],"gold_per_floor":[15,15,33,33,52,52,85,102,102,137,137,153,153,184,184,282,282,306,581,629,36,51,94,108,121,121,121,139,175,198,198,198,292,292,306,320,320,336,407,445,445,476,551,594,617,139,139,208,208,208,208,51,51,87,87],"floor_reached":56,"language":"ENG","playtime":3491,"items_purged":["Regret","Injury"],"score":2332,"play_id":"fc215b24-7c21-4dd9-b639-622ca03b5bd4","local_time":"20210224033251","is_ascension_mode":true,"campfire_choices":[{"floor":6,"key":"REST"},{"floor":11,"key":"REST"},{"data":"Volcano","floor":15,"key":"SMITH"},{"data":"Therunespear","floor":27,"key":"SMITH"},{"data":"Frostshock","floor":32,"key":"SMITH"},{"data":"Airelemental","floor":41,"key":"SMITH"},{"floor":47,"key":"RECALL"},{"floor":49,"key":"REST"},{"floor":53,"key":"REST"}],"circlet_count":0,"master_deck":["AscendersBane","Strike_Thrall","Strike_Thrall","Defend_Thrall","Defend_Thrall","Defend_Thrall","Lightningbolt","Thecoin","Witchsapprentice","Forkedlightning","Unstable","Avalanche","Dunemaul","Menacingnimbus","Tidalsurge","Volcano+1","Therunespear+1","Flametonguetotem","Thingfrombelow+1","Thecoin","Flametonguetotem+1","Frostshock+1","Thecoin+1","Elementaldestruction","Menacingnimbus+1","Zap+1","Doomhammer+1","Therunespear+1","Manatidetotem+1","Airelemental+1","Eternalsentinel+1"],"relics":["Totem","Pocketwatch","Bronze Scales","Tiny Chest","Art of War","Golden Idol","Odd Mushroom","Lavashock","Lantern","Frozen Egg 2","Lee\u0027s Waffle","Happy Flower","Omamori","Lizard Tail","Astrolabe","Singing Bowl","War Paint","Toxic Egg 2","Centennial Puzzle","Medical Kit","Bag of Marbles","Torii","Pen Nib","Strawberry"],"acts_visited":["Exordium","TheCity","TheBeyond","TheEnding"],"potions_floor_usage":[14,16,23,29,36,40,42,55],"damage_taken":[{"damage":0,"enemies":"Cultist","floor":1,"turns":3},{"damage":0,"enemies":"Small Slimes","floor":3,"turns":3},{"damage":4,"enemies":"2 Louse","floor":5,"turns":2},{"damage":5,"enemies":"Gremlin Nob","floor":7,"turns":5},{"damage":0,"enemies":"Looter","floor":8,"turns":1},{"damage":25,"enemies":"Lagavulin","floor":10,"turns":4},{"damage":3,"enemies":"Gremlin Gang","floor":12,"turns":4},{"damage":5,"enemies":"The Mushroom Lair","floor":14,"turns":2},{"damage":18,"enemies":"Slime Boss","floor":16,"turns":5},{"damage":7,"enemies":"3 Byrds","floor":18,"turns":3},{"damage":0,"enemies":"2 Thieves","floor":22,"turns":4},{"damage":14,"enemies":"Slavers","floor":23,"turns":5},{"damage":17,"enemies":"Snake Plant","floor":24,"turns":3},{"damage":0,"enemies":"Sentry and Sphere","floor":25,"turns":2},{"damage":21,"enemies":"Centurion and Healer","floor":28,"turns":8},{"damage":31,"enemies":"Book of Stabbing","floor":29,"turns":3},{"damage":0,"enemies":"Snecko","floor":30,"turns":2},{"damage":0,"enemies":"Collector","floor":33,"turns":3},{"damage":16,"enemies":"Orb Walker","floor":35,"turns":1},{"damage":3,"enemies":"3 Darklings","floor":36,"turns":2},{"damage":4,"enemies":"Maw","floor":38,"turns":5},{"damage":11,"enemies":"Giant Head","floor":40,"turns":4},{"damage":56,"enemies":"Reptomancer","floor":42,"turns":3},{"damage":0,"enemies":"Nemesis","floor":44,"turns":3},{"damage":25,"enemies":"Sphere and 2 Shapes","floor":45,"turns":3},{"damage":12,"enemies":"2 Orb Walkers","floor":48,"turns":3},{"damage":80,"enemies":"Awakened One","floor":50,"turns":5},{"damage":14,"enemies":"Shield and Spear","floor":54,"turns":4},{"damage":115,"enemies":"The Heart","floor":55,"turns":7}],"seed_played":"2075483081091932791","potions_obtained":[{"floor":2,"key":"Keypotion"},{"floor":2,"key":"EntropicBrew"},{"floor":5,"key":"PowerPotion"},{"floor":18,"key":"ColorlessPotion"},{"floor":24,"key":"Weak Potion"},{"floor":28,"key":"Regen Potion"},{"floor":29,"key":"Fire Potion"},{"floor":35,"key":"Regen Potion"},{"floor":40,"key":"Fruit Juice"},{"floor":44,"key":"SmokeBomb"}],"is_trial":false,"path_per_floor":["M","?","M","?","M","R","E","M","T","E","R","M","?","?","R","B",null,"M","?","T","$","M","E","M","M","T","R","M","E","M","?","R","B",null,"M","M","?","M","T","E","R","E","T","E","M","$","R","?","R","B",null,"$","R","E","B",null],"character_chosen":"THRALL","items_purchased":["Frozen Egg 2","Lee\u0027s Waffle","Thingfrombelow","Medical Kit","Bag of Marbles","PowerPotion","Pen Nib"],"campfire_rested":4,"item_purchase_floors":[21,21,21,46,46,46,52],"current_hp_per_floor":[59,59,59,59,55,66,61,61,61,38,57,56,56,53,53,44,61,56,56,56,73,73,73,56,58,58,58,60,73,73,73,73,73,73,57,59,59,73,73,67,67,45,45,52,67,67,67,60,84,35,72,72,84,93,9],"gold":87,"neow_bonus":"ONE_RARE_RELIC","is_daily":false,"chose_seed":false,"campfire_upgraded":4,"win_rate":0.0,"timestamp":1614155571,"path_taken":["M","?","?","?","M","R","E","M","T","E","R","M","?","?","R","BOSS","M","?","?","$","M","E","M","?","T","R","M","E","M","?","R","BOSS","M","M","?","M","?","E","R","E","T","E","M","$","R","?","R","BOSS","$","R","E","BOSS"],"items_purchased_type":["Relic","Relic","Card","Relic","Relic","Potion","Relic"],"build_version":"2020-12-22","purchased_purges":2,"victory":true,"max_hp_per_floor":[66,66,66,66,66,66,66,66,66,66,66,66,66,66,66,66,66,66,66,66,73,73,73,73,73,73,73,73,73,73,73,73,73,73,73,73,73,73,73,78,78,80,80,82,84,84,84,84,84,84,84,84,84,93,93],"relic_stats":{"Lee\u0027s Waffle":17,"Happy Flower":[20],"Singing Bowl":8,"Torii":60,"counters":[29,102],"Golden Idol":180,"Astrolabe":["Menacingnimbus","Zap","Doomhammer"],"Pen Nib":[4],"War Paint":["Thingfrombelow","Thecoin"],"Medical Kit":[2],"Lizard Tail":0,"Centennial Puzzle":[15],"Bronze Scales":[236],"Tiny Chest":2,"Art of War":[2],"obtain_stats":[{"Lantern":20,"Lee\u0027s Waffle":21,"Happy Flower":23,"Singing Bowl":39,"Torii":48,"Golden Idol":13,"Astrolabe":34,"Pen Nib":52,"Omamori":26,"Odd Mushroom":14,"Frozen Egg 2":21,"War Paint":40,"Medical Kit":46,"Lavashock":17,"Totem":0,"Lizard Tail":29,"Centennial Puzzle":44,"Bronze Scales":7,"Strawberry":54,"Tiny Chest":9,"Art of War":10,"Bag of Marbles":46,"Toxic Egg 2":42,"Pocketwatch":0},{"Lantern":10,"Lee\u0027s Waffle":10,"Happy Flower":12,"Singing Bowl":21,"Torii":26,"Golden Idol":7,"Astrolabe":18,"Pen Nib":27,"Omamori":14,"Odd Mushroom":8,"Frozen Egg 2":10,"War Paint":22,"Medical Kit":25,"Lavashock":9,"Totem":0,"Lizard Tail":16,"Centennial Puzzle":24,"Bronze Scales":4,"Strawberry":28,"Tiny Chest":5,"Art of War":6,"Bag of Marbles":25,"Toxic Egg 2":23,"Pocketwatch":0},{"Lantern":32,"Lee\u0027s Waffle":32,"Happy Flower":41,"Singing Bowl":70,"Torii":86,"Golden Idol":22,"Astrolabe":62,"Pen Nib":91,"Omamori":46,"Odd Mushroom":24,"Frozen Egg 2":32,"War Paint":74,"Medical Kit":83,"Lavashock":29,"Totem":0,"Lizard Tail":57,"Centennial Puzzle":80,"Bronze Scales":13,"Strawberry":95,"Tiny Chest":14,"Art of War":18,"Bag of Marbles":83,"Toxic Egg 2":77,"Pocketwatch":0}],"Pocketwatch":[103]},"card_choices":[{"not_picked":["Jinyu","Jadelightning"],"picked":"Witchsapprentice","floor":1},{"not_picked":["Frostshock","Hex"],"picked":"Forkedlightning","floor":3},{"not_picked":["Totemicsmash","Zap"],"picked":"Avalanche","floor":5},{"not_picked":["Lightningbolt","Drakkaridefender"],"picked":"Dunemaul","floor":7},{"not_picked":["Devolve","Cryostasis"],"picked":"Menacingnimbus","floor":8},{"not_picked":["Dunemaul","Spiritofthefrog"],"picked":"Tidalsurge","floor":10},{"not_picked":["Witchsapprentice","Tidalsurge"],"picked":"Volcano","floor":12},{"not_picked":["Tunneltrogg","Thralldeathseer"],"picked":"Therunespear","floor":16},{"not_picked":["Zap","Earthshock"],"picked":"Flametonguetotem","floor":18},{"not_picked":["Evolve","Zap","Forkedlightning"],"picked":"SKIP","floor":22},{"not_picked":["Whiteeyes","Jadelightning+1"],"picked":"Thecoin","floor":23},{"not_picked":["Rockbiter","Doomhammer+1"],"picked":"Flametonguetotem+1","floor":24},{"not_picked":["Rockbiter","Lightningbolt"],"picked":"Frostshock","floor":25},{"not_picked":["Frostshock","Lightningbolt","Jadecheiftain"],"picked":"SKIP","floor":28},{"not_picked":["Tidalsurge","Thecoin","Thestormbringer"],"picked":"SKIP","floor":29},{"not_picked":["Tidalsurge","Thestormbringer"],"picked":"Thecoin","floor":29},{"not_picked":["Elementaryreaction","Rumblingelemental+1","Fireelemental"],"picked":"SKIP","floor":30},{"not_picked":["Tunneltrogg+1","Alakir"],"picked":"Elementaldestruction","floor":33},{"not_picked":["Tidalsurge","Jinyu","Lightningbolt"],"picked":"SKIP","floor":35},{"not_picked":["Earthshock","Devolve"],"picked":"Therunespear+1","floor":36},{"not_picked":["Airelemental+1","Likkim+1"],"picked":"Manatidetotem+1","floor":38},{"not_picked":["Forkedlightning+1","Totemicsmash"],"picked":"Airelemental","floor":40},{"not_picked":["Reincarnate+1","Menacingnimbus","Blazing+1"],"picked":"Singing Bowl","floor":42},{"not_picked":["Ancestralknow+1","Fireelemental+1","Airelemental"],"picked":"Singing Bowl","floor":44},{"not_picked":["Witchsapprentice+1","Beakeredlightning","Zap"],"picked":"Singing Bowl","floor":45},{"not_picked":["Tidalsurge","Hex+1"],"picked":"Eternalsentinel+1","floor":48},{"not_picked":["Thestormbringer+1","Dustdevil+1","Rockbiter+1"],"picked":"Singing Bowl","floor":54}],"player_experience":679779,"relics_obtained":[{"floor":7,"key":"Bronze Scales"},{"floor":9,"key":"Tiny Chest"},{"floor":10,"key":"Art of War"},{"floor":14,"key":"Odd Mushroom"},{"floor":20,"key":"Lantern"},{"floor":23,"key":"Happy Flower"},{"floor":26,"key":"Omamori"},{"floor":29,"key":"Lizard Tail"},{"floor":39,"key":"Singing Bowl"},{"floor":40,"key":"War Paint"},{"floor":42,"key":"Toxic Egg 2"},{"floor":44,"key":"Centennial Puzzle"},{"floor":48,"key":"Torii"},{"floor":54,"key":"Strawberry"}],"event_choices":[{"damage_healed":0,"gold_gain":0,"player_choice":"Got Potions","damage_taken":0,"max_hp_gain":0,"max_hp_loss":0,"event_name":"Lab","floor":2,"gold_loss":0},{"damage_healed":0,"gold_gain":0,"cards_transformed":["Strike_Thrall"],"player_choice":"Change","damage_taken":0,"max_hp_gain":0,"max_hp_loss":0,"event_name":"Living Wall","floor":4,"gold_loss":0,"cards_obtained":["Unstable"]},{"damage_healed":0,"gold_gain":0,"player_choice":"Take Wound","damage_taken":0,"relics_obtained":["Golden Idol"],"max_hp_gain":0,"max_hp_loss":0,"event_name":"Golden Idol","floor":13,"gold_loss":0,"cards_obtained":["Injury"]},{"damage_healed":0,"gold_gain":0,"player_choice":"Fought Mushrooms","damage_taken":0,"max_hp_gain":0,"max_hp_loss":0,"event_name":"Mushrooms","floor":14,"gold_loss":0},{"damage_healed":0,"gold_gain":275,"player_choice":"Desecrate","damage_taken":0,"max_hp_gain":0,"max_hp_loss":0,"event_name":"Golden Shrine","floor":19,"gold_loss":0,"cards_obtained":["Regret"]},{"cards_removed":["Strike_Thrall"],"damage_healed":0,"gold_gain":0,"player_choice":"Elegance","damage_taken":0,"max_hp_gain":0,"max_hp_loss":0,"event_name":"Back to Basics","floor":31,"gold_loss":0},{"damage_healed":0,"gold_gain":0,"player_choice":"Ignored","damage_taken":0,"max_hp_gain":0,"max_hp_loss":0,"event_name":"Tomb of Lord Red Mask","floor":37,"gold_loss":0},{"damage_healed":0,"gold_gain":0,"player_choice":"Fight","damage_taken":0,"max_hp_gain":0,"max_hp_loss":0,"event_name":"Mysterious Sphere","floor":48,"gold_loss":0}],"is_beta":false,"boss_relics":[{"not_picked":["Pandora\u0027s Box","Sozu"],"picked":"Lavashock"},{"not_picked":["Velvet Choker","SacredBark"],"picked":"Astrolabe"}],"items_purged_floors":[21,46],"is_endless":false,"potions_floor_spawned":[5,7,8,12,18,24,28,29,35,40,44,54],"ascension_level":17}}