{"host":"Ringo","time":1614134187,"event":{"mods":["BaseMod","Colored Map","Conspire","Dota2Spire","Hubris","Minty Spire (QoL Compilation)","Replay The Spire","StSLib","The Construct","[IsaacMod]ÒÔÈö¼âËþ","¡¾ÒÅÎï¿¨ÅÆ¡¿REMEMod"],"gold_per_floor":[114,129,0,16,34,66,66,99,125,141,141,83,83,94,94,689,689,701,701,711,711,0,0,13,112,137,157,18,18,35,35,35,136,136,154,168,268,268,268],"floor_reached":38,"language":"ZHS","playtime":1115,"items_purged":["Strike_R","Defend_R"],"score":585,"play_id":"851a607d-fd1a-4e64-b09c-cc4b1da078be","local_time":"20210224103627","is_ascension_mode":true,"campfire_choices":[{"data":"Infernal Blade","floor":7,"key":"SMITH"},{"data":"Flex","floor":15,"key":"SMITH"},{"data":"Heavy Blade","floor":23,"key":"SMITH"},{"data":"Offering","floor":29,"key":"SMITH"},{"data":"ReplayTheSpireMod:Stacked","floor":32,"key":"SMITH"}],"circlet_count":0,"master_deck":["Strike_R","Strike_R","Strike_R","Strike_R","Defend_R","Defend_R","Bash","EpicFetus","Reaper","Flex+1","Heavy Blade+1","Twin Strike","Infernal Blade+1","Clash","ReplayTheSpireMod:Muscle Training","Armaments+1","Offering+1","REME_Scribble","Wild Strike+1","ReplayTheSpireMod:Stacked+1","Wild Strike+1","Havoc+1"],"relics":["Burning Blood","HushsDoor","REME_ComplimentaryCards","MaYiHuaBei","NeowsBlessing","BookOfRevelations","Dota2Spire:BlackKingBar","hubris:OldNail","Centennial Puzzle","BargainBundle","Philosopher\u0027s Stone","ReplayTheSpireMod:Ring of Exchange","BlankCard","Dota2Spire:BladeMail","construct:WeddingRing"],"acts_visited":["Exordium","TheCity","TheBeyond"],"potions_floor_usage":[6,16,16,27],"damage_taken":[{"damage":0,"enemies":"conspire:RoseBush","floor":1,"turns":1},{"damage":0,"enemies":"Small Slimes","floor":2,"turns":1},{"damage":0,"enemies":"Cultist","floor":4,"turns":1},{"damage":0,"enemies":"Blue Slaver","floor":5,"turns":3},{"damage":25,"enemies":"Lagavulin","floor":6,"turns":5},{"damage":25,"enemies":"3 Sentries","floor":8,"turns":7},{"damage":12,"enemies":"2 Fungi Beasts","floor":10,"turns":2},{"damage":15,"enemies":"Lots of Slimes","floor":14,"turns":4},{"damage":8,"enemies":"Hexaghost","floor":16,"turns":8},{"damage":13,"enemies":"Spheric Guardian","floor":18,"turns":3},{"damage":7,"enemies":"3 Byrds","floor":20,"turns":3},{"damage":20,"enemies":"Centurion and Healer","floor":24,"turns":4},{"damage":21,"enemies":"Sentry and Sphere","floor":27,"turns":3},{"damage":23,"enemies":"conspire:HollyBat","floor":30,"turns":8},{"damage":10,"enemies":"Automaton","floor":33,"turns":5},{"damage":9,"enemies":"3 Shapes","floor":35,"turns":2},{"damage":49,"enemies":"3 Darklings","floor":36,"turns":4},{"damage":76,"enemies":"Maw","floor":38,"turns":6}],"seed_played":"2208584337846220400","potions_obtained":[{"floor":5,"key":"Dota2Spire:Clarity"},{"floor":6,"key":"ElixirPotion"},{"floor":8,"key":"SteroidPotion"},{"floor":10,"key":"SkillPotion"},{"floor":24,"key":"AttackPotion"},{"floor":27,"key":"PowerPotion"},{"floor":30,"key":"Strength Potion"}],"is_trial":false,"path_per_floor":["M","M","$","M","M","E","R","E","T","M","?","$","?","M","R","B",null,"M","?","M","?","$","R","M","?","T","M","$","R","M","?","R","B",null,"M","M","?","M"],"character_chosen":"IRONCLAD","items_purchased":["BookOfRevelations","BargainBundle","Armaments","BlankCard","Wild Strike+1"],"campfire_rested":0,"item_purchase_floors":[3,12,12,22,28],"current_hp_per_floor":[78,80,80,80,80,61,61,52,52,58,58,58,58,63,63,61,75,68,68,67,67,67,67,63,63,63,56,56,56,41,41,41,39,75,89,65,65,0,0],"gold":268,"neow_bonus":"THREE_ENEMY_KILL","is_daily":false,"chose_seed":false,"campfire_upgraded":5,"win_rate":0.0,"timestamp":1614134187,"path_taken":["M","M","$","M","M","E","R","E","T","?","?","$","?","M","R","BOSS","M","?","M","?","$","R","M","?","T","M","?","R","?","?","R","BOSS","M","M","?","M"],"items_purchased_type":["Relic","Relic","Card","Relic","Card"],"build_version":"2020-12-18","purchased_purges":2,"victory":false,"max_hp_per_floor":[80,80,80,80,80,80,80,80,80,80,80,80,80,80,80,80,80,80,80,80,80,80,80,80,80,80,83,83,83,85,85,85,87,87,89,91,91,94,94],"card_choices":[{"not_picked":[],"picked":"EpicFetus","floor":0},{"not_picked":["Run Through","Sword Boomerang"],"picked":"Flex","floor":1},{"not_picked":["Intimidate","Flame Barrier"],"picked":"Heavy Blade","floor":2},{"not_picked":["Replay:Undeath\u0027s Touch","Anger"],"picked":"Twin Strike","floor":4},{"not_picked":["Dual Wield","ReplayTheSpireMod:Muscle Training"],"picked":"Infernal Blade","floor":5},{"not_picked":["Eclipse","Replay:Undeath\u0027s Touch"],"picked":"Clash","floor":6},{"not_picked":["Body Slam","Havoc","Thunderclap"],"picked":"SKIP","floor":8},{"not_picked":["Flex","Whirlwind","Rampage"],"picked":"SKIP","floor":10},{"not_picked":["Thunderclap","Run Through","REME_Cut"],"picked":"SKIP","floor":14},{"not_picked":["Replay:Many Hands","conspire:HitWhereItHurts"],"picked":"Offering","floor":16},{"not_picked":["Body Slam","hubris:SharpeningStone","Life Link"],"picked":"SKIP","floor":18},{"not_picked":["Flame Barrier","Reckless Charge","Carnage"],"picked":"SKIP","floor":20},{"not_picked":["Twin Strike","Headbutt+1"],"picked":"REME_Scribble","floor":24},{"not_picked":["Cleave","Whirlwind","Sword Boomerang"],"picked":"SKIP","floor":27},{"not_picked":["hubris:ReadiedAction","Armaments"],"picked":"ReplayTheSpireMod:Stacked","floor":30},{"not_picked":["Body Slam","Sword Boomerang+1","Thunderclap"],"picked":"SKIP","floor":35},{"not_picked":["REME_SingleHolding+1","hubris:ReadiedAction+1"],"picked":"Wild Strike+1","floor":36},{"not_picked":["Inflame","Exhume"],"picked":"Havoc+1","floor":37}],"player_experience":749152,"relics_obtained":[{"floor":6,"key":"Dota2Spire:BlackKingBar"},{"floor":8,"key":"hubris:OldNail"},{"floor":9,"key":"Centennial Puzzle"},{"floor":21,"key":"ReplayTheSpireMod:Ring of Exchange"},{"floor":26,"key":"Dota2Spire:BladeMail"}],"event_choices":[{"damage_healed":0,"gold_gain":0,"cards_transformed":["Defend_R"],"player_choice":"Transformed","damage_taken":0,"max_hp_gain":0,"max_hp_loss":0,"event_name":"Transmorgrifier","floor":11,"gold_loss":0,"cards_obtained":["ReplayTheSpireMod:Muscle Training"]},{"damage_healed":0,"gold_gain":99,"player_choice":"Stole From Cult","damage_taken":0,"max_hp_gain":0,"max_hp_loss":0,"event_name":"Nest","floor":25,"gold_loss":0}],"is_beta":true,"boss_relics":[{"not_picked":["Runic Cube","Ring of Chaos"],"picked":"Philosopher\u0027s Stone"},{"not_picked":[]},{"not_picked":["REME_DuelDisc","ReplayTheSpireMod:CursedCoin"],"picked":"construct:WeddingRing"},{"not_picked":[]}],"items_purged_floors":[12,28],"is_endless":false,"potions_floor_spawned":[5,6,8,10,14,24,27,30],"killed_by":"Maw","ascension_level":9}}