{"host":"mgjbkrm6zb65cm01","time":1614175454,"event":{"mods":["ATMod(°¢èªMod)","Ascension Reborn","Aspiration","BaseMod","Energized Spire","Highlight Path","Minty Spire (QoL Compilation)","Quick Restart","Relic Stats","Replay The Spire","StSLib","Td1madao Mod","noobMod"],"gold_per_floor":[117,137,157,157,232,259,259,259,282,282,317,335,353,353,353],"floor_reached":14,"language":"ZHS","playtime":366,"items_purged":[],"score":135,"play_id":"fbc5bd1a-98f2-4188-bfd6-90303b890011","local_time":"20210224220414","is_ascension_mode":true,"campfire_choices":[{"data":"Searing Blow","floor":8,"key":"SMITH"},{"data":"Searing Blow+1","floor":10,"key":"SMITH"}],"circlet_count":0,"master_deck":["Strike_R","Strike_R+1","Strike_R","Strike_R","Strike_R+1","Defend_R","Defend_R","Defend_R","Defend_R","Bash","AT_DarkMatter","Searing Blow+2","Cleave","Thunderclap","Warcry","Pommel Strike","Bloodletting"],"relics":["Burning Blood","ice","AT_ATBox","NeowsBlessing","Question Card","Regal Pillow","Toy Ornithopter"],"acts_visited":["Exordium"],"potions_floor_usage":[6,6],"damage_taken":[{"damage":0,"enemies":"Small Slimes","floor":1,"turns":1},{"damage":0,"enemies":"2 Louse","floor":2,"turns":1},{"damage":0,"enemies":"Jaw Worm","floor":3,"turns":1},{"damage":53,"enemies":"Lagavulin","floor":6,"turns":7},{"damage":0,"enemies":"Gremlin Nob","floor":11,"turns":3},{"damage":4,"enemies":"Lots of Slimes","floor":12,"turns":2},{"damage":4,"enemies":"Looter","floor":13,"turns":2},{"damage":17,"enemies":"3 Sentries","floor":14,"turns":4}],"seed_played":"1403576309013768251","potions_obtained":[{"floor":1,"key":"Energy Potion"},{"floor":2,"key":"Explosive Potion"},{"floor":12,"key":"Adrenaline Potion"}],"is_trial":false,"path_per_floor":["M","M","M","?","?","E","?","R","T","R","E","M","M","E"],"character_chosen":"IRONCLAD","items_purchased":[],"campfire_rested":0,"item_purchase_floors":[],"current_hp_per_floor":[80,80,80,85,74,27,10,10,10,10,85,87,89,78,78],"gold":353,"neow_bonus":"THREE_ENEMY_KILL","is_daily":false,"chose_seed":false,"campfire_upgraded":2,"win_rate":0.0,"timestamp":1614175454,"path_taken":["M","M","M","?","?","E","?","R","T","R","E","M","M","E"],"items_purchased_type":[],"build_version":"2020-12-22","purchased_purges":0,"victory":false,"max_hp_per_floor":[80,80,80,85,85,85,85,85,85,85,85,89,90,93,93],"relic_stats":{"Regal Pillow":0,"counters":[8,21],"Question Card":4,"obtain_stats":[{"Regal Pillow":9,"AT_ATBox":0,"NeowsBlessing":0,"ice":0,"Question Card":6,"Burning Blood":0,"Toy Ornithopter":11},{"Regal Pillow":4,"AT_ATBox":0,"NeowsBlessing":0,"ice":0,"Question Card":4,"Burning Blood":0,"Toy Ornithopter":5},{"Regal Pillow":10,"AT_ATBox":0,"NeowsBlessing":0,"ice":0,"Question Card":10,"Burning Blood":0,"Toy Ornithopter":13}],"Burning Blood":24,"Toy Ornithopter":0},"card_choices":[{"not_picked":["Dark Embrace","Combust"],"picked":"Searing Blow","floor":1},{"not_picked":["Fire Breathing","Wild Strike","ReplayTheSpireMod:Strike From Hell"],"picked":"SKIP","floor":2},{"not_picked":["Shrug It Off","Havoc"],"picked":"Cleave","floor":3},{"not_picked":["Twin Strike","ReplayTheSpireMod:Strike From Hell"],"picked":"Thunderclap","floor":6},{"not_picked":["Corruption","Heavy Blade","Perfected Strike"],"picked":"Warcry","floor":11},{"not_picked":["Iron Wave","AT_BodySlamDance","Twin Strike"],"picked":"Pommel Strike","floor":12},{"not_picked":["Clothesline","Limit Break","Wild Strike"],"picked":"Bloodletting","floor":13}],"player_experience":180611,"relics_obtained":[{"floor":6,"key":"Question Card"},{"floor":9,"key":"Regal Pillow"},{"floor":11,"key":"Toy Ornithopter"}],"event_choices":[{"damage_healed":0,"gold_gain":0,"player_choice":"Donut","damage_taken":0,"max_hp_gain":5,"max_hp_loss":0,"event_name":"Big Fish","floor":4,"gold_loss":0},{"damage_healed":0,"gold_gain":75,"player_choice":"Gather Gold","damage_taken":11,"max_hp_gain":0,"max_hp_loss":0,"event_name":"World of Goop","floor":5,"gold_loss":0},{"damage_healed":0,"gold_gain":0,"player_choice":"Entered Light","damage_taken":17,"max_hp_gain":0,"max_hp_loss":0,"event_name":"Shining Light","floor":7,"gold_loss":0,"cards_upgraded":["Strike_R","Strike_R"]}],"is_beta":false,"boss_relics":[],"items_purged_floors":[],"is_endless":false,"potions_floor_spawned":[1,2,12],"killed_by":"3 Sentries","ascension_level":0}}