{"host":"73bw5seuoedfmnty","time":1614144512,"event":{"mods":["AchievementEnabler","Ascension Reborn","Aspiration","Bard","BaseMod","CCEM2","Challenge The Spire","Conspire","Curses Come First","Custom Start","Downfall","Emptier Cage","Gremlin Mod","Halation","Hubris","Infinite Spire","Marked Mod","Minty Spire (QoL Compilation)","Permanent Neow","Reliquary","Replay The Spire","Robot Space Explorer","Somnambulant","Spikes Relics","StSLib","The Cursed","The Disciple","The Jungle","The Senshi","thorton"],"gold_per_floor":[114,125,125,143,156,181,181,193,193,221,221,236,246,262,262,359,359,377,388,2,2,2,27,27,27,27,27,44,44,73,88,88,88,88],"floor_reached":33,"language":"ENG","playtime":8020,"items_purged":["Strike_G","Strike_G"],"score":299,"play_id":"4e269f40-6101-4d7a-a3df-aa1949c4d628","local_time":"20210223212832","is_ascension_mode":true,"campfire_choices":[{"floor":11,"key":"REST"},{"data":"Toxin Wave","floor":15,"key":"SMITH"},{"floor":24,"key":"REST"},{"floor":29,"key":"REST"},{"data":"infinitespire:Starlight","floor":32,"key":"SMITH"}],"circlet_count":0,"master_deck":["Strike_G","Strike_G","Strike_G","Defend_G","Defend_G","Defend_G","Defend_G","Defend_G","Survivor","Neutralize","Madness","Bane","Hidden Blade","Noxious Fumes","Draining Mist","Bouncing Flask","Flying Knee","Toxin Wave+1","Slice+1","Bane","Quick Slash","Venomology+1","Sickly","Clumsy","Hallucinations","Catalyst+1","All Out Attack","Skewer","infinitespire:Starlight+1","infinitespire:FutureSight","infinitespire:NeuralNetwork","Catalyst","Dagger Throw+1","Crippling Poison"],"relics":["Ring of the Snake","Letter Opener","Nunchaku","Mirror","Replay:Ancient Bell","Anchor","reliquary:PurpleTingedLeaf","halation:SwordOfLegend","CCEMRelics:IronFruit","CCEMRelics:OverlyComfyChair","halation:TwoAmDonut","aspiration:AnachronicSnailShell","infinitespire:Satchel"],"acts_visited":["Exordium","TheCity"],"potions_floor_usage":[6,6,8,13,18,18,19,19,23,28,28,30,30,31,33,33],"damage_taken":[{"damage":0,"enemies":"2 Louse","floor":1,"turns":4},{"damage":5,"enemies":"Small Slimes","floor":2,"turns":4},{"damage":0,"enemies":"Cultist","floor":4,"turns":4},{"damage":10,"enemies":"2 Fungi Beasts","floor":5,"turns":3},{"damage":1,"enemies":"Lagavulin","floor":6,"turns":8},{"damage":2,"enemies":"Exordium Wildlife","floor":8,"turns":3},{"damage":7,"enemies":"Replay:BlueRogue","floor":10,"turns":7},{"damage":11,"enemies":"Blue Slaver","floor":12,"turns":3},{"damage":0,"enemies":"Looter","floor":13,"turns":3},{"damage":12,"enemies":"Large Slime","floor":14,"turns":5},{"damage":54,"enemies":"Fading Forest","floor":16,"turns":11},{"damage":29,"enemies":"Spheric Guardian","floor":18,"turns":6},{"damage":26,"enemies":"Shell Parasite","floor":19,"turns":8},{"damage":22,"enemies":"Replay:Snechameleon","floor":23,"turns":6},{"damage":12,"enemies":"Snecko","floor":28,"turns":4},{"damage":9,"enemies":"Nightmare","floor":30,"turns":5},{"damage":17,"enemies":"3 Cultists","floor":31,"turns":5},{"damage":81,"enemies":"Automaton","floor":33,"turns":8}],"seed_played":"735118747805360817","potions_obtained":[{"floor":1,"key":"Dexterity Potion"},{"floor":2,"key":"Explosive Potion"},{"floor":4,"key":"Adrenaline Potion"},{"floor":8,"key":"Block Potion"},{"floor":16,"key":"Cursed Concoction"},{"floor":18,"key":"bronze:BurnAndBuffPotion"},{"floor":23,"key":"champ:CounterPotion"},{"floor":28,"key":"SteroidPotion"},{"floor":31,"key":"champ:CounterPotion"}],"is_trial":false,"path_per_floor":["M","M","?","M","M","E","?","M","T","E","R","M","M","M","R","B",null,"M","M","$","?","?","E","R","?","T","AVR","M","R","NM","M","R","B"],"character_chosen":"THE_SILENT","items_purchased":["CCEMRelics:IronFruit","LiquidBronze"],"campfire_rested":3,"item_purchase_floors":[20,20],"current_hp_per_floor":[70,65,70,70,60,59,59,57,57,50,72,61,61,49,49,13,75,48,24,29,29,29,7,40,40,40,40,39,66,68,62,68,0,0],"gold":88,"neow_bonus":"RANDOM_COLORLESS","is_daily":false,"chose_seed":false,"campfire_upgraded":2,"win_rate":0.0,"timestamp":1614144512,"path_taken":["M","M","?","M","M","E","?","M","T","E","R","M","M","M","R","BOSS","M","M","$","?","?","E","R","?","T","AVR","M","R","NM","M","R","BOSS"],"items_purchased_type":["Relic","Potion"],"build_version":"2020-12-22","purchased_purges":2,"victory":false,"max_hp_per_floor":[70,70,75,75,75,75,75,75,75,75,75,75,75,75,75,75,75,75,75,80,80,80,80,80,80,80,80,80,80,80,80,80,80,80],"card_choices":[{"not_picked":["Flash of Steel","Panacea"],"picked":"Madness","floor":0},{"not_picked":["Dodge and Roll","Endless Agony"],"picked":"Bane","floor":1},{"not_picked":["Acrobatics","ReplayTheSpireMod:Tripwire"],"picked":"Hidden Blade","floor":2},{"not_picked":["ReplayTheSpireMod:Necrosis","Outmaneuver"],"picked":"Noxious Fumes","floor":4},{"not_picked":["Blade Dance","Hidden Blade"],"picked":"Draining Mist","floor":5},{"not_picked":["Reflex","Choke"],"picked":"Bouncing Flask","floor":6},{"not_picked":["conspire:PoisonWeapons","Outmaneuver"],"picked":"Flying Knee","floor":8},{"not_picked":["All Out Attack","hubris:SlightOfHand"],"picked":"Toxin Wave","floor":10},{"not_picked":["Choke","Acrobatics"],"picked":"Slice","floor":12},{"not_picked":["Eviscerate","Dagger Spray"],"picked":"Bane","floor":13},{"not_picked":["ReplayTheSpireMod:Shiv Toss","Bane"],"picked":"Quick Slash","floor":14},{"not_picked":["Burst","ReplayTheSpireMod:From All Sides"],"picked":"Venomology","floor":16},{"not_picked":["Overencumbered","downfall:Aged"],"picked":"Sickly","floor":17},{"not_picked":["downfall:Aged","downfall:Malfunctioning"],"picked":"Clumsy","floor":17},{"not_picked":["Decay","conspire:NecroticWound"],"picked":"Hallucinations","floor":17},{"not_picked":["Dodge and Roll","conspire:DoublingDagger"],"picked":"Catalyst+1","floor":18},{"not_picked":["Riddle With Holes+1","aspiration:Lunge"],"picked":"All Out Attack","floor":19},{"not_picked":["Blade Dance+1","Quick Slash"],"picked":"Skewer","floor":23},{"not_picked":["Crippling Poison","Dodge and Roll"],"picked":"Catalyst","floor":28},{"not_picked":["Noxious Fumes","Poisoned Stab"],"picked":"Dagger Throw+1","floor":30},{"not_picked":["Acrobatics+1","Wraith Form v2"],"picked":"Crippling Poison","floor":31}],"player_experience":103017,"relics_obtained":[{"floor":7,"key":"Letter Opener"},{"floor":9,"key":"Nunchaku"},{"floor":10,"key":"Mirror"},{"floor":23,"key":"CCEMRelics:OverlyComfyChair"},{"floor":26,"key":"halation:TwoAmDonut"},{"floor":30,"key":"infinitespire:Satchel"}],"event_choices":[{"damage_healed":0,"gold_gain":0,"player_choice":"Donut","damage_taken":0,"max_hp_gain":5,"max_hp_loss":0,"event_name":"Big Fish","floor":3,"gold_loss":0},{"damage_healed":0,"gold_gain":0,"player_choice":"Ignored","damage_taken":0,"max_hp_gain":0,"max_hp_loss":0,"event_name":"Vampires","floor":21,"gold_loss":0},{"damage_healed":0,"gold_gain":0,"player_choice":"Leave","damage_taken":0,"max_hp_gain":0,"max_hp_loss":0,"event_name":"conspire:Investor","floor":22,"gold_loss":0},{"damage_healed":0,"gold_gain":0,"player_choice":"Upgraded","damage_taken":0,"max_hp_gain":0,"max_hp_loss":0,"event_name":"Upgrade Shrine","floor":25,"gold_loss":0,"cards_upgraded":["Venomology"]}],"is_beta":false,"boss_relics":[{"not_picked":["aspiration:FutureDiary","conspire:SlowCooker"],"picked":"Replay:Ancient Bell"},{"not_picked":["halation:LettersToHer","CCEMRelics:TeddyBear"],"picked":"Anchor"},{"not_picked":["hubris:BottledRain","aspiration:FetidBarrel"],"picked":"reliquary:PurpleTingedLeaf"},{"not_picked":["Prayer Wheel","hubris:64BitClover"],"picked":"halation:SwordOfLegend"}],"items_purged_floors":[20,27],"is_endless":true,"potions_floor_spawned":[1,2,4,8,16,18,23,28,31],"killed_by":"Automaton","ascension_level":0}}