{"host":"ft5t4c9juw39jltm","time":1614137849,"event":{"mods":["BaseMod","CapriCore","Dota2Spire","GungeonMod","HololiveMod","Minty Spire (QoL Compilation)","StSLib","WarShipGirlsR/战舰少女R mod","[GremlinLeader]The Maniac","【遗物卡牌】REMEMod"],"gold_per_floor":[114,125,135,310,310,639,656,656,680,700,730,42,53,64,64,159,159,174,192,22,22,41,68,68,84,84,84,104,115,132,143,162,162,162,262,262,277,277,267,280,300,300,328,328,376,391,423,423,438,438,438,438,438,438,8,36,36],"floor_reached":58,"language":"ZHS","playtime":3756,"items_purged":["Doubt","DemoMod:Strike_Huntress"],"score":1132,"play_id":"be31f263-3665-4180-8bd4-d4d58719d7ee","local_time":"20210224113729","is_ascension_mode":false,"campfire_choices":[{"data":"Hyperbeam","floor":8.0,"key":"SMITH"},{"floor":15.0,"key":"REST"},{"data":"DemoMod:PotionOfGunFriendShip","floor":24.0,"key":"SMITH"},{"data":"DemoMod:ChanceBullets","floor":27.0,"key":"SMITH"},{"floor":33.0,"key":"REST"},{"floor":42.0,"key":"RECALL"},{"data":"DemoMod:Slinger","floor":44.0,"key":"SMITH"},{"data":"DemoMod:HungryBullets","floor":51,"key":"SMITH"},{"data":"DemoMod:FastSwitch","floor":54,"key":"SMITH"}],"circlet_count":0,"master_deck":["DemoMod:Strike_Huntress","DemoMod:Defend_Huntress","DemoMod:Defend_Huntress","DemoMod:Defend_Huntress","DemoMod:Defend_Huntress","DemoMod:Roll","DemoMod:ManualReload","DemoMod:RustySidearm","DemoMod:CrossBow","Hyperbeam+1","DemoMod:DoubleSwitch","DemoMod:FastSwitch+1","DemoMod:JK47","DemoMod:Unmoved","DemoMod:LifeOrb","DemoMod:TripleGun","DemoMod:PotionOfGunFriendShip+1","DemoMod:ChanceBullets+1","DemoMod:ProbeStrike","DemoMod:Slinger+1","DemoMod:BoxingGlove+1","DemoMod:HardPowerCard+1","DemoMod:HungryBullets+1","Hyperbeam+1","DemoMod:ThirdPartyController","DemoMod:BattleInHaste","DemoMod:ConditionalReflex+1","DemoMod:HardPowerCard+1","DemoMod:ShadowBullets+1","DemoMod:FortunesFavor+1","DemoMod:MegaHand+1","DemoMod:Elimentaler","DemoMod:GunslingerForm","DemoMod:FastSwitch+1","Madness","Madness","DemoMod:GunstockTap+1","DemoMod:MachoBrace+1","DemoMod:SuppressiveFire","DemoMod:ShadowBullets+1","DemoMod:Elimentaler","DemoMod:SuppressiveFire","DemoMod:FastSwitch"],"relics":["DemoMod:Dog","REME_ComplimentaryCards","NeowsBlessing","Old Coin","Mercury Hourglass","Dota2Spire:EyeOfSkadi","TheAbacus","Dota2Spire:Bloodstone","PreservedInsect","DemoMod:RatBoots","DemoMod:ResourcefulSack","DemoMod:PartiallyEatenCheese","Coffee Dripper","Dota2Spire:RefresherOrb","Dota2Spire:Satanic","DemoMod:RedGuonStone","REME_PuzzleBoxRelic","DemoMod:OrangeGuonStone","DemoMod:CrisisStone"],"acts_visited":["Exordium","TheCity","DemoMod:Maze","TheBeyond","TheEnding"],"potions_floor_usage":[57],"damage_taken":[{"damage":0.0,"enemies":"Small Slimes","floor":1.0,"turns":1.0},{"damage":0.0,"enemies":"Cultist","floor":2.0,"turns":1.0},{"damage":0.0,"enemies":"Jaw Worm","floor":3.0,"turns":1.0},{"damage":24.0,"enemies":"Gremlin Nob","floor":6.0,"turns":4.0},{"damage":1.0,"enemies":"Exordium Thugs","floor":7.0,"turns":6.0},{"damage":9.0,"enemies":"3 Louse","floor":10.0,"turns":3.0},{"damage":23.0,"enemies":"Lagavulin","floor":11.0,"turns":5.0},{"damage":1.0,"enemies":"2 Fungi Beasts","floor":13.0,"turns":3.0},{"damage":0.0,"enemies":"Exordium Wildlife","floor":14.0,"turns":1.0},{"damage":24.0,"enemies":"The Guardian","floor":16.0,"turns":9.0},{"damage":0.0,"enemies":"Chosen","floor":18.0,"turns":3.0},{"damage":18.0,"enemies":"Spheric Guardian","floor":19.0,"turns":4.0},{"damage":11.0,"enemies":"Snake Plant","floor":22.0,"turns":3.0},{"damage":42.0,"enemies":"REME_1_Revenger","floor":23.0,"turns":5.0},{"damage":2.0,"enemies":"Snecko","floor":25.0,"turns":4.0},{"damage":18.0,"enemies":"DemoMod:Red_and_blue_shotgun_kin","floor":28.0,"turns":3.0},{"damage":1.0,"enemies":"DemoMod:4_Bullet_Kins","floor":29.0,"turns":4.0},{"damage":12.0,"enemies":"DemoMod:Red_and_blue_shotgun_kin_with_gunsinger","floor":30.0,"turns":3.0},{"damage":10.0,"enemies":"DemoMod:Veteran_shot_gun_kin_and_blue_shotgun_kin","floor":31.0,"turns":2.0},{"damage":1.0,"enemies":"DemoMod:2_Mousers","floor":32.0,"turns":3.0},{"damage":15.0,"enemies":"DemoMod:ResourcefulRat","floor":34.0,"turns":11.0},{"damage":67.0,"enemies":"DemoMod:ResourcefulRat","floor":35.0,"turns":8.0},{"damage":9.0,"enemies":"3 Shapes","floor":37.0,"turns":2.0},{"damage":0.0,"enemies":"Orb Walker","floor":40.0,"turns":2.0},{"damage":0.0,"enemies":"Writhing Mass","floor":41.0,"turns":5.0},{"damage":0.0,"enemies":"Giant Head","floor":43.0,"turns":3.0},{"damage":0.0,"enemies":"3 Darklings","floor":46.0,"turns":2.0},{"damage":0.0,"enemies":"Nemesis","floor":47.0,"turns":3.0},{"damage":0.0,"enemies":"Jaw Worm Horde","floor":49.0,"turns":3.0},{"damage":10,"enemies":"Donu and Deca","floor":52,"turns":4},{"damage":0,"enemies":"Shield and Spear","floor":56,"turns":1},{"damage":12,"enemies":"The Heart","floor":57,"turns":5}],"seed_played":"2677690223822921978","potions_obtained":[{"floor":2.0,"key":"LiquidMemories"},{"floor":5.0,"key":"ColorlessPotion"},{"floor":5.0,"key":"FearPotion"},{"floor":6.0,"key":"Explosive Potion"},{"floor":14.0,"key":"ColorlessPotion"},{"floor":18.0,"key":"REME_GoldPotion"},{"floor":22.0,"key":"SpeedPotion"},{"floor":23.0,"key":"EssenceOfSteel"},{"floor":29.0,"key":"ColorlessPotion"},{"floor":31.0,"key":"LiquidBronze"},{"floor":35.0,"key":"FairyPotion"},{"floor":37.0,"key":"Energy Potion"},{"floor":49.0,"key":"PowerPotion"}],"is_trial":false,"path_per_floor":["M","M","M","?","?","E","M","R","T","M","E","$","M","M","R","B",null,"M","M","$","?","M","E","R","M","T","R","M","M","M","M","M","R","B","B",null,"M","?","?","M","M","R","E","R","T","M","E","?","M","?","R","B",null,"R","$","E","B",null],"character_chosen":"HUNTRESS","items_purchased":["DemoMod:GnawedKey","Dota2Spire:EyeOfSkadi","DemoMod:ChanceBullets","TheAbacus","DemoMod:HungryBullets","DemoMod:OrangeGuonStone","DemoMod:SuppressiveFire","DemoMod:FastSwitch"],"campfire_rested":2,"item_purchase_floors":[12,12,12,12,20,55,55,55],"current_hp_per_floor":[70,70,70,70,70,46,45,45,45,36,13,18,17,17,39,15,75,75,57,57,57,46,4,4,2,75,75,57,56,44,34,33,55,40,24,75,66,57,57,57,57,57,57,57,57,57,57,57,57,57,57,47,75,75,75,75,63],"gold":36,"neow_bonus":"THREE_ENEMY_KILL","is_daily":false,"chose_seed":false,"campfire_upgraded":6,"win_rate":0.0,"timestamp":1614137849,"path_taken":["M","M","M","?","?","E","M","R","T","M","E","$","M","?","R","BOSS","M","M","?","?","M","E","R","?","T","R","M","M","M","M","M","R","BOSS","BOSS","M","?","?","M","M","R","E","R","T","M","E","?","M","?","R","BOSS","R","$","E","BOSS"],"items_purchased_type":["Relic","Relic","Card","Relic","Card","Relic","Card","Card"],"build_version":"2020-12-22","purchased_purges":2,"victory":true,"max_hp_per_floor":[70,70,70,70,70,70,70,70,70,70,70,75,75,75,75,75,75,75,75,75,75,75,75,75,75,75,75,75,75,75,75,75,75,75,75,75,75,75,75,75,75,75,75,75,75,75,75,75,75,75,75,75,75,75,75,75,75],"card_choices":[{"not_picked":["DemoMod:HuntsMan","DemoMod:HardPowerCard"],"picked":"DemoMod:DoubleSwitch","floor":1.0},{"not_picked":["DemoMod:SkilledReload","DemoMod:Unmoved"],"picked":"DemoMod:FastSwitch","floor":2.0},{"not_picked":["DemoMod:SAA","DemoMod:FastSwitch"],"picked":"DemoMod:JK47","floor":3.0},{"not_picked":["DemoMod:FeignSurrender","DemoMod:PracticeMakesPerfect"],"picked":"DemoMod:Unmoved","floor":6.0},{"not_picked":["DemoMod:AC15","DemoMod:Ejector"],"picked":"DemoMod:LifeOrb","floor":7.0},{"not_picked":["DemoMod:DirectionalPad","DemoMod:TableSutra"],"picked":"DemoMod:TripleGun","floor":10.0},{"not_picked":["DemoMod:BoxingGlove","DemoMod:FastSwitch"],"picked":"DemoMod:PotionOfGunFriendShip","floor":11.0},{"not_picked":["DemoMod:HuntsMan","DemoMod:ConditionalReflex"],"picked":"DemoMod:ProbeStrike","floor":13.0},{"not_picked":["DemoMod:AC15","DemoMod:FeignSurrender"],"picked":"DemoMod:Purify","floor":14.0},{"not_picked":["DemoMod:BlankBullets","DemoMod:GunslingerForm"],"picked":"DemoMod:Slinger","floor":16.0},{"not_picked":["DemoMod:SkilledReload+1","DemoMod:TripleGun"],"picked":"DemoMod:BoxingGlove+1","floor":18.0},{"not_picked":["DemoMod:DirectionalPad+1","DemoMod:StickyCrossBow"],"picked":"DemoMod:HardPowerCard+1","floor":19.0},{"not_picked":["DemoMod:Unmoved","DemoMod:AC15","DemoMod:FastSwitch"],"picked":"SKIP","floor":19.0},{"not_picked":["DemoMod:DirectionalPad","DemoMod:LifeOrb+1"],"picked":"DemoMod:ThirdPartyController","floor":22.0},{"not_picked":["DemoMod:Camera","DemoMod:BoxingGlove"],"picked":"DemoMod:BattleInHaste","floor":23.0},{"not_picked":["DemoMod:BoxingGlove","DemoMod:PotionOfGunFriendShip"],"picked":"DemoMod:ConditionalReflex+1","floor":25.0},{"not_picked":["DemoMod:LifeOrb+1","DemoMod:Slinger"],"picked":"DemoMod:HardPowerCard+1","floor":28.0},{"not_picked":["DemoMod:Unity+1","DemoMod:EasyReloadBullets+1","DemoMod:CursedBullets+1"],"picked":"SKIP","floor":29.0},{"not_picked":["DemoMod:ProbeStrike+1","DemoMod:AWP+1"],"picked":"DemoMod:ShadowBullets+1","floor":30.0},{"not_picked":["DemoMod:BoxingGlove+1","DemoMod:HardPowerCard"],"picked":"DemoMod:FortunesFavor+1","floor":31.0},{"not_picked":["DemoMod:HardPowerCard","DemoMod:AWP+1"],"picked":"DemoMod:MegaHand+1","floor":32.0},{"not_picked":[],"picked":"DemoMod:Elimentaler","floor":35.0},{"not_picked":["DemoMod:DoubleVision","DemoMod:SuppressiveFire"],"picked":"DemoMod:GunslingerForm","floor":35.0},{"not_picked":["DemoMod:LifeOrb","DemoMod:JK47"],"picked":"DemoMod:FastSwitch+1","floor":36.0},{"not_picked":["DemoMod:JK47+1","DemoMod:TeaPot","DemoMod:Polaris+1"],"picked":"SKIP","floor":37.0},{"not_picked":["DemoMod:JK47+1","DemoMod:CombinedRifle+1"],"picked":"DemoMod:GunstockTap+1","floor":40.0},{"not_picked":["DemoMod:Unmoved+1","DemoMod:SAA+1"],"picked":"DemoMod:MachoBrace+1","floor":41.0},{"not_picked":["DemoMod:ShadowBullets","DemoMod:HardPowerCard+1"],"picked":"DemoMod:SuppressiveFire","floor":43.0},{"not_picked":["DemoMod:Ejector","DemoMod:GunstockTap+1","DemoMod:JK47"],"picked":"SKIP","floor":46.0},{"not_picked":["DemoMod:Unity","DemoMod:JK47+1","DemoMod:GunShield"],"picked":"SKIP","floor":47.0},{"not_picked":["DemoMod:MegaHand","DemoMod:TeaPot"],"picked":"DemoMod:ShadowBullets+1","floor":49.0},{"not_picked":[],"picked":"DemoMod:Elimentaler","floor":50},{"not_picked":["DemoMod:RadGun","DemoMod:SkilledReload","DemoMod:CursedBullets"],"picked":"SKIP","floor":56}],"player_experience":217869,"relics_obtained":[{"floor":6.0,"key":"Old Coin"},{"floor":11.0,"key":"Mercury Hourglass"},{"floor":23.0,"key":"PreservedInsect"},{"floor":36.0,"key":"DemoMod:RatBoots"},{"floor":36.0,"key":"DemoMod:ResourcefulSack"},{"floor":36.0,"key":"DemoMod:PartiallyEatenCheese"},{"floor":36.0,"key":"Coffee Dripper"},{"floor":36.0,"key":"Dota2Spire:RefresherOrb"},{"floor":43.0,"key":"Dota2Spire:Satanic"},{"floor":45.0,"key":"DemoMod:RedGuonStone"},{"floor":47.0,"key":"REME_PuzzleBoxRelic"},{"floor":56,"key":"DemoMod:CrisisStone"}],"event_choices":[{"damage_healed":0.0,"max_hp_gain":0.0,"max_hp_loss":0.0,"gold_gain":175.0,"event_name":"Liars Game","player_choice":"AGREE","floor":4.0,"gold_loss":0.0,"damage_taken":0.0,"cards_obtained":["Doubt"]},{"damage_healed":0.0,"max_hp_gain":0.0,"max_hp_loss":0.0,"gold_gain":0.0,"event_name":"Lab","player_choice":"Got Potions","floor":5.0,"gold_loss":0.0,"damage_taken":0.0},{"damage_healed":0.0,"max_hp_gain":0.0,"max_hp_loss":0.0,"gold_gain":0.0,"event_name":"Duplicator","player_choice":"Copied","floor":21.0,"gold_loss":0.0,"damage_taken":0.0,"cards_obtained":["Hyperbeam"]},{"damage_healed":0.0,"max_hp_gain":0.0,"max_hp_loss":0.0,"gold_gain":0.0,"event_name":"Winding Halls","player_choice":"Embrace Madness","floor":38.0,"gold_loss":0.0,"damage_taken":9.0,"cards_obtained":["Madness","Madness"]},{"damage_healed":0.0,"max_hp_gain":0.0,"max_hp_loss":0.0,"gold_gain":0.0,"event_name":"Falling","player_choice":"Ignored","floor":48.0,"gold_loss":0.0,"damage_taken":0.0}],"is_beta":false,"boss_relics":[{"not_picked":["Calling Bell","Hololive_TopUpMoneyS"],"picked":"Dota2Spire:Bloodstone"},{"not_picked":[]}],"items_purged_floors":[12,20],"is_endless":false,"potions_floor_spawned":[2,6,13,14,18,22,23,29,31,34,35,37,41,47,49,52],"ascension_level":0}}