{"host":"emzatosnsokm6754","time":1614134280,"event":{"mods":["Act Like it!","BaseMod","Bossed Relics","Colored Powertips","Energized Spire","Minty Spire (QoL Compilation)","Rare Cards Sparkle","Replay The Spire","Ruina","StSLib","The Cursed","The Gatherer","The Hierophant","The Jungle","The Servant 0.9.4"],"gold_per_floor":[114,131,179,194,214,240,253,428,428,510,510,538,538,549,549,650,650,667,677,62,62,2,33,45,45,71,102,2,19,31,63,63,167,167,182,128,128,128],"floor_reached":39,"language":"ENG","playtime":1428,"items_purged":["Doubt","Havoc"],"score":780,"play_id":"720c9844-456d-44a0-8fbc-6ea3a3d784fe","local_time":"20210224153800","is_ascension_mode":true,"campfire_choices":[{"data":"Wild Strike","floor":11,"key":"SMITH"},{"data":"Bash","floor":13,"key":"SMITH"},{"floor":15,"key":"REST"},{"data":"Feed","floor":25,"key":"SMITH"},{"floor":32,"key":"REST"}],"circlet_count":0,"master_deck":["Strike_R","Strike_R","Strike_R","Strike_R","Strike_R","Defend_R","Defend_R","Defend_R","Defend_R","Bash+1","Shockwave","ReplayTheSpireMod:Stacked","Sever Soul","Wild Strike+1","Dual Wield+1","Havoc+1","Eclipse+1","ReplayTheSpireMod:Limb From Limb","Master of Strategy+1","Armaments+1","Armaments+1","Infernal Blade+1","Massacre","Feed+1","Havoc+1","Limit Break+1","Shrug It Off+1","Havoc+1","Hemogenesis","Havoc+1","Havoc+1"],"relics":["Burning Blood","PreservedInsect","Darkstone Periapt","Mirror","Shuriken","Replay:Ringing Soul","Toxic Egg 2","Sozu","Brimstone","Lantern","Replay:Bottled Flurry","Pet Ghost","StoneCalendar","Pen Nib","Mark of Pain"],"acts_visited":["Exordium","TheCity","TheBeyond"],"potions_floor_usage":[6,7,12,16],"damage_taken":[{"damage":1,"enemies":"Cultist","floor":1,"turns":3},{"damage":1,"enemies":"Jaw Worm","floor":2,"turns":4},{"damage":8,"enemies":"Small Slimes","floor":4,"turns":4},{"damage":10,"enemies":"2 Fungi Beasts","floor":5,"turns":4},{"damage":31,"enemies":"3 Sentries","floor":6,"turns":9},{"damage":6,"enemies":"Large Slime","floor":7,"turns":6},{"damage":8,"enemies":"Gremlin Nob","floor":12,"turns":4},{"damage":22,"enemies":"Exordium Thugs","floor":14,"turns":5},{"damage":38,"enemies":"Fading Forest","floor":16,"turns":11},{"damage":10,"enemies":"Chosen","floor":18,"turns":5},{"damage":0,"enemies":"Spheric Guardian","floor":19,"turns":3},{"damage":38,"enemies":"Book of Stabbing","floor":23,"turns":4},{"damage":25,"enemies":"Centurion and Healer","floor":24,"turns":3},{"damage":10,"enemies":"Gremlin Leader","floor":27,"turns":2},{"damage":0,"enemies":"3 Cultists","floor":29,"turns":3},{"damage":22,"enemies":"Snake Plant","floor":30,"turns":3},{"damage":13,"enemies":"Slavers","floor":31,"turns":5},{"damage":53,"enemies":"Pondfish","floor":33,"turns":5},{"damage":0,"enemies":"3 Darklings","floor":35,"turns":2},{"damage":83,"enemies":"Donu and Deca","floor":38,"turns":6}],"seed_played":"-822647261043718192","potions_obtained":[{"floor":3,"key":"Fire Potion"},{"floor":4,"key":"SneckoOil"},{"floor":5,"key":"Fruit Juice"},{"floor":6,"key":"GamblersBrew"}],"is_trial":false,"path_per_floor":["M","M","?","M","M","E","M","?","T","T","R","E","R","M","R","B",null,"M","M","$","?","?","E","M","R","T","E","$","M","M","E","R","B",null,"M","$","?","B",null],"character_chosen":"IRONCLAD","items_purchased":["Brimstone","Master of Strategy+1","Armaments+1","Lantern","Havoc+1"],"campfire_rested":2,"item_purchase_floors":[20,20,20,20,36],"current_hp_per_floor":[80,80,60,58,54,34,34,40,40,40,40,41,41,28,57,38,100,99,103,106,109,109,85,69,69,69,72,72,81,68,68,108,64,138,141,144,144,71],"gold":128,"neow_bonus":"RANDOM_COMMON_RELIC","is_daily":false,"chose_seed":false,"campfire_upgraded":3,"win_rate":0.0,"timestamp":1614134280,"path_taken":["M","M","?","M","M","E","M","?","T","?","R","E","R","M","R","BOSS","M","M","?","?","?","E","M","R","T","E","$","M","M","E","R","BOSS","M","$","?","BOSS"],"items_purchased_type":["Relic","Card","Card","Relic","Card"],"build_version":"2020-12-22","purchased_purges":2,"victory":true,"max_hp_per_floor":[80,80,80,80,80,85,85,91,91,91,91,94,94,97,97,100,100,103,103,106,109,109,112,115,115,115,122,122,125,128,135,135,138,138,141,144,144,148],"card_choices":[{"not_picked":["Body Slam","Clothesline"],"picked":"Havoc","floor":1},{"not_picked":["Perfected Strike","Clash","Flex"],"picked":"SKIP","floor":2},{"not_picked":["Whirlwind","Pommel Strike"],"picked":"Shockwave","floor":3},{"not_picked":["Clothesline","Sword Boomerang"],"picked":"ReplayTheSpireMod:Stacked","floor":4},{"not_picked":["Clash","Heavy Blade"],"picked":"Sever Soul","floor":5},{"not_picked":["Rampage","Combust","Run Through"],"picked":"SKIP","floor":6},{"not_picked":["Massacre","ReplayReversal"],"picked":"Wild Strike","floor":7},{"not_picked":["Hemokinesis","Armaments+1"],"picked":"Dual Wield+1","floor":12},{"not_picked":["ReplayTheSpireMod:LeadingStrike","Body Slam"],"picked":"Havoc+1","floor":14},{"not_picked":["Replay:Many Hands+1","Feed"],"picked":"Eclipse+1","floor":16},{"not_picked":["Dropkick","ReplayTheSpireMod:LeadingStrike"],"picked":"ReplayTheSpireMod:Limb From Limb","floor":18},{"not_picked":["Warcry+1","Run Through","Bloodletting+1"],"picked":"SKIP","floor":19},{"not_picked":["Flex+1","Carnage"],"picked":"Massacre","floor":23},{"not_picked":["Blood for Blood","Flex+1"],"picked":"Feed","floor":24},{"not_picked":["Thunderclap","Run Through+1"],"picked":"Havoc+1","floor":27},{"not_picked":["Warcry+1","Dropkick+1"],"picked":"Limit Break+1","floor":29},{"not_picked":["True Grit+1","ReplayTheSpireMod:Strike From Hell"],"picked":"Shrug It Off+1","floor":30},{"not_picked":["Cleave","Combust"],"picked":"Havoc+1","floor":31},{"not_picked":["Brutality","Immolate"],"picked":"Hemogenesis","floor":33},{"not_picked":["Wild Strike","Sentinel+1"],"picked":"Havoc+1","floor":35}],"player_experience":216120,"relics_obtained":[{"floor":3,"key":"Darkstone Periapt"},{"floor":6,"key":"Mirror"},{"floor":9,"key":"Shuriken"},{"floor":10,"key":"Replay:Ringing Soul"},{"floor":12,"key":"Toxic Egg 2"},{"floor":23,"key":"Replay:Bottled Flurry"},{"floor":26,"key":"Pet Ghost"},{"floor":27,"key":"StoneCalendar"},{"floor":31,"key":"Pen Nib"}],"event_choices":[{"damage_healed":0,"gold_gain":175,"player_choice":"AGREE","damage_taken":0,"max_hp_gain":0,"max_hp_loss":0,"event_name":"Liars Game","floor":8,"gold_loss":0,"cards_obtained":["Doubt"]},{"damage_healed":0,"gold_gain":0,"player_choice":"Read","damage_taken":0,"max_hp_gain":0,"max_hp_loss":0,"event_name":"The Library","floor":21,"gold_loss":0,"cards_obtained":["Infernal Blade"]},{"damage_healed":0,"gold_gain":0,"player_choice":"Took Portal","damage_taken":0,"max_hp_gain":0,"max_hp_loss":0,"event_name":"SecretPortal","floor":37,"gold_loss":0}],"is_beta":false,"boss_relics":[{"not_picked":["Electric Blood","Coffee Dripper"],"picked":"Sozu"},{"not_picked":["Replay:Drink Me","Kintsugi"],"picked":"Mark of Pain"}],"items_purged_floors":[20,28],"is_endless":false,"potions_floor_spawned":[4,5,6,24,30,33],"ascension_level":1}}