{"host":"9kesdg97wkrx2bva","time":1614201550,"event":{"mods":["AchievementEnabler","BaseMod","Colored Map","GifTheSpireLib","Infinite Spire","Minty Spire (QoL Compilation)","Replay The Spire","StSLib"],"gold_per_floor":[111,111,122,142,159,159,174,44,44,56,68,78,78,78,78,78,78],"floor_reached":16,"language":"ENG","playtime":502,"items_purged":["Strike_G"],"score":182,"play_id":"b0c1604e-7c6f-4ed1-9d0d-3b7f0216921a","local_time":"20210224151910","is_ascension_mode":true,"campfire_choices":[{"data":"Neutralize","floor":6,"key":"SMITH"},{"floor":15,"key":"REST"}],"circlet_count":0,"master_deck":["AscendersBane","Strike_G","Strike_G","Strike_G","Defend_G","Defend_G","Defend_G","Defend_G","Survivor","Neutralize+1","Bane","Masterful Stab","ReplayTheSpireMod:Speed Training","Bullet Time","Underhanded Strike","Quick Slash+1","Caltrops","Dash+1","Backstab","Spreading Infection"],"relics":["Ring of the Snake","The Courier","Ring of Panic"],"acts_visited":["Exordium"],"potions_floor_usage":[7,7,11],"damage_taken":[{"damage":4,"enemies":"Jaw Worm","floor":1,"turns":5},{"damage":1,"enemies":"Small Slimes","floor":3,"turns":5},{"damage":0,"enemies":"2 Louse","floor":4,"turns":2},{"damage":10,"enemies":"Red Slaver","floor":5,"turns":4},{"damage":21,"enemies":"Large Slime","floor":7,"turns":9},{"damage":0,"enemies":"2 Fungi Beasts","floor":10,"turns":4},{"damage":13,"enemies":"Exordium Thugs","floor":11,"turns":4},{"damage":0,"enemies":"Blue Slaver","floor":12,"turns":3},{"damage":48,"enemies":"Fading Forest","floor":16,"turns":9}],"seed_played":"1010574924272240391","potions_obtained":[{"floor":4,"key":"Regen Potion"},{"floor":5,"key":"CunningPotion"},{"floor":7,"key":"Milkshake"},{"floor":10,"key":"DuplicationPotion"}],"is_trial":false,"path_per_floor":["M","?","M","M","M","R","M","$","T","M","M","M","?","?","R","B"],"character_chosen":"THE_SILENT","items_purchased":["Quick Slash"],"campfire_rested":1,"item_purchase_floors":[8],"current_hp_per_floor":[55,55,54,54,44,44,38,38,38,38,25,25,25,5,24,0,0],"gold":78,"neow_bonus":"REMOVE_CARD","is_daily":false,"chose_seed":false,"campfire_upgraded":1,"win_rate":0.0,"timestamp":1614201550,"path_taken":["M","?","M","M","M","R","M","$","T","M","M","M","?","?","R","BOSS"],"items_purchased_type":["Card"],"build_version":"2020-12-22","purchased_purges":1,"victory":false,"max_hp_per_floor":[66,66,66,66,66,66,66,66,66,66,66,66,66,66,66,66,66],"card_choices":[{"not_picked":["Cloak And Dagger","Distraction"],"picked":"Bane","floor":1},{"not_picked":["Dagger Throw","Dodge and Roll"],"picked":"Masterful Stab","floor":3},{"not_picked":["Outmaneuver","PiercingWail"],"picked":"ReplayTheSpireMod:Speed Training","floor":4},{"not_picked":["Backflip","Expertise"],"picked":"Bullet Time","floor":5},{"not_picked":["PiercingWail","Cloak And Dagger"],"picked":"Underhanded Strike","floor":7},{"not_picked":["Deflect","Escape Plan"],"picked":"Caltrops","floor":10},{"not_picked":["Choke","ReplayTheSpireMod:Tripwire"],"picked":"Dash","floor":11},{"not_picked":["Concentrate","Finisher"],"picked":"Backstab","floor":12}],"player_experience":1052503,"relics_obtained":[{"floor":9,"key":"The Courier"},{"floor":13,"key":"Ring of Panic"}],"event_choices":[{"cards_removed":["Strike_G"],"damage_healed":0,"gold_gain":0,"player_choice":"Forget","damage_taken":0,"max_hp_gain":0,"max_hp_loss":0,"event_name":"Living Wall","floor":2,"gold_loss":0},{"damage_healed":0,"gold_gain":0,"player_choice":"Entered Light","damage_taken":20,"max_hp_gain":0,"max_hp_loss":0,"event_name":"Shining Light","floor":14,"gold_loss":0,"cards_upgraded":["Dash","Quick Slash"]}],"is_beta":false,"boss_relics":[],"items_purged_floors":[8],"is_endless":false,"potions_floor_spawned":[4,5,7,10],"killed_by":"Fading Forest","ascension_level":18}}