{"host":"gzkog77z98jljj1h","time":1614210129,"event":{"mods":["Act Like it!","Astrologer","BaseMod","Colored Map","Conspire","Downfall","Energized Spire","Fiend Mod","Halation","Hubris","Infinite Spire","Marisa????????","Mimic Mod","Minty Spire (QoL Compilation)","Random Character Button","Relic Sorter","Replay The Spire","Ruina","Shop Mod","Somnambulant","StSLib","Td1madao Mod","The Administrix","The Construct","The Cursed","The Disciple","The Elementalist","The Hierophant","The Jungle","The Marked","The Mystic","The Runesmith","The Servant 0.9.4","Trackpad"],"gold_per_floor":[116,126,126,126,145,145,188,207,286,26,67,67,111,36,36,157,157,176,176,201,201,201,201,122,147,186,86,136,163,175,175],"floor_reached":30,"language":"ENG","playtime":1893,"items_purged":["Injury","Pain"],"score":268,"play_id":"84acdd50-11b3-400f-bb49-e16dff38b65a","local_time":"20210224174209","is_ascension_mode":true,"campfire_choices":[{"data":"KidneyShot","floor":6,"key":"SMITH"},{"floor":15,"key":"REST"}],"circlet_count":0,"master_deck":["Strike_S","Strike_S","Strike_S","Strike_S","Defend_S","Defend_S","Defend_S","Defend_S","KidneyShot+1","Exchange","Pot Of Greed","Sabotage","Defy","Pot Of Greed","MoonPhase","Moonlight","Spin","LightFlow","MoonPhase","Ricochet","Initiator","Rearm+1","SilverBlades","infinitespire:Starlight","Pot Of Greed","FanOfKnives","Barrier+1","SoulSculpture","Defy"],"relics":["Uniform","Grinning Jar","Golden Idol","Simple Rune","Matryoshka","Ancient Tea Set","trackpad:CultistFigurine","ReplayTheSpireMod:Lightbulb","hubris:VirtuousBlindfold","Pocketwatch","hubris:FunFungus","MawBank","PreservedInsect"],"acts_visited":["Exordium","Exordium"],"potions_floor_usage":[10],"damage_taken":[{"damage":10,"enemies":"Jaw Worm","floor":1,"turns":5},{"damage":0,"enemies":"Small Slimes","floor":2,"turns":3},{"damage":8,"enemies":"2 Louse","floor":5,"turns":3},{"damage":19,"enemies":"Gremlin Nob","floor":7,"turns":6},{"damage":8,"enemies":"Blue Slaver","floor":8,"turns":4},{"damage":20,"enemies":"Replay:BlueRogue","floor":11,"turns":3},{"damage":0,"enemies":"Exordium Thugs","floor":13,"turns":7},{"damage":14,"enemies":"Fading Forest","floor":16,"turns":11},{"damage":0,"enemies":"ruina:Nosferatu","floor":18,"turns":3},{"damage":3,"enemies":"ruina:2_Scarecrows","floor":20,"turns":3},{"damage":6,"enemies":"ruina:KnightOfDespair","floor":25,"turns":5},{"damage":23,"enemies":"ruina:ServantOfWrath","floor":26,"turns":5},{"damage":3,"enemies":"ruina:QueenOfHate","floor":29,"turns":4},{"damage":47,"enemies":"ruina:Mountain","floor":30,"turns":2}],"seed_played":"3328588703227261839","potions_obtained":[{"floor":2,"key":"CultistPotion"},{"floor":5,"key":"Milkshake"},{"floor":7,"key":"Guardian:BlockOnCardUsePotion"},{"floor":11,"key":"Ancient Potion"},{"floor":29,"key":"Strength Potion"}],"is_trial":false,"path_per_floor":["M","M","?","?","M","R","E","M","T","$","E","?","MIM","$","R","B",null,"M","?","M","AVR","PTL","PTL","$","M","E","?","T","M","E"],"character_chosen":"THE_SERVANT","items_purchased":["LightFlow","Fruit Juice","FanOfKnives"],"campfire_rested":1,"item_purchase_floors":[10,10,24],"current_hp_per_floor":[55,55,55,55,47,47,28,20,20,25,5,5,5,5,26,38,70,70,70,67,67,67,67,67,61,38,38,38,46,0,0],"gold":175,"neow_bonus":"RANDOM_COMMON_RELIC","is_daily":false,"chose_seed":false,"campfire_upgraded":1,"win_rate":0.0,"timestamp":1614210129,"path_taken":["M","M","?","?","M","R","E","M","T","$","E","?","?","$","R","BOSS","M","?","M","AVR","PTL","PTL","?","M","E","?","T","M","E"],"items_purchased_type":["Card","Potion","Card"],"build_version":"2020-12-22","purchased_purges":2,"victory":false,"max_hp_per_floor":[65,65,65,65,65,65,65,65,65,70,70,70,70,70,70,70,70,70,70,70,70,70,70,70,70,70,70,70,70,70,70],"card_choices":[{"not_picked":["StarChef","Rewind"],"picked":"Sabotage","floor":1},{"not_picked":["Rewind","GearUp"],"picked":"Defy","floor":2},{"not_picked":["TimeTheft","Deadline"],"picked":"MoonPhase","floor":5},{"not_picked":["TimeWarp","RealityMarble"],"picked":"Moonlight","floor":7},{"not_picked":["RealityMarble","Sabotage"],"picked":"Spin","floor":8},{"not_picked":["Unruled","Desolation"],"picked":"MoonPhase","floor":11},{"not_picked":["Advance","Sabotage"],"picked":"Ricochet","floor":13},{"not_picked":["Solidify","Deny"],"picked":"Initiator","floor":16},{"not_picked":["Potential","Replace"],"picked":"Rearm+1","floor":18},{"not_picked":["GearUp","Replace+1"],"picked":"SilverBlades","floor":20},{"not_picked":["Potential","Ricochet+1"],"picked":"Barrier+1","floor":25},{"not_picked":["ForgedInTime","Spin+1","Shuttle+1"],"picked":"SKIP","floor":26},{"not_picked":["Duplication","Dilation"],"picked":"SoulSculpture","floor":27},{"not_picked":["Potential","Misdirection"],"picked":"Defy","floor":29}],"player_experience":288175,"relics_obtained":[{"floor":7,"key":"Simple Rune"},{"floor":9,"key":"Matryoshka"},{"floor":11,"key":"Ancient Tea Set"},{"floor":13,"key":"trackpad:CultistFigurine"},{"floor":13,"key":"ReplayTheSpireMod:Lightbulb"},{"floor":26,"key":"hubris:FunFungus"},{"floor":28,"key":"MawBank"},{"floor":28,"key":"PreservedInsect"}],"event_choices":[{"damage_healed":0,"gold_gain":0,"player_choice":"Take Wound","damage_taken":0,"relics_obtained":["Golden Idol"],"max_hp_gain":0,"max_hp_loss":0,"event_name":"Golden Idol","floor":4,"gold_loss":0,"cards_obtained":["Injury"]},{"damage_healed":0,"gold_gain":0,"player_choice":"Ignored","damage_taken":0,"max_hp_gain":0,"max_hp_loss":0,"event_name":"Shining Light","floor":12,"gold_loss":0}],"is_beta":false,"boss_relics":[{"not_picked":["energizedSpire:EnergizedDie","trackpad:StolenKidneys"],"picked":"hubris:VirtuousBlindfold"}],"items_purged_floors":[14,21],"is_endless":false,"potions_floor_spawned":[2,5,7,11,25,26,29],"killed_by":"ruina:Mountain","ascension_level":1}}