{"host":"t6r1isv2bex5ovch","time":1614150734,"event":{"mods":["AchievementEnabler","Act Like it!","Aspiration","BaseMod","Better Altar","Better Match","Better Note","Better Sensory Stone","Better Skull","Better Third Choice","Better Vampires","Bossed Relics","Colored Powertips","Displayed Cursed Tome","Evolution","Fox Events","Hubris","Minty Spire (QoL Compilation)","Reliquary","Ruina","StSLib"],"gold_per_floor":[117,134,147,36,52,52,52,85,85,0,27,27,27,27],"floor_reached":13,"language":"ENG","playtime":739,"items_purged":["Strike_B"],"score":112,"play_id":"a35e1c21-e58e-4e9e-80ee-94654eb5796e","local_time":"20210224181214","is_ascension_mode":true,"campfire_choices":[{"floor":6.0,"key":"RECALL"}],"circlet_count":0,"master_deck":["Compile Driver","Strike_B","Defend_B","Defend_B","Defend_B","Defend_B","Zap","Dualcast","Lockon","Static Discharge","Melter","Self Repair","White Noise","Enlightenment","Defragment","Secret Technique"],"relics":["Cracked Core","EVO:Axolotl","aspiration:DSix","Lantern","Blood Vial"],"acts_visited":["Exordium"],"potions_floor_usage":[],"damage_taken":[{"damage":6.0,"enemies":"2 Louse","floor":1.0,"turns":2.0},{"damage":1.0,"enemies":"Cultist","floor":2.0,"turns":3.0},{"damage":2.0,"enemies":"Jaw Worm","floor":3.0,"turns":2.0},{"damage":16.0,"enemies":"Exordium Thugs","floor":5.0,"turns":4.0},{"damage":35.0,"enemies":"Gremlin Nob","floor":8.0,"turns":4.0},{"damage":10.0,"enemies":"Lagavulin","floor":11.0,"turns":6.0},{"damage":40,"enemies":"3 Sentries","floor":13,"turns":5}],"seed_played":"-9032332688725818961","potions_obtained":[{"floor":2.0,"key":"SteroidPotion"},{"floor":3.0,"key":"Ancient Potion"}],"is_trial":false,"path_per_floor":["M","M","M","$","M","R","?","E","T","?","E","?","E"],"character_chosen":"DEFECT","items_purchased":["Self Repair"],"campfire_rested":0,"item_purchase_floors":[4],"current_hp_per_floor":[69,68,66,66,57,57,57,29,29,35,32,32,0,0],"gold":27,"neow_bonus":"DSIX","is_daily":false,"chose_seed":false,"campfire_upgraded":0,"win_rate":0.0,"timestamp":1614150734,"path_taken":["M","M","M","$","M","R","?","E","T","?","E","?","E"],"items_purchased_type":["Card"],"build_version":"2020-12-22","purchased_purges":1,"victory":false,"max_hp_per_floor":[75,75,75,75,75,75,75,75,75,81,81,81,81,81],"card_choices":[{"not_picked":["Barrage","Stack"],"picked":"Lockon","floor":1.0},{"not_picked":["Storm","Undo"],"picked":"Static Discharge","floor":2.0},{"not_picked":["Leap","Darkness"],"picked":"Melter","floor":3.0},{"not_picked":["Cold Snap","Go for the Eyes","Compile Driver"],"picked":"SKIP","floor":5.0},{"not_picked":["Turbo","Self Repair"],"picked":"White Noise","floor":8.0},{"not_picked":["Gash","Chaos"],"picked":"Defragment","floor":11},{"not_picked":["Secret Weapon","Panache"],"picked":"Secret Technique","floor":12}],"player_experience":403934,"relics_obtained":[{"floor":8.0,"key":"Lantern"},{"floor":11,"key":"Blood Vial"}],"event_choices":[{"cards_removed":["Strike_B"],"damage_healed":0.0,"max_hp_gain":0.0,"max_hp_loss":0.0,"gold_gain":0.0,"event_name":"Wheel of Change","player_choice":"Card Removal","floor":7.0,"gold_loss":0.0,"damage_taken":0.0},{"damage_healed":0.0,"max_hp_gain":0.0,"max_hp_loss":0.0,"gold_gain":0.0,"event_name":"betterThird:BetterSerpent","player_choice":"RENOUNCE","floor":10.0,"gold_loss":85.0,"damage_taken":85.0,"cards_obtained":["Enlightenment"]},{"damage_healed":0,"gold_gain":1,"player_choice":"1","damage_taken":0,"max_hp_gain":0,"max_hp_loss":0,"event_name":"betterStone:BetterStone","floor":12,"gold_loss":0}],"is_beta":false,"boss_relics":[],"items_purged_floors":[4],"is_endless":false,"potions_floor_spawned":[2,3],"killed_by":"3 Sentries","ascension_level":4}}