{"host":"9l1knhxfturzliqa","time":1614149685,"event":{"mods":["AchievementEnabler","BaseMod","Colored Map","Colored Powertips","DeckTracker","Highlight Path","Keyboard Shortcuts","Minty Spire (QoL Compilation)","Random Character Button"],"gold_per_floor":[117,137,152,77,77,77,89,89,89,89,118,136,147,159,159,233,233,248,261,5,24,38,68,68,68,68,103,122,122,37,53,53,124,124,142,195,195,215,215,215,243,258,332,332,343,370,370,388,388,388],"floor_reached":51,"language":"KOR","playtime":2983,"items_purged":["Strike_B","Defend_B"],"score":1300,"play_id":"3a3dddcf-2b39-4f3a-884f-c397eb52d95b","local_time":"20210224155445","is_ascension_mode":true,"campfire_choices":[{"data":"Zap","floor":6.0,"key":"SMITH"},{"data":"Tempest","floor":8.0,"key":"SMITH"},{"data":"Static Discharge","floor":10.0,"key":"SMITH"},{"floor":15.0,"key":"REST"},{"data":"Electrodynamics","floor":25.0,"key":"SMITH"},{"data":"Buffer","floor":29.0,"key":"SMITH"},{"data":"Defragment","floor":32.0,"key":"SMITH"},{"data":"Storm","floor":40.0,"key":"SMITH"},{"floor":44.0,"key":"RECALL"},{"data":"Amplify","floor":47.0,"key":"SMITH"},{"data":"Biased Cognition","floor":49,"key":"SMITH"}],"circlet_count":0,"master_deck":["AscendersBane","Strike_B","Strike_B","Defend_B","Defend_B+1","Zap+1","Dualcast","Coolheaded+1","Ball Lightning","Tempest+1","Static Discharge+1","Storm+1","Conserve Battery","Electrodynamics+1","Biased Cognition+1","Capacitor","Go for the Eyes+1","Self Repair","Lockon","Buffer+1","Defragment+1","Amplify+1","Writhe","Hologram"],"relics":["Cracked Core","NeowsBlessing","Emotion Chip","Odd Mushroom","Empty Cage","Membership Card","Pocketwatch","Symbiotic Virus","War Paint","Prayer Wheel","Busted Crown","Bird Faced Urn","Regal Pillow","Bottled Tornado","Meat on the Bone"],"acts_visited":["Exordium","TheCity","TheBeyond"],"potions_floor_usage":[50],"damage_taken":[{"damage":0.0,"enemies":"Cultist","floor":1.0,"turns":1.0},{"damage":0.0,"enemies":"Jaw Worm","floor":2.0,"turns":1.0},{"damage":0.0,"enemies":"2 Louse","floor":3.0,"turns":1.0},{"damage":0.0,"enemies":"Large Slime","floor":7.0,"turns":3.0},{"damage":21.0,"enemies":"The Mushroom Lair","floor":11.0,"turns":4.0},{"damage":7.0,"enemies":"3 Louse","floor":12.0,"turns":3.0},{"damage":0.0,"enemies":"Blue Slaver","floor":13.0,"turns":2.0},{"damage":21.0,"enemies":"Exordium Thugs","floor":14.0,"turns":3.0},{"damage":17.0,"enemies":"Hexaghost","floor":16.0,"turns":8.0},{"damage":6.0,"enemies":"Spheric Guardian","floor":18.0,"turns":2.0},{"damage":9.0,"enemies":"Shell Parasite","floor":19.0,"turns":2.0},{"damage":6.0,"enemies":"Chosen and Byrds","floor":21.0,"turns":3.0},{"damage":11.0,"enemies":"3 Cultists","floor":22.0,"turns":2.0},{"damage":23.0,"enemies":"Book of Stabbing","floor":23.0,"turns":3.0},{"damage":9.0,"enemies":"Gremlin Leader","floor":27.0,"turns":3.0},{"damage":4.0,"enemies":"Centurion and Healer","floor":28.0,"turns":3.0},{"damage":8.0,"enemies":"Snake Plant","floor":31.0,"turns":3.0},{"damage":15.0,"enemies":"Champ","floor":33.0,"turns":6.0},{"damage":3.0,"enemies":"3 Darklings","floor":35.0,"turns":2.0},{"damage":40.0,"enemies":"2 Orb Walkers","floor":36.0,"turns":3.0},{"damage":0.0,"enemies":"3 Shapes","floor":38.0,"turns":3.0},{"damage":51.0,"enemies":"Nemesis","floor":41.0,"turns":5.0},{"damage":0.0,"enemies":"Jaw Worm Horde","floor":42.0,"turns":1.0},{"damage":0.0,"enemies":"Sphere and 2 Shapes","floor":45.0,"turns":3.0},{"damage":6.0,"enemies":"Reptomancer","floor":46.0,"turns":4.0},{"damage":0.0,"enemies":"Transient","floor":48.0,"turns":5.0},{"damage":43,"enemies":"Donu and Deca","floor":50,"turns":3}],"seed_played":"3253648258856054889","potions_obtained":[{"floor":3.0,"key":"AttackPotion"},{"floor":11.0,"key":"EssenceOfDarkness"},{"floor":12.0,"key":"FearPotion"},{"floor":13.0,"key":"Energy Potion"},{"floor":16.0,"key":"FearPotion"},{"floor":19.0,"key":"Fruit Juice"},{"floor":22.0,"key":"EssenceOfDarkness"},{"floor":23.0,"key":"SkillPotion"},{"floor":27.0,"key":"LiquidBronze"},{"floor":31.0,"key":"BlessingOfTheForge"},{"floor":36.0,"key":"Block Potion"},{"floor":39.0,"key":"Fruit Juice"},{"floor":39.0,"key":"AttackPotion"},{"floor":39.0,"key":"PowerPotion"},{"floor":41.0,"key":"Energy Potion"},{"floor":46.0,"key":"FocusPotion"}],"is_trial":false,"path_per_floor":["M","M","M","$","?","R","M","R","T","R","?","M","M","M","R","B",null,"M","M","$","M","M","E","?","R","T","E","M","R","?","M","R","B",null,"M","?","?","M","?","R","E","M","T","R","M","E","R","M","R","B",null],"character_chosen":"DEFECT","items_purchased":["Membership Card","Capacitor","DistilledChaos"],"campfire_rested":1,"item_purchase_floors":[20,20,20],"current_hp_per_floor":[64,64,64,64,57,57,57,57,57,57,36,29,29,8,29,12,56,50,46,46,40,29,6,31,31,31,29,32,32,32,31,31,23,63,67,41,60,68,73,73,51,57,57,57,65,71,71,81,81,48],"gold":388,"neow_bonus":"THREE_ENEMY_KILL","is_daily":false,"chose_seed":false,"campfire_upgraded":9,"win_rate":0.0,"timestamp":1614149685,"path_taken":["M","M","?","$","?","R","?","R","T","R","?","M","M","M","R","BOSS","M","M","$","M","M","E","?","R","T","E","M","R","?","M","R","BOSS","M","?","?","M","?","R","E","M","T","R","M","E","R","M","R","BOSS"],"items_purchased_type":["Relic","Card","Potion"],"build_version":"2020-12-22","purchased_purges":2,"victory":true,"max_hp_per_floor":[71,71,71,71,71,71,71,71,71,71,71,71,71,71,71,71,71,71,76,76,76,76,76,76,76,76,76,76,76,76,76,76,76,76,76,76,76,76,81,81,81,81,81,81,81,81,81,81,81,81],"card_choices":[{"not_picked":["Beam Cell","Sweeping Beam"],"picked":"Coolheaded","floor":1.0},{"not_picked":["Steam","Lockon"],"picked":"Ball Lightning","floor":2.0},{"not_picked":["Steam","Rip and Tear"],"picked":"Tempest","floor":3.0},{"not_picked":["Sweeping Beam","Multi-Cast"],"picked":"Static Discharge","floor":7.0},{"not_picked":["Hologram","Recycle"],"picked":"Storm","floor":12.0},{"not_picked":["Static Discharge","Heatsinks"],"picked":"Conserve Battery","floor":13.0},{"not_picked":["Beam Cell","Conserve Battery"],"picked":"Electrodynamics","floor":14.0},{"not_picked":["Creative AI","Electrodynamics"],"picked":"Biased Cognition","floor":16.0},{"not_picked":["Stack","Redo","Rip and Tear+1"],"picked":"SKIP","floor":18.0},{"not_picked":["Ball Lightning","Streamline","Chaos"],"picked":"SKIP","floor":19.0},{"not_picked":["Sunder","Conserve Battery+1"],"picked":"Go for the Eyes+1","floor":21.0},{"not_picked":["Coolheaded","Redo","Leap"],"picked":"SKIP","floor":22.0},{"not_picked":["Coolheaded","Redo","Leap"],"picked":"SKIP","floor":22.0},{"not_picked":["Cold Snap","Chaos"],"picked":"Self Repair","floor":23.0},{"not_picked":["Undo","Tempest+1"],"picked":"Lockon","floor":27.0},{"not_picked":["Static Discharge","Cold Snap"],"picked":"Buffer","floor":28.0},{"not_picked":["Rebound","Ball Lightning"],"picked":"Defragment","floor":31.0},{"not_picked":["Coolheaded","Scrape","Cold Snap+1"],"picked":"SKIP","floor":31.0},{"not_picked":["Creative AI","Rainbow"],"picked":"Amplify","floor":33.0},{"not_picked":["Coolheaded"],"picked":"SKIP","floor":35.0},{"not_picked":["Tempest"],"picked":"SKIP","floor":35.0},{"not_picked":["Rebound"],"picked":"SKIP","floor":38.0},{"not_picked":["Sweeping Beam"],"picked":"SKIP","floor":38.0},{"not_picked":["Leap"],"picked":"SKIP","floor":41.0},{"not_picked":[],"picked":"Hologram","floor":42.0},{"not_picked":["Stack"],"picked":"SKIP","floor":42.0},{"not_picked":["Defragment"],"picked":"SKIP","floor":45.0},{"not_picked":["Barrage+1"],"picked":"SKIP","floor":45.0},{"not_picked":["Loop"],"picked":"SKIP","floor":46.0},{"not_picked":["Barrage+1"],"picked":"SKIP","floor":48},{"not_picked":["Core Surge"],"picked":"SKIP","floor":48}],"player_experience":724921,"relics_obtained":[{"floor":9.0,"key":"Emotion Chip"},{"floor":11.0,"key":"Odd Mushroom"},{"floor":23.0,"key":"Pocketwatch"},{"floor":26.0,"key":"Symbiotic Virus"},{"floor":27.0,"key":"War Paint"},{"floor":36.0,"key":"Bird Faced Urn"},{"floor":41.0,"key":"Regal Pillow"},{"floor":43.0,"key":"Bottled Tornado"},{"floor":46.0,"key":"Meat on the Bone"}],"event_choices":[{"damage_healed":0.0,"max_hp_gain":0.0,"max_hp_loss":0.0,"gold_gain":0.0,"event_name":"Wheel of Change","player_choice":"Damaged","floor":5.0,"gold_loss":0.0,"damage_taken":7.0},{"damage_healed":0.0,"max_hp_gain":0.0,"max_hp_loss":0.0,"gold_gain":0.0,"event_name":"Mushrooms","player_choice":"Fought Mushrooms","floor":11.0,"gold_loss":0.0,"damage_taken":0.0},{"damage_healed":25.0,"max_hp_gain":0.0,"max_hp_loss":0.0,"gold_gain":0.0,"event_name":"The Library","player_choice":"Heal","floor":24.0,"gold_loss":0.0,"damage_taken":0.0},{"damage_healed":0.0,"max_hp_gain":0.0,"max_hp_loss":0.0,"gold_gain":0.0,"event_name":"Addict","player_choice":"Obtained Relic","floor":30.0,"gold_loss":85.0,"damage_taken":0.0,"relics_obtained":["Prayer Wheel"]},{"damage_healed":0.0,"max_hp_gain":0.0,"max_hp_loss":0.0,"gold_gain":0.0,"event_name":"Mysterious Sphere","player_choice":"Fight","floor":36.0,"gold_loss":0.0,"damage_taken":0.0},{"damage_healed":19.0,"max_hp_gain":0.0,"max_hp_loss":0.0,"gold_gain":0.0,"event_name":"Winding Halls","player_choice":"Writhe","floor":37.0,"gold_loss":0.0,"damage_taken":0.0,"cards_obtained":["Writhe"]},{"damage_healed":0.0,"max_hp_gain":0.0,"max_hp_loss":0.0,"gold_gain":0.0,"event_name":"Lab","player_choice":"Got Potions","floor":39.0,"gold_loss":0.0,"damage_taken":0.0}],"is_beta":false,"boss_relics":[{"not_picked":["Sozu","Runic Pyramid"],"picked":"Empty Cage"},{"not_picked":["Snecko Eye","Runic Dome"],"picked":"Busted Crown"}],"items_purged_floors":[4,20],"is_endless":false,"potions_floor_spawned":[3,11,12,13,16,19,22,23,27,31,36,41,46,48],"ascension_level":14}}