{"host":"g75gtovmj0ine2rf","time":1614138707,"event":{"mods":["2.2 Compatiblity","AchievementEnabler","Act Like it!","Arknights","Aspiration","Astrologer","Bard","BaseMod","Better Match","BetterRewards","Bossed Relics","CapriCore","Challenge The Spire","ChefMod","Clockwork Mod","Colored Map","Conspire","Elementarium","Energized Spire","Friendly Minions","Gensokyo","Halation","Hallownest","Hermit","HexUI Lib","Highlight Path","Hubris","Infinite Spire","Jedi Mod","Lobotomy","Menagerie","Minty Spire (QoL Compilation)","Puzzle Mod","Quick Restart","Rare Cards Sparkle","Relic Stats","Replay The Spire","Robot Space Explorer","Shade Mod","Shop Mod","Spicy Shops","StSLib","SuperFastMode","The Construct","The Cursed","The Dragon Tamer","The Juggle","The Jungle","The Marked","The Runesmith","The Showman","The Witch","TheBandit","TheFirefly","TheSwordswoman","TheVacant","TheVelvet","Transform Curses","Wandering Minibosses","[GremlinLeader]The Maniac","thorton"],"gold_per_floor":[18,33,49,62,95,95,125,137,174,186,198,210,233,253,281,307,319,427,439,607,629,651,678,690,702,714,726,738,795,823,875,928,967,998,1128,1162,1447,1501,411,429,352,379,386,393,471,509,519,547,580,601,613,620,632,644,377,402,405],"floor_reached":58,"language":"ENG","playtime":3956,"items_purged":["maniac:Strike","maniac:Strike","maniac:Strike","maniac:Defend"],"score":1365,"play_id":"dca425da-8e69-4b99-b0b0-9257dc346863","local_time":"20210224145147","is_ascension_mode":false,"campfire_choices":[{"data":"maniac:WitnessTrueSorcery","floor":6.0,"key":"SMITH"},{"data":"maniac:Exterminator","floor":8.0,"key":"SMITH"},{"data":"maniac:BladesInCloak","floor":10.0,"key":"SMITH"},{"floor":25.0,"key":"REST"},{"data":"infinitespire:Collect","floor":27.0,"key":"SMITH"},{"data":"maniac:Blastwave","floor":30.0,"key":"SMITH"},{"floor":34.0,"key":"REST"},{"floor":43,"key":"RECALL"},{"data":"maniac:Strike","floor":51,"key":"PURGE"},{"data":"maniac:Deal+1","floor":54,"key":"SMITH"}],"circlet_count":0,"master_deck":["maniac:Defend+1","maniac:Defend+1","maniac:Defend+1","maniac:AbyssShackle+1","maniac:Exterminator+1","maniac:BladesInCloak+1","maniac:WitnessTrueSorcery+1","maniac:Retrospect+1","maniac:StormOfTime+1","maniac:SecretBackups+1","maniac:Deal+3","maniac:BladesInCloak","infinitespire:Fortify","infinitespire:Collect+1","maniac:Blastwave+1","maniac:Precision+1","maniac:LootBarrage+1","maniac:TimeForm","Hallownest:skillKingdomsEdgeMap+1","maniac:Deal","maniac:BladesInCloak"],"relics":["maniac:EnchantedAnvil","maniac:BrokenHorn","Potion Belt","halation:Prosthetics","thethorton:BankDeed","Blood Vial","Elementarium:ElementariumTrophy","jedi:fakemustache","jedi:firstaidkit","MerchantsRug","Mummified Hand","Omamori","hubris:DeckOfHolding","hubris:Metronome","hubris:Icosahedron","Frozen Eye","conspire:GiftBox"],"acts_visited":["Exordium","Menagerie:Menagerie","Elementarium:Elementarium","TheEnding"],"potions_floor_usage":[37,57,57],"damage_taken":[{"damage":1.0,"enemies":"Menagerie:2_RABBITS","floor":1.0,"turns":4.0},{"damage":0.0,"enemies":"Menagerie:StygianBoar","floor":2.0,"turns":2.0},{"damage":0.0,"enemies":"Menagerie:WhisperingWraith","floor":3.0,"turns":4.0},{"damage":7.0,"enemies":"Menagerie:KEEPER_AND_YOUNG_SUNEATER","floor":4.0,"turns":5.0},{"damage":0.0,"enemies":"Menagerie:Hexasnake","floor":5.0,"turns":4.0},{"damage":4.0,"enemies":"Menagerie:MaskedSummoner","floor":7.0,"turns":6.0},{"damage":17.0,"enemies":"Menagerie:EntropyWarlock","floor":13.0,"turns":4.0},{"damage":12.0,"enemies":"Menagerie:RedMage","floor":14.0,"turns":5.0},{"damage":2.0,"enemies":"Menagerie:MeltingSalamander","floor":15.0,"turns":4.0},{"damage":0.0,"enemies":"Menagerie:BEAST_MAGE_AND_PROWLING_AMALGAM","floor":16.0,"turns":5.0},{"damage":7.0,"enemies":"Menagerie:Suneater","floor":18.0,"turns":3.0},{"damage":1.0,"enemies":"Elementarium:MUD_AND_TAR_GOLEMS","floor":20.0,"turns":7.0},{"damage":5.0,"enemies":"Elementarium:2_ELEMENTALS","floor":21.0,"turns":4.0},{"damage":16.0,"enemies":"Elementarium:STONE_GOLEMS","floor":22.0,"turns":3.0},{"damage":12.0,"enemies":"Elementarium:RubyGolem","floor":23.0,"turns":4.0},{"damage":13.0,"enemies":"Elementarium:ElementalPortal","floor":29.0,"turns":8.0},{"damage":17.0,"enemies":"Elementarium:WarGolem","floor":31.0,"turns":4.0},{"damage":2.0,"enemies":"Elementarium:VoidBeast","floor":32.0,"turns":4.0},{"damage":0.0,"enemies":"Elementarium:CYCLONE_AND_ORB_OF_FIRE","floor":33.0,"turns":5.0},{"damage":0.0,"enemies":"Elementarium:PHOENIXES","floor":35.0,"turns":9.0},{"damage":16,"enemies":"Hallownest:3_Siblings","floor":37,"turns":5},{"damage":14,"enemies":"Hallownest:2_Littles","floor":38,"turns":3},{"damage":5,"enemies":"Hallownest:2_Soldiers_and_1_Guardian","floor":40,"turns":5},{"damage":0,"enemies":"Nightmare","floor":42,"turns":6},{"damage":19,"enemies":"Hallownest:eliteHiveKnight","floor":46,"turns":5},{"damage":11,"enemies":"Hallownest:Slobbering_and_Violent","floor":48,"turns":4},{"damage":20,"enemies":"Hallownest:monsterPrimalAspid","floor":50,"turns":9},{"damage":1,"enemies":"Hallownest:BossGreyPrinceZote","floor":52,"turns":5},{"damage":0,"enemies":"Shield and Spear","floor":56,"turns":4},{"damage":30,"enemies":"The Heart","floor":57,"turns":7}],"seed_played":"-4636232442474312742","potions_obtained":[{"floor":1.0,"key":"Dexterity Potion"},{"floor":2.0,"key":"ColorlessPotion"},{"floor":4.0,"key":"construct:ShiftPotion"},{"floor":5.0,"key":"Explosive Potion"},{"floor":13.0,"key":"Fruit Juice"},{"floor":22.0,"key":"Swift Potion"},{"floor":29.0,"key":"AttackPotion"},{"floor":32.0,"key":"Death Potion"},{"floor":33.0,"key":"Strength Potion"},{"floor":40,"key":"PowerPotion"},{"floor":42,"key":"Energy Potion"},{"floor":50,"key":"jedi:tentaclejuice"}],"is_trial":false,"path_per_floor":["M","M","M","M","M","R","E","R","T","R","PTL","PTL","M","M","M","M","R_BF","B",null,"M","M","M","M","?","R","AVR","R","T","E","R","E","M","M","R","B",null,"M","M","$","M","?","NM","R","?","T","E","?","M","T","M","R_BF","B",null,"R","$","E","B",null],"character_chosen":"THE_MANIAC","items_purchased":["Pear","jedi:fakemustache","jedi:firstaidkit","maniac:TimeForm","MerchantsRug","Frozen Eye"],"campfire_rested":2,"item_purchase_floors":[39,39,39,39,39,55],"current_hp_per_floor":[79,79,79,72,72,72,68,68,68,68,68,68,51,44,42,42,67,60,50,49,44,28,16,21,36,36,36,36,23,23,6,6,8,23,25,50,34,22,57,60,60,60,60,55,55,36,36,29,29,44,44,45,55,55,55,55,28],"gold":413,"neow_bonus":"REMOVE_TWO","is_daily":false,"chose_seed":false,"campfire_upgraded":6,"win_rate":0.0,"timestamp":1614138707,"path_taken":["M","M","M","?","M","R","E","R","T","R","PTL","PTL","M","M","M","M","R_BF","BOSS","M","M","M","M","?","R","AVR","R","T","E","R","E","M","M","R","BOSS","M","?","$","?","?","NM","R","?","T","E","?","?","?","M","R_BF","BOSS","R","$","E","BOSS"],"items_purchased_type":["Relic","Relic","Relic","Card","Relic","Relic"],"build_version":"2020-12-22","purchased_purges":4,"victory":true,"max_hp_per_floor":[80,80,80,80,80,80,80,80,80,80,80,80,80,85,85,85,85,85,50,50,50,50,50,50,50,50,50,50,50,50,50,50,50,50,50,50,50,50,60,60,60,60,60,55,55,55,55,55,55,55,55,55,55,55,55,55,55],"relic_stats":{"Blood Vial":16,"counters":[30,147],"Mummified Hand":[54],"obtain_stats":[{"Potion Belt":9,"maniac:DamagedAnvil":0,"MerchantsRug":39,"hubris:Metronome":46,"Pear":39,"Omamori":42,"halation:Prosthetics":19,"MawBank":7,"Blood Vial":31,"jedi:fakemustache":39,"maniac:BrokenHorn":0,"Frozen Eye":55,"maniac:EnchantedAnvil":36,"conspire:GiftBox":56,"hubris:Icosahedron":47,"Elementarium:ElementariumTrophy":35,"jedi:firstaidkit":39,"Mummified Hand":40,"hubris:DeckOfHolding":45,"thethorton:BankDeed":28},{"Potion Belt":6,"maniac:DamagedAnvil":0,"MerchantsRug":22,"hubris:Metronome":25,"Pear":22,"Omamori":24,"halation:Prosthetics":11,"MawBank":6,"Blood Vial":17,"jedi:fakemustache":22,"maniac:BrokenHorn":0,"Frozen Eye":28,"maniac:EnchantedAnvil":20,"conspire:GiftBox":29,"hubris:Icosahedron":25,"Elementarium:ElementariumTrophy":20,"jedi:firstaidkit":22,"Mummified Hand":23,"hubris:DeckOfHolding":24,"thethorton:BankDeed":15},{"Potion Belt":25,"maniac:DamagedAnvil":0,"MerchantsRug":102,"hubris:Metronome":118,"Pear":102,"Omamori":113,"halation:Prosthetics":46,"MawBank":25,"Blood Vial":76,"jedi:fakemustache":102,"maniac:BrokenHorn":0,"Frozen Eye":136,"maniac:EnchantedAnvil":94,"conspire:GiftBox":140,"hubris:Icosahedron":118,"Elementarium:ElementariumTrophy":94,"jedi:firstaidkit":102,"Mummified Hand":106,"hubris:DeckOfHolding":113,"thethorton:BankDeed":64}]},"card_choices":[{"not_picked":["maniac:Confront","maniac:Reforge"],"picked":"maniac:Exterminator","floor":1.0},{"not_picked":["maniac:AllOutAttack","maniac:MeleeStrike","maniac:UndyingDesire"],"picked":"SKIP","floor":2.0},{"not_picked":["maniac:Precision","maniac:BladeShoot"],"picked":"maniac:BladesInCloak","floor":3.0},{"not_picked":["maniac:Refine","maniac:UndyingDesire"],"picked":"maniac:WitnessTrueSorcery","floor":4.0},{"not_picked":["maniac:Intimidate","maniac:ReconstructWounds","maniac:PanickyParry"],"picked":"SKIP","floor":5.0},{"not_picked":["maniac:SpectralKnives","maniac:ListenToNone"],"picked":"maniac:Retrospect","floor":7.0},{"not_picked":["maniac:SpectralKnives","maniac:UndyingDesire","maniac:BladeShoot"],"picked":"SKIP","floor":13.0},{"not_picked":["maniac:WardAndDefend","maniac:MeleeStrike"],"picked":"maniac:StormOfTime","floor":14.0},{"not_picked":["maniac:BladeShoot","maniac:FindAShortcut"],"picked":"maniac:SecretBackups","floor":15.0},{"not_picked":["maniac:MeleeStrike","maniac:ObscuredAttack","maniac:ShelteringEdge"],"picked":"SKIP","floor":16.0},{"not_picked":["maniac:ForsakenHand","maniac:UniversalPerception"],"picked":"maniac:Deal","floor":18.0},{"not_picked":["maniac:UntravelledPath","maniac:Refine"],"picked":"maniac:BladesInCloak","floor":20.0},{"not_picked":["maniac:UntravelledPath","maniac:ListenToNone+1","maniac:SpectralKnives+1"],"picked":"SKIP","floor":21.0},{"not_picked":["maniac:WitnessTrueSorcery+1","maniac:Confront+1","maniac:Refine"],"picked":"SKIP","floor":22.0},{"not_picked":["maniac:ShelteringEdge","maniac:BladeShoot","maniac:PanickyParry+1"],"picked":"SKIP","floor":23.0},{"not_picked":["maniac:UndyingDesire","maniac:ReconstructWounds"],"picked":"maniac:Blastwave","floor":29.0},{"not_picked":["maniac:FanTheHammer","maniac:Confront","maniac:FindAShortcut"],"picked":"SKIP","floor":31.0},{"not_picked":["maniac:WardAndDefend+1","maniac:ShelteringEdge+1"],"picked":"maniac:Precision","floor":32.0},{"not_picked":["maniac:AllOutAttack","maniac:SpectralKnives"],"picked":"maniac:LootBarrage+1","floor":33.0},{"not_picked":["maniac:DashForward","maniac:FindAShortcut+1","maniac:ManipulatedFaith+1"],"picked":"SKIP","floor":37},{"not_picked":["maniac:Whirlscythe+1","maniac:AlleviatingSorcery+1","maniac:PanickyParry+1"],"picked":"SKIP","floor":38},{"not_picked":["maniac:ShelteringEdge","maniac:ShiftingShadows","maniac:BladeEnd+1"],"picked":"SKIP","floor":40},{"not_picked":["maniac:Lacerate+1","maniac:Confront+1","maniac:PanickyParry"],"picked":"SKIP","floor":42},{"not_picked":["maniac:BladeShoot","maniac:FindAShortcut+1","maniac:SpectralKnives+1"],"picked":"SKIP","floor":46},{"not_picked":["maniac:SpectralKnives+1","maniac:SpectralFlash","maniac:StormOfTime"],"picked":"SKIP","floor":48},{"not_picked":["maniac:PanickyParry+1","maniac:SpectralKnives","maniac:AlleviatingSorcery"],"picked":"SKIP","floor":50},{"not_picked":["maniac:ForsakenHand","maniac:HammerDown"],"picked":"maniac:Deal","floor":56},{"not_picked":["maniac:UndyingDesire","maniac:BladeEnd"],"picked":"maniac:BladesInCloak","floor":56}],"player_experience":1436173,"relics_obtained":[{"floor":7.0,"key":"MawBank"},{"floor":9.0,"key":"Potion Belt"},{"floor":28.0,"key":"thethorton:BankDeed"},{"floor":31.0,"key":"Blood Vial"},{"floor":42,"key":"Omamori"},{"floor":45,"key":"hubris:DeckOfHolding"},{"floor":46,"key":"hubris:Metronome"},{"floor":56,"key":"conspire:GiftBox"}],"event_choices":[],"is_beta":false,"boss_relics":[{"not_picked":["halation:Yufonium","hubris:ScarierMask"],"picked":"halation:Prosthetics"},{"not_picked":["jedi:hotpepper","Replay:Drink Me"],"picked":"maniac:EnchantedAnvil"}],"items_purged_floors":[26,39,39,55],"is_endless":false,"potions_floor_spawned":[1,2,4,5,13,22,29,32,33,40,42,50],"ascension_level":0}}