{"host":"yqw1zpryoutrnocq","time":1614184116,"event":{"mods":["2.2 Compatiblity","AchievementEnabler","BaseMod","Colored Map","Custom Start","DeckTracker","Minty Spire (QoL Compilation)","Replay The Spire","StSLib","SuperFastMode"],"gold_per_floor":[113,125,143,65,31,64,64,64,64,64,64,47,47,88,88,184,184,207,222,241,241,241,241,280,305,305,36,161,161,161,9,9,9,9],"floor_reached":33,"language":"KOR","playtime":976,"items_purged":[],"score":557,"play_id":"40991383-d367-41ca-8e58-dbbc3ea00f58","local_time":"20210224102836","is_ascension_mode":true,"campfire_choices":[{"data":"Neutralize","floor":8.0,"key":"SMITH"},{"data":"ReplayTheSpireMod:Brewmster","floor":15.0,"key":"SMITH"},{"data":"Adrenaline","floor":23.0,"key":"SMITH"},{"data":"Adrenaline","floor":29,"key":"SMITH"},{"floor":32,"key":"DIG"}],"circlet_count":0,"master_deck":["AscendersBane","Defend_G","Defend_G","Defend_G","Survivor","Neutralize+1","Acrobatics","Dagger Spray","Sucker Punch","Adrenaline+1","Dagger Throw","Dagger Throw","Escape Plan","Voices","CommonCold","ReplayTheSpireMod:Brewmster+1","Adrenaline+1","Doppelganger+1","Masterful Stab+1","Toxin Wave+1","Backflip","Bouncing Flask","Dodge and Roll","Ghostly","Ghostly","Ghostly","Ghostly","Ghostly","Blade Dance+1","Prepared+1","Bite","Bite","Bite","Bite","Bite","Sadistic Nature","Hidden Blade+1","Deadly Poison+1"],"relics":["Ring of the Snake","NeowsBlessing","Darkstone Periapt","Nunchaku","Golden Idol","Ring of Fury","ReplayTheSpireMod:Ring of Collecting","ReplayTheSpireMod:CursedCoin","Lantern","Shuriken","Astrolabe","MutagenicStrength","Shovel","ReplayTheSpireMod:Ring of Exchange","Blue Doll","Ring of Hypnosis","White Beast Statue","Toxic Egg 2","Incense Burner","InkBottle","Oddly Smooth Stone"],"acts_visited":["Exordium","TheCity"],"potions_floor_usage":[28,28,33,33],"damage_taken":[{"damage":0.0,"enemies":"Cultist","floor":1.0,"turns":1.0},{"damage":0.0,"enemies":"Small Slimes","floor":2.0,"turns":1.0},{"damage":0.0,"enemies":"Jaw Worm","floor":3.0,"turns":1.0},{"damage":19.0,"enemies":"Lagavulin","floor":6.0,"turns":6.0},{"damage":9.0,"enemies":"3 Sentries","floor":14.0,"turns":5.0},{"damage":15.0,"enemies":"Slime Boss","floor":16.0,"turns":7.0},{"damage":0.0,"enemies":"Spheric Guardian","floor":18.0,"turns":2.0},{"damage":18.0,"enemies":"3 Byrds","floor":19.0,"turns":2.0},{"damage":36.0,"enemies":"Shelled Parasite and Fungi","floor":20.0,"turns":4.0},{"damage":0.0,"enemies":"Replay:Snechameleon","floor":24.0,"turns":5.0},{"damage":2,"enemies":"Colosseum Slavers","floor":28,"turns":4},{"damage":0,"enemies":"Colosseum Nobs","floor":28,"turns":3},{"damage":25,"enemies":"Pondfish","floor":33,"turns":7}],"seed_played":"-2442285214190268247","potions_obtained":[{"floor":1.0,"key":"CultistPotion"},{"floor":6.0,"key":"Poison Potion"},{"floor":28,"key":"BlessingOfTheForge"}],"is_trial":false,"path_per_floor":["M","M","M","$","$","E","?","R","T","?","?","$","?","E","R","B",null,"M","M","M","?","?","R","E","T","T","$","?","R","?","$","R_BF","B"],"character_chosen":"THE_SILENT","items_purchased":["Adrenaline","Dagger Throw","ReplayTheSpireMod:CursedCoin","ReplayTheSpireMod:Brewmster","Toxic Egg 2","Blade Dance+1","Sadistic Nature","Hidden Blade+1","Deadly Poison+1"],"campfire_rested":0,"item_purchase_floors":[4,5,12,12,27,27,31,31,31],"current_hp_per_floor":[63,63,63,63,63,44,49,49,49,31,37,43,43,34,34,19,70,70,52,16,16,16,16,16,16,16,16,14,14,14,14,14,0,0],"gold":9,"neow_bonus":"THREE_ENEMY_KILL","is_daily":false,"chose_seed":false,"campfire_upgraded":4,"win_rate":0.0,"timestamp":1614184116,"path_taken":["M","M","M","?","$","E","?","R","T","?","?","$","?","E","R","BOSS","M","M","M","?","?","R","E","?","T","$","?","R","?","$","R_BF","BOSS"],"items_purchased_type":["Card","Card","Relic","Card","Relic","Card","Card","Card","Card"],"build_version":"2020-12-22","purchased_purges":0,"victory":false,"max_hp_per_floor":[70,70,70,70,70,70,75,75,75,75,81,87,87,87,87,87,87,87,87,87,43,43,43,43,43,43,43,43,43,30,30,30,30,30],"card_choices":[{"not_picked":["Outmaneuver","ReplayTheSpireMod:Scrap Shanks"],"picked":"Acrobatics","floor":1.0},{"not_picked":["Dagger Throw","Sucker Punch"],"picked":"Dagger Spray","floor":2.0},{"not_picked":["Concentrate","Dagger Throw"],"picked":"Sucker Punch","floor":3.0},{"not_picked":["PiercingWail","Bane"],"picked":"Escape Plan","floor":6.0},{"not_picked":["Replay:Poison Smokescreen","Caltrops"],"picked":"Adrenaline","floor":14.0},{"not_picked":["Prepared","Distraction"],"picked":"Backflip","floor":18.0},{"not_picked":["Acrobatics","Hidden Blade"],"picked":"Bouncing Flask","floor":19.0},{"not_picked":["Deadly Poison","Deflect"],"picked":"Dodge and Roll","floor":20.0},{"not_picked":["All Out Attack","Sucker Punch","Dagger Throw"],"picked":"SKIP","floor":24.0},{"not_picked":["Dash","Heel Hook"],"picked":"Prepared+1","floor":28}],"player_experience":366595,"relics_obtained":[{"floor":6.0,"key":"Darkstone Periapt"},{"floor":9.0,"key":"Nunchaku"},{"floor":11.0,"key":"Ring of Fury"},{"floor":11.0,"key":"ReplayTheSpireMod:Ring of Collecting"},{"floor":14.0,"key":"Shuriken"},{"floor":24.0,"key":"Shovel"},{"floor":25.0,"key":"ReplayTheSpireMod:Ring of Exchange"},{"floor":25.0,"key":"Blue Doll"},{"floor":26.0,"key":"Ring of Hypnosis"},{"floor":26.0,"key":"White Beast Statue"},{"floor":28,"key":"Incense Burner"},{"floor":28,"key":"InkBottle"},{"floor":32,"key":"Oddly Smooth Stone"}],"event_choices":[{"damage_healed":0.0,"max_hp_gain":5.0,"max_hp_loss":0.0,"gold_gain":0.0,"event_name":"Big Fish","player_choice":"Donut","floor":7.0,"gold_loss":0.0,"damage_taken":0.0},{"damage_healed":0.0,"max_hp_gain":0.0,"max_hp_loss":0.0,"gold_gain":0.0,"event_name":"Golden Idol","player_choice":"Take Damage","floor":10.0,"gold_loss":0.0,"damage_taken":18.0,"relics_obtained":["Golden Idol"]},{"damage_healed":0.0,"max_hp_gain":0.0,"max_hp_loss":0.0,"gold_gain":0.0,"event_name":"Dead Adventurer","player_choice":"Searched \u00271\u0027 times","floor":13.0,"gold_loss":0.0,"damage_taken":0.0,"relics_obtained":["Lantern"]},{"damage_healed":0.0,"max_hp_gain":0.0,"max_hp_loss":44.0,"gold_gain":0.0,"event_name":"Ghosts","player_choice":"Became a Ghost","floor":21.0,"gold_loss":0.0,"damage_taken":0.0,"cards_obtained":["Ghostly","Ghostly","Ghostly","Ghostly","Ghostly"]},{"damage_healed":0.0,"max_hp_gain":0.0,"max_hp_loss":0.0,"gold_gain":0.0,"event_name":"Drug Dealer","player_choice":"Inject Mutagens","floor":22.0,"gold_loss":0.0,"damage_taken":0.0,"relics_obtained":["MutagenicStrength"]},{"damage_healed":0,"gold_gain":0,"player_choice":"Fight","damage_taken":0,"max_hp_gain":0,"max_hp_loss":0,"event_name":"Colosseum","floor":28,"gold_loss":0},{"damage_healed":0,"gold_gain":0,"player_choice":"Fought Nobs","damage_taken":0,"max_hp_gain":0,"max_hp_loss":0,"event_name":"Colosseum","floor":28,"gold_loss":0},{"damage_healed":0,"gold_gain":0,"player_choice":"Became a vampire","damage_taken":0,"max_hp_gain":0,"max_hp_loss":13,"event_name":"Vampires","floor":30,"gold_loss":0,"cards_obtained":["Bite","Bite","Bite","Bite","Bite"]}],"is_beta":false,"boss_relics":[{"not_picked":["Black Star","Ring of the Serpent"],"picked":"Astrolabe"}],"items_purged_floors":[],"is_endless":false,"potions_floor_spawned":[1,6,28,28],"killed_by":"Pondfish","ascension_level":13}}