{"host":"19r1ww88x2tc73i0","time":1614174122,"event":{"mods":["BaseMod","BetterRewards","Colored Map","Minty Spire (QoL Compilation)","Relic Stats","StSLib","SuperFastMode","slay the spire mod where everything is the same but ironclad has a cowboy hat"],"gold_per_floor":[115,133,153,153,171,171,171,171,224,224,252,252,262,288,288,363,363,375,300,300,318,15,50,350,350,418,418,59,59,59,71,71,147,147,167,167,185,238,248,248,248,248],"floor_reached":41,"language":"ENG","playtime":5743,"items_purged":["Strike_B","Defend_B","Pain"],"score":1359,"play_id":"9733c499-dee7-46a7-a2bb-cd510ab32b9e","local_time":"25640224204202","is_ascension_mode":true,"campfire_choices":[{"floor":6.0,"key":"DIG"},{"floor":8.0,"key":"DIG"},{"floor":10.0,"key":"DIG"},{"floor":12.0,"key":"DIG"},{"floor":15.0,"key":"DIG"},{"floor":24.0,"key":"DIG"},{"floor":27.0,"key":"DIG"},{"floor":29.0,"key":"DIG"},{"floor":32.0,"key":"DIG"},{"floor":40,"key":"DIG"}],"circlet_count":0,"master_deck":["AscendersBane","Defend_B","Zap","Dualcast","Defragment+1","Rebound","Cold Snap","Creative AI+1","Ball Lightning","Defragment+1","Defragment+1","Capacitor+1","Echo Form+1","Double Energy","Coolheaded","Beam Cell","Hello World+1","Reprogram","Creative AI+1","BootSequence","Reboot","Capacitor+1","Panacea","Defragment+1"],"relics":["Cracked Core","ClockworkSouvenir","Shovel","Cables","Membership Card","Lantern","OrangePellets","Frozen Egg 2","Bag of Preparation","Oddly Smooth Stone","Boot","Sundial","MealTicket","Mercury Hourglass","Juzu Bracelet","Kunai","Emotion Chip","The Courier","Runic Dome","Happy Flower","Toy Ornithopter","Calipers","Art of War","Old Coin","WarpedTongs","Pen Nib","Torii","Unceasing Top","Bottled Flame","Pear","Coffee Dripper","CaptainsWheel","Orichalcum"],"acts_visited":["Exordium","TheCity","TheBeyond"],"potions_floor_usage":[38,38,41,41],"damage_taken":[{"damage":0.0,"enemies":"2 Louse","floor":1.0,"turns":1.0},{"damage":6.0,"enemies":"Jaw Worm","floor":2.0,"turns":3.0},{"damage":0.0,"enemies":"Small Slimes","floor":3.0,"turns":2.0},{"damage":0.0,"enemies":"2 Fungi Beasts","floor":5.0,"turns":2.0},{"damage":0.0,"enemies":"Gremlin Nob","floor":11.0,"turns":2.0},{"damage":0.0,"enemies":"3 Louse","floor":13.0,"turns":2.0},{"damage":8.0,"enemies":"3 Sentries","floor":14.0,"turns":3.0},{"damage":4.0,"enemies":"The Guardian","floor":16.0,"turns":7.0},{"damage":6.0,"enemies":"3 Byrds","floor":18.0,"turns":2.0},{"damage":0.0,"enemies":"Chosen","floor":21.0,"turns":3.0},{"damage":15.0,"enemies":"Book of Stabbing","floor":23.0,"turns":4.0},{"damage":11.0,"enemies":"Centurion and Healer","floor":31.0,"turns":6.0},{"damage":0,"enemies":"Champ","floor":33,"turns":10},{"damage":11,"enemies":"3 Darklings","floor":35,"turns":5},{"damage":11,"enemies":"Orb Walker","floor":37,"turns":4},{"damage":27,"enemies":"2 Orb Walkers","floor":38,"turns":5},{"damage":30,"enemies":"4 Shapes","floor":39,"turns":3},{"damage":25,"enemies":"Nemesis","floor":41,"turns":2}],"seed_played":"391240823664671235","potions_obtained":[{"floor":3.0,"key":"Strength Potion"},{"floor":5.0,"key":"Dexterity Potion"},{"floor":14.0,"key":"BlessingOfTheForge"},{"floor":33,"key":"Energy Potion"},{"floor":39,"key":"EntropicBrew"}],"is_trial":false,"path_per_floor":["M","M","M","?","M","R","?","R","T","R","E","R","M","E","R","B",null,"M","?","?","M","$","E","R","?","T","R","$","R","?","M","R","B",null,"M","?","M","?","M","R","E"],"character_chosen":"DEFECT","items_purchased":["ClockworkSouvenir","Shovel","Cables","Membership Card","Lantern","OrangePellets","Frozen Egg 2","Defragment+1","Bag of Preparation","Oddly Smooth Stone","Happy Flower","Toy Ornithopter","Calipers","Torii","Unceasing Top","Hello World+1"],"campfire_rested":0,"item_purchase_floors":[0,0,0,0,0,0,0,0,0,0,22,22,22,28,28,28],"current_hp_per_floor":[64,58,58,58,58,58,58,58,58,58,58,58,58,50,50,46,65,59,59,59,59,71,56,56,56,56,56,71,71,71,60,70,70,78,67,67,56,39,9,9,0,0],"gold":248,"neow_bonus":"","is_daily":false,"chose_seed":false,"campfire_upgraded":0,"win_rate":0.0,"timestamp":1614174122,"path_taken":["M","M","M","?","M","R","?","R","T","R","E","R","M","E","R","BOSS","M","?","?","M","$","E","R","?","T","R","$","R","?","M","R","BOSS","M","?","M","?","M","R","E"],"items_purchased_type":["Relic","Relic","Relic","Relic","Relic","Relic","Relic","Card","Relic","Relic","Relic","Relic","Relic","Relic","Relic","Card"],"build_version":"2020-12-22","purchased_purges":3,"victory":false,"max_hp_per_floor":[71,71,71,71,71,71,71,71,71,71,71,71,71,71,71,71,71,71,71,71,71,71,71,71,71,71,71,71,71,71,71,81,81,81,81,81,81,81,81,81,81,81],"relic_stats":{"Happy Flower":[13],"Torii":13,"counters":[55,230],"Pen Nib":[13],"Bag of Preparation":[88],"Juzu Bracelet":1,"Orichalcum":[6],"Boot":[70],"Cables":[72,55,17,0,0],"Mercury Hourglass":[262],"WarpedTongs":[35],"OrangePellets":[6],"Emotion Chip":[106,55,38,6,7],"Shovel":10,"Sundial":[8],"MealTicket":27,"Art of War":[34],"Kunai":[8],"obtain_stats":[{"Ice Cream":39,"Calipers":22,"Runic Capacitor":8,"Bottled Tornado":37,"Boot":28,"Old Coin":24,"Centennial Puzzle":7,"Sundial":8,"MealTicket":9,"Kunai":12,"Pear":32,"Happy Flower":22,"Blue Candle":43,"Oddly Smooth Stone":0,"Pen Nib":27,"Cables":0,"WarpedTongs":25,"OrangePellets":0,"Runic Dome":17,"Bottled Flame":29,"Bird Faced Urn":0,"Bronze Scales":44,"Snecko Eye":34,"CultistMask":8,"Unceasing Top":28,"Lantern":54,"Torii":28,"SacredBark":17,"Bag of Preparation":10,"Juzu Bracelet":43,"ClockworkSouvenir":0,"Emotion Chip":25,"Nunchaku":26,"Matryoshka":24,"Shovel":0,"WingedGreaves":14,"Cracked Core":0,"Lee\u0027s Waffle":27,"The Courier":15,"Omamori":47,"Frozen Egg 2":0,"Orichalcum":40,"Medical Kit":22,"Nuclear Battery":0,"Mercury Hourglass":10,"DataDisk":0,"CaptainsWheel":38,"Ornamental Fan":40,"Art of War":26,"Bag of Marbles":55,"Coffee Dripper":34,"Membership Card":0,"FossilizedHelix":30,"Toy Ornithopter":22},{"Ice Cream":30,"Calipers":47,"Runic Capacitor":10,"Bottled Tornado":28,"Boot":22,"Old Coin":48,"Centennial Puzzle":10,"Sundial":41,"MealTicket":41,"Kunai":42,"Pear":49,"Happy Flower":47,"Blue Candle":32,"Oddly Smooth Stone":37,"Pen Nib":48,"Cables":37,"WarpedTongs":48,"OrangePellets":37,"Runic Dome":45,"Bottled Flame":48,"Bird Faced Urn":6,"Bronze Scales":32,"Snecko Eye":26,"CultistMask":5,"Unceasing Top":48,"Lantern":35,"Torii":48,"SacredBark":16,"Bag of Preparation":11,"Juzu Bracelet":32,"ClockworkSouvenir":6,"Emotion Chip":21,"Nunchaku":21,"Matryoshka":20,"Shovel":37,"WingedGreaves":14,"Cracked Core":0,"Lee\u0027s Waffle":21,"The Courier":44,"Omamori":33,"Frozen Egg 2":37,"Orichalcum":54,"Medical Kit":19,"Nuclear Battery":0,"Mercury Hourglass":41,"DataDisk":6,"CaptainsWheel":53,"Ornamental Fan":31,"Art of War":21,"Bag of Marbles":36,"Coffee Dripper":50,"Membership Card":6,"FossilizedHelix":24,"Toy Ornithopter":47},{"Ice Cream":127,"Calipers":191,"Runic Capacitor":34,"Bottled Tornado":121,"Boot":91,"Old Coin":195,"Centennial Puzzle":34,"Sundial":172,"MealTicket":172,"Kunai":174,"Pear":201,"Happy Flower":191,"Blue Candle":137,"Oddly Smooth Stone":164,"Pen Nib":195,"Cables":164,"WarpedTongs":195,"OrangePellets":164,"Runic Dome":186,"Bottled Flame":195,"Bird Faced Urn":18,"Bronze Scales":137,"Snecko Eye":115,"CultistMask":15,"Unceasing Top":195,"Lantern":153,"Torii":195,"SacredBark":62,"Bag of Preparation":41,"Juzu Bracelet":137,"ClockworkSouvenir":18,"Emotion Chip":87,"Nunchaku":87,"Matryoshka":82,"Shovel":164,"WingedGreaves":52,"Cracked Core":0,"Lee\u0027s Waffle":87,"The Courier":179,"Omamori":141,"Frozen Egg 2":164,"Orichalcum":228,"Medical Kit":77,"Nuclear Battery":0,"Mercury Hourglass":172,"DataDisk":18,"CaptainsWheel":225,"Ornamental Fan":132,"Art of War":87,"Bag of Marbles":156,"Coffee Dripper":211,"Membership Card":18,"FossilizedHelix":103,"Toy Ornithopter":191}],"Toy Ornithopter":20,"Unceasing Top":[3]},"card_choices":[{"not_picked":["Blizzard","Barrage"],"picked":"Rebound","floor":1.0},{"not_picked":["Go for the Eyes","Redo"],"picked":"Cold Snap","floor":2.0},{"not_picked":["Gash","Aggregate"],"picked":"Creative AI+1","floor":3.0},{"not_picked":["Fusion","Stack"],"picked":"Ball Lightning","floor":5.0},{"not_picked":["Darkness","Turbo"],"picked":"Defragment+1","floor":11.0},{"not_picked":["Steam Power","Darkness"],"picked":"Defragment+1","floor":13.0},{"not_picked":["Leap","All For One"],"picked":"Capacitor+1","floor":14.0},{"not_picked":["Multi-Cast","Core Surge"],"picked":"Echo Form+1","floor":16.0},{"not_picked":["Aggregate","Redo+1"],"picked":"Double Energy","floor":18.0},{"not_picked":["Redo","Compile Driver"],"picked":"Coolheaded","floor":21.0},{"not_picked":["Cold Snap","Rebound"],"picked":"Beam Cell","floor":23.0},{"not_picked":["Redo","Auto Shields"],"picked":"BootSequence","floor":31.0},{"not_picked":["All For One","Echo Form+1"],"picked":"Reboot","floor":33},{"not_picked":["Hologram","Double Energy"],"picked":"Capacitor+1","floor":35},{"not_picked":["Sadistic Nature+1","Jack Of All Trades"],"picked":"Panacea","floor":36},{"not_picked":["Capacitor+1","Ball Lightning","Streamline"],"picked":"SKIP","floor":37},{"not_picked":["Rebound","Beam Cell"],"picked":"Defragment+1","floor":39}],"player_experience":1158596,"relics_obtained":[{"floor":6.0,"key":"Boot"},{"floor":8.0,"key":"Sundial"},{"floor":9.0,"key":"MealTicket"},{"floor":10.0,"key":"Mercury Hourglass"},{"floor":11.0,"key":"Juzu Bracelet"},{"floor":12.0,"key":"Kunai"},{"floor":14.0,"key":"Emotion Chip"},{"floor":15.0,"key":"The Courier"},{"floor":23.0,"key":"Art of War"},{"floor":24.0,"key":"Old Coin"},{"floor":27.0,"key":"Pen Nib"},{"floor":29.0,"key":"Bottled Flame"},{"floor":32.0,"key":"Pear"},{"floor":38,"key":"CaptainsWheel"},{"floor":40,"key":"Orichalcum"}],"event_choices":[{"cards_removed":["Strike_B"],"damage_healed":0.0,"max_hp_gain":0.0,"max_hp_loss":0.0,"gold_gain":0.0,"event_name":"Living Wall","player_choice":"Forget","floor":4.0,"gold_loss":0.0,"damage_taken":0.0},{"damage_healed":0.0,"max_hp_gain":0.0,"max_hp_loss":0.0,"gold_gain":0.0,"event_name":"The Cleric","player_choice":"Leave","floor":7.0,"gold_loss":0.0,"damage_taken":0.0},{"cards_removed":["Strike_B"],"damage_healed":0.0,"max_hp_gain":0.0,"max_hp_loss":0.0,"gold_gain":0.0,"event_name":"Beggar","player_choice":"Gave Gold","floor":19.0,"gold_loss":75.0,"damage_taken":0.0},{"cards_removed":["Strike_B"],"damage_healed":0.0,"max_hp_gain":0.0,"max_hp_loss":0.0,"gold_gain":0.0,"event_name":"Back to Basics","player_choice":"Elegance","floor":20.0,"gold_loss":0.0,"damage_taken":0.0},{"damage_healed":0.0,"max_hp_gain":0.0,"max_hp_loss":0.0,"gold_gain":0.0,"event_name":"Accursed Blacksmith","player_choice":"Rummage","floor":25.0,"gold_loss":0.0,"damage_taken":0.0,"relics_obtained":["WarpedTongs"],"cards_obtained":["Pain"]},{"damage_healed":0.0,"max_hp_gain":0.0,"max_hp_loss":0.0,"gold_gain":0.0,"cards_transformed":["Defend_B","Defend_B"],"event_name":"Drug Dealer","player_choice":"Became Test Subject","floor":30.0,"gold_loss":0.0,"damage_taken":0.0,"cards_obtained":["Reprogram","Creative AI"]},{"damage_healed":0,"gold_gain":0,"player_choice":"Memory 1","damage_taken":0,"max_hp_gain":0,"max_hp_loss":0,"event_name":"SensoryStone","floor":36,"gold_loss":0},{"damage_healed":0,"gold_gain":0,"player_choice":"Fight","damage_taken":0,"max_hp_gain":0,"max_hp_loss":0,"event_name":"Mysterious Sphere","floor":38,"gold_loss":0}],"is_beta":false,"boss_relics":[{"not_picked":["Cursed Key","Pandora\u0027s Box"],"picked":"Runic Dome"},{"not_picked":["Philosopher\u0027s Stone","Snecko Eye"],"picked":"Coffee Dripper"}],"items_purged_floors":[0,22,28],"is_endless":false,"potions_floor_spawned":[3,5,14,21,23,33,35,39],"killed_by":"Nemesis","ascension_level":20}}