{"host":"cgwysqtmt736mr58","time":1614135430,"event":{"mods":["2.2 Compatiblity","Act Like it!","Aspiration","BaseMod","Beaked The Cultist","BetterRewards","Colored Map","Colored Powertips","Downfall","Duelist Mod","GifTheSpireLib","Googly Eyes","Halation","Hallownest","Hermit","Hubris","Infinite Spire","Lobotomy","LobotomyExtend","Minty Spire (QoL Compilation)","Quick Restart","Relic Stats","Replay The Spire","Shade Mod","Shop Mod","StSLib","The Bug Knight","The Construct","The Cursed","The Disciple","The Exalted","The Necromancer","The Runesmith","Waifu the Spire","Yuri Mod"],"gold_per_floor":[140,104,33,46,63,63,90,90,90,103,103,151,151,180,180,284,284,301,301,313,313,313,342,358,358,358,358,370,73,73,34,34,129,129,155,176,196,196,262,262,262,291,337,337,337,38,59,82,82,82,82],"floor_reached":52,"language":"ENG","playtime":1934,"items_purged":[],"score":654,"play_id":"496e11ef-6bc0-4edc-8000-3d13bfe5a85d","local_time":"20210224135710","is_ascension_mode":true,"campfire_choices":[{"data":"theDuelist:ArchfiendGeneral","floor":6,"key":"SMITH"},{"data":"theDuelist:DarknessNeosphere","floor":8,"key":"SMITH"},{"floor":11,"key":"REST"},{"data":"theDuelist:Doomdog","floor":13,"key":"SMITH"},{"data":"theDuelist:Lajinn","floor":15,"key":"SMITH"},{"floor":32,"key":"REST"},{"floor":40,"key":"REST"},{"floor":45,"key":"REST"},{"floor":49,"key":"REST"}],"circlet_count":0,"master_deck":["theDuelist:Sparks","theDuelist:CastleWalls","theDuelist:CastleWalls","theDuelist:Sparks","theDuelist:CastleWalls","theDuelist:BlastAsmodian","theDuelist:SlateWarrior","theDuelist:CyberArchfiend","theDuelist:ArchfiendSoldier","theDuelist:ArchfiendGeneral+1","Crescendo+1","theDuelist:DarknessNeosphere+1","theDuelist:ArchfiendCommander","theDuelist:BerserkerCrush","theDuelist:EvilswarmHeliotrope","theDuelist:Doomdog+1","theDuelist:Lajinn+1","theDuelist:ArchfiendGeneral","theDuelist:Nameless:War:AssaultArmor","theDuelist:AcidTrapHole","Secret Technique","theDuelist:ArchfiendInterceptor","theDuelist:DarklordMarie","theDuelist:FiendSkull+1","theDuelist:RedMirror","AbeCurse","theDuelist:CallGrave+1","theDuelist:DarkFusion+1","theDuelist:ClearKuriboh+2","Writhe","ReplayTheSpireMod:Splinters","theDuelist:PotGenerosity+1","hubris:Greed"],"relics":["theDuelist:MillenniumPuzzle","theDuelist:CardPoolRelic","theDuelist:CardPoolBasicRelic","theDuelist:BoosterPackPoolRelic","theDuelist:CardPoolAddRelic","theDuelist:CardPoolMinusRelic","theDuelist:CardPoolSaveRelic","theDuelist:CardPoolOptionsRelic","aspiration:Nostalgia","Replay:M_SmolderingBlood","LetterFromLob","theDuelist:Monsterbox","Replay:Mystery Machine","halation:TwoAmDonut","Vajra","aspiration:StickyExplosives_weak","beaked:SacredDeck","yuri:PortableGlitches","Replay:Rubber Ducky","Pen Nib","Replay:Baseball","theDuelist:CursedHealer","infinitespire:EvilPickle","Strawberry","ReplayTheSpireMod:Ring of Addiction","Potion Belt","hubris:EmptyBottle","Incense Burner","Frozen Eye"],"acts_visited":["Exordium","TheCity","TheBeyond"],"potions_floor_usage":[16,23,24,37,48,50,50,50],"damage_taken":[{"damage":1,"enemies":"Cultist","floor":1,"turns":3},{"damage":0,"enemies":"2 Louse","floor":4,"turns":1},{"damage":0,"enemies":"Jaw Worm","floor":5,"turns":1},{"damage":22,"enemies":"Gremlin Nob","floor":7,"turns":4},{"damage":3,"enemies":"2 Fungi Beasts","floor":10,"turns":3},{"damage":9,"enemies":"3 Sentries","floor":14,"turns":2},{"damage":26,"enemies":"Hexaghost","floor":16,"turns":6},{"damage":9,"enemies":"Shell Parasite","floor":18,"turns":4},{"damage":22,"enemies":"Shelled Parasite and Fungi","floor":20,"turns":4},{"damage":0,"enemies":"theDuelist:KaibaA2","floor":23,"turns":2},{"damage":14,"enemies":"Centurion and Healer","floor":24,"turns":3},{"damage":0,"enemies":"Snake Plant","floor":28,"turns":1},{"damage":48,"enemies":"Pondfish","floor":33,"turns":13},{"damage":11,"enemies":"3 Shapes","floor":35,"turns":3},{"damage":7,"enemies":"Orb Walker","floor":36,"turns":2},{"damage":37,"enemies":"Writhing Mass","floor":37,"turns":5},{"damage":20,"enemies":"Sphere and 2 Shapes","floor":42,"turns":3},{"damage":24,"enemies":"Maw","floor":47,"turns":4},{"damage":2,"enemies":"4 Shapes","floor":48,"turns":2},{"damage":51,"enemies":"hubris:GrandSnecko","floor":50,"turns":9}],"seed_played":"4780901621923051289","potions_obtained":[{"floor":5,"key":"Energy Potion"},{"floor":10,"key":"theDuelist:BottledKuriboh"},{"floor":14,"key":"Block Potion"},{"floor":16,"key":"BlessingOfTheForge"},{"floor":35,"key":"DistilledChaos"},{"floor":39,"key":"Flashbang"},{"floor":39,"key":"DuplicationPotion"},{"floor":39,"key":"theDuelist:GiftPotion"},{"floor":44,"key":"champ:CounterPotion"},{"floor":44,"key":"SteroidPotion"},{"floor":47,"key":"infinitespire:BlackPotion"}],"is_trial":false,"path_per_floor":["M","$","$","M","M","R","E","R","T","M","R","T","R","E","R","B",null,"M","?","M","?","?","E","M","?","T","?","M","$","?","$","R","B",null,"M","M","M","?","?","R","?","M","T","?","R","$","M","M","R","B",null,null],"character_chosen":"THE_DUELIST","items_purchased":["theDuelist:Monsterbox","Crescendo+1","theDuelist:DarknessNeosphere","Pen Nib","Replay:Baseball","theDuelist:RedMirror","Incense Burner"],"campfire_rested":5,"item_purchase_floors":[2,2,3,29,29,31,46],"current_hp_per_floor":[79,79,79,79,79,79,57,57,57,54,78,78,78,69,69,43,80,71,71,49,49,49,49,35,35,35,35,35,35,60,60,80,32,80,69,62,25,45,45,69,69,49,56,56,82,82,58,64,85,47,47],"gold":82,"neow_bonus":"NOSTALGIA","is_daily":false,"chose_seed":false,"campfire_upgraded":4,"win_rate":0.0,"timestamp":1614135430,"path_taken":["M","?","$","M","M","R","E","R","T","M","R","?","R","E","R","BOSS","M","?","M","?","?","E","M","?","T","?","?","?","?","$","R","BOSS","M","M","M","?","?","R","?","M","T","?","R","$","M","M","R","BOSS"],"items_purchased_type":["Relic","Card","Card","Relic","Relic","Card","Relic"],"build_version":"2020-12-22","purchased_purges":0,"victory":true,"max_hp_per_floor":[80,80,80,80,80,80,80,80,80,80,80,80,80,80,80,80,80,80,80,80,80,80,80,80,80,80,80,80,80,80,80,80,80,80,80,80,80,80,80,80,80,80,87,87,87,87,87,85,85,85,85],"relic_stats":{"counters":[20,73],"Pen Nib":[9],"obtain_stats":[{"theDuelist:CursedHealer":30,"Vajra":12,"Incense Burner":46,"theDuelist:MillenniumPuzzle":0,"Replay:Mystery Machine":7,"hubris:EmptyBottle":44,"aspiration:StickyExplosives_weak":14,"Replay:Rubber Ducky":26,"Frozen Eye":50,"theDuelist:BoosterPackPoolRelic":0,"Replay:M_SmolderingBlood":0,"Strawberry":43,"beaked:SacredDeck":17,"theDuelist:CardPoolAddRelic":0,"theDuelist:CardPoolOptionsRelic":0,"theDuelist:Monsterbox":2,"theDuelist:CardPoolRelic":0,"Potion Belt":44,"aspiration:Nostalgia":0,"ReplayTheSpireMod:Ring of Addiction":44,"Pen Nib":29,"theDuelist:CardPoolSaveRelic":0,"infinitespire:EvilPickle":33,"theDuelist:CardPoolMinusRelic":0,"Replay:Baseball":29,"theDuelist:CardPoolBasicRelic":0,"LetterFromLob":1,"halation:TwoAmDonut":9,"yuri:PortableGlitches":23},{"theDuelist:CursedHealer":12,"Vajra":5,"Incense Burner":17,"theDuelist:MillenniumPuzzle":0,"Replay:Mystery Machine":4,"hubris:EmptyBottle":17,"aspiration:StickyExplosives_weak":6,"Replay:Rubber Ducky":11,"Frozen Eye":20,"theDuelist:BoosterPackPoolRelic":0,"Replay:M_SmolderingBlood":0,"Strawberry":17,"beaked:SacredDeck":7,"theDuelist:CardPoolAddRelic":0,"theDuelist:CardPoolOptionsRelic":0,"theDuelist:Monsterbox":1,"theDuelist:CardPoolRelic":0,"Potion Belt":17,"aspiration:Nostalgia":0,"ReplayTheSpireMod:Ring of Addiction":17,"Pen Nib":12,"theDuelist:CardPoolSaveRelic":0,"infinitespire:EvilPickle":13,"theDuelist:CardPoolMinusRelic":0,"Replay:Baseball":12,"theDuelist:CardPoolBasicRelic":0,"LetterFromLob":1,"halation:TwoAmDonut":4,"yuri:PortableGlitches":10},{"theDuelist:CursedHealer":34,"Vajra":12,"Incense Burner":59,"theDuelist:MillenniumPuzzle":0,"Replay:Mystery Machine":9,"hubris:EmptyBottle":59,"aspiration:StickyExplosives_weak":14,"Replay:Rubber Ducky":33,"Frozen Eye":68,"theDuelist:BoosterPackPoolRelic":0,"Replay:M_SmolderingBlood":0,"Strawberry":59,"beaked:SacredDeck":20,"theDuelist:CardPoolAddRelic":0,"theDuelist:CardPoolOptionsRelic":0,"theDuelist:Monsterbox":3,"theDuelist:CardPoolRelic":0,"Potion Belt":59,"aspiration:Nostalgia":0,"ReplayTheSpireMod:Ring of Addiction":59,"Pen Nib":34,"theDuelist:CardPoolSaveRelic":0,"infinitespire:EvilPickle":47,"theDuelist:CardPoolMinusRelic":0,"Replay:Baseball":34,"theDuelist:CardPoolBasicRelic":0,"LetterFromLob":3,"halation:TwoAmDonut":9,"yuri:PortableGlitches":30}]},"card_choices":[{"not_picked":["theDuelist:DestroyerGolem","theDuelist:ReinforcementsArmy","theDuelist:DarkCreator","theDuelist:HarpieFeather","theDuelist:Sangan"],"picked":"SKIP","floor":1},{"not_picked":["theDuelist:FiendSkull","theDuelist:DarkMasterZorc"],"picked":"theDuelist:ArchfiendCommander","floor":4},{"not_picked":["theDuelist:TributeDoomed","theDuelist:ChangeHeart","theDuelist:ShardGreed","theDuelist:GracefulCharity"],"picked":"theDuelist:BerserkerCrush","floor":5},{"not_picked":["theDuelist:RainbowOverdragon","theDuelist:FeatherPho","theDuelist:ScrapFactory","theDuelist:GreenGraveOni"],"picked":"theDuelist:EvilswarmHeliotrope","floor":7},{"not_picked":["theDuelist:DarkTinker","theDuelist:FiendMegacyber","theDuelist:Pumpking","theDuelist:SummonedSkull"],"picked":"theDuelist:Doomdog","floor":10},{"not_picked":["theDuelist:DarkFusion","theDuelist:Zombyra","theDuelist:TerraTerrible","theDuelist:SkullArchfiend"],"picked":"theDuelist:Lajinn","floor":14},{"not_picked":["theDuelist:DarkCubicLord","theDuelist:Wildfire","theDuelist:CallGrave","theDuelist:Tierra"],"picked":"theDuelist:ArchfiendGeneral","floor":16},{"not_picked":["theDuelist:UmbralHorrorUniform","theDuelist:SkullArchfiend","theDuelist:BerserkerCrush+1","theDuelist:DarkHunter"],"picked":"theDuelist:AcidTrapHole","floor":18},{"not_picked":["Madness","PanicButton+1","Secret Weapon"],"picked":"Secret Technique","floor":20},{"not_picked":["theDuelist:CosmicHorrorGangiel","theDuelist:DarkHunter","theDuelist:MsJudge","theDuelist:DarkCubicLord"],"picked":"theDuelist:ArchfiendInterceptor","floor":23},{"not_picked":["theDuelist:TwinHeadedWolf","theDuelist:DarkTinker","theDuelist:CyberArchfiend+1","theDuelist:UmbralHorrorGhost"],"picked":"theDuelist:DarklordMarie","floor":24},{"not_picked":["theDuelist:ArchfiendGeneral","theDuelist:Tierra"],"picked":"theDuelist:FiendSkull+1","floor":28},{"not_picked":["theDuelist:Wildfire","theDuelist:PutridPudding","theDuelist:ArchfiendGeneral","theDuelist:Tierra"],"picked":"theDuelist:CallGrave+1","floor":33},{"not_picked":["theDuelist:BeastTalwar+1","theDuelist:AmbitiousGofer+1","theDuelist:FiendMegacyber+1","theDuelist:Relinkuriboh+1","theDuelist:Doomdog+1"],"picked":"SKIP","floor":35},{"not_picked":["theDuelist:FeatherShot+4","theDuelist:BerserkerCrush+1","theDuelist:Wildfire+2","theDuelist:ForbiddenLance+1"],"picked":"theDuelist:DarkFusion+1","floor":36},{"not_picked":["theDuelist:LightningRodLord+1","theDuelist:MudGolem","theDuelist:Raigeki","theDuelist:SolemnStrike+1"],"picked":"theDuelist:ClearKuriboh+2","floor":37},{"not_picked":["theDuelist:MudragonSwamp+1","theDuelist:ReinforcementsArmy+1","theDuelist:Raigeki+1","theDuelist:YellowBelliedOni+1"],"picked":"theDuelist:PotGenerosity+1","floor":39},{"not_picked":["theDuelist:DarknessNeosphere+1","theDuelist:RedMirror+1","theDuelist:Doomdog+1","theDuelist:DoomDonuts+1","theDuelist:CallGrave+1"],"picked":"SKIP","floor":42},{"not_picked":["theDuelist:FuryFire+1","theDuelist:MagicalStone+2","theDuelist:OneForOne+1","theDuelist:DestructPotion+1"],"picked":"theDuelist:DianKeto+1","floor":47},{"not_picked":["theDuelist:DokiDoki+1","theDuelist:EarthquakeGiant+1","theDuelist:EvilswarmHeliotrope+1","theDuelist:GemArmadillo","theDuelist:MillenniumGolem"],"picked":"SKIP","floor":48}],"player_experience":1129573,"relics_obtained":[{"floor":1,"key":"LetterFromLob"},{"floor":7,"key":"Replay:Mystery Machine"},{"floor":9,"key":"halation:TwoAmDonut"},{"floor":12,"key":"Vajra"},{"floor":14,"key":"aspiration:StickyExplosives_weak"},{"floor":23,"key":"yuri:PortableGlitches"},{"floor":26,"key":"Replay:Rubber Ducky"},{"floor":43,"key":"Strawberry"},{"floor":44,"key":"ReplayTheSpireMod:Ring of Addiction"},{"floor":44,"key":"Potion Belt"},{"floor":44,"key":"hubris:EmptyBottle"}],"event_choices":[{"damage_healed":0,"gold_gain":0,"player_choice":"Ignored","damage_taken":0,"max_hp_gain":0,"max_hp_loss":0,"event_name":"Cursed Tome","floor":21,"gold_loss":0},{"damage_healed":0,"gold_gain":0,"player_choice":"Leave","duelist":true,"damage_taken":0,"max_hp_gain":0,"max_hp_loss":0,"event_name":"Card Trader","floor":27,"gold_loss":0},{"damage_healed":0,"gold_gain":0,"player_choice":"Succumb - +25HP/Cursed Relic","duelist":true,"damage_taken":0,"max_hp_gain":0,"max_hp_loss":0,"event_name":"Tomb of the Nameless","floor":30,"gold_loss":0},{"damage_healed":20,"gold_gain":0,"player_choice":"Writhe","damage_taken":0,"max_hp_gain":0,"max_hp_loss":0,"event_name":"Winding Halls","floor":38,"gold_loss":0,"cards_obtained":["Writhe"]}],"is_beta":false,"boss_relics":[{"not_picked":["Empty Cage","HoveringKite"],"picked":"beaked:SacredDeck"},{"not_picked":["Replay:Grab Bag","beaked:MawFillet","Runic Pyramid"]}],"items_purged_floors":[],"is_endless":false,"potions_floor_spawned":[5,10,14,16,18,35,42,47],"ascension_level":1}}