{"host":"daa8jqyg4gqfaysm","time":1614138550,"event":{"mods":["BaseMod","Colored Powertips","Minty Spire (QoL Compilation)","StSLib"],"gold_per_floor":[109,128,128,147,166,199,199,231,231,381,12,67,67,144,144,219,219,229,240,273,273,323,353,353,381,381,397,417,417,429,429,429],"floor_reached":31,"language":"ENG","playtime":957,"items_purged":["Doubt"],"score":566,"play_id":"b952ebc5-8d61-4e28-9985-b2aad07c7af1","local_time":"20210223224910","is_ascension_mode":true,"campfire_choices":[{"data":"Bash","floor":7,"key":"SMITH"},{"data":"Uppercut","floor":13,"key":"SMITH"},{"data":"Spot Weakness","floor":15,"key":"SMITH"},{"data":"Limit Break","floor":24,"key":"SMITH"}],"circlet_count":0,"master_deck":["AscendersBane","Strike_R","Strike_R","Strike_R","Strike_R","Strike_R","Defend_R","Defend_R","Defend_R","Defend_R","Bash+1","Cleave","Headbutt","Pommel Strike","Clash","Rage","Warcry","Spot Weakness+1","Ghostly Armor","Shrug It Off","Finesse","Uppercut+1","Feed","Reaper","Limit Break+1","Havoc+1","Reaper"],"relics":["Burning Blood","Red Skull","Bronze Scales","Pantograph","Bird Faced Urn","Matryoshka","Velvet Choker","Red Mask","MutagenicStrength","Calipers","Akabeko","Boot"],"acts_visited":["Exordium","TheCity"],"potions_floor_usage":[5,6,8,16,20,20,31,31],"damage_taken":[{"damage":14,"enemies":"Jaw Worm","floor":1,"turns":6},{"damage":5,"enemies":"Small Slimes","floor":2,"turns":3},{"damage":10,"enemies":"2 Louse","floor":4,"turns":3},{"damage":11,"enemies":"Looter","floor":5,"turns":4},{"damage":8,"enemies":"Gremlin Nob","floor":6,"turns":3},{"damage":18,"enemies":"Lagavulin","floor":8,"turns":7},{"damage":46,"enemies":"Gremlin Nob","floor":12,"turns":4},{"damage":39,"enemies":"The Guardian","floor":16,"turns":9},{"damage":18,"enemies":"Shell Parasite","floor":18,"turns":3},{"damage":11,"enemies":"3 Byrds","floor":19,"turns":4},{"damage":9,"enemies":"Masked Bandits","floor":20,"turns":3},{"damage":41,"enemies":"Gremlin Leader","floor":23,"turns":7},{"damage":54,"enemies":"Slavers","floor":25,"turns":5},{"damage":15,"enemies":"Snake Plant","floor":27,"turns":3},{"damage":29,"enemies":"Shelled Parasite and Fungi","floor":28,"turns":3},{"damage":0,"enemies":"Centurion and Healer","floor":30,"turns":4},{"damage":84,"enemies":"Book of Stabbing","floor":31,"turns":5}],"seed_played":"-7510314296430354084","potions_obtained":[{"floor":1,"key":"Swift Potion"},{"floor":5,"key":"FearPotion"},{"floor":6,"key":"Regen Potion"},{"floor":12,"key":"Fruit Juice"},{"floor":18,"key":"Strength Potion"},{"floor":27,"key":"EssenceOfSteel"},{"floor":28,"key":"AttackPotion"}],"is_trial":false,"path_per_floor":["M","M","?","M","M","E","R","E","T","?","$","?","R","T","R","B",null,"M","M","?","?","?","E","R","E","T","M","M","?","M","E"],"character_chosen":"IRONCLAD","items_purchased":["Ghostly Armor","Shrug It Off","Finesse","Strength Potion"],"campfire_rested":0,"item_purchase_floors":[11,11,11,11],"current_hp_per_floor":[60,61,66,62,57,55,55,58,58,58,58,18,18,18,18,15,68,56,51,54,54,54,57,57,40,40,31,42,42,59,0,0],"gold":429,"neow_bonus":"THREE_CARDS","is_daily":false,"chose_seed":false,"campfire_upgraded":4,"win_rate":0.0,"timestamp":1614138550,"path_taken":["M","M","?","M","M","E","R","E","T","?","$","?","R","?","R","BOSS","M","M","?","?","?","E","R","E","T","M","?","?","M","E"],"items_purchased_type":["Card","Card","Card","Potion"],"build_version":"2020-12-22","purchased_purges":1,"victory":false,"max_hp_per_floor":[75,75,80,80,80,80,80,80,80,80,80,80,80,80,80,85,85,85,85,85,85,85,85,85,88,88,88,88,88,88,88,88],"card_choices":[{"not_picked":["Headbutt","Seeing Red"],"picked":"Cleave","floor":0},{"not_picked":["Disarm","Pommel Strike"],"picked":"Headbutt","floor":1},{"not_picked":["Cleave","True Grit"],"picked":"Pommel Strike","floor":2},{"not_picked":["Combust","Flex"],"picked":"Clash","floor":4},{"not_picked":["Pommel Strike","Twin Strike"],"picked":"Rage","floor":5},{"not_picked":["Body Slam","Fire Breathing"],"picked":"Warcry","floor":6},{"not_picked":["Double Tap","Perfected Strike"],"picked":"Spot Weakness","floor":8},{"not_picked":["Headbutt","Sentinel"],"picked":"Uppercut","floor":12},{"not_picked":["Bludgeon","Juggernaut"],"picked":"Feed","floor":16},{"not_picked":["Armaments","Thunderclap","Wild Strike+1"],"picked":"SKIP","floor":18},{"not_picked":["Flex","Thunderclap"],"picked":"Reaper","floor":19},{"not_picked":["Iron Wave","True Grit"],"picked":"Limit Break","floor":23},{"not_picked":["Clothesline","Clash","Rupture"],"picked":"SKIP","floor":25},{"not_picked":["Combust","Flex","Thunderclap"],"picked":"SKIP","floor":27},{"not_picked":["Wild Strike","Clash"],"picked":"Havoc+1","floor":28},{"not_picked":["Armaments","Body Slam"],"picked":"Reaper","floor":30}],"player_experience":878196,"relics_obtained":[{"floor":6,"key":"Red Skull"},{"floor":8,"key":"Bronze Scales"},{"floor":9,"key":"Pantograph"},{"floor":12,"key":"Bird Faced Urn"},{"floor":14,"key":"Matryoshka"},{"floor":20,"key":"Red Mask"},{"floor":23,"key":"Calipers"},{"floor":25,"key":"Akabeko"},{"floor":26,"key":"Boot"}],"event_choices":[{"damage_healed":0,"gold_gain":0,"player_choice":"Donut","damage_taken":0,"max_hp_gain":5,"max_hp_loss":0,"event_name":"Big Fish","floor":3,"gold_loss":0},{"damage_healed":0,"gold_gain":150,"player_choice":"AGREE","damage_taken":0,"max_hp_gain":0,"max_hp_loss":0,"event_name":"Liars Game","floor":10,"gold_loss":0,"cards_obtained":["Doubt"]},{"damage_healed":0,"gold_gain":0,"player_choice":"Searched \u00271\u0027 times","damage_taken":0,"max_hp_gain":0,"max_hp_loss":0,"event_name":"Dead Adventurer","floor":12,"gold_loss":0},{"damage_healed":0,"gold_gain":0,"player_choice":"Fought Bandits","damage_taken":0,"max_hp_gain":0,"max_hp_loss":0,"event_name":"Masked Bandits","floor":20,"gold_loss":0},{"damage_healed":0,"gold_gain":0,"player_choice":"Inject Mutagens","damage_taken":0,"relics_obtained":["MutagenicStrength"],"max_hp_gain":0,"max_hp_loss":0,"event_name":"Drug Dealer","floor":21,"gold_loss":0},{"damage_healed":0,"gold_gain":50,"player_choice":"Pray","damage_taken":0,"max_hp_gain":0,"max_hp_loss":0,"event_name":"Golden Shrine","floor":22,"gold_loss":0},{"damage_healed":0,"gold_gain":0,"player_choice":"Ignored","damage_taken":0,"max_hp_gain":0,"max_hp_loss":0,"event_name":"The Mausoleum","floor":29,"gold_loss":0}],"is_beta":false,"boss_relics":[{"not_picked":["Coffee Dripper","Snecko Eye"],"picked":"Velvet Choker"}],"items_purged_floors":[11],"is_endless":false,"potions_floor_spawned":[1,5,6,12,18,19,27,28],"killed_by":"Book of Stabbing","ascension_level":20}}