{"host":"5tir6155jnoxijqh","time":1614182230,"event":{"mods":["BaseMod","Downfall","Hermit","Library of Ruina","Library of Ruina Extra","Minty Spire (QoL Compilation)","Shop Mod","Spicy Shops","StSLib","WarShipGirlsR/’ΩΩ¢…Ÿ≈ÆR mod"],"gold_per_floor":[115,127,55,55,74,104,104,129,176,176,25,25,38,38,38,133,133,151,162,162,174,184,184,215,215,215,11,25,53,53,7,7,104,104,118,471,1470,643,13,47,47,73,98,98,118,162,0,29,29,29,29,29,29,18,62,62],"floor_reached":57,"language":"ZHS","playtime":3150,"items_purged":["LightAttack","Normality","Normality"],"score":1827,"play_id":"e60e80d4-9a57-46b5-9274-d5679d372deb","local_time":"20210224235710","is_ascension_mode":true,"campfire_choices":[{"data":"FrontalAssault","floor":7,"key":"SMITH"},{"data":"Tailoring","floor":12,"key":"SMITH"},{"data":"FocusedStrikes","floor":15,"key":"SMITH"},{"floor":23,"key":"REST"},{"floor":30,"key":"RECALL"},{"floor":32,"key":"REST"},{"floor":41,"key":"REST"},{"floor":44,"key":"REST"},{"floor":49,"key":"REST"},{"floor":53,"key":"REST"}],"circlet_count":0,"master_deck":["Dodge+1","LightDefense","LightAttack","LightAttack","LightDefense","LightDefense+1","LightDefense","ChargeAndCover","FocusedStrikes+1","Cruelty","FrontalAssault+1","ClassAndRespect","SilentNight","Tailoring+1","BackstreetsDash","FormingStorm","ChopItOff+1","CumulusWall+1","PreparedMind+1","GoinFirst","TrashDisposal","Deep Breath+1","UnavoidableGaze+1","Preparation+1","GatherIntel+1","ScratchThat","Multislash+1","SnakeSlit","DesperateStruggle","Secret Weapon+1","SnakesPrey","Secret Weapon+1","SunsetBlade","Commandeering+1","SuanNi+1","GreatSerpentsImpact+1","EmotionalTurbulence","ViolentFlame","FeatherShield+1","SavageMode"],"relics":["PageOfLibrarian","Medical Kit","Blue Candle","Eternal Feather","Bag of Marbles","Akabeko","Membership Card","Toxic Egg 2","Fusion Hammer","Happy Flower","PageOfWayBackHome","PageOfGreed","PageOfJudgementBird","PageOfTheQueenOfHatred","Runic Dome","Old Coin","CeramicFish","Blood Vial","Torii","Lizard Tail","DollysMirror","MerchantsRug","Bag of Preparation","ClockworkSouvenir","PageOfBigBadWolf","PageOfForsakenMurderer","PageOfPorccubus","PageOfTheKnightOfDespair","PageOfWrath","PageOfNihil","Oddly Smooth Stone","Red Mask","PageOfScarecrow"],"acts_visited":["Exordium","TheCity","TheBeyond","TheEnding"],"potions_floor_usage":[8,16,21,33,33,45,50,56,56],"damage_taken":[{"damage":8.0,"enemies":"2 Louse","floor":1.0,"turns":3.0},{"damage":0.0,"enemies":"Small Slimes","floor":2.0,"turns":2.0},{"damage":0,"enemies":"Jaw Worm","floor":5,"turns":2},{"damage":21,"enemies":"Gremlin Nob","floor":6,"turns":4},{"damage":8,"enemies":"3 Sentries","floor":8,"turns":4},{"damage":0,"enemies":"Lots of Slimes","floor":13,"turns":3},{"damage":10,"enemies":"Hexaghost","floor":16,"turns":5},{"damage":7,"enemies":"Shell Parasite","floor":18,"turns":3},{"damage":3,"enemies":"Spheric Guardian","floor":19,"turns":3},{"damage":0,"enemies":"Chosen and Byrds","floor":21,"turns":3},{"damage":15,"enemies":"Shelled Parasite and Fungi","floor":22,"turns":3},{"damage":27,"enemies":"Slavers","floor":24,"turns":4},{"damage":0,"enemies":"Snake Plant","floor":28,"turns":1},{"damage":8,"enemies":"Book of Stabbing","floor":29,"turns":3},{"damage":10,"enemies":"Collector","floor":33,"turns":5},{"damage":0,"enemies":"Orb Walker","floor":35,"turns":1},{"damage":0,"enemies":"2 Orb Walkers","floor":36,"turns":3},{"damage":2,"enemies":"Reptomancer","floor":40,"turns":2},{"damage":2,"enemies":"Nemesis","floor":42,"turns":3},{"damage":55,"enemies":"3 Shapes","floor":45,"turns":4},{"damage":0,"enemies":"Reptomancer","floor":46,"turns":1},{"damage":0,"enemies":"Writhing Mass","floor":48,"turns":2},{"damage":71,"enemies":"Awakened One","floor":50,"turns":6},{"damage":22,"enemies":"Awakened One","floor":51,"turns":4},{"damage":0,"enemies":"Shield and Spear","floor":55,"turns":3},{"damage":47,"enemies":"The Heart","floor":56,"turns":4}],"seed_played":"-6974334937064116506","potions_obtained":[{"floor":6,"key":"Block Potion"},{"floor":13,"key":"CultistPotion"},{"floor":16,"key":"Regen Potion"},{"floor":18,"key":"Weak Potion"},{"floor":22,"key":"Weak Potion"},{"floor":24,"key":"DistilledChaos"},{"floor":33,"key":"ColorlessPotion"},{"floor":46,"key":"Dexterity Potion"},{"floor":48,"key":"FearPotion"},{"floor":55,"key":"bronze:BurnAndBuffPotion"}],"is_trial":false,"path_per_floor":["M","M","$","?","M","E","R","E","T","?","$","R","M","T","R","B",null,"M","M","?","M","M","R","E","?","T","$","M","E","R","$","R","B",null,"M","?","?","$","$","E","R","E","T","R","M","E","?","M","R","B",null,null,"R","$","E","B",null],"character_chosen":"Librarian","items_purchased":["Medical Kit","Membership Card","Deep Breath+1","PageOfJudgementBird","GatherIntel+1","CeramicFish","SnakeSlit","DesperateStruggle","Secret Weapon+1","SnakesPrey","Blood Vial","Torii","Lizard Tail","DollysMirror","MerchantsRug","Bag of Preparation","SunsetBlade","Commandeering+1","ClockworkSouvenir","PageOfBigBadWolf","PageOfForsakenMurderer","PageOfPorccubus","SpeedPotion","FeatherShield+1"],"campfire_rested":6,"item_purchase_floors":[3,11,27,27,31,38,38,38,38,38,38,38,38,38,38,39,39,39,39,39,39,39,39,54],"current_hp_per_floor":[46,46,46,41,41,21,27,19,19,7,7,16,16,16,25,15,62,55,52,38,47,32,69,42,42,42,42,47,44,56,56,94,93,94,94,94,94,94,94,94,94,94,94,94,63,80,80,93,94,49,54,84,94,94,94,80],"gold":62,"neow_bonus":"THREE_RARE_CARDS","is_daily":false,"chose_seed":false,"campfire_upgraded":3,"win_rate":0.0,"timestamp":1614182230,"path_taken":["M","M","$","?","M","E","R","E","T","?","$","R","M","?","R","BOSS","M","?","?","M","M","R","E","?","T","$","?","E","R","?","R","BOSS","M","?","?","?","$","E","R","E","T","R","M","E","?","M","R","BOSS","R","$","E","BOSS"],"items_purchased_type":["Relic","Relic","Card","Relic","Card","Relic","Card","Card","Card","Card","Relic","Relic","Relic","Relic","Relic","Relic","Card","Card","Relic","Relic","Relic","Relic","Potion","Card"],"build_version":"2020-12-22","purchased_purges":3,"victory":true,"max_hp_per_floor":[65,77,77,77,77,77,77,77,77,77,77,77,77,77,77,77,77,77,77,82,82,85,85,94,94,94,94,94,94,94,94,94,94,94,94,94,94,94,94,94,94,94,94,94,94,94,94,94,94,94,94,94,94,94,94,94],"card_choices":[{"not_picked":["Disposal","ChargeUp"],"picked":"Cruelty","floor":0.0},{"not_picked":["HighKick","GrazeTheGrass","Parry2","Unlock1","ToWhereThePrescriptPoints","Leap_lor","SummaryJudgment","FleshFillet"],"picked":"FrontalAssault","floor":1.0},{"not_picked":["GuidanceOfTheGears","Marionette","SilentMist","PinpointShot","NightInTheBackstreets","SummaryJudgment","SmokingPipe","HiddenBlade","Parry"],"picked":"SKIP","floor":2.0},{"not_picked":["Collision","AssaultOrder","FlashOfSunup","ViolentFlame","DefenseOrder","Marionette","MultiBlock","OpportunitySpotted"],"picked":"ClassAndRespect","floor":5},{"not_picked":["ToOvercomeCrisis","BiAn","EnergyStrike","HighKick","MultiBlock","Wallop_lor","VioletBlade","Leap_lor"],"picked":"SilentNight","floor":6},{"not_picked":["FlamingDragonFist","FierceCharge","YourShield","TraceOfFumes","Execute_lor","CoordinatedAssault","SmokingPipe","Endure"],"picked":"Tailoring","floor":8},{"not_picked":["Zzzzzap","JiaoTu","ClassAndRespect","EnergyCycle","Parry2","FierceCharge","Endure","MultiBlock"],"picked":"BackstreetsDash","floor":13},{"not_picked":["MindCrush","Disposal"],"picked":"FormingStorm","floor":16},{"not_picked":["Quickness+1","FlashOfSunup","ViolentFlame","MultiHit","StructuralAnalysis+1","QuickAttack","RepressedFlesh","GuidanceOfTheGears+1"],"picked":"ChopItOff+1","floor":18},{"not_picked":["InnerArdor+1","SkyClearingCut","Bvapour","QuickSuppression","BackAttack+1","SuppressingShot","BindingArms","LawAndOrder"],"picked":"CumulusWall+1","floor":19},{"not_picked":["StrongStrike+1","FleetFootsteps+1","Gigigig+1","InnerArdor+1","WillProduceFineSilk+1","BulkyImpact+1","ButterflySlash","Reload+1"],"picked":"PreparedMind+1","floor":21},{"not_picked":["StrikeDown","Leap_lor+1","HiddenBlade","LawAndOrder","CookingPrep+1","Brawl","BackAttack+1","StrongStrike"],"picked":"GoinFirst","floor":22},{"not_picked":["LossOfSenses","Multislash","EnergyCycle+1","GuidanceOfTheGears+1","HandleRequest","NonstopAssault+1","Diversion","SuppressingShot+1"],"picked":"TrashDisposal","floor":24},{"not_picked":["Outburst","BladeWhirl","TraceOfFumes","InnerArdor+1","GreatSerpentsImpact","FlyingSword+1","StartinOutLightly+1","Fence+1"],"picked":"UnavoidableGaze+1","floor":28},{"not_picked":["SinglePointStab+1","BiAn+1","FocusFire","Leap_lor","Laceration","UpbeatPerformance","BackstreetsDash","Clone+1"],"picked":"Preparation+1","floor":29},{"not_picked":["RipSpace","Cruelty"],"picked":"ScratchThat","floor":33},{"not_picked":["Slice_lor","GrazeTheGrass+1","Feast","Retaliate","DirtyBlow","SmokingPipe+1","BackstreetsDash+1","SilentMist+1","Laceration"],"picked":"SKIP","floor":35},{"not_picked":["FrontalAssault+1","SilentMist","Riposte+1","DarkCloud","RushDown","GuidanceOfTheGears+1","UpbeatPerformance","EndlessBattle+1"],"picked":"Multislash+1","floor":36},{"not_picked":["GreatSerpentsImpact","TendonChords","HiddenBlade+1","Riposte+1","Rampage_lor","Standoff","EmotionalTurbulence","MultiBlock+1"],"picked":"SuanNi+1","floor":40},{"not_picked":["SinglePointStab+1","Rewind+1","HighKick","Mutilate+1","BindingArms","Feast+1","SuppressingShot","DevastatingThrash+1","InnerArdor+1"],"picked":"SKIP","floor":42},{"not_picked":["StrongStrike","EnergyCycle","PinpointShot","BiteOff","Execute_lor+1","ConcentratedFire","SharpSwipe+1","DesperateStruggle"],"picked":"GreatSerpentsImpact+1","floor":45},{"not_picked":["SinglePointStab","ForcefulGesture","DesperateStruggle","HiddenBlade","SilentNight","UncannyStrike+1","Brawl","Rewind+1"],"picked":"EmotionalTurbulence","floor":46},{"not_picked":["RipSpace","QuickAttack+1","SilentMist","ForTheFamily","EnergyShield+1","AGoldenOpportunity+1","SunsetBlade","SharpSwipe"],"picked":"ViolentFlame","floor":48},{"not_picked":["DefenseOrder+1","Endure+1","ClassAndRespect+1","StrongStrike","ICanCookAnything","Marionette+1","FocusFire+1","JiaoTu+1"],"picked":"SavageMode","floor":55}],"player_experience":386434,"relics_obtained":[{"floor":6,"key":"Eternal Feather"},{"floor":8,"key":"Bag of Marbles"},{"floor":9,"key":"War Paint"},{"floor":14,"key":"Toxic Egg 2"},{"floor":24,"key":"Happy Flower"},{"floor":26,"key":"PageOfGreed"},{"floor":29,"key":"PageOfTheQueenOfHatred"},{"floor":36,"key":"Old Coin"},{"floor":40,"key":"PageOfTheKnightOfDespair"},{"floor":42,"key":"PageOfWrath"},{"floor":45,"key":"PageOfNihil"},{"floor":46,"key":"Oddly Smooth Stone"},{"floor":55,"key":"PageOfScarecrow"}],"event_choices":[{"damage_healed":0,"gold_gain":0,"player_choice":"Success","damage_taken":12,"relics_obtained":["Akabeko"],"max_hp_gain":0,"max_hp_loss":0,"event_name":"Scrap Ooze","floor":10,"gold_loss":0},{"damage_healed":0,"gold_gain":0,"player_choice":"Shed Blood","damage_taken":19,"max_hp_gain":5,"max_hp_loss":0,"event_name":"Forgotten Altar","floor":20,"gold_loss":0},{"damage_healed":0,"gold_gain":0,"player_choice":"Gave Potion","damage_taken":0,"relics_obtained":["PageOfWayBackHome"],"max_hp_gain":0,"max_hp_loss":0,"event_name":"WeMeetAgain","floor":25,"gold_loss":0},{"damage_healed":0,"gold_gain":0,"player_choice":"Fight","damage_taken":0,"max_hp_gain":0,"max_hp_loss":0,"event_name":"Mysterious Sphere","floor":36,"gold_loss":0},{"damage_healed":0,"gold_gain":999,"player_choice":"Gold","damage_taken":0,"max_hp_gain":0,"max_hp_loss":0,"event_name":"MindBloom","floor":37,"gold_loss":0,"cards_obtained":["Normality","Normality"]},{"damage_healed":0,"gold_gain":0,"player_choice":"Paid","damage_taken":0,"relics_obtained":["Red Mask"],"max_hp_gain":0,"max_hp_loss":0,"event_name":"Tomb of Lord Red Mask","floor":47,"gold_loss":162}],"is_beta":false,"boss_relics":[{"not_picked":["Empty Cage","Velvet Choker"],"picked":"Fusion Hammer"},{"not_picked":["Calling Bell","Pandora\u0027s Box"],"picked":"Runic Dome"}],"items_purged_floors":[27,38,39],"is_endless":false,"potions_floor_spawned":[6,13,16,18,22,24,33,46,48,55],"ascension_level":6}}