{"host":"0tbecx6mc13icp35","time":1614200721,"event":{"mods":["AchievementEnabler","BaseMod","Colored Map","Colored Powertips","Minty Spire (QoL Compilation)","Relic Stats","Synergy Search","slay the spire mod where everything is the same but ironclad has a cowboy hat"],"gold_per_floor":[211,231,44,61,61,93,104,118,170,135,135,167,185,35,35,133,133,146,164,164,264,279,279,291,323,348,348,348,348,348,379,379,484,484,496,496,16,35,35,65,65,65,138,155,155,186,186,186,186,186],"floor_reached":51,"language":"ENG","playtime":3291,"items_purged":[],"score":956,"play_id":"980d60f7-39d6-4571-aac2-491867f72731","local_time":"20210225000521","is_ascension_mode":true,"campfire_choices":[{"data":"Infinite Blades","floor":11,"key":"SMITH"},{"floor":15,"key":"REST"},{"data":"Apotheosis","floor":23,"key":"SMITH"},{"data":"Accuracy","floor":27,"key":"SMITH"},{"floor":30,"key":"REST"},{"floor":32,"key":"REST"},{"data":"Madness","floor":42,"key":"SMITH"},{"floor":45,"key":"REST"},{"data":"Madness","floor":47,"key":"SMITH"},{"data":"Tools of the Trade","floor":49,"key":"SMITH"}],"circlet_count":0,"master_deck":["Survivor","Neutralize","Infinite Blades+1","Die Die Die+1","Blade Dance","Choke","Cloak And Dagger","Dash","Blade Dance","Die Die Die","Heel Hook","Apotheosis+1","A Thousand Cuts","PiercingWail","Accuracy+1","Die Die Die","Dagger Throw+1","Sucker Punch","Prepared+1","Bite","Bite","Bite","Bite","Bite","Corpse Explosion","Burst","Deadly Poison","After Image","After Image","Tools of the Trade+1","Bullet Time","Cloak And Dagger+1","Footwork+1","Prepared","Madness+1","Madness+1","Backstab+1","Blade Dance+1","Decay"],"relics":["Ring of the Snake","Ornamental Fan","Juzu Bracelet","The Courier","SlaversCollar","Whetstone","Toy Ornithopter","Nilry\u0027s Codex","Strawberry","Pandora\u0027s Box","FossilizedHelix","Ancient Tea Set","Oddly Smooth Stone","Bronze Scales","White Beast Statue","Happy Flower"],"acts_visited":["Exordium","TheCity","TheBeyond"],"potions_floor_usage":[16,19,22,22,24,31,33,35,50,50],"damage_taken":[{"damage":3,"enemies":"Small Slimes","floor":1,"turns":6},{"damage":5,"enemies":"Cultist","floor":2,"turns":5},{"damage":2,"enemies":"2 Louse","floor":4,"turns":3},{"damage":20,"enemies":"Gremlin Nob","floor":6,"turns":4},{"damage":0,"enemies":"Looter","floor":7,"turns":2},{"damage":12,"enemies":"Lots of Slimes","floor":8,"turns":2},{"damage":14,"enemies":"Lagavulin","floor":12,"turns":6},{"damage":11,"enemies":"Exordium Wildlife","floor":13,"turns":3},{"damage":0,"enemies":"Slime Boss","floor":16,"turns":5},{"damage":1,"enemies":"3 Byrds","floor":18,"turns":4},{"damage":8,"enemies":"2 Thieves","floor":19,"turns":3},{"damage":11,"enemies":"Snake Plant","floor":22,"turns":4},{"damage":19,"enemies":"Snecko","floor":24,"turns":5},{"damage":8,"enemies":"Book of Stabbing","floor":25,"turns":5},{"damage":27,"enemies":"Slavers","floor":31,"turns":4},{"damage":20,"enemies":"Automaton","floor":33,"turns":8},{"damage":34,"enemies":"3 Darklings","floor":35,"turns":4},{"damage":8,"enemies":"3 Shapes","floor":38,"turns":3},{"damage":13,"enemies":"Giant Head","floor":40,"turns":10},{"damage":20,"enemies":"3 Darklings","floor":44,"turns":3},{"damage":0,"enemies":"Reptomancer","floor":46,"turns":6},{"damage":47,"enemies":"Awakened One","floor":50,"turns":12}],"seed_played":"-6930646655231263828","potions_obtained":[{"floor":4,"key":"Strength Potion"},{"floor":12,"key":"Strength Potion"},{"floor":13,"key":"SteroidPotion"},{"floor":16,"key":"Block Potion"},{"floor":19,"key":"Regen Potion"},{"floor":22,"key":"SkillPotion"},{"floor":31,"key":"LiquidBronze"},{"floor":33,"key":"GhostInAJar"},{"floor":44,"key":"Ancient Potion"},{"floor":46,"key":"FearPotion"}],"is_trial":false,"path_per_floor":["M","M","$","M","?","E","M","M","T","?","R","E","M","$","R","B",null,"M","M","?","?","M","R","M","E","T","R","?","?","R","E","R","B",null,"M","?","$","M","?","E","?","R","T","M","R","E","R","?","R","B",null],"character_chosen":"THE_SILENT","items_purchased":["Die Die Die","Blade Dance","Apotheosis","FossilizedHelix","Ancient Tea Set","Oddly Smooth Stone"],"campfire_rested":4,"item_purchase_floors":[3,3,14,37,37,37],"current_hp_per_floor":[67,62,62,60,60,40,40,28,28,45,45,31,20,20,41,41,70,69,61,61,61,50,50,45,37,37,37,37,21,35,28,44,38,56,25,25,25,21,49,45,39,39,39,24,38,44,44,44,44,31],"gold":186,"neow_bonus":"HUNDRED_GOLD","is_daily":false,"chose_seed":false,"campfire_upgraded":6,"win_rate":0.0,"timestamp":1614200721,"path_taken":["M","M","$","M","?","E","?","M","T","?","R","E","M","$","R","BOSS","M","M","?","?","M","R","M","E","T","R","?","?","R","E","R","BOSS","M","?","$","M","?","E","?","R","T","M","R","E","R","?","R","BOSS"],"items_purchased_type":["Card","Card","Card","Relic","Relic","Relic"],"build_version":"2020-12-22","purchased_purges":0,"victory":true,"max_hp_per_floor":[70,70,70,70,70,70,70,70,70,70,70,70,70,70,70,70,70,70,70,70,70,70,70,70,70,70,70,49,49,49,56,56,56,56,56,56,56,56,49,49,49,49,49,49,49,49,49,49,49,49],"relic_stats":{"Happy Flower":[4],"counters":[22,107],"Ornamental Fan":[304],"Bronze Scales":[75],"Pandora\u0027s Box":["Deadly Poison","After Image","After Image","Tools of the Trade","Bullet Time"],"Juzu Bracelet":1,"Whetstone":["Die Die Die","Strike_G"],"obtain_stats":[{"Happy Flower":46,"Nilry\u0027s Codex":29,"Oddly Smooth Stone":37,"The Courier":12,"Juzu Bracelet":9,"Whetstone":25,"Ancient Tea Set":37,"White Beast Statue":43,"SlaversCollar":17,"Ornamental Fan":6,"Strawberry":31,"Bronze Scales":40,"Pandora\u0027s Box":34,"Toy Ornithopter":26,"FossilizedHelix":37,"Ring of the Snake":0},{"Happy Flower":21,"Nilry\u0027s Codex":14,"Oddly Smooth Stone":17,"The Courier":7,"Juzu Bracelet":6,"Whetstone":14,"Ancient Tea Set":17,"White Beast Statue":19,"SlaversCollar":9,"Ornamental Fan":4,"Strawberry":15,"Bronze Scales":19,"Pandora\u0027s Box":16,"Toy Ornithopter":14,"FossilizedHelix":17,"Ring of the Snake":0},{"Happy Flower":95,"Nilry\u0027s Codex":57,"Oddly Smooth Stone":73,"The Courier":28,"Juzu Bracelet":22,"Whetstone":57,"Ancient Tea Set":73,"White Beast Statue":86,"SlaversCollar":36,"Ornamental Fan":18,"Strawberry":61,"Bronze Scales":86,"Pandora\u0027s Box":69,"Toy Ornithopter":57,"FossilizedHelix":73,"Ring of the Snake":0}],"Toy Ornithopter":20,"Ring of the Snake":[44]},"card_choices":[{"not_picked":["Prepared","Deadly Poison"],"picked":"Quick Slash","floor":1},{"not_picked":["Cloak And Dagger","Prepared"],"picked":"Infinite Blades","floor":2},{"not_picked":["Prepared","Backflip"],"picked":"Choke","floor":4},{"not_picked":["Dagger Spray","Predator"],"picked":"Cloak And Dagger","floor":6},{"not_picked":["Glass Knife","Deflect"],"picked":"Dash","floor":7},{"not_picked":["Acrobatics","Outmaneuver"],"picked":"Blade Dance","floor":8},{"not_picked":["Blur","Eviscerate"],"picked":"Die Die Die","floor":12},{"not_picked":["Deadly Poison","Bane"],"picked":"Heel Hook","floor":13},{"not_picked":["Burst","Wraith Form v2"],"picked":"A Thousand Cuts","floor":16},{"not_picked":["Quick Slash","Dodge and Roll"],"picked":"PiercingWail","floor":18},{"not_picked":["Dagger Spray+1","Sucker Punch"],"picked":"Accuracy","floor":19},{"not_picked":["Slice","Calculated Gamble+1"],"picked":"Dagger Throw+1","floor":22},{"not_picked":["Deadly Poison","Poisoned Stab"],"picked":"Sucker Punch","floor":24},{"not_picked":["Caltrops","Noxious Fumes"],"picked":"Prepared+1","floor":25},{"not_picked":["Dagger Spray","Flying Knee"],"picked":"Corpse Explosion","floor":31},{"not_picked":["Unload","Wraith Form v2"],"picked":"Burst","floor":33},{"not_picked":["Flechettes","Flying Knee"],"picked":"Cloak And Dagger+1","floor":35},{"not_picked":["Blade Dance","Noxious Fumes"],"picked":"Footwork+1","floor":38},{"not_picked":["Bouncing Flask","Dash"],"picked":"Prepared","floor":40},{"not_picked":["Underhanded Strike","Bouncing Flask"],"picked":"Backstab+1","floor":44},{"not_picked":["Deflect+1","Backflip"],"picked":"Blade Dance+1","floor":46}],"player_experience":82429,"relics_obtained":[{"floor":6,"key":"Ornamental Fan"},{"floor":9,"key":"Juzu Bracelet"},{"floor":12,"key":"The Courier"},{"floor":25,"key":"Whetstone"},{"floor":26,"key":"Toy Ornithopter"},{"floor":29,"key":"Nilry\u0027s Codex"},{"floor":31,"key":"Strawberry"},{"floor":40,"key":"Bronze Scales"},{"floor":43,"key":"White Beast Statue"},{"floor":46,"key":"Happy Flower"}],"event_choices":[{"cards_removed":["Strike_G"],"damage_healed":0,"gold_gain":0,"player_choice":"Purged","damage_taken":0,"max_hp_gain":0,"max_hp_loss":0,"event_name":"Purifier","floor":5,"gold_loss":0},{"damage_healed":17,"gold_gain":0,"player_choice":"Healed","damage_taken":0,"max_hp_gain":0,"max_hp_loss":0,"event_name":"The Cleric","floor":10,"gold_loss":35},{"damage_healed":0,"gold_gain":0,"player_choice":"Read","damage_taken":0,"max_hp_gain":0,"max_hp_loss":0,"event_name":"The Library","floor":20,"gold_loss":0,"cards_obtained":["Die Die Die"]},{"damage_healed":0,"gold_gain":100,"player_choice":"Pray","damage_taken":0,"max_hp_gain":0,"max_hp_loss":0,"event_name":"Golden Shrine","floor":21,"gold_loss":0},{"damage_healed":0,"gold_gain":0,"player_choice":"Became a vampire","damage_taken":0,"max_hp_gain":0,"max_hp_loss":21,"event_name":"Vampires","floor":28,"gold_loss":0,"cards_obtained":["Bite","Bite","Bite","Bite","Bite"]},{"damage_healed":0,"gold_gain":0,"player_choice":"Obtained Book","damage_taken":16,"max_hp_gain":0,"max_hp_loss":0,"event_name":"Cursed Tome","floor":29,"gold_loss":0},{"cards_removed":["Quick Slash"],"damage_healed":0,"gold_gain":0,"player_choice":"Removed Attack","damage_taken":0,"max_hp_gain":0,"max_hp_loss":0,"event_name":"Falling","floor":36,"gold_loss":0},{"damage_healed":49,"gold_gain":0,"player_choice":"Heal","damage_taken":0,"max_hp_gain":0,"max_hp_loss":7,"event_name":"The Moai Head","floor":39,"gold_loss":0},{"damage_healed":0,"gold_gain":0,"player_choice":"Embrace Madness","damage_taken":6,"max_hp_gain":0,"max_hp_loss":0,"event_name":"Winding Halls","floor":41,"gold_loss":0,"cards_obtained":["Madness","Madness"]},{"damage_healed":0,"gold_gain":0,"player_choice":"Cursed","damage_taken":0,"max_hp_gain":0,"max_hp_loss":0,"event_name":"Wheel of Change","floor":48,"gold_loss":0,"cards_obtained":["Decay"]}],"is_beta":false,"boss_relics":[{"not_picked":["Sozu","Runic Pyramid"],"picked":"SlaversCollar"},{"not_picked":["Tiny House","HoveringKite"],"picked":"Pandora\u0027s Box"}],"items_purged_floors":[],"is_endless":false,"potions_floor_spawned":[4,12,13,16,19,22,31,33,44,46],"ascension_level":2}}