{"host":"hyzmf9jejtktdcwr","time":1614167323,"event":{"mods":["100% Spire Juice","ATMod(°¢èªMod)","Act Like it!","Arknights","Aspiration","BaseMod","Dota2Spire","Hermit","Luminous","Minty Spire (QoL Compilation)","MostiFishMod","Prisma Mod","Quick Restart","Reliquary","Shop Mod","StSLib","The Blackbeard","The Construct","The Poker Player","[IsaacMod]ÒÔÈö¼âËþ"],"gold_per_floor":[219,239,10,10,10,35,49,49,74,74,74],"floor_reached":10,"language":"ZHS","playtime":432,"items_purged":["ats:Strike V"],"score":106,"play_id":"0c624d15-8b40-45e9-9be8-8336ed6c000b","local_time":"20210224194843","is_ascension_mode":true,"campfire_choices":[{"floor":8,"key":"REST"}],"circlet_count":0,"master_deck":["AscendersBane","ats:Strike C","ats:Strike G","ats:Strike S","ats:Armor Crushing Shot","ats:Defend","ats:Defend","ats:Defend","ats:Defend","ats:Emotion Absorption+1","AT_FamilyPortrait","ats:Ignite","ats:Neurotoxin","Regret","ats:Song Of Battle","ats:Poison Spread"],"relics":["ats:Sanity","DaveBox","AT_ATBox","HushsDoor","BookOfRevelations","SynthV:C4","SynthV:TestCard","reliquary:Stiletto","Omamori","ats:Originium","reliquary:Boomerang","reliquary:TatteredRug"],"acts_visited":["Exordium"],"potions_floor_usage":[10],"damage_taken":[{"damage":12,"enemies":"Small Slimes","floor":1,"turns":5},{"damage":2,"enemies":"2 Louse","floor":2,"turns":2},{"damage":37,"enemies":"3 Sentries","floor":6,"turns":6},{"damage":4,"enemies":"ats:Genji","floor":7,"turns":4},{"damage":32,"enemies":"Lagavulin","floor":10,"turns":5}],"seed_played":"-5100223225089591894","potions_obtained":[{"floor":2,"key":"ats:Emergency Sanity Potion"},{"floor":6,"key":"ats:Burn Big Potion"}],"is_trial":false,"path_per_floor":["M","M","$","?","?","E","M","R","T","E"],"character_chosen":"DOCTOR_CLASS","items_purchased":["reliquary:Stiletto"],"campfire_rested":1,"item_purchase_floors":[3],"current_hp_per_floor":[53,51,51,51,51,14,10,31,31,0,0],"gold":74,"neow_bonus":"HUNDRED_GOLD","is_daily":false,"chose_seed":false,"campfire_upgraded":0,"win_rate":0.0,"timestamp":1614167323,"path_taken":["M","M","$","?","?","E","M","R","T","E"],"items_purchased_type":["Relic"],"build_version":"2020-12-22","purchased_purges":1,"victory":false,"max_hp_per_floor":[72,72,72,72,72,72,72,72,72,72,72],"card_choices":[{"not_picked":["ats:Spore Proliferation","ats:Encircling Forest"],"picked":"ats:Ignite","floor":1},{"not_picked":["ats:Beaten Up","ats:Closed Bolt Burst Fire","ats:Ignite","ats:Healing Drone"],"picked":"ats:Neurotoxin","floor":2},{"not_picked":["ats:Guard Mode","Bomb","ats:Rat Pack","ats:Cat Scratch"],"picked":"ats:Song Of Battle","floor":6},{"not_picked":["ats:Apocalypse","ats:Chain Hook","ats:Directed Diagnosis","ats:Curse Doll"],"picked":"ats:Poison Spread","floor":7}],"player_experience":209653,"relics_obtained":[{"floor":1,"key":"SynthV:TestCard"},{"floor":6,"key":"ats:Originium"},{"floor":6,"key":"reliquary:Boomerang"},{"floor":9,"key":"reliquary:TatteredRug"}],"event_choices":[{"damage_healed":0,"gold_gain":0,"player_choice":"Grow","damage_taken":0,"max_hp_gain":0,"max_hp_loss":0,"event_name":"Living Wall","floor":4,"gold_loss":0,"cards_upgraded":["ats:Emotion Absorption"]},{"damage_healed":0,"gold_gain":0,"player_choice":"Box","damage_taken":0,"relics_obtained":["Omamori"],"max_hp_gain":0,"max_hp_loss":0,"event_name":"Big Fish","floor":5,"gold_loss":0,"cards_obtained":["Regret"]}],"is_beta":false,"boss_relics":[],"items_purged_floors":[3],"is_endless":false,"potions_floor_spawned":[2,6],"killed_by":"Lagavulin","ascension_level":12}}