{"host":"vms4oj7um5h6bhuu","time":1614174575,"event":{"mods":["BaseMod","Custom Start","Downfall","Hermit","Minty Spire (QoL Compilation)","READ ME - Guardian Mod","StSLib","The Cursed","The Servant 0.9.4"],"gold_per_floor":[118,134,145,164,177,177,208,208,234,266,341,341,341,355,355,456,456,475,475,475,493,46,76,86,115,115,141,153,178,213,179,179,283,283,303,303,320,320,61,87,101,136,163,193,218,235,235,266,266,367,367,384,400,138,149,173,208,208],"floor_reached":57,"language":"ZHS","playtime":4386,"items_purged":[],"score":1396,"play_id":"96956ee0-84ba-4581-8c8a-8542f0a22087","local_time":"20210224214935","daily_mods":["Heirloom","DeadlyEvents","Elite Swarm"],"is_ascension_mode":true,"campfire_choices":[{"data":"SoulSculpture","floor":6.0,"key":"SMITH"},{"data":"ForgedInTime","floor":8.0,"key":"SMITH"},{"floor":12.0,"key":"REST"},{"data":"Moonlight","floor":15.0,"key":"SMITH"},{"data":"Duplication","floor":32.0,"key":"SMITH"},{"data":"KillingDoll","floor":47,"key":"SMITH"},{"data":"KillingDoll","floor":49,"key":"SMITH"}],"circlet_count":0,"master_deck":["Strike_S+1","Strike_S+1","Strike_S+1","Strike_S+1","Defend_S+1","Defend_S+1","Defend_S+1","Defend_S+1","KidneyShot","Exchange","Foresight","InstantArmor+1","Ricochet","StarChef","SoulSculpture+1","ForgedInTime+1","TheWorld+1","Moonlight+1","TheWorld+1","Misdirection","Potential","PendulumOfEternity","SurpressingFire+1","PendulumOfEternity","FloweringNight+1","Solidify","Potential","Duplication+1","LightFlow","Luminosity+1","Dilation","Ricochet+1","Thinking Ahead","Panacea","GearUp","Rearm","SilverBlades+1","Sadistic Nature+1","KillingDoll+1","Luminosity+1","FlawlessForm+1","KillingDoll+1","MurderousAura+1","MoonPhase+1"],"relics":["SplendidAttire","champ:DuelingGlove","Frozen Egg 2","Nunchaku","bronze:DecasWashers","Nilry\u0027s Codex","TungstenRod","War Paint","FossilizedHelix","Shuriken","champ:DeflectingBracers","PreservedInsect","Bag of Marbles","Coffee Dripper","Dead Branch","Guardian:PocketSentry","Slimebound:StickyStick","Thread and Needle","Singing Bowl","Potion Belt","Philosopher\u0027s Stone","hexamod:CandleOfCauterizing","Odd Mushroom"],"acts_visited":["Exordium","TheCity","TheBeyond","Exordium"],"potions_floor_usage":[40,42,44,48,50],"damage_taken":[{"damage":4.0,"enemies":"Jaw Worm","floor":1.0,"turns":4.0},{"damage":11.0,"enemies":"Small Slimes","floor":2.0,"turns":3.0},{"damage":0.0,"enemies":"2 Louse","floor":3.0,"turns":2.0},{"damage":3.0,"enemies":"Red Slaver","floor":4.0,"turns":2.0},{"damage":0.0,"enemies":"2 Fungi Beasts","floor":5.0,"turns":3.0},{"damage":13.0,"enemies":"Gremlin Nob","floor":7.0,"turns":4.0},{"damage":11.0,"enemies":"3 Sentries","floor":10.0,"turns":7.0},{"damage":0.0,"enemies":"Looter","floor":14.0,"turns":2.0},{"damage":7.0,"enemies":"The Guardian","floor":16.0,"turns":12.0},{"damage":0.0,"enemies":"3 Byrds","floor":18.0,"turns":3.0},{"damage":0.0,"enemies":"Shell Parasite","floor":21.0,"turns":2.0},{"damage":0.0,"enemies":"Book of Stabbing","floor":23.0,"turns":3.0},{"damage":0.0,"enemies":"Centurion and Healer","floor":24.0,"turns":2.0},{"damage":11.0,"enemies":"Slavers","floor":25.0,"turns":4.0},{"damage":0.0,"enemies":"Gremlin Leader","floor":27.0,"turns":3.0},{"damage":0.0,"enemies":"3 Cultists","floor":28.0,"turns":4.0},{"damage":0.0,"enemies":"Book of Stabbing","floor":29.0,"turns":3.0},{"damage":0.0,"enemies":"Slavers","floor":30.0,"turns":2.0},{"damage":3.0,"enemies":"Automaton","floor":33.0,"turns":9.0},{"damage":0,"enemies":"Orb Walker","floor":35,"turns":1},{"damage":39,"enemies":"3 Shapes","floor":37,"turns":3},{"damage":0,"enemies":"Giant Head","floor":40,"turns":4},{"damage":0,"enemies":"Maw","floor":41,"turns":3},{"damage":0,"enemies":"Nemesis","floor":42,"turns":5},{"damage":0,"enemies":"Reptomancer","floor":44,"turns":3},{"damage":0,"enemies":"Nemesis","floor":45,"turns":1},{"damage":0,"enemies":"Spire Growth","floor":46,"turns":1},{"damage":0,"enemies":"Reptomancer","floor":48,"turns":2},{"damage":0,"enemies":"Time Eater","floor":50,"turns":7},{"damage":0,"enemies":"2 Louse","floor":52,"turns":2},{"damage":0,"enemies":"Jaw Worm","floor":53,"turns":2},{"damage":0,"enemies":"Small Slimes","floor":55,"turns":1},{"damage":0,"enemies":"The Mushroom Lair","floor":56,"turns":1},{"damage":0,"enemies":"3 Sentries","floor":57,"turns":2}],"seed_played":"50865901947958381","potions_obtained":[{"floor":1.0,"key":"ColorlessPotion"},{"floor":4.0,"key":"FairyPotion"},{"floor":5.0,"key":"Block Potion"},{"floor":23.0,"key":"BlessingOfTheForge"},{"floor":24.0,"key":"Ancient Potion"},{"floor":25.0,"key":"Fire Potion"},{"floor":33,"key":"Guardian:BlockOnCardUsePotion"},{"floor":37,"key":"Dexterity Potion"},{"floor":41,"key":"Block Potion"},{"floor":44,"key":"ColorlessPotion"},{"floor":46,"key":"Swift Potion"},{"floor":52,"key":"ColorlessPotion"},{"floor":55,"key":"ColorlessPotion"},{"floor":57,"key":"SpeedPotion"}],"is_trial":true,"path_per_floor":["M","M","M","M","M","R","E","R","T","E","?","R","?","M","R","B",null,"M","?","?","M","$","E","M","E","T","E","M","E","E","$","R","B",null,"M","?","M","?","$","E","M","E","T","E","E","M","R","E","R","B",null,"M","M","$","M","?","E"],"character_chosen":"THE_SERVANT","items_purchased":["TungstenRod","PendulumOfEternity","SurpressingFire+1","Luminosity+1","SilverBlades+1","Sadistic Nature+1","hexamod:CandleOfCauterizing"],"campfire_rested":1,"item_purchase_floors":[22,22,22,31,39,39,54],"current_hp_per_floor":[61,50,50,47,47,47,34,34,34,23,12,31,18,18,18,11,65,65,65,49,49,49,49,49,38,38,38,38,38,38,38,38,35,65,65,61,22,22,22,22,22,22,22,22,24,26,26,28,28,28,71,71,73,73,75,77,79,79],"gold":208,"neow_bonus":"","is_daily":false,"chose_seed":false,"campfire_upgraded":6,"win_rate":0.0,"timestamp":1614174575,"path_taken":["M","M","M","M","M","R","E","R","T","E","?","R","?","?","R","BOSS","M","?","?","M","$","E","M","E","T","E","?","?","E","$","R","BOSS","BOSS","M","?","M","?","$","E","M","E","T","E","?","M","R","E","R","BOSS","M","M","$","M","?","E"],"items_purchased_type":["Relic","Card","Card","Card","Card","Card","Relic"],"build_version":"2020-12-22","purchased_purges":0,"victory":false,"max_hp_per_floor":[65,65,65,65,65,65,65,65,65,65,65,65,65,65,65,65,65,65,65,65,65,65,65,65,65,65,65,65,65,65,65,65,65,65,65,65,65,65,65,65,65,65,65,65,67,69,69,71,71,71,71,71,73,73,75,77,79,79],"card_choices":[{"not_picked":["Unruled","BottledTime"],"picked":"Foresight","floor":1.0},{"not_picked":["Ricochet","WasteNot"],"picked":"InstantArmor","floor":2.0},{"not_picked":["Starlight","Barrier"],"picked":"Ricochet","floor":3.0},{"not_picked":["DoubleEdge","Revamp"],"picked":"StarChef","floor":4.0},{"not_picked":["ReturningBlade","Alleviate"],"picked":"SoulSculpture","floor":5.0},{"not_picked":["PendulumOfEternity","FloweringNight+1"],"picked":"ForgedInTime","floor":7.0},{"not_picked":["LightFlow","FloweringNight+1"],"picked":"TheWorld","floor":10.0},{"not_picked":["Replace","Alleviate"],"picked":"Moonlight","floor":14.0},{"not_picked":["FloweringNight+1","Deny"],"picked":"TheWorld","floor":16.0},{"not_picked":["DoubleEdge","Ricochet"],"picked":"Misdirection","floor":18.0},{"not_picked":["Unruled","Revamp"],"picked":"Potential","floor":21.0},{"not_picked":["ForgedInTime","FloweringNight+1"],"picked":"PendulumOfEternity","floor":23.0},{"not_picked":["Revamp","Defy","Rewind+1"],"picked":"SKIP","floor":24.0},{"not_picked":["SoulSculpture","Sunlight"],"picked":"FloweringNight+1","floor":25.0},{"not_picked":["ForgedInTime","Deny"],"picked":"Solidify","floor":27.0},{"not_picked":["Rewind","Revamp"],"picked":"Potential","floor":28.0},{"not_picked":["Initiator","PendulumOfEternity"],"picked":"Duplication","floor":29.0},{"not_picked":["ForgedInTime","SoulSculpture"],"picked":"LightFlow","floor":30.0},{"not_picked":["FlawlessForm+1","Initiator"],"picked":"Dilation","floor":33},{"not_picked":["Rewind","Spin+1"],"picked":"Ricochet+1","floor":35},{"not_picked":["Good Instincts","Flash of Steel"],"picked":"Thinking Ahead","floor":36},{"not_picked":["Blind","Purity"],"picked":"Panacea","floor":36},{"not_picked":["Replace+1","Collapse"],"picked":"GearUp","floor":37},{"not_picked":["SoulSculpture","Deny"],"picked":"KillingDoll","floor":40},{"not_picked":["Comet","InstantArmor+1"],"picked":"Luminosity+1","floor":41},{"not_picked":["Dilation","FloweringNight+1"],"picked":"FlawlessForm+1","floor":42},{"not_picked":["FloweringNight+1","FlawlessForm+1"],"picked":"KillingDoll","floor":44},{"not_picked":["FlawlessForm+1","Solidify","TheWorld"],"picked":"Singing Bowl","floor":45},{"not_picked":["Potential","BestPractice+1","Rearm+1"],"picked":"Singing Bowl","floor":46},{"not_picked":["Deny","Duplication","LightFlow"],"picked":"Singing Bowl","floor":48},{"not_picked":["Initiator","Deny"],"picked":"MurderousAura+1","floor":50},{"not_picked":["TimeWarp","Spin"],"picked":"MoonPhase+1","floor":52},{"not_picked":["Unruled","GearUp","Contraction"],"picked":"Singing Bowl","floor":53},{"not_picked":["Collapse","Starlight","Alleviate"],"picked":"Singing Bowl","floor":55},{"not_picked":["Snipe","Potential","Defy"],"picked":"Singing Bowl","floor":56},{"not_picked":["TheWorld","Solidify","ForgedInTime"],"picked":"Singing Bowl","floor":57}],"player_experience":527891,"relics_obtained":[{"floor":7.0,"key":"Frozen Egg 2"},{"floor":9.0,"key":"Nunchaku"},{"floor":10.0,"key":"bronze:DecasWashers"},{"floor":20.0,"key":"Nilry\u0027s Codex"},{"floor":23.0,"key":"War Paint"},{"floor":25.0,"key":"FossilizedHelix"},{"floor":26.0,"key":"Shuriken"},{"floor":27.0,"key":"champ:DeflectingBracers"},{"floor":29.0,"key":"PreservedInsect"},{"floor":30.0,"key":"Bag of Marbles"},{"floor":40,"key":"Dead Branch"},{"floor":42,"key":"Guardian:PocketSentry"},{"floor":43,"key":"Slimebound:StickyStick"},{"floor":44,"key":"Thread and Needle"},{"floor":45,"key":"Singing Bowl"},{"floor":48,"key":"Potion Belt"},{"floor":56,"key":"Odd Mushroom"}],"event_choices":[{"damage_healed":0.0,"max_hp_gain":0.0,"max_hp_loss":0.0,"gold_gain":75.0,"event_name":"World of Goop","player_choice":"Gather Gold","floor":11.0,"gold_loss":0.0,"damage_taken":11.0},{"damage_healed":0.0,"max_hp_gain":0.0,"max_hp_loss":0.0,"gold_gain":0.0,"event_name":"Shining Light","player_choice":"Entered Light","floor":13.0,"gold_loss":0.0,"damage_taken":13.0,"cards_upgraded":["Defend_S","InstantArmor"]},{"damage_healed":0.0,"max_hp_gain":0.0,"max_hp_loss":0.0,"gold_gain":0.0,"event_name":"Back to Basics","player_choice":"Simplicity","floor":19.0,"gold_loss":0.0,"damage_taken":0.0,"cards_upgraded":["Strike_S","Strike_S","Strike_S","Strike_S","Defend_S","Defend_S","Defend_S"]},{"damage_healed":0.0,"max_hp_gain":0.0,"max_hp_loss":0.0,"gold_gain":0.0,"event_name":"Cursed Tome","player_choice":"Obtained Book","floor":20.0,"gold_loss":0.0,"damage_taken":16.0},{"damage_healed":0,"gold_gain":0,"player_choice":"Memory 2","damage_taken":5,"max_hp_gain":0,"max_hp_loss":0,"event_name":"SensoryStone","floor":36,"gold_loss":0},{"damage_healed":0,"gold_gain":0,"player_choice":"1 cards matched","damage_taken":0,"max_hp_gain":0,"max_hp_loss":0,"event_name":"Match and Keep!","floor":38,"gold_loss":0,"cards_obtained":["Rearm"]},{"damage_healed":0,"gold_gain":0,"player_choice":"Fought Mushrooms","damage_taken":0,"max_hp_gain":0,"max_hp_loss":0,"event_name":"Mushrooms","floor":56,"gold_loss":0}],"is_beta":false,"boss_relics":[{"not_picked":["Astrolabe","SlaversCollar"],"picked":"SplendidAttire"},{"not_picked":["Velvet Choker","SacredBark"],"picked":"Coffee Dripper"},{"not_picked":["Runic Pyramid","Tiny House"],"picked":"Philosopher\u0027s Stone"}],"items_purged_floors":[],"is_endless":true,"potions_floor_spawned":[1,4,5,23,24,25,33,37,41,44,46,52,55,57],"killed_by":"3 Sentries","ascension_level":2}}