{"host":"9dq5hqb6tzwgr8n9","time":1614145160,"event":{"mods":["ATMod(°¢èªMod)","Act Like it!","BaseMod","Better Third Choice","GifTheSpireLib","Minty Spire (QoL Compilation)","Reliquary","RyuuouÁúÍõ","StSLib","¡¾ÒÅÎï¿¨ÅÆ¡¿REMEMod","óô»ðÖ¸ÄÏ"],"gold_per_floor":[116,126,145,157,157,82,116,131,131,131,77,77,6,6,6,110,110,126,155,20,20,20,20,20,20,46,74,85,113,45,57,57,161,161,178,195,195,205,1218,444,1472,910,910,910,1923,1003,1225,2238,2238,3238,3238,2406,1567,1645,2670],"floor_reached":56,"language":"ZHS","playtime":1683,"items_purged":["Strike_R","Burn","Shame","Defend_R+1","Armaments+1","Strike_R+1"],"score":1513,"play_id":"04d3ac29-b8d0-4276-9cbb-c3ece040cac2","local_time":"20210224133920","is_ascension_mode":false,"campfire_choices":[{"data":"AT_OneInchPunch","floor":10.0,"key":"SMITH"},{"data":"Evolve","floor":15.0,"key":"SMITH"},{"data":"True Grit","floor":23.0,"key":"SMITH"},{"data":"REME_FearOfPain","floor":25.0,"key":"SMITH"},{"floor":32.0,"key":"REST"},{"floor":49,"key":"RECALL"}],"circlet_count":0,"master_deck":["Strike_R+1","Strike_R+1","Strike_R+1","Defend_R+1","Defend_R+1","Defend_R+1","Bash+1","AT_OneInchPunch+1","Purity+1","REME_SingleHolding+1","True Grit+1","Burning Pact+1","Clash+1","Iron Wave+1","Corruption+1","Impervious+1","AT_BodySlamDance+1","Pommel Strike+1","REME_FearOfPain+1","Shrug It Off+1","Shrug It Off+1","AT_BodySlamDance+1","Spot Weakness+1","Pummel+1","Feel No Pain+1","Barricade+1","Entrench+1","Feel No Pain+1","Ryuuou:NotRegret","True Grit+1","Sentinel+1","True Grit+1","True Grit+1","Shrug It Off","Pommel Strike+1","REME_TheoryOfElimination","AT_GerminateFire+1","Offering"],"relics":["Burning Blood","AT_ATBox","REME_ComplimentaryCards","NeowsBlessing","reliquary:SharkskinSheath","PreservedInsect","REME_ChargedStone","Red Mask","Boot","reliquary:ExpiredCoupon","AT_GuinsooRageblade","AT_BellowingDragoncrestRing","reliquary:ThirdArm","Anchor","Shuriken","reliquary:Tamtam","Potion Belt","Dream Catcher","AT_ImmortalShieldbow","Orrery","AT_ForceNature","AT_RabadonDeathcap","Lee\u0027s Waffle","Pantograph","reliquary:HotPoker","reliquary:FingerTrap","AT_MibuBalloonWealth","Paper Frog","Frozen Eye","REME_PuzzleBoxRelic"],"acts_visited":["Exordium","TheCity","TheBeyond","TheEnding"],"potions_floor_usage":[],"damage_taken":[{"damage":0.0,"enemies":"Cultist","floor":1.0,"turns":1.0},{"damage":0.0,"enemies":"2 Louse","floor":2.0,"turns":1.0},{"damage":0.0,"enemies":"Jaw Worm","floor":3.0,"turns":1.0},{"damage":11.0,"enemies":"Exordium Wildlife","floor":4.0,"turns":3.0},{"damage":27.0,"enemies":"3 Sentries","floor":7.0,"turns":9.0},{"damage":0.0,"enemies":"Looter","floor":8.0,"turns":2.0},{"damage":35.0,"enemies":"Slime Boss","floor":16.0,"turns":11.0},{"damage":2.0,"enemies":"Chosen","floor":18.0,"turns":4.0},{"damage":49.0,"enemies":"Masked Bandits","floor":19.0,"turns":7.0},{"damage":0.0,"enemies":"Book of Stabbing","floor":27.0,"turns":2.0},{"damage":22.0,"enemies":"Shell Parasite","floor":28.0,"turns":3.0},{"damage":6.0,"enemies":"Gremlin Leader","floor":29.0,"turns":4.0},{"damage":15.0,"enemies":"Snecko","floor":31.0,"turns":3.0},{"damage":11.0,"enemies":"Automaton","floor":33.0,"turns":6.0},{"damage":14.0,"enemies":"3 Darklings","floor":35.0,"turns":7.0},{"damage":21.0,"enemies":"3 Shapes","floor":36.0,"turns":4.0},{"damage":17.0,"enemies":"Writhing Mass","floor":38.0,"turns":3.0},{"damage":12.0,"enemies":"3 Darklings","floor":39.0,"turns":3.0},{"damage":0.0,"enemies":"Reptomancer","floor":41.0,"turns":2.0},{"damage":0.0,"enemies":"Sphere and 2 Shapes","floor":45.0,"turns":3.0},{"damage":0,"enemies":"Writhing Mass","floor":48,"turns":2},{"damage":5,"enemies":"Awakened One","floor":50,"turns":4},{"damage":43,"enemies":"Shield and Spear","floor":54,"turns":3},{"damage":0,"enemies":"The Heart","floor":55,"turns":5}],"seed_played":"2226043901579877688","potions_obtained":[{"floor":1.0,"key":"Fruit Juice"},{"floor":3.0,"key":"SkillPotion"},{"floor":7.0,"key":"DuplicationPotion"},{"floor":27.0,"key":"LiquidBronze"},{"floor":28.0,"key":"Regen Potion"},{"floor":29.0,"key":"FairyPotion"},{"floor":33.0,"key":"ColorlessPotion"},{"floor":36.0,"key":"DuplicationPotion"}],"is_trial":false,"path_per_floor":["M","M","M","M","?","R","E","M","T","R","$","?","$","?","R","B",null,"M","?","$","?","$","R","?","R","T","E","M","E","R","M","R","B",null,"M","M","?","M","M","R","E","R","T","?","M","$","?","M","R","B",null,"R","$","E","B",null],"character_chosen":"IRONCLAD","items_purchased":["Armaments","Evolve","REME_FearOfPain","Pummel","Anchor","Shuriken","reliquary:Tamtam","SneckoOil","Dream Catcher","AT_ImmortalShieldbow","Orrery","AT_ForceNature","AT_RabadonDeathcap","Lee\u0027s Waffle","REME_TheoryOfElimination","Pantograph","reliquary:HotPoker","reliquary:FingerTrap","AT_MibuBalloonWealth","Paper Frog","Frozen Eye","Offering"],"campfire_rested":1,"item_purchase_floors":[11,13,20,30,40,40,40,40,42,42,42,46,46,46,46,52,52,52,53,53,53,53],"current_hp_per_floor":[80,80,80,75,80,80,59,65,65,65,65,65,65,65,65,36,85,85,42,42,42,42,42,42,42,42,53,37,37,37,34,61,56,90,82,67,90,79,73,73,79,79,79,79,85,97,97,97,97,97,97,97,97,60,91],"gold":2670,"neow_bonus":"THREE_ENEMY_KILL","is_daily":false,"chose_seed":false,"campfire_upgraded":4,"win_rate":0.0,"timestamp":1614145160,"path_taken":["M","?","M","M","?","R","E","M","T","R","$","?","?","?","R","BOSS","M","?","$","?","?","R","?","R","T","E","M","E","R","M","R","BOSS","M","M","?","M","M","R","E","R","T","?","M","$","?","M","R","BOSS","R","$","E","BOSS"],"items_purchased_type":["Card","Card","Card","Card","Relic","Relic","Relic","Potion","Relic","Relic","Relic","Relic","Relic","Relic","Card","Relic","Relic","Relic","Relic","Relic","Relic","Card"],"build_version":"2020-12-22","purchased_purges":6,"victory":true,"max_hp_per_floor":[80,80,80,80,85,85,85,85,85,85,85,85,85,85,85,85,85,85,85,85,85,85,85,85,85,85,90,90,90,90,90,90,90,90,90,90,90,90,90,90,90,90,90,90,90,97,97,97,97,97,97,97,97,97,97],"card_choices":[{"not_picked":["Body Slam","AT_BodySlamDance"],"picked":"REME_SingleHolding","floor":1.0},{"not_picked":["Flex","AT_IchimonjiDouble"],"picked":"True Grit","floor":2.0},{"not_picked":["Shrug It Off","AT_BodySlamDance"],"picked":"Burning Pact","floor":3.0},{"not_picked":["REME_SingleHolding","AT_IchimonjiDouble"],"picked":"Clash","floor":4.0},{"not_picked":["Combust","Metallicize"],"picked":"Iron Wave","floor":7.0},{"not_picked":["Spot Weakness","Perfected Strike"],"picked":"Corruption","floor":8.0},{"not_picked":["Limit Break","Fiend Fire"],"picked":"Impervious","floor":16.0},{"not_picked":["Ghostly Armor","Evolve"],"picked":"AT_BodySlamDance","floor":18.0},{"not_picked":["True Grit","Sever Soul"],"picked":"Pommel Strike+1","floor":19.0},{"not_picked":["Warcry","Wild Strike"],"picked":"Shrug It Off","floor":27.0},{"not_picked":["Dropkick","AT_IchimonjiDouble"],"picked":"AT_BodySlamDance+1","floor":28.0},{"not_picked":["Havoc","Heavy Blade+1"],"picked":"Spot Weakness+1","floor":29.0},{"not_picked":["REME_Cut","Bloodletting+1"],"picked":"Feel No Pain","floor":31.0},{"not_picked":["Reaper","Bludgeon"],"picked":"Barricade","floor":33.0},{"not_picked":["Rage","Wild Strike+1"],"picked":"Entrench+1","floor":35.0},{"not_picked":["Battle Trance+1","Wild Strike"],"picked":"Feel No Pain","floor":36.0},{"not_picked":["Clash","Thunderclap"],"picked":"True Grit+1","floor":38.0},{"not_picked":["Twin Strike","Warcry+1"],"picked":"Sentinel+1","floor":39.0},{"not_picked":["Immolate","Thunderclap","Disarm"],"picked":"SKIP","floor":41.0},{"not_picked":["Sword Boomerang","Pommel Strike"],"picked":"True Grit+1","floor":42.0},{"not_picked":["Combust","Anger"],"picked":"True Grit+1","floor":42.0},{"not_picked":["True Grit","Thunderclap+1"],"picked":"Shrug It Off","floor":42.0},{"not_picked":["Twin Strike+1","Clothesline+1"],"picked":"Pommel Strike+1","floor":45.0},{"not_picked":["Armaments+1","AT_BodySlamDance"],"picked":"AT_GerminateFire+1","floor":48},{"not_picked":["Wild Strike","Clothesline","Bludgeon"],"picked":"SKIP","floor":54}],"player_experience":115504,"relics_obtained":[{"floor":7.0,"key":"reliquary:SharkskinSheath"},{"floor":9.0,"key":"PreservedInsect"},{"floor":19.0,"key":"Red Mask"},{"floor":26.0,"key":"reliquary:ExpiredCoupon"},{"floor":27.0,"key":"AT_GuinsooRageblade"},{"floor":29.0,"key":"AT_BellowingDragoncrestRing"},{"floor":41.0,"key":"Potion Belt"},{"floor":54,"key":"REME_PuzzleBoxRelic"}],"event_choices":[{"damage_healed":0.0,"max_hp_gain":5.0,"max_hp_loss":0.0,"gold_gain":0.0,"event_name":"Big Fish","player_choice":"Donut","floor":5.0,"gold_loss":0.0,"damage_taken":0.0},{"damage_healed":0.0,"max_hp_gain":0.0,"max_hp_loss":0.0,"gold_gain":0.0,"event_name":"Living Wall","player_choice":"Grow","floor":12.0,"gold_loss":0.0,"damage_taken":0.0,"cards_upgraded":["Armaments"]},{"damage_healed":65.0,"max_hp_gain":0.0,"max_hp_loss":85.0,"gold_gain":0.0,"event_name":"betterThird:BetterShining","player_choice":"Embrace Burn","floor":14.0,"gold_loss":0.0,"damage_taken":0.0},{"damage_healed":0.0,"max_hp_gain":0.0,"max_hp_loss":0.0,"gold_gain":0.0,"event_name":"Masked Bandits","player_choice":"Fought Bandits","floor":19.0,"gold_loss":0.0,"damage_taken":0.0},{"damage_healed":0.0,"max_hp_gain":0.0,"max_hp_loss":0.0,"gold_gain":0.0,"event_name":"Addict","player_choice":"Stole Relic","floor":21.0,"gold_loss":0.0,"damage_taken":0.0,"relics_obtained":["Boot"],"cards_obtained":["Shame"]},{"damage_healed":0.0,"max_hp_gain":0.0,"max_hp_loss":0.0,"gold_gain":0.0,"event_name":"The Library","player_choice":"Read","floor":24.0,"gold_loss":0.0,"damage_taken":0.0,"cards_obtained":["Shrug It Off"]},{"cards_removed":["Evolve"],"damage_healed":0.0,"max_hp_gain":0.0,"max_hp_loss":0.0,"gold_gain":0.0,"event_name":"Falling","player_choice":"Removed Power","floor":44.0,"gold_loss":0.0,"damage_taken":0.0},{"damage_healed":0.0,"max_hp_gain":0.0,"max_hp_loss":0.0,"gold_gain":222.0,"event_name":"Tomb of Lord Red Mask","player_choice":"Wore Mask","floor":47.0,"gold_loss":0.0,"damage_taken":0.0}],"is_beta":false,"boss_relics":[{"not_picked":["reliquary:WritOfMandamus","reliquary:Ember"],"picked":"REME_ChargedStone"},{"not_picked":["Sozu","REME_LowDesire"],"picked":"reliquary:ThirdArm"}],"items_purged_floors":[6,20,40,46,52,53],"is_endless":false,"potions_floor_spawned":[1,3,7,8,27,28,29,33,36,39],"ascension_level":0}}