{"host":"5bsc0nab6whpyrbj","time":1614131754,"event":{"mods":["BaseMod","Highlight Path","Minty Spire (QoL Compilation)"],"gold_per_floor":[359,371,371,389,389,389,409,409,409,440,457,113,126,142,142,243,243,256,283,283,301,301,318,318,331,356,257,172,185,11,29,29,128,128,138,138,99,199,199,199],"floor_reached":39,"language":"ENG","playtime":1012,"items_purged":[],"score":408,"play_id":"6b5271dc-3ad2-4275-8232-1d2f26e7c700","local_time":"20210223205554","is_ascension_mode":false,"campfire_choices":[{"data":"Scrape","floor":6,"key":"SMITH"},{"floor":8,"key":"REST"},{"data":"Gash","floor":15,"key":"SMITH"},{"floor":24,"key":"REST"},{"floor":32,"key":"REST"}],"circlet_count":0,"master_deck":["Strike_B","Strike_B","Defend_B","Defend_B","Defend_B","Defend_B","Steam","Beam Cell","Turbo","Scrape+1","Go for the Eyes","Gash+1","Beam Cell","Panache","Gash","All For One","Gash","Go for the Eyes","Go for the Eyes","Gash","Fission","Gash+1","Rebound+1","Steam","Self Repair","FTL"],"relics":["FrozenCore","Symbiotic Virus","Pocketwatch","Lee\u0027s Waffle","Red Mask","Enchiridion","Potion Belt","Ancient Tea Set","Astrolabe"],"acts_visited":["Exordium","TheCity","TheBeyond"],"potions_floor_usage":[16,16,16,27,33,33,33],"damage_taken":[{"damage":12,"enemies":"2 Louse","floor":1,"turns":3},{"damage":0,"enemies":"Cultist","floor":2,"turns":3},{"damage":6,"enemies":"Jaw Worm","floor":4,"turns":3},{"damage":3,"enemies":"Exordium Thugs","floor":7,"turns":5},{"damage":35,"enemies":"Lagavulin","floor":10,"turns":7},{"damage":2,"enemies":"Red Slaver","floor":11,"turns":4},{"damage":0,"enemies":"Large Slime","floor":13,"turns":3},{"damage":9,"enemies":"3 Louse","floor":14,"turns":3},{"damage":2,"enemies":"Hexaghost","floor":16,"turns":8},{"damage":0,"enemies":"Spheric Guardian","floor":18,"turns":3},{"damage":33,"enemies":"Masked Bandits","floor":19,"turns":5},{"damage":6,"enemies":"Shell Parasite","floor":21,"turns":3},{"damage":1,"enemies":"Centurion and Healer","floor":23,"turns":6},{"damage":14,"enemies":"Snake Plant","floor":25,"turns":3},{"damage":0,"enemies":"Sentry and Sphere","floor":29,"turns":3},{"damage":9,"enemies":"Shelled Parasite and Fungi","floor":31,"turns":2},{"damage":10,"enemies":"Champ","floor":33,"turns":6},{"damage":57,"enemies":"3 Shapes","floor":35,"turns":5},{"damage":25,"enemies":"3 Darklings","floor":39,"turns":2}],"seed_played":"-5752838932565541129","potions_obtained":[{"floor":1,"key":"Weak Potion"},{"floor":7,"key":"Block Potion"},{"floor":11,"key":"EssenceOfSteel"},{"floor":18,"key":"SmokeBomb"},{"floor":21,"key":"Block Potion"},{"floor":29,"key":"Strength Potion"},{"floor":31,"key":"SteroidPotion"},{"floor":35,"key":"Ancient Potion"}],"is_trial":false,"path_per_floor":["M","M","?","M","?","R","M","R","T","E","M","$","M","M","R","B",null,"M","?","?","M","?","M","R","M","T","$","?","M","$","M","R","B",null,"M","?","$","?","M"],"character_chosen":"DEFECT","items_purchased":["Lee\u0027s Waffle","Panache","Fruit Juice","Gash","Fission","FTL"],"campfire_rested":3,"item_purchase_floors":[12,12,27,30,30,37],"current_hp_per_floor":[56,56,56,50,50,50,47,67,67,32,30,75,75,66,66,64,75,75,42,26,20,45,44,66,52,52,57,57,57,57,48,72,62,80,23,23,23,23,0,0],"gold":199,"neow_bonus":"TWO_FIFTY_GOLD","is_daily":false,"chose_seed":false,"campfire_upgraded":2,"win_rate":0.0,"timestamp":1614131754,"path_taken":["M","M","?","?","?","R","M","R","T","E","M","?","?","M","R","BOSS","M","?","?","M","?","M","R","M","T","$","?","M","$","M","R","BOSS","M","?","$","?","M"],"items_purchased_type":["Relic","Card","Potion","Card","Card","Card"],"build_version":"2020-12-22","purchased_purges":0,"victory":false,"max_hp_per_floor":[68,68,68,68,68,68,68,68,68,68,68,75,75,75,75,75,75,75,75,75,75,75,75,75,75,75,80,80,80,80,80,80,80,80,80,80,80,80,80,80],"card_choices":[{"not_picked":["Chaos","Compile Driver"],"picked":"Steam","floor":1},{"not_picked":["Stack","Go for the Eyes"],"picked":"Beam Cell","floor":2},{"not_picked":["Hologram","Redo"],"picked":"Turbo","floor":4},{"not_picked":["Core Surge","Conserve Battery"],"picked":"Go for the Eyes","floor":7},{"not_picked":["Hello World","Stack"],"picked":"Gash","floor":10},{"not_picked":["Reprogram","Double Energy"],"picked":"Beam Cell","floor":11},{"not_picked":["Fission","Hologram"],"picked":"Gash","floor":13},{"not_picked":["Barrage","Conserve Battery","Tempest"],"picked":"SKIP","floor":14},{"not_picked":["Amplify","Creative AI"],"picked":"All For One","floor":16},{"not_picked":["Force Field+1","Hologram+1"],"picked":"Gash","floor":18},{"not_picked":["Ball Lightning","Streamline+1","Tempest"],"picked":"SKIP","floor":21},{"not_picked":["Coolheaded","Stack+1"],"picked":"Go for the Eyes","floor":23},{"not_picked":["Defragment+1","Coolheaded+1"],"picked":"Go for the Eyes","floor":25},{"not_picked":["Doom and Gloom+1","Defragment+1"],"picked":"Sweeping Beam+1","floor":29},{"not_picked":["Reinforced Body","Rebound","Hologram"],"picked":"SKIP","floor":31},{"not_picked":["Streamline+1","Cold Snap+1"],"picked":"Steam","floor":35}],"player_experience":112614,"relics_obtained":[{"floor":9,"key":"Symbiotic Virus"},{"floor":10,"key":"Pocketwatch"},{"floor":19,"key":"Red Mask"},{"floor":20,"key":"Enchiridion"},{"floor":26,"key":"Potion Belt"}],"event_choices":[{"cards_removed":["Dualcast"],"damage_healed":0,"gold_gain":0,"player_choice":"Offered Basic","damage_taken":0,"max_hp_gain":0,"max_hp_loss":0,"event_name":"Bonfire Elementals","floor":3,"gold_loss":0},{"damage_healed":0,"gold_gain":0,"cards_transformed":["Zap"],"player_choice":"Change","damage_taken":0,"max_hp_gain":0,"max_hp_loss":0,"event_name":"Living Wall","floor":5,"gold_loss":0,"cards_obtained":["Scrape"]},{"damage_healed":0,"gold_gain":0,"player_choice":"Fought Bandits","damage_taken":0,"max_hp_gain":0,"max_hp_loss":0,"event_name":"Masked Bandits","floor":19,"gold_loss":0},{"damage_healed":0,"gold_gain":0,"player_choice":"Obtained Book","damage_taken":16,"max_hp_gain":0,"max_hp_loss":0,"event_name":"Cursed Tome","floor":20,"gold_loss":0},{"damage_healed":25,"gold_gain":0,"player_choice":"Heal","damage_taken":0,"max_hp_gain":0,"max_hp_loss":0,"event_name":"The Library","floor":22,"gold_loss":0},{"damage_healed":0,"gold_gain":0,"player_choice":"Obtained Relic","damage_taken":0,"relics_obtained":["Ancient Tea Set"],"max_hp_gain":0,"max_hp_loss":0,"event_name":"Addict","floor":28,"gold_loss":85},{"damage_healed":0,"gold_gain":0,"cards_transformed":["Barrage"],"player_choice":"Transformed","damage_taken":0,"max_hp_gain":0,"max_hp_loss":0,"event_name":"Transmorgrifier","floor":36,"gold_loss":0,"cards_obtained":["Self Repair"]},{"damage_healed":0,"gold_gain":100,"player_choice":"Pray","damage_taken":0,"max_hp_gain":0,"max_hp_loss":0,"event_name":"Golden Shrine","floor":38,"gold_loss":0}],"is_beta":false,"boss_relics":[{"not_picked":["SlaversCollar","Ectoplasm"],"picked":"FrozenCore"},{"not_picked":["Philosopher\u0027s Stone","Runic Dome"],"picked":"Astrolabe"}],"items_purged_floors":[],"is_endless":false,"potions_floor_spawned":[1,7,11,18,21,29,31,35],"killed_by":"3 Darklings","ascension_level":0}}