{"host":"Ovy","time":1614133474,"event":{"mods":["AchievementEnabler","BaseMod","Minty Spire (QoL Compilation)","Relic Stats"],"gold_per_floor":[113,131,156,174,13,13,25,40,63,81,106,117,152,227,227,305,305,323,337,35,35,35,65,65,96,123,155,210,210,242,252,252,328,328,345,345,161,180,0,30,46,60,60,85,112,131,131,131,131,131,131,131],"floor_reached":51,"language":"ENG","playtime":2888,"items_purged":[],"score":1865,"play_id":"3fba854b-402e-4527-a3fc-703cb6360a2c","local_time":"20210223212434","is_ascension_mode":true,"campfire_choices":[{"data":"Bouncing Flask","floor":6.0,"key":"SMITH"},{"data":"Neutralize","floor":15,"key":"SMITH"},{"data":"Blade Dance","floor":24,"key":"SMITH"},{"data":"Footwork","floor":29,"key":"SMITH"},{"data":"Blade Dance","floor":32,"key":"SMITH"},{"floor":47,"key":"RECALL"},{"floor":49,"key":"REST"}],"circlet_count":0,"master_deck":["AscendersBane","Defend_G","Defend_G+1","Defend_G","Defend_G","Defend_G","Survivor","Neutralize+1","Deadly Poison","Slice","Bouncing Flask+1","Blade Dance+1","Catalyst+1","Dash","Concentrate","Die Die Die","Calculated Gamble","Venomology","Footwork+1","Backflip","Endless Agony","Blade Dance+1","Bite","Bite","Bite","Bite","Bite","Backstab","Burst","Calculated Gamble","After Image","Backstab+1","Flash of Steel","Flash of Steel","Good Instincts","Footwork","Escape Plan","Backflip","Expertise+1","Backflip","Backflip","Escape Plan"],"relics":["Ring of the Snake","NeowsBlessing","Nunchaku","PreservedInsect","War Paint","Tiny Chest","Anchor","WristBlade","Shuriken","StrikeDummy","Lantern","Happy Flower","Centennial Puzzle","Bag of Preparation","Fusion Hammer","Red Mask","Calipers","Boot","Pen Nib","Strawberry"],"acts_visited":["Exordium","TheCity","TheBeyond"],"potions_floor_usage":[10,13,16,25,30,31,31,33,33,51,51,51,51],"damage_taken":[{"damage":0.0,"enemies":"Cultist","floor":1.0,"turns":1.0},{"damage":0.0,"enemies":"2 Louse","floor":2.0,"turns":1.0},{"damage":0.0,"enemies":"Jaw Worm","floor":4.0,"turns":1.0},{"damage":4.0,"enemies":"Blue Slaver","floor":7.0,"turns":4.0},{"damage":3.0,"enemies":"2 Fungi Beasts","floor":8.0,"turns":4.0},{"damage":18,"enemies":"Exordium Wildlife","floor":10,"turns":4},{"damage":2,"enemies":"Gremlin Nob","floor":11,"turns":3},{"damage":0,"enemies":"3 Louse","floor":12,"turns":3},{"damage":5,"enemies":"3 Sentries","floor":13,"turns":4},{"damage":0,"enemies":"Hexaghost","floor":16,"turns":5},{"damage":13,"enemies":"Spheric Guardian","floor":18,"turns":4},{"damage":1,"enemies":"Shell Parasite","floor":19,"turns":3},{"damage":0,"enemies":"Gremlin Leader","floor":23,"turns":2},{"damage":9,"enemies":"Book of Stabbing","floor":25,"turns":3},{"damage":0,"enemies":"Gremlin Leader","floor":27,"turns":4},{"damage":9,"enemies":"Slavers","floor":30,"turns":4},{"damage":4,"enemies":"Sentry and Sphere","floor":31,"turns":4},{"damage":8,"enemies":"Automaton","floor":33,"turns":5},{"damage":0,"enemies":"3 Darklings","floor":35,"turns":2},{"damage":0,"enemies":"3 Shapes","floor":38,"turns":4},{"damage":0,"enemies":"Nemesis","floor":40,"turns":3},{"damage":8,"enemies":"Spire Growth","floor":41,"turns":4},{"damage":0,"enemies":"Sphere and 2 Shapes","floor":42,"turns":3},{"damage":12,"enemies":"Giant Head","floor":45,"turns":5},{"damage":0,"enemies":"Writhing Mass","floor":46,"turns":5},{"damage":4,"enemies":"Donu and Deca","floor":50,"turns":8},{"damage":83,"enemies":"Time Eater","floor":51,"turns":15}],"seed_played":"8500430952571090168","potions_obtained":[{"floor":2.0,"key":"Energy Potion"},{"floor":4.0,"key":"AttackPotion"},{"floor":7.0,"key":"AttackPotion"},{"floor":12,"key":"DistilledChaos"},{"floor":13,"key":"Ancient Potion"},{"floor":18,"key":"Explosive Potion"},{"floor":27,"key":"Weak Potion"},{"floor":31,"key":"SkillPotion"},{"floor":33,"key":"DuplicationPotion"}],"is_trial":false,"path_per_floor":["M","M","T","M","$","R","M","M","T","M","E","M","E","?","R","B",null,"M","M","$","?","?","E","R","E","T","E","T","R","E","M","R","B",null,"M","?","$","M","?","E","M","M","T","T","E","M","R","?","R","B","B"],"character_chosen":"THE_SILENT","items_purchased":["PreservedInsect","Shuriken","Endless Agony","Footwork","Escape Plan","Backflip"],"campfire_rested":1,"item_purchase_floors":[5,20,20,37,37,37],"current_hp_per_floor":[59,59,59,59,59,59,55,52,52,34,32,32,27,16,16,16,54,41,40,40,40,40,44,44,37,37,46,46,46,43,46,46,46,46,46,36,36,44,44,46,42,46,46,46,49,53,53,50,50,50,0,0],"gold":131,"neow_bonus":"THREE_ENEMY_KILL","is_daily":false,"chose_seed":false,"campfire_upgraded":5,"win_rate":0.0,"timestamp":1614133474,"path_taken":["M","M","?","?","$","R","M","M","T","M","E","M","E","?","R","BOSS","M","M","$","?","?","E","R","E","T","E","?","R","E","M","R","BOSS","M","?","$","M","?","E","M","?","T","?","E","?","R","?","R","BOSS","BOSS"],"items_purchased_type":["Relic","Relic","Card","Card","Card","Card"],"build_version":"2020-12-18","purchased_purges":0,"victory":false,"max_hp_per_floor":[66,66,66,66,66,66,66,66,66,66,66,66,66,66,66,66,66,66,66,66,66,46,46,46,46,46,46,46,46,46,46,46,46,46,46,46,46,46,46,46,46,46,46,46,53,53,53,50,50,50,50,50],"relic_stats":{"Happy Flower":[20],"counters":[27,108],"PreservedInsect":413,"Pen Nib":[10],"Bag of Preparation":[22],"War Paint":["Defend_G","Catalyst"],"Boot":[10],"Nunchaku":[33],"Centennial Puzzle":[23],"Shuriken":[68],"Tiny Chest":2,"obtain_stats":[{"Lantern":25,"Calipers":40,"NeowsBlessing":0,"Happy Flower":27,"PreservedInsect":5,"Pen Nib":44,"Bag of Preparation":30,"War Paint":9,"Boot":43,"Nunchaku":3,"Anchor":13,"Centennial Puzzle":28,"WristBlade":17,"Shuriken":20,"Strawberry":45,"Tiny Chest":11,"Fusion Hammer":34,"Red Mask":39,"StrikeDummy":23,"Ring of the Snake":0},{"Lantern":14,"Calipers":21,"NeowsBlessing":0,"Happy Flower":15,"PreservedInsect":3,"Pen Nib":23,"Bag of Preparation":16,"War Paint":5,"Boot":23,"Nunchaku":2,"Anchor":9,"Centennial Puzzle":15,"WristBlade":10,"Shuriken":12,"Strawberry":24,"Tiny Chest":7,"Fusion Hammer":18,"Red Mask":20,"StrikeDummy":13,"Ring of the Snake":0},{"Lantern":42,"Calipers":68,"NeowsBlessing":0,"Happy Flower":46,"PreservedInsect":3,"Pen Nib":75,"Bag of Preparation":50,"War Paint":11,"Boot":75,"Nunchaku":2,"Anchor":25,"Centennial Puzzle":46,"WristBlade":30,"Shuriken":37,"Strawberry":80,"Tiny Chest":18,"Fusion Hammer":59,"Red Mask":65,"StrikeDummy":39,"Ring of the Snake":0}],"Ring of the Snake":[54]},"card_choices":[{"not_picked":["Deflect","Quick Slash"],"picked":"Deadly Poison","floor":1.0},{"not_picked":["Dodge and Roll","Acrobatics"],"picked":"Slice","floor":2.0},{"not_picked":["Flying Knee","A Thousand Cuts"],"picked":"Bouncing Flask","floor":4.0},{"not_picked":["Acrobatics","Underhanded Strike"],"picked":"Blade Dance","floor":7.0},{"not_picked":["Dodge and Roll","Acrobatics"],"picked":"Catalyst","floor":8.0},{"not_picked":["Acrobatics","Quick Slash"],"picked":"Dash","floor":10},{"not_picked":["Poisoned Stab","Acrobatics"],"picked":"Concentrate","floor":11},{"not_picked":["Escape Plan","Underhanded Strike"],"picked":"Die Die Die","floor":12},{"not_picked":["Predator","Choke"],"picked":"Calculated Gamble","floor":13},{"not_picked":["Envenom","Glass Knife"],"picked":"Venomology","floor":16},{"not_picked":["Sucker Punch","Deadly Poison"],"picked":"Footwork","floor":18},{"not_picked":["Calculated Gamble","Cloak And Dagger"],"picked":"Backflip","floor":19},{"not_picked":["Well Laid Plans","All Out Attack"],"picked":"Backstab","floor":23},{"not_picked":["Cloak And Dagger","Storm of Steel"],"picked":"Burst","floor":25},{"not_picked":["Sucker Punch","Bane+1","Underhanded Strike"],"picked":"SKIP","floor":27},{"not_picked":["Crippling Poison","Slice"],"picked":"Calculated Gamble","floor":30},{"not_picked":["Choke","Underhanded Strike+1","Bane"],"picked":"SKIP","floor":31},{"not_picked":["Doppelganger","Die Die Die"],"picked":"After Image","floor":33},{"not_picked":["Terror","Choke"],"picked":"Backstab+1","floor":35},{"not_picked":["Mayhem","HandOfGreed"],"picked":"Flash of Steel","floor":36},{"not_picked":["Magnetism","Trip"],"picked":"Flash of Steel","floor":36},{"not_picked":["Enlightenment","Deep Breath"],"picked":"Good Instincts","floor":36},{"not_picked":["Prepared+1","Deflect"],"picked":"Expertise+1","floor":38},{"not_picked":["Bane","Outmaneuver"],"picked":"Backflip","floor":40},{"not_picked":["Underhanded Strike","Bane","Flechettes"],"picked":"SKIP","floor":41},{"not_picked":["Dagger Spray","Flying Knee+1"],"picked":"Backflip","floor":42},{"not_picked":["Corpse Explosion","Acrobatics"],"picked":"Escape Plan","floor":45},{"not_picked":["Underhanded Strike+1","Cloak And Dagger","Quick Slash"],"picked":"SKIP","floor":46}],"player_experience":1347548,"relics_obtained":[{"floor":3.0,"key":"Nunchaku"},{"floor":9,"key":"War Paint"},{"floor":11,"key":"Tiny Chest"},{"floor":13,"key":"Anchor"},{"floor":23,"key":"StrikeDummy"},{"floor":25,"key":"Lantern"},{"floor":27,"key":"Happy Flower"},{"floor":28,"key":"Centennial Puzzle"},{"floor":30,"key":"Bag of Preparation"},{"floor":40,"key":"Calipers"},{"floor":43,"key":"Boot"},{"floor":44,"key":"Pen Nib"},{"floor":45,"key":"Strawberry"}],"event_choices":[{"damage_healed":0,"gold_gain":75,"player_choice":"Gather Gold","damage_taken":11,"max_hp_gain":0,"max_hp_loss":0,"event_name":"World of Goop","floor":14,"gold_loss":0},{"damage_healed":0,"gold_gain":0,"player_choice":"Read","damage_taken":0,"max_hp_gain":0,"max_hp_loss":0,"event_name":"The Library","floor":21,"gold_loss":0,"cards_obtained":["Blade Dance"]},{"damage_healed":0,"gold_gain":0,"player_choice":"Became a vampire","damage_taken":0,"max_hp_gain":0,"max_hp_loss":20,"event_name":"Vampires","floor":22,"gold_loss":0,"cards_obtained":["Bite","Bite","Bite","Bite","Bite"]},{"damage_healed":0,"gold_gain":0,"player_choice":"Memory 3","damage_taken":10,"max_hp_gain":0,"max_hp_loss":0,"event_name":"SensoryStone","floor":36,"gold_loss":0},{"damage_healed":0,"gold_gain":0,"player_choice":"Paid","damage_taken":0,"relics_obtained":["Red Mask"],"max_hp_gain":0,"max_hp_loss":0,"event_name":"Tomb of Lord Red Mask","floor":39,"gold_loss":180},{"damage_healed":0,"gold_gain":0,"player_choice":"Max HP","damage_taken":0,"max_hp_gain":0,"max_hp_loss":3,"event_name":"Winding Halls","floor":48,"gold_loss":0}],"is_beta":true,"boss_relics":[{"not_picked":["Ring of the Serpent","Tiny House"],"picked":"WristBlade"},{"not_picked":["Calling Bell","Runic Dome"],"picked":"Fusion Hammer"}],"items_purged_floors":[],"is_endless":false,"potions_floor_spawned":[2,4,7,12,13,18,27,31,33,35,40,41,45],"killed_by":"Time Eater","ascension_level":20}}