{"host":"rm0ctv8qd8mnbkg1","time":1614165579,"event":{"mods":["Act Like it!","Aspiration","BaseMod","Beaked The Cultist","BetterRewards","Colored Map","DNKmod","Dark Map","Defuse TimeMaze Blight","Friendly Minions","Gensokyo","Hubris","Library of Ruina","Library of Ruina Extra","Marisa????????","Minty Spire (QoL Compilation)","MostiFishMod","Permanent Neow","Rare Cards Sparkle","Relic Sorter","Reliquary","Replay The Spire","Ruina","RumiaBox-????????","Shade Mod","Shop Mod","Spicy Shops","Spire Arcade","StSLib","The Animator","The Construct","The Servant 0.9.4","TheVacant","Wandering Minibosses","??????REMEMod"],"gold_per_floor":[10016,10028,9438,9448,9459,9492,9492,9492,9492,9504,9504,9519,9546,9570,9570,9683,9683,9711,9733,9758,9363,9390,9390,9416,9416,9416,9525,9551,9586,10352,10381,10381,10487,10487,10511,9945,9945,9945,9973,9973,10031,9729,9801,9829,9868,9501,9510,9534,9534,9534,9534],"floor_reached":52,"language":"ENG","playtime":1716,"items_purged":[],"score":1066,"play_id":"7c8b7140-440d-4afe-b5f2-45facfa08988","local_time":"20210224111939","is_ascension_mode":false,"campfire_choices":[{"data":"animator:Elesis","floor":7,"key":"SMITH"},{"data":"Unlock1","floor":11,"key":"SMITH"},{"data":"UpbeatPerformance","floor":15,"key":"SMITH"},{"data":"Reload","floor":23,"key":"SMITH"},{"data":"BattleCommand","floor":25,"key":"SMITH"},{"data":"ReplayUltimateDefense","floor":32,"key":"SMITH"}],"circlet_count":0,"master_deck":["Dodge+1","LightDefense+1","LightAttack+1","LightAttack+1","LightAttack+1","LightDefense+1","LightDefense+1","LightDefense+1","ChargeAndCover+1","FocusedStrikes+1","animator:Elesis+1","Diversion+1","CrackOfDawn+1","Doubt","ClassAndRespect+1","SilentMist+1","UpbeatPerformance+1","Unlock1+1","ChargeAndCover+1","HandleRequest+1","Pound+1","RagingStormLove+1","BattleCommand+1","QuickSuppression+1","HighKick+1","ReplayUltimateDefense+1","Reload+1","AlloutWar+1","EnergyCycle+1","QuickSuppression+1","BiXi+1","Pound+1","Parry2","SilentNight+1","TheRedNotes+1","YoureAHindrance","Marionette+1","Overpower","FeatherShield+1","DarkCloud","ForTheFamily","Trip","BiteOff+1"],"relics":["PageOfLibrarian","wanderingMiniBosses:MasterThiefsPresence","aspiration:ArtOfWarUpgrade","ReplayTheSpireMod:Shallot","Mummified Hand","Frozen Eye","RhineSuit","CeramicFish","REME_ComplimentaryCards","DaveBox","DSteel32","PageOfWrath","PageOfOzma","PageOfApocalypseBird","PageOfTheQueenOfHatred","PageOfTheKnightOfDespair","PageOfGreed","PageOfNihil","PageOfLaetitia","PageOfBlackSwan","Letter Opener","Incense Burner","CatCart","Chemical X","Blue Doll","Eternal Feather","Bottled Flame","ZombieArmy","Sling"],"acts_visited":["Exordium","TheCity","TheBeyond"],"potions_floor_usage":[],"damage_taken":[{"damage":0,"enemies":"Small Slimes","floor":1,"turns":2},{"damage":3,"enemies":"Cultist","floor":2,"turns":2},{"damage":3,"enemies":"2 Louse","floor":4,"turns":1},{"damage":3,"enemies":"2 Fungi Beasts","floor":5,"turns":2},{"damage":3,"enemies":"Replay:BlueRogue","floor":6,"turns":2},{"damage":2,"enemies":"Large Slime","floor":10,"turns":1},{"damage":2,"enemies":"Blue Slaver","floor":12,"turns":1},{"damage":2,"enemies":"Lagavulin","floor":13,"turns":1},{"damage":206,"enemies":"Hexaghost","floor":16,"turns":3},{"damage":20,"enemies":"Chosen","floor":18,"turns":7},{"damage":2,"enemies":"2 Thieves","floor":19,"turns":1},{"damage":2,"enemies":"Cultist and Chosen","floor":20,"turns":2},{"damage":2,"enemies":"Centurion and Healer","floor":22,"turns":2},{"damage":2,"enemies":"Chosen and Byrds","floor":24,"turns":2},{"damage":2,"enemies":"Colosseum Slavers","floor":27,"turns":2},{"damage":2,"enemies":"Colosseum Nobs","floor":27,"turns":1},{"damage":2,"enemies":"Snecko","floor":28,"turns":2},{"damage":2,"enemies":"Gremlin Leader","floor":29,"turns":2},{"damage":2,"enemies":"Centurion and Healer","floor":30,"turns":3},{"damage":2,"enemies":"Shelled Parasite and Fungi","floor":31,"turns":2},{"damage":4,"enemies":"hubris:MusketHawk","floor":33,"turns":3},{"damage":2,"enemies":"3 Shapes","floor":35,"turns":2},{"damage":2,"enemies":"3 Darklings","floor":39,"turns":2},{"damage":2,"enemies":"Orin","floor":41,"turns":3},{"damage":2,"enemies":"Writhing Mass","floor":44,"turns":1},{"damage":2,"enemies":"Nemesis","floor":45,"turns":3},{"damage":2,"enemies":"Transient","floor":48,"turns":4},{"damage":2,"enemies":"Donu and Deca","floor":50,"turns":3}],"seed_played":"249564527021048603","potions_obtained":[{"floor":2,"key":"EssenceOfSteel"},{"floor":12,"key":"Strength Potion"},{"floor":16,"key":"EntropicBrew"}],"is_trial":false,"path_per_floor":["M","M","$","M","M","E","R","?","T","M","R","M","E","T","R","B",null,"M","M","M","$","M","R","M","R","T","?","M","E","M","M","R","B",null,"M","$","?","?","M","R","?","$","T","M","E","$","?","M","R","B",null,null],"character_chosen":"Librarian","items_purchased":["PageOfWrath","PageOfOzma","PageOfApocalypseBird","Frozen Eye","ReplayUltimateDefense","YoureAHindrance","Letter Opener","Incense Burner","Chemical X","Blue Doll","ZombieArmy","Sling","ForTheFamily"],"campfire_rested":0,"item_purchase_floors":[3,3,3,21,21,36,36,36,42,42,46,46,46],"current_hp_per_floor":[1100,1097,1097,1094,1091,1088,1088,1088,1088,1086,1086,1086,1084,1084,1084,893,1116,1103,1101,1099,1099,1099,1099,1097,1097,1097,1093,1093,1091,1091,1089,1089,1087,1126,1107,1107,1107,1107,1105,1105,1103,1103,1103,1101,1099,1099,1099,1097,1102,1100,1098],"gold":9534,"neow_bonus":"TEN_PERCENT_HP_BONUS","is_daily":false,"chose_seed":false,"campfire_upgraded":6,"win_rate":0.0,"timestamp":1614165579,"path_taken":["M","M","$","M","M","E","R","?","T","?","R","M","E","?","R","BOSS","M","M","M","$","M","R","M","R","T","?","M","E","M","M","R","BOSS","M","$","?","?","M","R","?","$","T","M","E","$","?","M","R","BOSS"],"items_purchased_type":["Relic","Relic","Relic","Relic","Card","Card","Relic","Relic","Relic","Relic","Relic","Relic","Card"],"build_version":"2020-12-22","purchased_purges":0,"victory":true,"max_hp_per_floor":[1129,1118,1118,1107,1108,1117,1118,1118,1118,1108,1108,1125,1116,1116,1116,1116,1116,1103,1102,1108,1108,1117,1103,1110,1110,1110,1126,1126,1126,1124,1102,1126,1126,1126,1107,1107,1107,1107,1117,1117,1105,1105,1105,1105,1105,1105,1105,1102,1102,1102,1102],"card_choices":[{"not_picked":["Multislash","UnavoidableGaze","ShockRound","RepressedFlesh","StrongStrike","ExtractFuel","Concentration","HighKick"],"picked":"Diversion","floor":1},{"not_picked":["QuickAttack","GaleKick","DarkCloud","Wallop_lor","FierceCharge","FieryWaltz","Faith","Leap_lor"],"picked":"CrackOfDawn","floor":2},{"not_picked":["Rewind","SkitterAway","Disposal","SpearedSweep","DarkCloud","Gamble","SmokingPipe","DimensionalRift"],"picked":"ClassAndRespect","floor":4},{"not_picked":["StrikeDown","DestructiveImpact","SuppressingShot","DarkCloud","InhaleSmoke","UncannyStrike","Wallop_lor","MultiHit"],"picked":"SilentMist","floor":5},{"not_picked":["WillBeTasty","ClassAndRespect","Parry","ICanCookAnything","HiddenBlade","BiAn","Decapitation","Outburst"],"picked":"UpbeatPerformance","floor":6},{"not_picked":["GuardingStance","Outburst","StrongStrike","TasteMyFlamingBat","InkOver","SweepTheBackstreets","AlloutWar","PreemptiveStrike"],"picked":"WillBeTasty","floor":10},{"not_picked":["Thrust","AsThePrescriptOrders","Outburst","Unlock1","StayCalm","Parry2","MultiBlock","Punishment"],"picked":"HandleRequest","floor":12},{"not_picked":["Castigation","DarkCloud","Pound","FleetFootsteps","RepressedFlesh","ExtractFuel","SuppressingShot","Concentration","Wallop_lor"],"picked":"SKIP","floor":13},{"not_picked":["Castigation","DarkCloud","FleetFootsteps","RepressedFlesh","ExtractFuel","SuppressingShot","Concentration","Wallop_lor"],"picked":"Pound","floor":13},{"not_picked":["GutHarvesting","Punishment"],"picked":"RagingStormLove","floor":16},{"not_picked":["DarkCloud","PinpointShot+1","ToOvercomeCrisis","HiddenBlade+1","Clone+1","QuickSuppression+1","ScatteringSlash","FleetFootsteps"],"picked":"BattleCommand","floor":18},{"not_picked":["BiXi+1","FlamingDragonFist","SnakesPrey","Standoff+1","HandleRequest+1","UpbeatPerformance","ChiWen","CombatPreparation"],"picked":"QuickSuppression","floor":19},{"not_picked":["WaitUp","BlowItUp+1","SomberProcuration","StructuralAnalysis","FlamingDragonFist","UnavoidableGaze","Standoff","SuppressingShot"],"picked":"HighKick","floor":20},{"not_picked":["SuppressingShot","Creak","Guardian_lor","Track+1","Parry2","HandleRequest","Outburst+1","Feast"],"picked":"Reload","floor":22},{"not_picked":["EndlessBattle","RhinoRam+1","Execute_lor","SharpSwipe+1","VenomousFangs","FlowOfTheSword","FleetEdge","Unlock1"],"picked":"AlloutWar","floor":24},{"not_picked":["QuickSuppression","RhinoRam","Leap_lor","ToOvercomeCrisis+1","Deflect_lor","SerpentineBarrier","SnakesPrey","FlyingSword"],"picked":"EnergyCycle","floor":27},{"not_picked":["HiddenBlade","ScratchThat","LoosenUp","Thrust","Juggling","Reload","TraceOfFumes","YoureAHindrance"],"picked":"QuickSuppression","floor":28},{"not_picked":["EnergyStrike","BackAttack","ChargeUp","DimensionalRift","WillOfThePrescript","NightInTheBackstreets+1","FocusFire","ShockRound"],"picked":"BiXi","floor":29},{"not_picked":["CumulusWall+1","BackAttack","WaitUp","AsThePrescriptOrders+1","Duel_lor","Castigation","SmokingPipe","RatsGuideToSurvival"],"picked":"Pound+1","floor":30},{"not_picked":["TrashDisposal","SnakesPrey","GuidanceOfTheGears","Collision+1","FleetFootsteps","DevastatingThrash","TasteMyFlamingBat","SerpentSwordTechnique"],"picked":"Parry2","floor":31},{"not_picked":["Castigation","MindCrush"],"picked":"SilentNight","floor":33},{"not_picked":["MultiBlock+1","Wallop_lor+1","Parry+1","SinglePointStab+1","DriedUp","PreemptiveStrike","CrackOfDawn","Tailoring"],"picked":"TheRedNotes","floor":35},{"not_picked":["WillOfThePrescript+1","Ripple","Juggling+1","SharpSwipe+1","SuppressingShot","Pound+1","BindingArms+1","ShockRound+1"],"picked":"Marionette","floor":39},{"not_picked":["NonstopAssault","SharpSwipe+1","BattleCommand+1","SinglePointStab","Outburst+1","CookingPrep+1","FendThisOffIfYouCan+1","Marionette"],"picked":"Overpower","floor":41},{"not_picked":["Thrust+1","WillBeTasty","Unlock1","SinglePointStab+1","HiddenBlade","BiAn","DeepDrag","LawAndOrder+1"],"picked":"FeatherShield","floor":44},{"not_picked":["MultiHit","SavageMode","Thrust+1","JiaoTu+1","YourShield","GuardingStance+1","GreatSerpentsImpact+1","SuppressingShot+1"],"picked":"DarkCloud","floor":45},{"not_picked":["Blind","Chrysalis","Specialist","Replay:Bootleg Shield Generator","MostiFishMod:Awakening","Mind Blast","Deep Breath","MostiFishMod:Kaleido"],"picked":"Trip","floor":47},{"not_picked":["Standoff","GrazeTheGrass+1","DefenseOrder+1","WaitUp+1","StrongStrike","HiddenBlade","FleetEdge+1","YourShield"],"picked":"BiteOff+1","floor":48}],"player_experience":296335,"relics_obtained":[{"floor":6,"key":"PageOfTheQueenOfHatred"},{"floor":9,"key":"PageOfTheKnightOfDespair"},{"floor":13,"key":"PageOfGreed"},{"floor":14,"key":"CeramicFish"},{"floor":18,"key":"PageOfNihil"},{"floor":26,"key":"Mummified Hand"},{"floor":27,"key":"PageOfLaetitia"},{"floor":27,"key":"ReplayTheSpireMod:Shallot"},{"floor":29,"key":"Art of War"},{"floor":30,"key":"wanderingMiniBosses:MasterThiefsPresence"},{"floor":41,"key":"CatCart"},{"floor":43,"key":"Eternal Feather"},{"floor":45,"key":"Bottled Flame"}],"event_choices":[{"damage_healed":0,"gold_gain":0,"player_choice":"2 cards matched","damage_taken":0,"max_hp_gain":0,"max_hp_loss":0,"event_name":"Match and Keep!","floor":8,"gold_loss":0,"cards_obtained":["Unlock1","ChargeAndCover"]},{"damage_healed":0,"gold_gain":0,"player_choice":"Fight","damage_taken":0,"max_hp_gain":0,"max_hp_loss":0,"event_name":"Colosseum","floor":27,"gold_loss":0},{"damage_healed":0,"gold_gain":0,"player_choice":"Fought Nobs","damage_taken":0,"max_hp_gain":0,"max_hp_loss":0,"event_name":"Colosseum","floor":27,"gold_loss":0},{"cards_removed":["WillBeTasty"],"damage_healed":0,"gold_gain":0,"player_choice":"Removed Attack","damage_taken":0,"max_hp_gain":0,"max_hp_loss":0,"event_name":"Falling","floor":37,"gold_loss":0},{"damage_healed":0,"gold_gain":0,"player_choice":"Fight","damage_taken":0,"max_hp_gain":0,"max_hp_loss":0,"event_name":"OrinTheCat","floor":41,"gold_loss":0},{"damage_healed":0,"gold_gain":0,"player_choice":"Memory 1","damage_taken":0,"max_hp_gain":0,"max_hp_loss":0,"event_name":"SensoryStone","floor":47,"gold_loss":0}],"is_beta":false,"boss_relics":[{"not_picked":["aspiration:SecretTechniqueScroll","FixedStarFall"],"picked":"RhineSuit"},{"not_picked":["aspiration:ServantSkillbook","reliquary:RedCape"],"picked":"PageOfBlackSwan"}],"items_purged_floors":[],"is_endless":false,"potions_floor_spawned":[2,6,12,16,18,20,24,29,31,33,41,45,48],"ascension_level":0}}