{"host":"t6r1isv2bex5ovch","time":1614135045,"event":{"mods":["AchievementEnabler","Act Like it!","Aspiration","BaseMod","Better Altar","Better Match","Better Note","Better Sensory Stone","Better Skull","Better Third Choice","Better Vampires","Bossed Relics","Colored Powertips","Displayed Cursed Tome","Evolution","Fox Events","Hubris","Minty Spire (QoL Compilation)","Reliquary","Ruina","StSLib"],"gold_per_floor":[109,123,48,59,70,101,101,135,135,167,67,67,67,80,80,179,179,196,196,215,90,106,106,121,121,121],"floor_reached":25,"language":"ENG","playtime":1987,"items_purged":["Strike_R","Defend_R","Strike_R"],"score":304,"play_id":"5216d754-127a-428f-ab8e-3752e23d8b29","local_time":"20210224135045","is_ascension_mode":true,"campfire_choices":[{"floor":7.0,"key":"RECALL"},{"data":"Rage","floor":13.0,"key":"SMITH"},{"data":"Seeing Red","floor":15.0,"key":"SMITH"},{"data":"Barricade","floor":23.0,"key":"SMITH"}],"circlet_count":0,"master_deck":["Strike_R","Strike_R","Defend_R","Defend_R","Bash","Rage+1","Pommel Strike","Blood for Blood","Pommel Strike","Barricade+1","Seeing Red+1","Double Tap","Pommel Strike"],"relics":["Burning Blood","EVO:Axolotl","hubris:BottledRain","Pantograph","hubris:Zylophone","Empty Cage","Bloody Idol"],"acts_visited":["Exordium","TheCity"],"potions_floor_usage":[24],"damage_taken":[{"damage":5.0,"enemies":"Cultist","floor":1.0,"turns":5.0},{"damage":5.0,"enemies":"Jaw Worm","floor":2.0,"turns":5.0},{"damage":0.0,"enemies":"Small Slimes","floor":4.0,"turns":3.0},{"damage":7.0,"enemies":"Red Slaver","floor":5.0,"turns":3.0},{"damage":25.0,"enemies":"3 Sentries","floor":6.0,"turns":9.0},{"damage":34.0,"enemies":"Lagavulin","floor":8.0,"turns":7.0},{"damage":33.0,"enemies":"Gremlin Nob","floor":10.0,"turns":5.0},{"damage":0.0,"enemies":"Blue Slaver","floor":14.0,"turns":4.0},{"damage":1.0,"enemies":"Hexaghost","floor":16.0,"turns":8.0},{"damage":15.0,"enemies":"Spheric Guardian","floor":18.0,"turns":5.0},{"damage":5.0,"enemies":"Shell Parasite","floor":20.0,"turns":4.0},{"damage":14.0,"enemies":"Shelled Parasite and Fungi","floor":22.0,"turns":6.0},{"damage":0,"enemies":"Snake Plant","floor":24,"turns":4},{"damage":48,"enemies":"Book of Stabbing","floor":25,"turns":4}],"seed_played":"5685086772982143802","potions_obtained":[{"floor":4.0,"key":"Fruit Juice"},{"floor":5.0,"key":"BlessingOfTheForge"},{"floor":6.0,"key":"Fruit Juice"},{"floor":12.0,"key":"GamblersBrew"},{"floor":12.0,"key":"Strength Potion"},{"floor":12.0,"key":"GamblersBrew"},{"floor":14.0,"key":"DistilledChaos"},{"floor":18.0,"key":"EssenceOfSteel"},{"floor":20.0,"key":"HeartOfIron"},{"floor":22.0,"key":"Strength Potion"}],"is_trial":false,"path_per_floor":["M","M","$","M","M","E","R","E","T","E","$","?","R","M","R","B",null,"M","?","M","$","M","R","M","E"],"character_chosen":"IRONCLAD","items_purchased":[],"campfire_rested":0,"item_purchase_floors":[],"current_hp_per_floor":[88,88,88,93,92,78,78,50,50,23,23,23,23,29,29,59,88,79,30,36,36,33,33,44,0,0],"gold":121,"neow_bonus":"TEN_PERCENT_HP_BONUS","is_daily":false,"chose_seed":false,"campfire_upgraded":3,"win_rate":0.0,"timestamp":1614135045,"path_taken":["M","M","$","?","M","E","R","E","T","E","$","?","R","M","R","BOSS","M","?","M","$","M","R","M","E"],"items_purchased_type":[],"build_version":"2020-12-22","purchased_purges":3,"victory":false,"max_hp_per_floor":[88,88,88,93,93,98,98,98,98,98,98,98,98,98,98,98,98,98,98,98,98,98,98,98,98,98],"card_choices":[{"not_picked":["Perfected Strike","Thunderclap"],"picked":"Rage","floor":1.0},{"not_picked":["Headbutt","Heavy Blade"],"picked":"Pommel Strike","floor":2.0},{"not_picked":["Clash","Heavy Blade"],"picked":"Blood for Blood","floor":4.0},{"not_picked":["Perfected Strike","Iron Wave"],"picked":"Pommel Strike","floor":5.0},{"not_picked":["hubris:ReadiedAction","Twin Strike"],"picked":"Barricade","floor":6.0},{"not_picked":["Perfected Strike","Clothesline","Dark Embrace"],"picked":"SKIP","floor":8.0},{"not_picked":["Ghostly Armor","Rupture","Feel No Pain"],"picked":"SKIP","floor":10.0},{"not_picked":["Uppercut","Cleave"],"picked":"Seeing Red","floor":14.0},{"not_picked":["hubris:StunningStrike","Reaper"],"picked":"Double Tap","floor":16.0},{"not_picked":["Battle Trance","Shockwave+1","Combust"],"picked":"SKIP","floor":18.0},{"not_picked":["Headbutt","Rupture","Body Slam"],"picked":"SKIP","floor":20.0},{"not_picked":["Ghostly Armor","Reckless Charge","Clash"],"picked":"SKIP","floor":22.0},{"not_picked":["Thunderclap","hubris:CleavingFinish"],"picked":"Pommel Strike","floor":24}],"player_experience":389536,"relics_obtained":[{"floor":6.0,"key":"hubris:BottledRain"},{"floor":8.0,"key":"Pantograph"},{"floor":10.0,"key":"hubris:Zylophone"}],"event_choices":[{"damage_healed":0.0,"max_hp_gain":0.0,"max_hp_loss":0.0,"gold_gain":0.0,"event_name":"Lab","player_choice":"Got Potions","floor":12.0,"gold_loss":0.0,"damage_taken":0.0},{"damage_healed":0.0,"max_hp_gain":79.0,"max_hp_loss":30.0,"gold_gain":0.0,"event_name":"betterAltar:BetterAltar","player_choice":" Idol ","floor":19.0,"potions_obtained":[],"relics_lost":[],"gold_loss":0.0,"damage_taken":49.0,"relics_obtained":["Bloody Idol"]}],"is_beta":false,"boss_relics":[{"not_picked":["aspiration:SilentSkillbook","Runic Dome"],"picked":"Empty Cage"}],"items_purged_floors":[3,11,21],"is_endless":false,"potions_floor_spawned":[4,5,6,14,18,20,22],"killed_by":"Book of Stabbing","ascension_level":5}}