{"host":"s41rn2jhghpwfrvz","time":1614151074,"event":{"mods":["BaseMod","Minty Spire (QoL Compilation)","Quick Restart","Relic Stats","SuperFastMode"],"gold_per_floor":[115,125,144,69,144,169,180,213,213,213,239,239,254,271,271,350,350,367,214,214,214,229,260,272,305,305,305,330,342,160,189,189,265,265,277,277,224,244,256,283,283,312,336,370,388,413,413,447,447,447,447,447,447,118,150,150],"floor_reached":57,"language":"ENG","playtime":1509,"items_purged":["Loop","FTL","Dash"],"score":3646,"play_id":"fd3c185e-8cc0-41d2-8637-9c5e9d8b7463","local_time":"20210224091754","daily_mods":["SealedDeck","Diverse","Elite Swarm"],"is_ascension_mode":true,"campfire_choices":[{"data":"Dark Embrace","floor":10,"key":"SMITH"},{"data":"Recycle","floor":12,"key":"SMITH"},{"floor":15,"key":"REST"},{"data":"Acrobatics","floor":27,"key":"SMITH"},{"data":"InnerPeace","floor":32,"key":"SMITH"},{"data":"Backflip","floor":41,"key":"SMITH"},{"floor":49,"key":"RECALL"},{"data":"Madness","floor":53,"key":"SMITH"}],"circlet_count":0,"master_deck":["AscendersBane","InnerPeace+1","Recycle+1","Gash","Gash","Dark Embrace+1","Acrobatics+1","Backflip+1","Madness+1"],"relics":["Burning Blood","Nunchaku","Singing Bowl","Ornamental Fan","Charon\u0027s Ashes","Coffee Dripper","Anchor","Omamori","Sundial","Potion Belt","Pocketwatch","SacredBark","PreservedInsect","Letter Opener","Question Card","Frozen Egg 2","Strawberry","TheAbacus","Boot","Torii"],"acts_visited":["Exordium","TheCity","TheBeyond","TheEnding"],"potions_floor_usage":[8,8,16,23,33,56,56,56,56],"damage_taken":[{"damage":6,"enemies":"Cultist","floor":1,"turns":3},{"damage":0,"enemies":"Small Slimes","floor":2,"turns":3},{"damage":12,"enemies":"Jaw Worm","floor":3,"turns":3},{"damage":33,"enemies":"Gremlin Nob","floor":6,"turns":4},{"damage":22,"enemies":"Lots of Slimes","floor":7,"turns":3},{"damage":20,"enemies":"3 Sentries","floor":8,"turns":5},{"damage":0,"enemies":"Lagavulin","floor":11,"turns":4},{"damage":9,"enemies":"Blue Slaver","floor":13,"turns":3},{"damage":18,"enemies":"Large Slime","floor":14,"turns":2},{"damage":18,"enemies":"The Guardian","floor":16,"turns":7},{"damage":14,"enemies":"3 Byrds","floor":18,"turns":3},{"damage":0,"enemies":"Chosen","floor":22,"turns":3},{"damage":4,"enemies":"Gremlin Leader","floor":23,"turns":3},{"damage":0,"enemies":"3 Cultists","floor":24,"turns":2},{"damage":7,"enemies":"Book of Stabbing","floor":25,"turns":3},{"damage":5,"enemies":"Slavers","floor":28,"turns":2},{"damage":0,"enemies":"Centurion and Healer","floor":29,"turns":2},{"damage":0,"enemies":"Gremlin Leader","floor":31,"turns":2},{"damage":0,"enemies":"Champ","floor":33,"turns":2},{"damage":1,"enemies":"3 Darklings","floor":35,"turns":2},{"damage":0,"enemies":"Orb Walker","floor":38,"turns":2},{"damage":0,"enemies":"4 Shapes","floor":39,"turns":2},{"damage":3,"enemies":"Reptomancer","floor":40,"turns":2},{"damage":0,"enemies":"Giant Head","floor":42,"turns":2},{"damage":0,"enemies":"Reptomancer","floor":44,"turns":2},{"damage":0,"enemies":"Writhing Mass","floor":45,"turns":2},{"damage":0,"enemies":"Giant Head","floor":46,"turns":2},{"damage":0,"enemies":"Nemesis","floor":48,"turns":3},{"damage":0,"enemies":"Awakened One","floor":50,"turns":2},{"damage":14,"enemies":"Donu and Deca","floor":51,"turns":2},{"damage":0,"enemies":"Shield and Spear","floor":55,"turns":1},{"damage":2,"enemies":"The Heart","floor":56,"turns":5}],"seed_played":"-2080789273940866649","potions_obtained":[{"floor":1,"key":"BloodPotion"},{"floor":2,"key":"BlessingOfTheForge"},{"floor":8,"key":"LiquidMemories"},{"floor":13,"key":"Swift Potion"},{"floor":16,"key":"BloodPotion"},{"floor":23,"key":"Energy Potion"},{"floor":29,"key":"Dexterity Potion"},{"floor":31,"key":"Dexterity Potion"},{"floor":33,"key":"Ancient Potion"}],"is_trial":true,"path_per_floor":["M","M","M","$","?","E","M","E","T","R","E","R","M","M","R","B",null,"M","$","?","?","M","E","M","E","T","R","E","M","$","E","R","B",null,"M","?","$","M","M","E","R","E","T","E","M","E","?","E","R","B","B",null,"R","$","E","B",null],"character_chosen":"IRONCLAD","items_purchased":["Acrobatics","Backflip","SpeedPotion","TheAbacus","Boot"],"campfire_rested":1,"item_purchase_floors":[19,30,37,54,54],"current_hp_per_floor":[68,74,68,68,57,30,14,17,17,17,25,25,24,14,38,28,71,65,65,82,87,89,91,93,94,94,94,97,99,99,101,101,103,103,105,105,105,107,109,111,111,113,113,115,117,119,113,128,128,132,124,130,130,130,134,134],"gold":150,"neow_bonus":"","is_daily":false,"chose_seed":false,"campfire_upgraded":6,"win_rate":0.0,"timestamp":1614151074,"path_taken":["M","M","M","$","?","E","M","E","T","R","E","R","M","M","R","BOSS","M","$","?","?","M","E","M","E","T","R","E","?","$","E","R","BOSS","M","?","$","M","M","E","R","E","T","E","M","E","?","E","R","BOSS","BOSS","R","$","E","BOSS"],"items_purchased_type":["Card","Card","Potion","Relic","Relic"],"build_version":"2020-12-22","purchased_purges":3,"victory":true,"max_hp_per_floor":[75,75,75,75,75,75,75,77,77,77,79,79,81,83,83,85,85,87,87,87,87,89,91,93,95,95,95,97,99,99,101,101,103,103,105,105,105,107,109,111,111,113,113,115,117,119,123,132,132,132,132,132,132,132,134,134],"relic_stats":{"Singing Bowl":52,"Torii":0,"counters":[32,88],"Charon\u0027s Ashes":[309],"PreservedInsect":447,"Letter Opener":[239],"Question Card":7,"Boot":[6],"Burning Blood":106,"Nunchaku":[43],"TheAbacus":[342],"Ornamental Fan":[448],"Sundial":[210],"obtain_stats":[{"Potion Belt":28,"Singing Bowl":8,"Torii":55,"SacredBark":34,"Charon\u0027s Ashes":11,"PreservedInsect":40,"Omamori":25,"Letter Opener":42,"Frozen Egg 2":46,"Question Card":44,"Boot":54,"Burning Blood":0,"Nunchaku":6,"Anchor":23,"TheAbacus":54,"Ornamental Fan":9,"Sundial":26,"Strawberry":48,"Coffee Dripper":17,"Pocketwatch":31},{"Potion Belt":16,"Singing Bowl":6,"Torii":31,"SacredBark":19,"Charon\u0027s Ashes":7,"PreservedInsect":23,"Omamori":15,"Letter Opener":24,"Frozen Egg 2":27,"Question Card":25,"Boot":30,"Burning Blood":0,"Nunchaku":4,"Anchor":13,"TheAbacus":30,"Ornamental Fan":6,"Sundial":15,"Strawberry":28,"Coffee Dripper":10,"Pocketwatch":18},{"Potion Belt":53,"Singing Bowl":21,"Torii":83,"SacredBark":59,"Charon\u0027s Ashes":25,"PreservedInsect":67,"Omamori":51,"Letter Opener":69,"Frozen Egg 2":75,"Question Card":71,"Boot":82,"Burning Blood":0,"Nunchaku":13,"Anchor":46,"TheAbacus":82,"Ornamental Fan":21,"Sundial":51,"Strawberry":78,"Coffee Dripper":37,"Pocketwatch":57}],"Pocketwatch":[6]},"card_choices":[{"not_picked":["Concentrate","Halt","Barrage"],"picked":"SKIP","floor":1},{"not_picked":["Leap","Doom and Gloom","Noxious Fumes"],"picked":"SKIP","floor":2},{"not_picked":["Consecrate","Dagger Spray","Aggregate"],"picked":"SKIP","floor":3},{"not_picked":["Corruption","SpiritShield","Multi-Cast"],"picked":"SKIP","floor":6},{"not_picked":["Evolve","Deadly Poison","Underhanded Strike"],"picked":"SKIP","floor":7},{"not_picked":["Envenom","Juggernaut","Judgement"],"picked":"Singing Bowl","floor":8},{"not_picked":["Meteor Strike","Buffer","Immolate"],"picked":"Singing Bowl","floor":11},{"not_picked":["Rip and Tear","Glacier","Twin Strike"],"picked":"Singing Bowl","floor":13},{"not_picked":["Beam Cell","Catalyst","Poisoned Stab"],"picked":"Singing Bowl","floor":14},{"not_picked":["Meteor Strike","Unload","Judgement"],"picked":"Singing Bowl","floor":16},{"not_picked":["Disarm+1","Clothesline","BowlingBash"],"picked":"Singing Bowl","floor":18},{"not_picked":["Recycle","ThirdEye","Deadly Poison"],"picked":"Singing Bowl","floor":22},{"not_picked":["Reboot","Burst","Phantasmal Killer"],"picked":"Singing Bowl","floor":23},{"not_picked":["FlyingSleeves","CutThroughFate+1","Reckless Charge"],"picked":"Singing Bowl","floor":24},{"not_picked":["Machine Learning","Juggernaut","Bludgeon"],"picked":"Singing Bowl","floor":25},{"not_picked":["Brilliance","Night Terror","Electrodynamics"],"picked":"Singing Bowl","floor":28},{"not_picked":["Intimidate","ThirdEye","Heavy Blade"],"picked":"Singing Bowl","floor":29},{"not_picked":["Establishment","Fission","Unload"],"picked":"Singing Bowl","floor":31},{"not_picked":["Envenom","A Thousand Cuts","Omniscience"],"picked":"Singing Bowl","floor":33},{"not_picked":["Burning Pact","EmptyBody+1","Body Slam"],"picked":"Singing Bowl","floor":35},{"not_picked":["Wild Strike","WaveOfTheHand+1","PiercingWail"],"picked":"Singing Bowl","floor":38},{"not_picked":["Dagger Spray","Pommel Strike","Terror"],"picked":"Singing Bowl","floor":39},{"not_picked":["Malaise","Seek","MasterReality"],"picked":"Singing Bowl","floor":40},{"not_picked":["Vault","A Thousand Cuts","Juggernaut"],"picked":"Singing Bowl","floor":42},{"not_picked":["ConjureBlade","Tools of the Trade","Reboot"],"picked":"Singing Bowl","floor":44},{"not_picked":["Iron Wave","Sword Boomerang","Reckless Charge","CrushJoints"],"picked":"Singing Bowl","floor":45},{"not_picked":["Unload","Establishment+1","Ragnarok","Creative AI+1"],"picked":"Singing Bowl","floor":46},{"not_picked":["Forethought","Jack Of All Trades","Metamorphosis","Trip"],"picked":"Singing Bowl","floor":47},{"not_picked":["Trip","Deep Breath","Bandage Up"],"picked":"Madness","floor":47},{"not_picked":["HandOfGreed","Bandage Up","Flash of Steel","Deep Breath"],"picked":"Singing Bowl","floor":47},{"not_picked":["Judgement","Biased Cognition+1","Echo Form+1","Phantasmal Killer"],"picked":"Singing Bowl","floor":48},{"not_picked":["Immolate","Berserk+1","Juggernaut+1","Grand Finale"],"picked":"Singing Bowl","floor":55}],"player_experience":2000188,"relics_obtained":[{"floor":6,"key":"Nunchaku"},{"floor":8,"key":"Singing Bowl"},{"floor":9,"key":"Ornamental Fan"},{"floor":11,"key":"Charon\u0027s Ashes"},{"floor":23,"key":"Anchor"},{"floor":25,"key":"Omamori"},{"floor":26,"key":"Sundial"},{"floor":28,"key":"Potion Belt"},{"floor":31,"key":"Pocketwatch"},{"floor":40,"key":"PreservedInsect"},{"floor":42,"key":"Letter Opener"},{"floor":44,"key":"Question Card"},{"floor":46,"key":"Frozen Egg 2"},{"floor":48,"key":"Strawberry"},{"floor":55,"key":"Torii"}],"event_choices":[{"damage_healed":0,"gold_gain":75,"player_choice":"Gather Gold","damage_taken":11,"max_hp_gain":0,"max_hp_loss":0,"event_name":"World of Goop","floor":5,"gold_loss":0},{"damage_healed":17,"gold_gain":0,"player_choice":"Heal","damage_taken":0,"max_hp_gain":0,"max_hp_loss":0,"event_name":"The Library","floor":20,"gold_loss":0},{"cards_removed":["White Noise"],"damage_healed":5,"gold_gain":0,"player_choice":"Offered Uncommon","damage_taken":0,"max_hp_gain":0,"max_hp_loss":0,"event_name":"Bonfire Elementals","floor":21,"gold_loss":0},{"cards_removed":["Turbo"],"damage_healed":0,"gold_gain":0,"player_choice":"Removed Skill","damage_taken":0,"max_hp_gain":0,"max_hp_loss":0,"event_name":"Falling","floor":36,"gold_loss":0},{"damage_healed":0,"gold_gain":0,"player_choice":"Memory 3","damage_taken":10,"max_hp_gain":0,"max_hp_loss":0,"event_name":"SensoryStone","floor":47,"gold_loss":0}],"is_beta":false,"boss_relics":[{"not_picked":["Runic Dome","Velvet Choker"],"picked":"Coffee Dripper"},{"not_picked":["Calling Bell","Black Blood"],"picked":"SacredBark"}],"items_purged_floors":[4,19,30],"is_endless":false,"potions_floor_spawned":[1,2,8,13,16,22,23,29,31,33,38,40,46,55],"ascension_level":20}}