{"host":"43wsnxh97mgjl5zw","time":1614203763,"event":{"mods":["Aspiration","BaseMod","Colored Map","Colored Powertips","Conspire","Downfall","Halation","Hubris","Minty Spire (QoL Compilation)","Quick Restart","Rare Cards Sparkle","Relic Sorter","Reliquary","Replay The Spire","StSLib"],"gold_per_floor":[113,113,113,133,149,149,182,232,232,262,262,294,312,324,324,402,402,422,441,453,453,7,7,19,19,46,46,46,72,72,106,106,182,182,201,221,240,250,260,135,170,170,246,281,293,321,337,352,352,352,352,352,352,5,37,37],"floor_reached":57,"language":"ENG","playtime":2739,"items_purged":["Pain"],"score":2508,"play_id":"bc76c047-c8f4-46e1-89fb-0d55f3cca4c9","local_time":"20210224235603","is_ascension_mode":true,"campfire_choices":[{"data":"Perfected Strike","floor":6.0,"key":"SMITH"},{"data":"Armaments","floor":15.0,"key":"SMITH"},{"data":"Terror","floor":23.0,"key":"SMITH"},{"data":"hubris:StunningStrike","floor":25.0,"key":"SMITH"},{"data":"ReplayTheSpireMod:Stacked","floor":28.0,"key":"SMITH"},{"data":"Perfected Strike","floor":32.0,"key":"SMITH"},{"data":"Seeing Red","floor":42.0,"key":"SMITH"},{"floor":49.0,"key":"RECALL"},{"data":"hubris:StunningStrike","floor":53.0,"key":"SMITH"}],"circlet_count":0,"master_deck":["AscendersBane","Strike_R","Strike_R","Strike_R","Strike_R","Strike_R","Defend_R+1","Defend_R","Defend_R","Defend_R","Bash","Perfected Strike+1","Perfected Strike+1","Fire Breathing","Shrug It Off+1","Wild Strike","Armaments+1","ReplayTheSpireMod:Stacked+1","hubris:StunningStrike+1","ReplayTheSpireMod:Strike From Hell","Wild Strike","Terror+1","Bludgeon","Shrug It Off","Seeing Red+1","Flame Barrier+1","Metallicize","Shrug It Off","Shrug It Off","Impervious","hubris:StunningStrike+1","Secret Technique","Poisoned Strike","Secret Weapon"],"relics":["Burning Blood","hubris:Towel","WarpedTongs","halation:SwordOfLegend","reliquary:Spinner","reliquary:QuartzCube","hubris:AstralHammer","hubris:ChampionShield","hubris:ScarierMask","ReplayTheSpireMod:Shallot","ReplayTheSpireMod:Spearhead","Du-Vu Doll","Pet Ghost","Runic Cube","MealTicket","War Paint","Anchor","ReplayTheSpireMod:ShopPack","Bag of Preparation"],"acts_visited":["Exordium","TheCity","TheBeyond","TheEnding"],"potions_floor_usage":[56,56],"damage_taken":[{"damage":3.0,"enemies":"conspire:RoseBush","floor":1.0,"turns":4.0},{"damage":1.0,"enemies":"Small Slimes","floor":4.0,"turns":2.0},{"damage":5.0,"enemies":"Jaw Worm","floor":5.0,"turns":3.0},{"damage":18.0,"enemies":"3 Sentries","floor":7.0,"turns":4.0},{"damage":10.0,"enemies":"Gremlin Nob","floor":10.0,"turns":3.0},{"damage":30.0,"enemies":"Replay:BlueRogue","floor":12.0,"turns":5.0},{"damage":1.0,"enemies":"Exordium Thugs","floor":13.0,"turns":3.0},{"damage":3.0,"enemies":"Looter","floor":14.0,"turns":2.0},{"damage":44.0,"enemies":"Hexaghost","floor":16.0,"turns":8.0},{"damage":19.0,"enemies":"Spheric Guardian","floor":18.0,"turns":5.0},{"damage":4.0,"enemies":"conspire:FuzzyDice","floor":19.0,"turns":5.0},{"damage":26.0,"enemies":"Snecko","floor":20.0,"turns":5.0},{"damage":0.0,"enemies":"Chosen and Byrds","floor":24.0,"turns":4.0},{"damage":0.0,"enemies":"Book of Stabbing","floor":29.0,"turns":2.0},{"damage":0.0,"enemies":"conspire:Head Lice","floor":31.0,"turns":2.0},{"damage":23.0,"enemies":"Champ","floor":33.0,"turns":5.0},{"damage":9.0,"enemies":"3 Darklings","floor":35.0,"turns":4.0},{"damage":7.0,"enemies":"Orb Walker","floor":36.0,"turns":3.0},{"damage":18.0,"enemies":"Spire Growth","floor":37.0,"turns":4.0},{"damage":0.0,"enemies":"Sphere and 2 Shapes","floor":38.0,"turns":3.0},{"damage":6.0,"enemies":"Maw","floor":39.0,"turns":4.0},{"damage":17.0,"enemies":"Reptomancer","floor":41.0,"turns":3.0},{"damage":0.0,"enemies":"R_Hoarder","floor":44.0,"turns":4.0},{"damage":0.0,"enemies":"4 Shapes","floor":45.0,"turns":5.0},{"damage":0.0,"enemies":"Giant Head","floor":46.0,"turns":4.0},{"damage":3.0,"enemies":"3 Darklings","floor":47.0,"turns":4.0},{"damage":0.0,"enemies":"Transient","floor":48.0,"turns":6.0},{"damage":20.0,"enemies":"conspire:OrnateMirror","floor":50.0,"turns":8.0},{"damage":51.0,"enemies":"Replay:Hell Engine","floor":51.0,"turns":9.0},{"damage":21,"enemies":"Shield and Spear","floor":55,"turns":4},{"damage":63,"enemies":"The Heart","floor":56,"turns":7}],"seed_played":"8142323105343896373","potions_obtained":[{"floor":4.0,"key":"Swift Potion"},{"floor":5.0,"key":"ColorlessPotion"},{"floor":16.0,"key":"ColorlessPotion"},{"floor":20.0,"key":"BloodPotion"},{"floor":29.0,"key":"Weak Potion"},{"floor":36.0,"key":"DistilledChaos"},{"floor":41.0,"key":"sneckomod:MuddlingPotion"},{"floor":46.0,"key":"SkillPotion"}],"is_trial":false,"path_per_floor":["M","?","?","M","M","R","E","T","T","E","?","E","M","M","R","B",null,"M","M","M","?","$","R","M","R","T","?","R","E","$","E","R","B",null,"M","M","M","M","M","$","E","R","T","E","M","E","M","M","R","B","B",null,"R","$","E","B",null],"character_chosen":"IRONCLAD","items_purchased":["ReplayTheSpireMod:Shallot","Fruit Juice","Metallicize","Shrug It Off","ReplayTheSpireMod:ShopPack","Secret Technique"],"campfire_rested":0,"item_purchase_floors":[22,22,40,40,54,54],"current_hp_per_floor":[71,71,71,75,75,75,63,63,63,59,55,31,36,39,51,13,60,47,49,29,29,34,46,52,55,55,55,55,61,61,67,73,56,74,71,70,58,64,64,64,53,68,68,74,80,80,80,80,80,66,21,65,71,80,65,24],"gold":37,"neow_bonus":"THREE_CARDS","is_daily":false,"chose_seed":false,"campfire_upgraded":8,"win_rate":0.0,"timestamp":1614203763,"path_taken":["M","?","?","M","?","R","E","?","T","E","?","E","M","M","R","BOSS","M","M","M","?","$","R","M","R","T","?","R","E","$","E","R","BOSS","M","?","M","?","M","$","E","R","T","E","?","E","M","M","R","BOSS","BOSS","R","$","E","BOSS"],"items_purchased_type":["Relic","Potion","Card","Card","Relic","Card"],"build_version":"2020-12-22","purchased_purges":1,"victory":true,"max_hp_per_floor":[75,75,75,75,75,75,75,75,75,75,75,75,75,75,75,75,75,75,75,75,75,80,80,80,80,80,80,80,80,80,80,80,80,80,80,80,80,80,80,80,80,80,80,80,80,80,80,80,80,80,80,80,80,80,80,80],"card_choices":[{"not_picked":["Run Through","Dual Wield"],"picked":"Perfected Strike","floor":0.0},{"not_picked":["Headbutt","ReplayTheSpireMod:Muscle Training"],"picked":"Perfected Strike","floor":1.0},{"not_picked":["Second Wind","ReplayTheSpireMod:Strike From Hell"],"picked":"Fire Breathing","floor":4.0},{"not_picked":["ReplayReversal","Clash"],"picked":"Shrug It Off","floor":5.0},{"not_picked":["Uppercut","Massacre","Clash"],"picked":"SKIP","floor":7.0},{"not_picked":["True Grit","Reckless Charge","hubris:ReadiedAction"],"picked":"SKIP","floor":10.0},{"not_picked":["Twin Strike","Dual Wield"],"picked":"Wild Strike","floor":12.0},{"not_picked":["Seeing Red","Heavy Blade"],"picked":"Armaments","floor":13.0},{"not_picked":["Clash","Cleave"],"picked":"ReplayTheSpireMod:Stacked","floor":14.0},{"not_picked":["Immolate","Demon Form"],"picked":"hubris:StunningStrike","floor":16.0},{"not_picked":["Run Through","Rupture"],"picked":"ReplayTheSpireMod:Strike From Hell","floor":18.0},{"not_picked":["Clash","True Grit","Defy Death"],"picked":"SKIP","floor":19.0},{"not_picked":["Ghostly Armor","Havoc"],"picked":"Wild Strike","floor":20.0},{"not_picked":["Cleave","Headbutt","Shockwave"],"picked":"SKIP","floor":24.0},{"not_picked":["Thunderclap","Headbutt","Cleave"],"picked":"SKIP","floor":29.0},{"not_picked":["ReplayTheSpireMod:Corrosion Curse","Armaments","Fire Breathing+1"],"picked":"SKIP","floor":31.0},{"not_picked":["Reaper","Feed"],"picked":"Bludgeon","floor":33.0},{"not_picked":["Armaments","Shockwave"],"picked":"Shrug It Off","floor":35.0},{"not_picked":["Cleave","Iron Wave","Body Slam"],"picked":"SKIP","floor":36.0},{"not_picked":["Twin Strike","ReplayReversal"],"picked":"Seeing Red","floor":37.0},{"not_picked":["ReplayTheSpireMod:Strike From Hell","Armaments"],"picked":"Flame Barrier","floor":38.0},{"not_picked":["Sever Soul","Sword Boomerang","Wild Strike"],"picked":"SKIP","floor":39.0},{"not_picked":["hubris:ReadiedAction","Flex","Heavy Blade"],"picked":"SKIP","floor":41.0},{"not_picked":["Run Through+1","Sever Soul+1"],"picked":"Impervious","floor":44.0},{"not_picked":["Headbutt+1","Evolve","Infernal Blade"],"picked":"SKIP","floor":45.0},{"not_picked":["conspire:Charge","Clash","Spot Weakness"],"picked":"SKIP","floor":46.0},{"not_picked":["Havoc","Combust","Anger"],"picked":"SKIP","floor":47.0},{"not_picked":["Anger","Shockwave+1"],"picked":"hubris:StunningStrike","floor":48.0},{"not_picked":["Mayhem","HandOfGreed"],"picked":"Poisoned Strike","floor":54.0},{"not_picked":["Replay:Bootleg Shield Generator","Replay:Parry"],"picked":"Secret Weapon","floor":54.0},{"not_picked":["Sword Boomerang","Clothesline","Rage"],"picked":"SKIP","floor":55}],"player_experience":1290167,"relics_obtained":[{"floor":7.0,"key":"halation:SwordOfLegend"},{"floor":8.0,"key":"reliquary:Spinner"},{"floor":9.0,"key":"reliquary:QuartzCube"},{"floor":10.0,"key":"hubris:AstralHammer"},{"floor":12.0,"key":"hubris:ChampionShield"},{"floor":26.0,"key":"ReplayTheSpireMod:Spearhead"},{"floor":29.0,"key":"Du-Vu Doll"},{"floor":31.0,"key":"Pet Ghost"},{"floor":41.0,"key":"MealTicket"},{"floor":44.0,"key":"War Paint"},{"floor":46.0,"key":"Anchor"},{"floor":55,"key":"Bag of Preparation"}],"event_choices":[{"damage_healed":0.0,"max_hp_gain":0.0,"max_hp_loss":0.0,"gold_gain":0.0,"event_name":"Accursed Blacksmith","player_choice":"Rummage","floor":3.0,"gold_loss":0.0,"damage_taken":0.0,"relics_obtained":["WarpedTongs"],"cards_obtained":["Pain"]},{"damage_healed":0.0,"max_hp_gain":0.0,"max_hp_loss":0.0,"gold_gain":0.0,"event_name":"conspire:Investor","player_choice":"Leave","floor":11.0,"gold_loss":0.0,"damage_taken":0.0},{"damage_healed":0.0,"max_hp_gain":0.0,"max_hp_loss":0.0,"gold_gain":0.0,"event_name":"The Library","player_choice":"Read","floor":21.0,"gold_loss":0.0,"damage_taken":0.0,"cards_obtained":["Terror"]},{"damage_healed":0.0,"max_hp_gain":0.0,"max_hp_loss":0.0,"gold_gain":0.0,"event_name":"Upgrade Shrine","player_choice":"Upgraded","floor":27.0,"gold_loss":0.0,"damage_taken":0.0,"cards_upgraded":["Shrug It Off"]}],"is_beta":false,"boss_relics":[{"not_picked":["reliquary:Ember","Tiny House"],"picked":"hubris:ScarierMask"},{"not_picked":["conspire:RunicOctahedron","reliquary:KinkedSpring"],"picked":"Runic Cube"}],"items_purged_floors":[22],"is_endless":false,"potions_floor_spawned":[4,5,16,20,29,31,33,36,41,46,47,48],"ascension_level":20}}