{"host":"5mo0809oo9tcrmpl","time":1614137940,"event":{"mods":["BaseMod","Highlight Path","Minty Spire (QoL Compilation)","Relic Stats","Slay the Relics Exporter"],"gold_per_floor":[110,123,139,139,289,314,332,15,15,30,30,63,63,83,83,83,83],"floor_reached":16,"language":"ENG","playtime":556,"items_purged":[],"score":224,"play_id":"ad65a637-3d7d-4525-a0c5-193bdf5b4244","local_time":"20210223213900","is_ascension_mode":true,"campfire_choices":[{"floor":13,"key":"REST"},{"data":"Body Slam","floor":15,"key":"SMITH"}],"circlet_count":0,"master_deck":["AscendersBane","Strike_R","Strike_R","Strike_R","Strike_R","Strike_R","Defend_R","Defend_R","Defend_R","Defend_R","Bash+1","Headbutt","Pommel Strike","Rage","Doubt","Dropkick","Perfected Strike","Heavy Blade","Ghostly Armor","Body Slam+1","Shrug It Off","Carnage"],"relics":["Burning Blood","Prayer Wheel","FossilizedHelix","Letter Opener","Golden Idol","InkBottle"],"acts_visited":["Exordium"],"potions_floor_usage":[12],"damage_taken":[{"damage":5.0,"enemies":"Small Slimes","floor":1.0,"turns":3.0},{"damage":7.0,"enemies":"Jaw Worm","floor":2.0,"turns":3.0},{"damage":1.0,"enemies":"2 Louse","floor":3.0,"turns":2.0},{"damage":29.0,"enemies":"Lagavulin","floor":6.0,"turns":6.0},{"damage":42.0,"enemies":"Exordium Thugs","floor":7.0,"turns":5.0},{"damage":8,"enemies":"Exordium Wildlife","floor":10,"turns":3},{"damage":15,"enemies":"3 Sentries","floor":12,"turns":10},{"damage":10,"enemies":"Gremlin Gang","floor":14,"turns":5},{"damage":30,"enemies":"Slime Boss","floor":16,"turns":6}],"seed_played":"5893675903682931818","potions_obtained":[{"floor":1.0,"key":"GamblersBrew"},{"floor":2.0,"key":"CultistPotion"},{"floor":6.0,"key":"Dexterity Potion"}],"is_trial":false,"path_per_floor":["M","M","M","?","?","E","M","$","T","M","?","E","R","M","R","B"],"character_chosen":"IRONCLAD","items_purchased":["FossilizedHelix"],"campfire_rested":1,"item_purchase_floors":[8],"current_hp_per_floor":[69,68,73,78,78,55,19,19,19,17,17,8,29,25,25,0,0],"gold":83,"neow_bonus":"UPGRADE_CARD","is_daily":false,"chose_seed":false,"campfire_upgraded":1,"win_rate":0.0,"timestamp":1614137940,"path_taken":["M","M","M","?","?","E","M","$","T","M","?","E","R","M","R","BOSS"],"items_purchased_type":["Relic"],"build_version":"2020-12-22","purchased_purges":0,"victory":false,"max_hp_per_floor":[75,75,75,80,80,80,80,80,80,80,72,72,72,72,72,72,72],"relic_stats":{"counters":[9,43],"Golden Idol":11,"Prayer Wheel":3,"Letter Opener":[0],"obtain_stats":[{"Golden Idol":11,"Prayer Wheel":6,"Letter Opener":9,"Burning Blood":0,"FossilizedHelix":8,"InkBottle":12},{"Golden Idol":6,"Prayer Wheel":4,"Letter Opener":5,"Burning Blood":0,"FossilizedHelix":5,"InkBottle":7},{"Golden Idol":22,"Prayer Wheel":14,"Letter Opener":19,"Burning Blood":0,"FossilizedHelix":19,"InkBottle":32}],"Burning Blood":48,"InkBottle":[3]},"card_choices":[{"not_picked":["Clash","Blood for Blood"],"picked":"Headbutt","floor":1.0},{"not_picked":["Spot Weakness","Havoc"],"picked":"Pommel Strike","floor":2.0},{"not_picked":["Flex","Intimidate"],"picked":"Rage","floor":3.0},{"not_picked":["Entrench","Searing Blow"],"picked":"Dropkick","floor":6.0},{"not_picked":["True Grit","Anger"],"picked":"Perfected Strike","floor":7.0},{"not_picked":["Clash","Thunderclap"],"picked":"Heavy Blade","floor":7.0},{"not_picked":["Iron Wave","Cleave"],"picked":"Ghostly Armor","floor":10},{"not_picked":["Barricade","Wild Strike","Bloodletting"],"picked":"SKIP","floor":10},{"not_picked":["Bloodletting","Sword Boomerang"],"picked":"Body Slam","floor":12},{"not_picked":["Body Slam","Anger"],"picked":"Shrug It Off","floor":14},{"not_picked":["Limit Break","Rupture"],"picked":"Carnage","floor":14}],"player_experience":1319459,"relics_obtained":[{"floor":6.0,"key":"Prayer Wheel"},{"floor":9,"key":"Letter Opener"},{"floor":12,"key":"InkBottle"}],"event_choices":[{"damage_healed":0.0,"max_hp_gain":5.0,"max_hp_loss":0.0,"gold_gain":0.0,"event_name":"Big Fish","player_choice":"Donut","floor":4.0,"gold_loss":0.0,"damage_taken":0.0},{"damage_healed":0.0,"max_hp_gain":0.0,"max_hp_loss":0.0,"gold_gain":150.0,"event_name":"Liars Game","player_choice":"AGREE","floor":5.0,"gold_loss":0.0,"damage_taken":0.0,"cards_obtained":["Doubt"]},{"damage_healed":0,"gold_gain":0,"player_choice":"Lose Max HP","damage_taken":0,"relics_obtained":["Golden Idol"],"max_hp_gain":0,"max_hp_loss":8,"event_name":"Golden Idol","floor":11,"gold_loss":0}],"is_beta":false,"boss_relics":[],"items_purged_floors":[],"is_endless":false,"potions_floor_spawned":[1,2,6],"killed_by":"Slime Boss","ascension_level":20}}