{"host":"gfybn4j1d26rvz5e","time":1614137867,"event":{"mods":["BaseMod","Better Altar","Better Match","Better Note","Better Sensory Stone","Better Skull","Better Third Choice","BetterRewards","Highlight Path","Minty Spire (QoL Compilation)","Random Character Button","Relic Stats","StSLib"],"gold_per_floor":[119,294,294,312,277,307,307,335,335,335,352,364,464,482,482,579,579,595,580,369,369,369],"floor_reached":21,"language":"ENG","playtime":1051,"items_purged":["Strike_G","Doubt"],"score":448,"play_id":"2a06b6f6-3443-4f07-be20-e792fc1a0d9a","local_time":"20210223213747","is_ascension_mode":true,"campfire_choices":[{"data":"Neutralize","floor":7.0,"key":"SMITH"},{"data":"Die Die Die","floor":10.0,"key":"SMITH"},{"floor":15.0,"key":"REST"}],"circlet_count":0,"master_deck":["AscendersBane","Strike_G","Strike_G","Strike_G","Strike_G","Defend_G","Defend_G","Defend_G","Defend_G","Defend_G","Survivor","Neutralize+1","Blade Dance","Deadly Poison","Accuracy","Die Die Die+1","Sucker Punch","A Thousand Cuts","Dodge and Roll","Backflip+1","Slice","Calculated Gamble","Footwork"],"relics":["Ring of the Snake","Paper Crane","Ginger","Gremlin Horn","Singing Bowl","The Courier","WristBlade"],"acts_visited":["Exordium","TheCity"],"potions_floor_usage":[16,16],"damage_taken":[{"damage":0.0,"enemies":"2 Louse","floor":1.0,"turns":3.0},{"damage":6.0,"enemies":"Jaw Worm","floor":4.0,"turns":4.0},{"damage":16.0,"enemies":"Gremlin Nob","floor":6.0,"turns":4.0},{"damage":10.0,"enemies":"3 Sentries","floor":8.0,"turns":5.0},{"damage":0.0,"enemies":"Cultist","floor":11.0,"turns":3.0},{"damage":4.0,"enemies":"Large Slime","floor":12.0,"turns":4.0},{"damage":21.0,"enemies":"Exordium Thugs","floor":14.0,"turns":4.0},{"damage":31,"enemies":"Slime Boss","floor":16,"turns":9},{"damage":16,"enemies":"3 Byrds","floor":18,"turns":4},{"damage":16,"enemies":"2 Thieves","floor":19,"turns":4},{"damage":39,"enemies":"Sentry and Sphere","floor":21,"turns":7}],"seed_played":"6921891848756044961","potions_obtained":[{"floor":1.0,"key":"CunningPotion"},{"floor":3.0,"key":"Fruit Juice"},{"floor":3.0,"key":"Regen Potion"},{"floor":6.0,"key":"SneckoOil"},{"floor":8.0,"key":"Poison Potion"},{"floor":18,"key":"Strength Potion"},{"floor":19,"key":"FearPotion"}],"is_trial":false,"path_per_floor":["M","?","?","M","?","E","R","E","T","R","M","M","?","M","R","B",null,"M","M","$","M"],"character_chosen":"THE_SILENT","items_purchased":["Paper Crane","Blade Dance","Deadly Poison","PowerPotion","Slice","Calculated Gamble","Footwork"],"campfire_rested":1,"item_purchase_floors":[0,0,0,0,20,20,20],"current_hp_per_floor":[56,56,61,55,73,64,64,56,56,56,58,56,56,35,59,28,68,52,36,36,0,0],"gold":369,"neow_bonus":"","is_daily":false,"chose_seed":false,"campfire_upgraded":2,"win_rate":0.0,"timestamp":1614137867,"path_taken":["M","?","?","?","?","E","R","E","T","R","M","M","?","?","R","BOSS","M","M","$","M"],"items_purchased_type":["Relic","Card","Card","Potion","Card","Card","Card"],"build_version":"2020-12-22","purchased_purges":2,"victory":false,"max_hp_per_floor":[70,70,75,75,75,75,75,77,77,77,79,81,81,81,81,81,81,81,81,81,81,81],"relic_stats":{"Gremlin Horn":[10,10],"Singing Bowl":6,"counters":[135,612],"Ginger":[8],"obtain_stats":[{"Ice Cream":0,"Gremlin Horn":6,"HoveringKite":34,"Vajra":43,"Whetstone":11,"Ginger":0,"Boot":43,"Sozu":17,"Blood Vial":28,"Strawberry":26,"Prayer Wheel":47,"Philosopher\u0027s Stone":17,"MealTicket":47,"Fusion Hammer":17,"Kunai":0,"Toxic Egg 2":0,"Happy Flower":7,"Astrolabe":34,"Blue Candle":25,"Oddly Smooth Stone":21,"Tingsha":23,"Eternal Feather":30,"Pen Nib":9,"Letter Opener":25,"War Paint":41,"Paper Crane":44,"Question Card":13,"SlaversCollar":34,"Bottled Flame":25,"Shuriken":9,"Bronze Scales":14,"Bird Faced Urn":19,"Pandora\u0027s Box":34,"Molten Egg 2":26,"Darkstone Periapt":26,"Regal Pillow":46,"Singing Bowl":8,"Enchiridion":29,"Snake Skull":26,"Bag of Preparation":9,"Ancient Tea Set":22,"Tough Bandages":0,"Matryoshka":28,"Shovel":0,"WristBlade":17,"Ninja Scroll":23,"Mummified Hand":19,"Red Mask":20,"InkBottle":7,"Ring of the Snake":0,"Potion Belt":9,"The Specimen":26,"The Courier":9,"Orichalcum":54,"MawBank":10,"White Beast Statue":9,"Mercury Hourglass":46,"CaptainsWheel":45,"Anchor":37,"Busted Crown":17,"Turnip":24,"Art of War":43,"Bottled Lightning":25,"FossilizedHelix":42},{"Ice Cream":0,"Gremlin Horn":127,"HoveringKite":15,"Vajra":72,"Whetstone":28,"Ginger":124,"Boot":18,"Sozu":6,"Blood Vial":36,"Strawberry":63,"Prayer Wheel":19,"Philosopher\u0027s Stone":107,"MealTicket":122,"Fusion Hammer":31,"Kunai":50,"Toxic Egg 2":21,"Happy Flower":103,"Astrolabe":67,"Blue Candle":111,"Oddly Smooth Stone":88,"Tingsha":34,"Eternal Feather":38,"Pen Nib":55,"Letter Opener":12,"War Paint":45,"Paper Crane":121,"Question Card":105,"SlaversCollar":94,"Bottled Flame":35,"Shuriken":55,"Bronze Scales":85,"Bird Faced Urn":87,"Pandora\u0027s Box":40,"Molten Egg 2":63,"Darkstone Periapt":89,"Regal Pillow":18,"Singing Bowl":128,"Enchiridion":13,"Snake Skull":35,"Bag of Preparation":26,"Ancient Tea Set":109,"Tough Bandages":21,"Matryoshka":13,"Shovel":77,"WristBlade":132,"Ninja Scroll":10,"Mummified Hand":61,"Red Mask":88,"InkBottle":2,"Ring of the Snake":0,"Potion Belt":3,"The Specimen":12,"The Courier":128,"Orichalcum":49,"MawBank":56,"White Beast Statue":103,"Mercury Hourglass":18,"CaptainsWheel":46,"Anchor":68,"Busted Crown":60,"Turnip":89,"Art of War":18,"Bottled Lightning":89,"FossilizedHelix":72},{"Ice Cream":0,"Gremlin Horn":572,"HoveringKite":69,"Vajra":323,"Whetstone":126,"Ginger":561,"Boot":81,"Sozu":25,"Blood Vial":157,"Strawberry":279,"Prayer Wheel":85,"Philosopher\u0027s Stone":476,"MealTicket":551,"Fusion Hammer":137,"Kunai":221,"Toxic Egg 2":100,"Happy Flower":457,"Astrolabe":301,"Blue Candle":497,"Oddly Smooth Stone":393,"Tingsha":147,"Eternal Feather":165,"Pen Nib":244,"Letter Opener":52,"War Paint":198,"Paper Crane":549,"Question Card":463,"SlaversCollar":423,"Bottled Flame":152,"Shuriken":244,"Bronze Scales":378,"Bird Faced Urn":389,"Pandora\u0027s Box":179,"Molten Egg 2":279,"Darkstone Periapt":398,"Regal Pillow":81,"Singing Bowl":577,"Enchiridion":56,"Snake Skull":152,"Bag of Preparation":122,"Ancient Tea Set":484,"Tough Bandages":100,"Matryoshka":56,"Shovel":349,"WristBlade":597,"Ninja Scroll":42,"Mummified Hand":270,"Red Mask":393,"InkBottle":11,"Ring of the Snake":0,"Potion Belt":13,"The Specimen":52,"The Courier":577,"Orichalcum":216,"MawBank":249,"White Beast Statue":457,"Mercury Hourglass":81,"CaptainsWheel":201,"Anchor":308,"Busted Crown":266,"Turnip":398,"Art of War":81,"Bottled Lightning":398,"FossilizedHelix":323}],"Ring of the Snake":[262]},"card_choices":[{"not_picked":["Setup","Flying Knee","Dagger Throw"],"picked":"SKIP","floor":1.0},{"not_picked":["Slice","Deflect"],"picked":"Accuracy","floor":4.0},{"not_picked":["Footwork","Tactician"],"picked":"Die Die Die","floor":6.0},{"not_picked":["Underhanded Strike","Deflect","Skewer"],"picked":"Singing Bowl","floor":8.0},{"not_picked":["Dagger Spray","Distraction","Accuracy"],"picked":"Singing Bowl","floor":11.0},{"not_picked":["Skewer","Prepared","Acrobatics"],"picked":"Singing Bowl","floor":12.0},{"not_picked":["Flying Knee","Deflect"],"picked":"Sucker Punch","floor":14.0},{"not_picked":["Burst","Unload"],"picked":"A Thousand Cuts","floor":16},{"not_picked":["Deflect","Quick Slash+1"],"picked":"Dodge and Roll","floor":18},{"not_picked":["Eviscerate+1","All Out Attack"],"picked":"Backflip+1","floor":19}],"player_experience":679678,"relics_obtained":[{"floor":6.0,"key":"Gremlin Horn"},{"floor":8.0,"key":"Singing Bowl"},{"floor":9.0,"key":"The Courier"}],"event_choices":[{"damage_healed":0.0,"max_hp_gain":0.0,"max_hp_loss":0.0,"gold_gain":175.0,"event_name":"betterThird:BetterSerpent","player_choice":"AGREE","floor":2.0,"gold_loss":0.0,"damage_taken":119.0},{"damage_healed":0.0,"max_hp_gain":0.0,"max_hp_loss":0.0,"gold_gain":0.0,"event_name":"Lab","player_choice":"Got Potions","floor":3.0,"gold_loss":0.0,"damage_taken":0.0},{"damage_healed":18.0,"max_hp_gain":0.0,"max_hp_loss":0.0,"gold_gain":0.0,"event_name":"The Cleric","player_choice":"Healed","floor":5.0,"gold_loss":35.0,"damage_taken":0.0},{"damage_healed":0.0,"max_hp_gain":0.0,"max_hp_loss":0.0,"gold_gain":100.0,"event_name":"Golden Shrine","player_choice":"Pray","floor":13.0,"gold_loss":0.0,"damage_taken":0.0}],"is_beta":false,"boss_relics":[{"not_picked":["SacredBark","Tiny House"],"picked":"WristBlade"}],"items_purged_floors":[0,20],"is_endless":false,"potions_floor_spawned":[1,6,8,14,18,19],"killed_by":"Sentry and Sphere","ascension_level":11}}