{"host":"uxx7prhn9zlu6i2v","time":1614208963,"event":{"mods":["100% Spire Juice","2.2 Compatiblity","AchievementEnabler","Act Like it!","Ascension Reborn","BaseMod","Bossed Relics","Faster Ascension Climbing","Gensokyo","HololiveMod","KomeijiMod","Library of Ruina","Library of Ruina Extra","Lobotomy","LobotomyExtend","Marisa????????","Minty Spire (QoL Compilation)","Permanent Neow","Reimu??????","Relic Filter","Relic Sorter","Reworked Bosses","Ruina","Spicy Shops","StSLib","The Administrix","Weighted Paths","Wide Potions","Yakumo Yukari mod"],"gold_per_floor":[117,117,192,192,210,235,255,255,255,5,17,17,63,74,74,239,239,271,284,284,299,312,337,337,337,416,80,107,125,144,30,30,167,167,258,258,272,289,53,1052,1052,1052,1052,1098,1131,1131,0,0,0,0],"floor_reached":51,"language":"ENG","playtime":4915,"items_purged":["LightAttack","LightAttack","LightDefense","Normality"],"score":940,"play_id":"3327603d-8e2b-4bf2-b339-a2ae830f2cca","local_time":"20210224172243","is_ascension_mode":true,"campfire_choices":[{"data":"ExtractFuel","floor":8,"key":"SMITH"},{"data":"UndertakePrescript","floor":12,"key":"SMITH"},{"data":"ChargeAndCover","floor":15,"key":"SMITH"},{"data":"BulkyImpact","floor":25,"key":"SMITH"},{"data":"Unlock1","floor":32,"key":"SMITH"},{"data":"FrontalAssault","floor":41,"key":"SMITH"},{"data":"DevastatingThrash","floor":46,"key":"SMITH"},{"data":"RipSpace","floor":49,"key":"SMITH"}],"circlet_count":0,"master_deck":["DespairKnight","Dodge","LightDefense+1","ChargeAndCover+1","UniverseFragment","UndertakePrescript+1","ExtractFuel+1","GrazeTheGrass","BulkyImpact+1","Unlock1+1","TimeForALittleTest","Eradication","BladeWhirl+1","Multislash+1","UnavoidableGaze+1","BackAttack+1","BindingChains+1","WillOfThePrescript","NightInTheBackstreets+1","CookingPrep+1","SomberProcuration","RipSpace+1","MultiBlock+1","AsThePrescriptOrders+1","SnakesPrey+1","FrontalAssault+1","FeelinGood+1","DevastatingThrash+1"],"relics":["PageOfLibrarian","TreeSap","SwordSharpenedByTears_r","PageOfUniverseFragment","Toy Ornithopter","PageOfSnowWhitesApple","PageOfWrath","PageOfForsakenMurderer","PageOfGreed","PageOfQueenBee","PageOfSpiderBud","CogitoBucket","RabbitCall","LetterFromLob","Gaze_r","Ancient Tea Set","The Courier","Eternal Feather","Bronze Scales","ChangeAnything","Hololive_Finger","AdjustmentMirror","Mercury Hourglass","Matryoshka","Bag of Preparation","Anchor","Empty Cage","Nunchaku","CrazyTorch:ReiMu"],"acts_visited":["Exordium","ruina:Briah","TheBeyond"],"potions_floor_usage":[6,11,14,22,35,50],"damage_taken":[{"damage":3,"enemies":"Small Slimes","floor":1,"turns":3},{"damage":5,"enemies":"Small Slimes","floor":4,"turns":6},{"damage":4,"enemies":"Jaw Worm","floor":5,"turns":2},{"damage":17,"enemies":"3 Sentries","floor":6,"turns":9},{"damage":0,"enemies":"2 Louse","floor":7,"turns":3},{"damage":0,"enemies":"Blue Slaver","floor":11,"turns":4},{"damage":31,"enemies":"Looter","floor":14,"turns":4},{"damage":31,"enemies":"The Guardian","floor":16,"turns":8},{"damage":12,"enemies":"ruina:BadWolf","floor":18,"turns":3},{"damage":2,"enemies":"ruina:2_Scarecrows","floor":19,"turns":2},{"damage":0,"enemies":"ruina:KingOfGreed","floor":21,"turns":5},{"damage":9,"enemies":"ruina:Nos_and_Bat","floor":22,"turns":8},{"damage":1,"enemies":"ruina:ServantOfWrath","floor":23,"turns":4},{"damage":0,"enemies":"ruina:Mountain","floor":28,"turns":3},{"damage":0,"enemies":"ruina:QueenOfHate","floor":29,"turns":2},{"damage":0,"enemies":"ruina:3_Scarecrows","floor":30,"turns":2},{"damage":14,"enemies":"ruina:JesterOfNihil","floor":33,"turns":4},{"damage":35,"enemies":"3 Shapes","floor":35,"turns":8},{"damage":0,"enemies":"Orb Walker","floor":37,"turns":2},{"damage":13,"enemies":"Maw","floor":38,"turns":3},{"damage":2,"enemies":"Nemesis","floor":44,"turns":3},{"damage":2,"enemies":"Sphere and 2 Shapes","floor":45,"turns":3},{"damage":30,"enemies":"FixerMidnight","floor":50,"turns":4},{"damage":13,"enemies":"Malkuth","floor":51,"turns":3},{"damage":41,"enemies":"Netzach","floor":51,"turns":5}],"seed_played":"7137607670115454910","potions_obtained":[{"floor":5,"key":"LiquidMemories"},{"floor":7,"key":"Regen Potion"},{"floor":11,"key":"SteroidPotion"},{"floor":21,"key":"LiquidBronze"},{"floor":23,"key":"SpeedPotion"},{"floor":28,"key":"AttackPotion"},{"floor":37,"key":"PowerPotion"},{"floor":38,"key":"CalmPotion"}],"is_trial":false,"path_per_floor":["M","?","?","?","M","E","M","R","T","$","M","R","T","M","R","B",null,"M","M","?","M","M","E","?","R","T","$","E","M","M","$","R","B",null,"M","?","M","M","$","?","R","?","T","E","M","R","$","?","R","B",null],"character_chosen":"Librarian","items_purchased":["Eternal Feather","WillOfThePrescript","Bag of Preparation","PageOfSpiderBud","PageOfQueenBee","FrontalAssault","PageOfGreed","PageOfForsakenMurderer","PageOfWrath","PageOfSnowWhitesApple","CrazyTorch:ReiMu","PageOfUniverseFragment"],"campfire_rested":0,"item_purchase_floors":[10,27,27,31,39,39,47,47,47,47,47,47],"current_hp_per_floor":[57,44,33,43,39,30,32,32,32,32,60,66,66,37,46,19,70,58,58,58,52,45,44,44,56,56,56,58,58,60,60,72,69,78,71,71,74,66,66,66,81,81,81,82,85,85,85,85,85,81],"gold":0,"neow_bonus":"","is_daily":false,"chose_seed":false,"campfire_upgraded":8,"win_rate":0.0,"timestamp":1614208963,"path_taken":["M","?","?","?","M","E","M","R","T","?","M","R","?","?","R","BOSS","M","M","?","M","M","E","?","R","T","?","E","?","M","$","R","BOSS","M","?","?","M","$","?","R","?","T","E","?","R","$","?","R","BOSS"],"items_purchased_type":["Relic","Card","Relic","Relic","Relic","Card","Relic","Relic","Relic","Relic","Relic","Relic"],"build_version":"2020-12-22","purchased_purges":4,"victory":true,"max_hp_per_floor":[63,63,63,63,63,65,65,65,65,65,70,70,70,84,70,70,70,70,201,201,201,201,201,201,70,70,70,70,68,78,78,78,78,78,78,78,85,85,85,85,85,85,85,85,85,85,85,85,85,85],"card_choices":[{"not_picked":["FairyFestival","ShyLook","Bloodbath"],"picked":"Singing Bowl","floor":1},{"not_picked":["SpiderBud","Wellcheers"],"picked":"UniverseFragment","floor":1},{"not_picked":["Deflect_lor","Rewind","Parry","ICanCookAnything","PreemptiveStrike","ClassAndRespect","RipSpace","DarkCloud"],"picked":"UndertakePrescript","floor":1},{"not_picked":["FairyFestival","Wellcheers","PunishingBird"],"picked":"Singing Bowl","floor":5},{"not_picked":["CumulusWall","Quickness","Retaliate","EmotionalTurbulence","SerpentSwordTechnique","BackAttack","FervidEmotions","QuickAttack"],"picked":"ExtractFuel","floor":5},{"not_picked":["ShyLook","LittlePrince","BeautyBeast"],"picked":"Singing Bowl","floor":6},{"not_picked":["HighKick","TraceOfFumes","SerpentSwordTechnique","Rewind","DefenseOrder","Diversion","DaringDecision","FieryDragonSlash"],"picked":"GrazeTheGrass","floor":6},{"not_picked":["Bloodbath","Murderer","SpiderBud"],"picked":"Singing Bowl","floor":7},{"not_picked":["FlashOfSunup","GuidanceOfTheGears","EnergyStrike","ClassAndRespect","Pound","TasteMyFlamingBat","EndlessBattle","DirtyBlow"],"picked":"BulkyImpact","floor":7},{"not_picked":["MHz","WallGazer","Mercenary"],"picked":"Singing Bowl","floor":11},{"not_picked":["Rewind","PinpointShot","UndertakePrescript","BackAttack","GrazeTheGrass","EnergyShield","SenseQuarry","StructuralAnalysis"],"picked":"Unlock1","floor":11},{"not_picked":["Murderer","Freischutz","RedShoes"],"picked":"Singing Bowl","floor":14},{"not_picked":["SuppressingShot","PreemptiveStrike","HandleRequest","Suppress","EnergyConversion","CookingPrep","SharpSwipe","TraceOfFumes"],"picked":"TimeForALittleTest","floor":14},{"not_picked":["Wellcheers","SpiderBud","MeatLantern"],"picked":"Singing Bowl","floor":16},{"not_picked":["BoundaryOfDeath","FlamingDragonFist"],"picked":"Eradication","floor":16},{"not_picked":["Porccubus","BeautyBeast","LaLuna"],"picked":"Singing Bowl","floor":18},{"not_picked":["DefenseOrder","FieryWaltz","SuppressingShot","HighKick","Overcharge+1","Clone","VioletBlade","HandleRequest"],"picked":"BladeWhirl+1","floor":18},{"not_picked":["SpiderBud","GreedKing","ShyLook"],"picked":"Singing Bowl","floor":19},{"not_picked":["Mutilate","Thrust","ForTheFamily+1","Preparation","Brawl","GuidanceOfTheGears","Leap_lor","PinpointShot"],"picked":"Multislash+1","floor":19},{"not_picked":["NothingThere","CrumblingArmor","Variant"],"picked":"Singing Bowl","floor":21},{"not_picked":["Reload","PreemptiveStrike","BackstreetsDash","BiAn+1","DesperateStruggle","StrongStrike","EndlessBattle+1","QuickSuppression"],"picked":"UnavoidableGaze+1","floor":21},{"not_picked":["Scarecrow","BlackArmy","LaLuna"],"picked":"Singing Bowl","floor":22},{"not_picked":["FleetEdge+1","PreemptiveStrike","Quickness+1","Overpower","SharpNails","CoordinatedAssault","MultiHit","EnergyCycle+1"],"picked":"BackAttack+1","floor":22},{"not_picked":["Scorched","Rudolta","MeatLantern"],"picked":"Singing Bowl","floor":23},{"not_picked":["NightInTheBackstreets","FierceCharge","EndlessBattle","FleetEdge","GuidanceOfTheGears","Parry","QuickSuppression+1","WillOfThePrescript"],"picked":"BindingChains+1","floor":23},{"not_picked":["Yin","HappyTeddy","Murderer"],"picked":"Singing Bowl","floor":28},{"not_picked":["MirageStorm","SuppressingShot","YouOnlyLiveOnce","BackAttack","FleetEdge","PinpointShot","TendonChords","Mutilate+1"],"picked":"NightInTheBackstreets+1","floor":28},{"not_picked":["CrumblingArmor","CENSORED","LaLuna"],"picked":"Singing Bowl","floor":29},{"not_picked":["BackAttack","ShrineToMusic","SuppressingShot","SuanNi","GreatSerpentsImpact+1","StrongStrike","ScatteringSlash","SummaryJudgment+1"],"picked":"CookingPrep+1","floor":29},{"not_picked":["CherryBlossoms","LaLuna","BigBadWolf"],"picked":"Singing Bowl","floor":30},{"not_picked":["IronWall","SinglePointStab","MindPrepared","ChargeUp","EnergyShield","WrathOfTorment","HandleRequest","MultiHit"],"picked":"SomberProcuration","floor":30},{"not_picked":["Variant","SingingMachine","QueenBee"],"picked":"Singing Bowl","floor":33},{"not_picked":["Eradication","CrackOfDawn"],"picked":"RipSpace","floor":33},{"not_picked":["SingingMachine","QueenBee","SpiderBud"],"picked":"Singing Bowl","floor":35},{"not_picked":["Eliminate+1","FierceCharge","TrimTheIngredients+1","WillOfThePrescript","EndlessBattle+1","CoordinatedAssault","TheArtOfRapidSteps","Reload"],"picked":"MultiBlock+1","floor":35},{"not_picked":["FieryBird","VoidDream","CherryBlossoms"],"picked":"Singing Bowl","floor":37},{"not_picked":["CENSORED","MHz"],"picked":"DespairKnight","floor":37},{"not_picked":["BiteOff","BiAn+1","Multislash","MultiHit+1","Mutilate","SkyClearingCut+1","NightInTheBackstreets+1","Thrust"],"picked":"AsThePrescriptOrders+1","floor":37},{"not_picked":["Scorched","QueenOfHatred","Freischutz"],"picked":"Singing Bowl","floor":38},{"not_picked":["SmokingPipe+1","OpportunitySpotted","SteelKnuckles+1","LoosenUp+1","Multislash+1","IllEndYou","Clone+1","SharpSwipe"],"picked":"SnakesPrey","floor":38},{"not_picked":["NothingThere","Yin","DreamingCurrent"],"picked":"Singing Bowl","floor":44},{"not_picked":["SunsetBlade","InhaleSmoke","UndertakePrescript+1","TimeForALittleTest","CoordinatedAssault+1","PreemptiveStrike+1","Fence","Collision"],"picked":"FeelinGood+1","floor":44},{"not_picked":["SnowQueen","BlueStar","LittleHelper"],"picked":"Singing Bowl","floor":45},{"not_picked":["SmokingPipe+1","SharpSwipe+1","Standoff","BurningFlash","BindingChains+1","UnavoidableGaze+1","FierceCharge","SearingSword"],"picked":"DevastatingThrash","floor":45}],"player_experience":1708191,"relics_obtained":[{"floor":1,"key":"LetterFromLob"},{"floor":6,"key":"Ancient Tea Set"},{"floor":9,"key":"The Courier"},{"floor":13,"key":"Bronze Scales"},{"floor":23,"key":"Mercury Hourglass"},{"floor":26,"key":"Matryoshka"},{"floor":28,"key":"Anchor"},{"floor":43,"key":"Nunchaku"},{"floor":44,"key":"Toy Ornithopter"}],"event_choices":[{"damage_healed":0,"gold_gain":0,"player_choice":"Entered Light","damage_taken":13,"max_hp_gain":0,"max_hp_loss":0,"event_name":"Shining Light","floor":2,"gold_loss":0,"cards_upgraded":["LightDefense","LightAttack"]},{"damage_healed":0,"gold_gain":75,"player_choice":"Gather Gold","damage_taken":11,"max_hp_gain":0,"max_hp_loss":0,"event_name":"World of Goop","floor":3,"gold_loss":0},{"cards_removed":["LightAttack"],"damage_healed":0,"gold_gain":0,"player_choice":"Purged","damage_taken":0,"max_hp_gain":0,"max_hp_loss":0,"event_name":"Purifier","floor":36,"gold_loss":0},{"damage_healed":0,"gold_gain":999,"player_choice":"Gold","damage_taken":0,"max_hp_gain":0,"max_hp_loss":0,"event_name":"MindBloom","floor":40,"gold_loss":0,"cards_obtained":["Normality","Normality"]},{"damage_healed":0,"gold_gain":0,"player_choice":"Upgraded","damage_taken":0,"max_hp_gain":0,"max_hp_loss":0,"event_name":"Upgrade Shrine","floor":42,"gold_loss":0,"cards_upgraded":["SnakesPrey"]}],"is_beta":false,"boss_relics":[{"not_picked":["Astrolabe","Tiny House"],"picked":"Hololive_Finger"},{"not_picked":["Velvet Choker","SlaversCollar"],"picked":"Empty Cage"}],"items_purged_floors":[10,27,27,47],"is_endless":false,"potions_floor_spawned":[5,7,11,21,23,28,30,33,37,38],"ascension_level":0}}