{"host":"mp4nw1ahnxiisuiw","time":1614176579,"event":{"mods":["AchievementEnabler","BaseMod","Better Note","Block Reminder","Colored Map","Colored Powertips","Curses Come First","DeckTracker","Dio Mod","Downfall","Hero for Fun","Highlight Path","HololiveMod","Koishi","Marisa????????","Minty Spire (QoL Compilation)","Permanent Neow","Quick Restart","Rare Cards Sparkle","Relic Sorter","Relic Stats","Remilia??????","Small Relic Pack","Spikes Relics","StSLib","Td1madao Mod","The Animator","The Bug Knight","Waifu the Spire"],"gold_per_floor":[82,82,9,22,35,62,80,112,163,178,209,209,229,241,241,344,394,413,394,407,417,417,417,444,462,542,559,559,591,591,622,622,718,718,732,211,260,260,272,304,317,317,317,344,344,357,357,387,387,391,391,391,61,105,107,107],"floor_reached":55,"language":"ENG","playtime":2659,"items_purged":[],"score":1138,"play_id":"e845df82-f671-4e21-8cab-53920b83b64a","local_time":"20210224152259","is_ascension_mode":true,"campfire_choices":[{"floor":12.0,"key":"RECALL"},{"data":"Hololive_CallShiroganeNoel","floor":15.0,"key":"SMITH"},{"floor":23.0,"key":"REST"},{"data":"Hololive_CallShiroganeNoel","floor":30,"key":"SMITH"},{"data":"Hololive_CandyCastle","floor":32,"key":"SMITH"},{"data":"Hololive_DDD","floor":42,"key":"SMITH"},{"floor":47,"key":"REST"},{"data":"Hololive_Spy","floor":49,"key":"SMITH"},{"data":"Hololive_StarCraft","floor":52,"key":"SMITH"}],"circlet_count":0,"master_deck":["Hololive_Strike","Hololive_Strike","Hololive_Defend","Hololive_Defend","Hololive_HuntDinosaur+1","Hololive_CallRosalyn","Hololive_CallCivia","Hololive_CallShiroganeNoel+1","Hololive_CallShiroganeNoel+1","Hololive_CallTsunomakiWatame","Hololive_Yoholoon","Hololive_StrengthChampion+1","Hololive_Psychosis","Hololive_Breathe","Hololive_Rebound","Hololive_CallOmaruPolka","Hololive_CallHoushouMarine","Hololive_Spy+1","Hololive_CallUsadaPekora","Hololive_CallYukihanaLamy","Hololive_CandyCastle+1","Hololive_Psychosis+1","Hololive_CallNekomataOkayu","Hololive_Rebirth+1","Hololive_StrengthChampion+1","Hololive_CocoNews+1","Hololive_AWSL","Hololive_CallOzoraSubaru+1","Hololive_Psychosis+1","Decay","Hololive_CallInugamiKorone","Hololive_LuckPotion","Hololive_SoulCatcher+1","Hololive_LuckPotion+1","Hololive_CallAmaneKanata+1","Hololive_StarCraft+1","Hololive_Sequa+1","Hololive_BringToTrial","Hololive_CallTokoyamiTowa+1","Hololive_DDD+1","Hololive_Yoholoon+1","Hololive_CallSakuraMiko+1","Hololive_CallShiranuiFlare"],"relics":["Hololive_TheStar","Molten Egg 2","Question Card","SpikesRelics:DaevaFist","Tiny House","Vajra","Meat on the Bone","Pear","War Paint","Runic Dome","Sundial","Ornamental Fan","CatCart","Letter Opener","Rawhide","InkBottle","Bag of Preparation","Gremlin Horn","SnailShell"],"acts_visited":["Exordium","TheCity","TheBeyond","TheEnding"],"potions_floor_usage":[33,33,46,46,50,55,55],"damage_taken":[{"damage":0.0,"enemies":"Jaw Worm","floor":1.0,"turns":2.0},{"damage":0.0,"enemies":"Cultist","floor":4.0,"turns":2.0},{"damage":2.0,"enemies":"2 Louse","floor":5.0,"turns":2.0},{"damage":0.0,"enemies":"Gremlin Nob","floor":6.0,"turns":3.0},{"damage":0.0,"enemies":"Exordium Thugs","floor":7.0,"turns":4.0},{"damage":0.0,"enemies":"3 Sentries","floor":8.0,"turns":4.0},{"damage":0.0,"enemies":"2 Fungi Beasts","floor":10.0,"turns":4.0},{"damage":0.0,"enemies":"HollowMod:MossKnight","floor":11.0,"turns":6.0},{"damage":0.0,"enemies":"Red Slaver","floor":13.0,"turns":3.0},{"damage":0.0,"enemies":"Looter","floor":14.0,"turns":4.0},{"damage":0.0,"enemies":"Slime Boss","floor":16.0,"turns":5.0},{"damage":0.0,"enemies":"Shell Parasite","floor":18.0,"turns":3.0},{"damage":14.0,"enemies":"2 Thieves","floor":19.0,"turns":4.0},{"damage":0.0,"enemies":"Centurion and Healer","floor":20.0,"turns":7.0},{"damage":0.0,"enemies":"Snecko","floor":21.0,"turns":3.0},{"damage":13.0,"enemies":"Gremlin Leader","floor":24.0,"turns":8.0},{"damage":0.0,"enemies":"3 Cultists","floor":25.0,"turns":4.0},{"damage":0,"enemies":"Cultist and Chosen","floor":27,"turns":4},{"damage":0,"enemies":"HollowMod:Nosk","floor":29,"turns":4},{"damage":9,"enemies":"Book of Stabbing","floor":31,"turns":5},{"damage":18,"enemies":"Collector","floor":33,"turns":6},{"damage":0,"enemies":"Orb Walker","floor":35,"turns":3},{"damage":0,"enemies":"Orin","floor":37,"turns":9},{"damage":0,"enemies":"3 Shapes","floor":39,"turns":3},{"damage":0,"enemies":"HollowMod:StalkingDevout","floor":40,"turns":6},{"damage":0,"enemies":"Maw","floor":41,"turns":6},{"damage":0,"enemies":"Giant Head","floor":44,"turns":6},{"damage":28,"enemies":"Transient","floor":46,"turns":5},{"damage":9,"enemies":"Reptomancer","floor":48,"turns":6},{"damage":62,"enemies":"Awakened One","floor":50,"turns":13},{"damage":7,"enemies":"Shield and Spear","floor":54,"turns":8},{"damage":81,"enemies":"The Heart","floor":55,"turns":12}],"seed_played":"2780312621752916014","potions_obtained":[{"floor":6.0,"key":"AttackPotion"},{"floor":7.0,"key":"Weak Potion"},{"floor":10.0,"key":"Swift Potion"},{"floor":19.0,"key":"SkillPotion"},{"floor":25.0,"key":"DistilledChaos"},{"floor":27,"key":"Swift Potion"},{"floor":35,"key":"ColorlessPotion"},{"floor":40,"key":"Dexterity Potion"},{"floor":46,"key":"SpeedPotion"},{"floor":48,"key":"champ:CounterPotion"}],"is_trial":false,"path_per_floor":["M","?","$","M","M","E","M","E","T","M","E","R","M","M","R","B",null,"M","M","M","M","?","R","E","M","T","M","?","E","R","E","R","B",null,"M","$","?","?","M","E","M","R","T","E","?","M","R","E","R","B",null,"R","$","E","B"],"character_chosen":"Hololive_HololiveCharacter","items_purchased":["Hololive_Psychosis","Hololive_Breathe","Sundial","Ornamental Fan","Hololive_BringToTrial","Gremlin Horn","Hololive_CallShiranuiFlare"],"campfire_rested":2,"item_purchase_floors":[3,3,36,36,36,53,53],"current_hp_per_floor":[35,35,35,35,33,33,33,33,33,33,33,33,33,33,33,33,40,40,26,27,27,27,39,27,28,28,28,28,39,39,31,31,26,56,57,57,58,58,59,60,61,61,61,62,62,35,53,45,45,52,65,65,65,59,0,0],"gold":107,"neow_bonus":"THREE_CARDS","is_daily":false,"chose_seed":false,"campfire_upgraded":6,"win_rate":0.0,"timestamp":1614176579,"path_taken":["M","?","$","M","M","E","M","E","T","M","E","R","?","M","R","BOSS","M","M","M","M","?","R","E","M","T","M","?","E","R","E","R","BOSS","M","$","?","?","?","E","M","R","T","E","?","M","R","E","R","BOSS","R","$","E","BOSS"],"items_purchased_type":["Card","Card","Relic","Relic","Card","Relic","Card"],"build_version":"2020-12-22","purchased_purges":0,"victory":false,"max_hp_per_floor":[35,35,35,35,35,35,35,35,35,35,35,35,35,35,35,35,40,40,40,41,41,41,41,42,43,43,43,43,54,54,55,55,56,56,57,57,58,58,59,60,61,61,61,62,62,63,63,64,64,65,65,65,65,66,67,67],"relic_stats":{"Gremlin Horn":[1,1],"counters":[32,162],"Sundial":[2],"Ornamental Fan":[24],"Bag of Preparation":[6],"Letter Opener":[80],"War Paint":["Hololive_LuckPotion","Hololive_Rebirth"],"Question Card":25,"obtain_stats":[{"SnailShell":54,"Tiny House":17,"Pear":29,"Gremlin Horn":53,"Vajra":24,"Rawhide":43,"Bag of Preparation":48,"Letter Opener":40,"War Paint":31,"Question Card":8,"Runic Dome":34,"Sundial":36,"Ornamental Fan":36,"Hololive_TheStar":0,"Molten Egg 2":6,"SpikesRelics:DaevaFist":11,"CatCart":37,"InkBottle":44,"Meat on the Bone":26},{"SnailShell":31,"Tiny House":11,"Pear":19,"Gremlin Horn":30,"Vajra":16,"Rawhide":26,"Bag of Preparation":29,"Letter Opener":25,"War Paint":20,"Question Card":6,"Runic Dome":21,"Sundial":22,"Ornamental Fan":22,"Hololive_TheStar":0,"Molten Egg 2":4,"SpikesRelics:DaevaFist":8,"CatCart":23,"InkBottle":27,"Meat on the Bone":17},{"SnailShell":150,"Tiny House":39,"Pear":76,"Gremlin Horn":142,"Vajra":64,"Rawhide":113,"Bag of Preparation":129,"Letter Opener":107,"War Paint":81,"Question Card":17,"Runic Dome":86,"Sundial":89,"Ornamental Fan":89,"Hololive_TheStar":0,"Molten Egg 2":9,"SpikesRelics:DaevaFist":27,"CatCart":98,"InkBottle":119,"Meat on the Bone":68}],"InkBottle":[17],"Meat on the Bone":12},"card_choices":[{"not_picked":["Hololive_OvertimeWork","Hololive_ManjiGathering"],"picked":"Hololive_Yoholoon","floor":0.0},{"not_picked":["Hololive_BringToTrial","Hololive_OvertimeWork","Hololive_Drill"],"picked":"Hololive_StrengthChampion","floor":1.0},{"not_picked":["Hololive_OvertimeWork","Hololive_Drill","Hololive_CallMoonaHoshinova"],"picked":"Hololive_Rebound","floor":4.0},{"not_picked":["Hololive_Rebound","Hololive_CallYuzukiChoco","Hololive_HuntDinosaur"],"picked":"Hololive_CallOmaruPolka","floor":5.0},{"not_picked":["Hololive_CallAZKi","Hololive_Breathe","Hololive_LuckPotion"],"picked":"Hololive_CallHoushouMarine","floor":6.0},{"not_picked":["Hololive_CallOkamiMio","Hololive_CallShiroganeNoel","Hololive_CallAkiRosenthal"],"picked":"Hololive_Spy","floor":7.0},{"not_picked":["Hololive_OvertimeWork+1","Hololive_CallAmaneKanata","Hololive_Trident+1"],"picked":"Hololive_CallUsadaPekora","floor":8.0},{"not_picked":["Hololive_Recruit","Hololive_CallRoboco","Hololive_HuntDinosaur","Hololive_RevenueBasedLive"],"picked":"Hololive_CallYukihanaLamy","floor":10.0},{"not_picked":["Hololive_CallArtia","Hololive_MaximGun+1","Hololive_CallHoshimachiSuisei","Hololive_Watashimo"],"picked":"Hololive_CandyCastle","floor":11.0},{"not_picked":["Hololive_Trident+1","Hololive_OvertimeWork+1","Hololive_Sequa+1","Hololive_CallShiroganeNoel"],"picked":"Hololive_Psychosis+1","floor":13.0},{"not_picked":["Hololive_StrengthChampion+1","Hololive_HuntDinosaur","Hololive_Rebound","Hololive_RevenueBasedLive"],"picked":"Hololive_CallNekomataOkayu","floor":14.0},{"not_picked":["Hololive_HighAtkLowDef","Hololive_MaximGun+1","Hololive_WolfAndLamb","Hololive_AWSL"],"picked":"Hololive_Rebirth","floor":16.0},{"not_picked":["Hololive_CocoNews+1","Hololive_CallDoris","Hololive_CallYukihanaLamy","Hololive_Psychosis+1"],"picked":"Hololive_StrengthChampion+1","floor":17.0},{"not_picked":["Hololive_CallMomosuzuNene","Hololive_RevenueBasedLive","Hololive_FlyingPonyTail+1","Hololive_Rebound"],"picked":"Hololive_CocoNews+1","floor":18.0},{"not_picked":["Hololive_CallMoonaHoshinova","Hololive_Trident+1","Hololive_CallCivia","Hololive_Rebound"],"picked":"Hololive_AWSL","floor":19.0},{"not_picked":["Hololive_CallSakuraMiko","Hololive_CallRosalyn","Hololive_OvertimeWork+1","Hololive_CallShiroganeNoel"],"picked":"Hololive_CallOzoraSubaru+1","floor":20.0},{"not_picked":["Hololive_RevenueBasedLive","Hololive_Rebound","Hololive_CallNekomataOkayu+1","Hololive_CallCivia"],"picked":"Hololive_Psychosis+1","floor":21.0},{"not_picked":["Hololive_Drill+1","Hololive_Nanodesu+1","Hololive_CallAZKi+1","Hololive_StrengthChampion+1"],"picked":"Hololive_CallInugamiKorone","floor":24.0},{"not_picked":["Hololive_CallOmaruPolka","Hololive_Trident+1","Hololive_Rebound","Hololive_Drill+1"],"picked":"Hololive_LuckPotion","floor":25.0},{"not_picked":["Hololive_Breathe+1","Hololive_StrengthChampion+1","Hololive_HuntDinosaur","Hololive_CocoNews+1"],"picked":"Hololive_SoulCatcher+1","floor":27},{"not_picked":["Hololive_Breathe","Hololive_OvertimeWork+1","Hololive_CallShirakamiFubuki","Hololive_CallUsadaPekora"],"picked":"Hololive_LuckPotion","floor":29},{"not_picked":["Hololive_CocoNews+1","Hololive_OvertimeWork+1","Hololive_CallAyundaRisu","Hololive_Psychosis+1"],"picked":"Hololive_CallAmaneKanata+1","floor":31},{"not_picked":["Hololive_Recruit","Hololive_FlareMind","Hololive_OpenUp+1","Hololive_DiamondStrike+1"],"picked":"Hololive_StarCraft","floor":33},{"not_picked":["Hololive_LuckPotion","Hololive_CallNatsuiroMatsuri","Hololive_Drill+1","Hololive_Breathe"],"picked":"Hololive_Sequa+1","floor":35},{"not_picked":["Hololive_HuntDinosaur+1","Hololive_StrengthChampion+1","Hololive_CallTsunomakiWatame+1","Hololive_Sequa+1"],"picked":"Hololive_CallTokoyamiTowa+1","floor":39},{"not_picked":["Hololive_HuntDinosaur+1","Hololive_Breathe","Hololive_FlyingPonyTail","Hololive_Watashimo+1"],"picked":"Hololive_DDD","floor":40},{"not_picked":["Hololive_LuckPotion","Hololive_StrengthChampion+1","Hololive_Trident+1","Hololive_CallShirakamiFubuki","Hololive_Breathe"],"picked":"SKIP","floor":41},{"not_picked":["Hololive_BringToTrial","Hololive_Drill+1","Hololive_CallMurasakiShion+1","Hololive_HuntDinosaur+1","Hololive_OvertimeWork+1"],"picked":"SKIP","floor":44},{"not_picked":["Hololive_IdolExercise","Hololive_CallMurasakiShion+1","Hololive_StrengthChampion+1","Hololive_CallNakiriAyame"],"picked":"Hololive_Yoholoon+1","floor":46},{"not_picked":["Hololive_FlyingPonyTail+1","Hololive_Breathe","Hololive_Sequa+1","Hololive_Drill+1"],"picked":"Hololive_CallSakuraMiko+1","floor":48},{"not_picked":["Hololive_CallShiroganeNoel","Hololive_CallAyundaRisu","Hololive_ASMR+1","Hololive_AWSL","Hololive_RevenueBasedLive+1"],"picked":"SKIP","floor":54}],"player_experience":125670,"relics_obtained":[{"floor":6.0,"key":"Molten Egg 2"},{"floor":8.0,"key":"Question Card"},{"floor":11.0,"key":"SpikesRelics:DaevaFist"},{"floor":24.0,"key":"Vajra"},{"floor":26.0,"key":"Meat on the Bone"},{"floor":29,"key":"Pear"},{"floor":31,"key":"War Paint"},{"floor":37,"key":"CatCart"},{"floor":40,"key":"Letter Opener"},{"floor":43,"key":"Rawhide"},{"floor":44,"key":"InkBottle"},{"floor":48,"key":"Bag of Preparation"},{"floor":54,"key":"SnailShell"}],"event_choices":[{"damage_healed":0.0,"max_hp_gain":0.0,"max_hp_loss":0.0,"gold_gain":0.0,"event_name":"Purifier","player_choice":"Ignored","floor":2.0,"gold_loss":0.0,"damage_taken":0.0},{"damage_healed":0.0,"max_hp_gain":0.0,"max_hp_loss":0.0,"gold_gain":0.0,"event_name":"Forgotten Altar","player_choice":"Smashed Altar","floor":22.0,"gold_loss":0.0,"damage_taken":0.0,"cards_obtained":["Decay"]},{"damage_healed":0,"gold_gain":0,"player_choice":"Ignored","damage_taken":0,"max_hp_gain":0,"max_hp_loss":0,"event_name":"Ghosts","floor":28,"gold_loss":0},{"damage_healed":0,"gold_gain":0,"player_choice":"Fight","damage_taken":0,"max_hp_gain":0,"max_hp_loss":0,"event_name":"OrinTheCat","floor":37,"gold_loss":0},{"damage_healed":0,"gold_gain":0,"player_choice":"Upgraded","damage_taken":0,"max_hp_gain":0,"max_hp_loss":0,"event_name":"Upgrade Shrine","floor":38,"gold_loss":0,"cards_upgraded":["Hololive_StrengthChampion"]},{"damage_healed":0,"gold_gain":0,"player_choice":"Ignored","damage_taken":0,"max_hp_gain":0,"max_hp_loss":0,"event_name":"Tomb of Lord Red Mask","floor":45,"gold_loss":0}],"is_beta":false,"boss_relics":[{"not_picked":["Fusion Hammer","Empty Cage"],"picked":"Tiny House"},{"not_picked":["Velvet Choker","Astrolabe"],"picked":"Runic Dome"}],"items_purged_floors":[],"is_endless":false,"potions_floor_spawned":[6,7,10,11,13,19,20,25,27,33,35,37,40,46,48],"killed_by":"The Heart","ascension_level":1}}