{"host":"insagfzijja1377g","time":1614133795,"event":{"mods":["BaseMod","Bestiary","Highlight Path","Minty Spire (QoL Compilation)","Relic Stats","Slay the Relics Exporter"],"gold_per_floor":[115,215,230,242,258,290,308,340,340,371,371,371,384,384,384,485,485,496,796,41,41,15,15,46,46,46,46,62,12,38,57,57,160,160,170,182,193,193,204,231,231,258,258,51,77,77,128,140,140,140,140,140,45,74,74],"floor_reached":56,"language":"ENG","playtime":3429,"items_purged":["Strike_P","BattleHymn","PathToVictory"],"score":1913,"play_id":"e657e7d2-712c-427e-871c-972f7f552da8","local_time":"20210223202955","is_ascension_mode":true,"campfire_choices":[{"data":"SashWhip","floor":11,"key":"SMITH"},{"data":"SpiritShield","floor":15,"key":"SMITH"},{"data":"Tantrum","floor":23,"key":"SMITH"},{"data":"MentalFortress","floor":25,"key":"SMITH"},{"data":"J.A.X.","floor":27,"key":"SMITH"},{"data":"Meditate","floor":32,"key":"SMITH"},{"data":"Omniscience","floor":41,"key":"SMITH"},{"floor":46,"key":"RECALL"},{"data":"WaveOfTheHand","floor":49,"key":"SMITH"},{"data":"Scrawl","floor":52,"key":"SMITH"}],"circlet_count":0,"master_deck":["Eruption","Vigilance","CarveReality","SashWhip+1","ReachHeaven+1","Tantrum+1","Meditate+1","BowlingBash+1","SpiritShield+1","FearNoEvil+1","Tantrum","Scrawl+1","FlurryOfBlows+1","LessonLearned","CutThroughFate","Indignation","LikeWater+1","Worship","J.A.X.+1","ClearTheMind+1","MentalFortress+1","Vault+1","Vault+1","ThirdEye","Vengeance","Alpha","WaveOfTheHand+1","CutThroughFate+1","Omniscience+1","Madness","Madness+1","MentalFortress+1","EmptyMind+1","EmptyFist+1","FearNoEvil","InnerPeace+1","Indignation+1","TalkToTheHand+1","Halt","FlurryOfBlows+1"],"relics":["HolyWater","MealTicket","Strawberry","Damaru","Ornamental Fan","Matryoshka","Oddly Smooth Stone","White Beast Statue","Old Coin","Nunchaku","Lantern","Toy Ornithopter","Vajra","Orichalcum","Pandora\u0027s Box","Singing Bowl","PreservedInsect","Question Card","Lizard Tail","Smiling Mask","Letter Opener"],"acts_visited":["Exordium","TheCity","TheBeyond","TheEnding"],"potions_floor_usage":[6,6,8,14,18,24,28,31,33,35,40,45,48,50,50,55,55,55],"damage_taken":[{"damage":0,"enemies":"2 Louse","floor":1,"turns":2},{"damage":0,"enemies":"Cultist","floor":3,"turns":2},{"damage":4,"enemies":"Jaw Worm","floor":4,"turns":3},{"damage":1,"enemies":"Blue Slaver","floor":5,"turns":3},{"damage":5,"enemies":"Lagavulin","floor":6,"turns":7},{"damage":9,"enemies":"Looter","floor":7,"turns":3},{"damage":25,"enemies":"3 Sentries","floor":8,"turns":3},{"damage":0,"enemies":"Lagavulin","floor":10,"turns":4},{"damage":4,"enemies":"Lots of Slimes","floor":13,"turns":5},{"damage":0,"enemies":"Gremlin Gang","floor":14,"turns":1},{"damage":9,"enemies":"The Guardian","floor":16,"turns":10},{"damage":5,"enemies":"Shell Parasite","floor":18,"turns":3},{"damage":11,"enemies":"Book of Stabbing","floor":24,"turns":5},{"damage":4,"enemies":"Chosen","floor":28,"turns":3},{"damage":0,"enemies":"Gremlin Leader","floor":30,"turns":5},{"damage":1,"enemies":"Snecko","floor":31,"turns":4},{"damage":24,"enemies":"Collector","floor":33,"turns":5},{"damage":6,"enemies":"3 Shapes","floor":35,"turns":9},{"damage":3,"enemies":"3 Darklings","floor":36,"turns":3},{"damage":3,"enemies":"Spire Growth","floor":37,"turns":3},{"damage":3,"enemies":"Sphere and 2 Shapes","floor":39,"turns":6},{"damage":0,"enemies":"Nemesis","floor":40,"turns":4},{"damage":3,"enemies":"Giant Head","floor":42,"turns":6},{"damage":5,"enemies":"Reptomancer","floor":45,"turns":5},{"damage":4,"enemies":"Writhing Mass","floor":48,"turns":2},{"damage":45,"enemies":"Donu and Deca","floor":50,"turns":8},{"damage":7,"enemies":"Shield and Spear","floor":54,"turns":6},{"damage":58,"enemies":"The Heart","floor":55,"turns":8}],"seed_played":"6777308126497156777","potions_obtained":[{"floor":1,"key":"SkillPotion"},{"floor":5,"key":"Explosive Potion"},{"floor":6,"key":"DistilledChaos"},{"floor":8,"key":"SmokeBomb"},{"floor":10,"key":"StancePotion"},{"floor":13,"key":"SkillPotion"},{"floor":16,"key":"SkillPotion"},{"floor":18,"key":"LiquidBronze"},{"floor":24,"key":"Energy Potion"},{"floor":28,"key":"FearPotion"},{"floor":31,"key":"Weak Potion"},{"floor":33,"key":"Ancient Potion"},{"floor":35,"key":"SteroidPotion"},{"floor":36,"key":"EntropicBrew"},{"floor":37,"key":"PowerPotion"},{"floor":40,"key":"Swift Potion"},{"floor":45,"key":"AttackPotion"},{"floor":48,"key":"Explosive Potion"},{"floor":54,"key":"SkillPotion"}],"is_trial":false,"path_per_floor":["M","?","M","M","M","E","M","E","T","E","R","T","M","M","R","B",null,"M","?","$","?","$","R","E","R","T","R","M","?","E","M","R","B",null,"M","M","M","?","M","E","R","E","T","$","E","R","T","M","R","B",null,"R","$","E","B",null],"character_chosen":"WATCHER","items_purchased":["LessonLearned","Nunchaku","CutThroughFate","Indignation","LikeWater","Lantern","Worship","ClearTheMind","FearNoEvil","InnerPeace","Halt"],"campfire_rested":0,"item_purchase_floors":[20,20,20,20,20,20,20,22,44,44,53],"current_hp_per_floor":[65,65,65,61,60,62,53,28,28,28,28,28,24,24,24,15,63,58,58,73,73,79,79,68,68,68,68,69,69,69,73,73,54,73,72,69,66,56,53,58,58,55,55,70,70,70,70,71,71,36,68,68,79,72,25],"gold":74,"neow_bonus":"RANDOM_COMMON_RELIC","is_daily":false,"chose_seed":false,"campfire_upgraded":9,"win_rate":0.0,"timestamp":1614133795,"path_taken":["M","?","?","M","M","E","M","E","T","E","R","?","M","M","R","BOSS","M","?","$","?","?","R","E","R","T","R","M","?","E","?","R","BOSS","M","M","?","?","M","E","R","E","T","$","E","R","?","M","R","BOSS","R","$","E","BOSS"],"items_purchased_type":["Card","Relic","Card","Card","Card","Relic","Card","Card","Card","Card","Card"],"build_version":"2020-12-22","purchased_purges":3,"victory":true,"max_hp_per_floor":[72,72,72,72,72,79,79,79,79,79,79,79,79,79,79,79,79,79,79,79,79,79,79,79,79,79,79,79,79,79,79,79,79,79,79,79,79,79,79,79,79,79,79,79,79,79,79,79,79,79,79,79,79,79,79],"relic_stats":{"Singing Bowl":0,"counters":[28,128],"PreservedInsect":138,"Letter Opener":[25],"Orichalcum":[84],"Question Card":3,"Smiling Mask":75,"Nunchaku":[21],"Lizard Tail":0,"Ornamental Fan":[216],"MealTicket":47,"Pandora\u0027s Box":["Vault","ThirdEye","Vengeance","Alpha","PathToVictory","WaveOfTheHand","BattleHymn"],"obtain_stats":[{"Lantern":20,"Singing Bowl":40,"Damaru":8,"Oddly Smooth Stone":12,"Vajra":26,"PreservedInsect":42,"Letter Opener":54,"Orichalcum":30,"Question Card":43,"Smiling Mask":47,"White Beast Statue":12,"Old Coin":19,"Nunchaku":20,"Lizard Tail":45,"Matryoshka":10,"Ornamental Fan":9,"Strawberry":6,"HolyWater":17,"MealTicket":0,"Pandora\u0027s Box":34,"PureWater":0,"Toy Ornithopter":24},{"Lantern":12,"Singing Bowl":22,"Damaru":7,"Oddly Smooth Stone":8,"Vajra":13,"PreservedInsect":23,"Letter Opener":27,"Orichalcum":15,"Question Card":23,"Smiling Mask":24,"White Beast Statue":8,"Old Coin":12,"Nunchaku":12,"Lizard Tail":24,"Matryoshka":8,"Ornamental Fan":7,"Strawberry":5,"HolyWater":11,"MealTicket":0,"Pandora\u0027s Box":17,"PureWater":0,"Toy Ornithopter":13},{"Lantern":46,"Singing Bowl":93,"Damaru":23,"Oddly Smooth Stone":27,"Vajra":51,"PreservedInsect":99,"Letter Opener":120,"Orichalcum":59,"Question Card":99,"Smiling Mask":104,"White Beast Statue":27,"Old Coin":46,"Nunchaku":46,"Lizard Tail":104,"Matryoshka":27,"Ornamental Fan":23,"Strawberry":17,"HolyWater":43,"MealTicket":0,"Pandora\u0027s Box":68,"PureWater":0,"Toy Ornithopter":51}],"Toy Ornithopter":56},"card_choices":[{"not_picked":["Pray","Halt"],"picked":"CarveReality","floor":1},{"not_picked":["Protect","Crescendo"],"picked":"SashWhip","floor":3},{"not_picked":["FlyingSleeves","BowlingBash"],"picked":"ReachHeaven","floor":4},{"not_picked":["FlyingSleeves","DeceiveReality"],"picked":"Tantrum","floor":5},{"not_picked":["JustLucky","PathToVictory"],"picked":"Meditate","floor":6},{"not_picked":["DeceiveReality","WindmillStrike"],"picked":"BowlingBash","floor":7},{"not_picked":["CutThroughFate","Consecrate"],"picked":"SpiritShield","floor":8},{"not_picked":["LikeWater","Halt"],"picked":"FearNoEvil","floor":10},{"not_picked":["FlyingSleeves","WreathOfFlame"],"picked":"Tantrum","floor":13},{"not_picked":["ConjureBlade","Judgement"],"picked":"Scrawl","floor":16},{"not_picked":["PathToVictory+1","EmptyBody+1"],"picked":"FlurryOfBlows+1","floor":18},{"not_picked":["WreathOfFlame","FlurryOfBlows+1"],"picked":"MentalFortress","floor":24},{"not_picked":["Indignation","FollowUp","PathToVictory"],"picked":"SKIP","floor":28},{"not_picked":["Blasphemy","ReachHeaven+1","ThirdEye"],"picked":"SKIP","floor":30},{"not_picked":["ForeignInfluence","WindmillStrike","Evaluate"],"picked":"SKIP","floor":31},{"not_picked":["Devotion","SpiritShield"],"picked":"Vault","floor":33},{"not_picked":["Consecrate","BowlingBash","ClearTheMind+1"],"picked":"SKIP","floor":35},{"not_picked":["Crescendo","FlurryOfBlows"],"picked":"CutThroughFate+1","floor":36},{"not_picked":["Indignation","Consecrate"],"picked":"Omniscience","floor":37},{"not_picked":["Wallop","Fasting2"],"picked":"MentalFortress+1","floor":39},{"not_picked":["EmptyBody","InnerPeace+1"],"picked":"EmptyMind+1","floor":40},{"not_picked":["FollowUp+1","CrushJoints"],"picked":"EmptyFist+1","floor":42},{"not_picked":["PathToVictory","Meditate","ThirdEye"],"picked":"Indignation+1","floor":45},{"not_picked":["Halt+1","Evaluate","Sanctity+1"],"picked":"TalkToTheHand+1","floor":48},{"not_picked":["PathToVictory+1","FollowUp","Ragnarok"],"picked":"FlurryOfBlows+1","floor":54}],"player_experience":2222091,"relics_obtained":[{"floor":6,"key":"Strawberry"},{"floor":8,"key":"Damaru"},{"floor":9,"key":"Ornamental Fan"},{"floor":10,"key":"Matryoshka"},{"floor":12,"key":"Oddly Smooth Stone"},{"floor":12,"key":"White Beast Statue"},{"floor":24,"key":"Toy Ornithopter"},{"floor":26,"key":"Vajra"},{"floor":30,"key":"Orichalcum"},{"floor":40,"key":"Singing Bowl"},{"floor":42,"key":"PreservedInsect"},{"floor":43,"key":"Question Card"},{"floor":45,"key":"Lizard Tail"},{"floor":47,"key":"Smiling Mask"},{"floor":54,"key":"Letter Opener"}],"event_choices":[{"damage_healed":0,"gold_gain":100,"player_choice":"Pray","damage_taken":0,"max_hp_gain":0,"max_hp_loss":0,"event_name":"Golden Shrine","floor":2,"gold_loss":0},{"damage_healed":0,"gold_gain":0,"player_choice":"Opened","damage_taken":0,"relics_obtained":["Old Coin"],"max_hp_gain":0,"max_hp_loss":0,"event_name":"The Mausoleum","floor":19,"gold_loss":0},{"damage_healed":0,"gold_gain":0,"player_choice":"Obtain J.A.X.","damage_taken":0,"max_hp_gain":0,"max_hp_loss":0,"event_name":"Drug Dealer","floor":21,"gold_loss":0,"cards_obtained":["J.A.X."]},{"damage_healed":0,"gold_gain":0,"player_choice":"Bet on Murderer","damage_taken":0,"max_hp_gain":0,"max_hp_loss":0,"event_name":"The Joust","floor":29,"gold_loss":50},{"damage_healed":0,"gold_gain":0,"player_choice":"Embrace Madness","damage_taken":10,"max_hp_gain":0,"max_hp_loss":0,"event_name":"Winding Halls","floor":38,"gold_loss":0,"cards_obtained":["Madness","Madness"]}],"is_beta":false,"boss_relics":[{"not_picked":["Calling Bell","Astrolabe"],"picked":"HolyWater"},{"not_picked":["Sozu","Snecko Eye"],"picked":"Pandora\u0027s Box"}],"items_purged_floors":[20,44,53],"is_endless":false,"potions_floor_spawned":[1,5,6,8,10,13,14,16,18,24,28,30,31,33,35,36,37,39,40,42,45,48,54],"ascension_level":9}}