{"host":"h0eytjmkj9z8sjet","time":1614198656,"event":{"mods":["BaseMod","BetterRewards","Colored Map","Colored Powertips","Downfall","Ekko","GifTheSpireLib","Hubris","Infinite Spire","Minty Spire (QoL Compilation)","Quick Restart","Replay The Spire","Shop Mod","StSLib","The Animator","The Bug Knight","The Cursed"],"gold_per_floor":[109,109,109,109,129,129,141,141,161,161,161,175,210,485,496,514,514,611,611,622,394,394,394,404,354,373,373,373,373,402,402,402],"floor_reached":31,"language":"ENG","playtime":1274,"items_purged":["Looming Evil"],"score":280,"play_id":"fba7ed96-3b88-44d0-af2d-e7bb9961d8fb","local_time":"20210224153056","is_ascension_mode":false,"campfire_choices":[{"data":"Specialist","floor":8,"key":"SMITH"},{"data":"Crystallizer","floor":17,"key":"SMITH"},{"data":"Amplify","floor":27,"key":"SMITH"}],"circlet_count":0,"master_deck":["Defend_B","Defend_B","Defend_B","Defend_B","Zap+1","Dualcast","Specialist+1","hubris:Ukulele+1","Leap","Redo","Ball Lightning","Barrage+1","Crystallizer+1","Regret","Genetic Algorithm","ReplaySolidLightProjector","Redo","Storm+1","Panache","Defragment","Conserve Battery","Bite+1","Bite+1","Bite+1","Bite+1","Bite+1","downfall:Bewildered","Ball Lightning+1","Amplify+1","Hello World","Redo+1","Double Energy"],"relics":["Cracked Core","Torii","Replay:WaspNest","Molten Egg 2","infinitespire:Lucky Rock","Sozu","Prayer Wheel","ReplayTheSpireMod:CursedCoin","sneckomod:BabySnecko","Replay:Wax Seal","hubris:Icosahedron","The Courier"],"acts_visited":["Exordium","TheCity"],"potions_floor_usage":[13,18,20],"damage_taken":[{"damage":2,"enemies":"Jaw Worm","floor":1,"turns":3},{"damage":0,"enemies":"Cultist","floor":5,"turns":3},{"damage":0,"enemies":"Small Slimes","floor":7,"turns":2},{"damage":1,"enemies":"Red Slaver","floor":9,"turns":3},{"damage":7,"enemies":"2 Fungi Beasts","floor":12,"turns":2},{"damage":9,"enemies":"HollowMod:MossKnight","floor":13,"turns":5},{"damage":1,"enemies":"Looter","floor":15,"turns":2},{"damage":6,"enemies":"HollowMod:HuskWarrior","floor":16,"turns":3},{"damage":45,"enemies":"Fading Forest","floor":18,"turns":11},{"damage":5,"enemies":"Chosen","floor":20,"turns":3},{"damage":7,"enemies":"Shell Parasite","floor":24,"turns":2},{"damage":1,"enemies":"3 Cultists","floor":26,"turns":3},{"damage":38,"enemies":"HollowMod:Nosk","floor":30,"turns":4},{"damage":14,"enemies":"Snake Plant","floor":31,"turns":1}],"seed_played":"-5459447857300875371","potions_obtained":[{"floor":5,"key":"Fire Potion"},{"floor":7,"key":"BlessingOfTheForge"},{"floor":16,"key":"Weak Potion"},{"floor":18,"key":"Adrenaline Potion"}],"is_trial":false,"path_per_floor":["M","?","PTL","PTL","M","?","M","R","M","?","T","M","E","?","M","M","R","B",null,"M","$","?","?","M","?","M","R","T","?","E","M"],"character_chosen":"DEFECT","items_purchased":["hubris:EnhanceAbility","Panache","Defragment","ReplayTheSpireMod:CursedCoin","Conserve Battery"],"campfire_rested":0,"item_purchase_floors":[0,21,21,21,21],"current_hp_per_floor":[73,73,73,73,73,73,73,73,72,72,72,65,56,56,55,49,49,24,75,70,70,52,52,51,51,51,51,51,51,14,0,0],"gold":402,"neow_bonus":"","is_daily":false,"chose_seed":false,"campfire_upgraded":3,"win_rate":0.0,"timestamp":1614198656,"path_taken":["M","?","PTL","PTL","M","?","?","R","M","?","T","M","E","?","?","?","R","BOSS","M","$","?","?","M","?","?","R","T","?","E","M"],"items_purchased_type":["Card","Card","Card","Relic","Card"],"build_version":"2020-12-22","purchased_purges":1,"victory":false,"max_hp_per_floor":[75,75,75,75,75,75,75,75,75,75,75,75,75,75,75,75,75,75,75,75,75,52,52,52,52,52,52,52,52,52,52,52],"card_choices":[{"not_picked":["Redo","Heatsinks"],"picked":"BasicCrystalCard","floor":1},{"not_picked":["ReplayTheSpireMod:GoodbyeWorld","Beam Cell"],"picked":"Leap","floor":5},{"not_picked":["Stack","Sweeping Beam"],"picked":"Redo","floor":7},{"not_picked":["Coolheaded","Hologram"],"picked":"Ball Lightning","floor":9},{"not_picked":["hubris:Ukulele+1","Redo"],"picked":"Barrage+1","floor":12},{"not_picked":["Hologram","BasicCrystalCard"],"picked":"Crystallizer","floor":13},{"not_picked":["Streamline+1","Force Field"],"picked":"Genetic Algorithm","floor":15},{"not_picked":["Streamline+1","Glacier"],"picked":"ReplaySolidLightProjector","floor":16},{"not_picked":["ReplayRNGCard","Mirror Shield"],"picked":"ReplayTheSpireMod:Fabricate Wheel","floor":18},{"not_picked":["Go for the Eyes+1","Conserve Battery"],"picked":"Redo","floor":20},{"not_picked":["Barrage+1","BasicCrystalCard"],"picked":"Storm+1","floor":20},{"not_picked":["Tempest","Scrape+1"],"picked":"Ball Lightning+1","floor":24},{"not_picked":["Leap","Redo"],"picked":"Amplify","floor":24},{"not_picked":["Coolheaded+1","ReplayTheSpireMod:GoodbyeWorld"],"picked":"Hello World","floor":26},{"not_picked":["BasicCrystalCard","BootSequence"],"picked":"Redo+1","floor":26},{"not_picked":["Redo","Leap"],"picked":"Double Energy","floor":30}],"player_experience":239490,"relics_obtained":[{"floor":11,"key":"Molten Egg 2"},{"floor":13,"key":"infinitespire:Lucky Rock"},{"floor":28,"key":"Replay:Wax Seal"},{"floor":30,"key":"The Courier"}],"event_choices":[{"damage_healed":0,"gold_gain":0,"player_choice":"Gave Potion","damage_taken":0,"relics_obtained":["Replay:WaspNest"],"max_hp_gain":0,"max_hp_loss":0,"event_name":"WeMeetAgain","floor":6,"gold_loss":0},{"damage_healed":0,"gold_gain":0,"player_choice":"Grow","damage_taken":0,"max_hp_gain":0,"max_hp_loss":0,"event_name":"Living Wall","floor":10,"gold_loss":0,"cards_upgraded":["Zap"]},{"damage_healed":0,"gold_gain":275,"player_choice":"Desecrate","damage_taken":0,"max_hp_gain":0,"max_hp_loss":0,"event_name":"Golden Shrine","floor":14,"gold_loss":0,"cards_obtained":["Regret"]},{"damage_healed":0,"gold_gain":0,"player_choice":"Became a vampire","damage_taken":0,"max_hp_gain":0,"max_hp_loss":23,"event_name":"Vampires","floor":22,"gold_loss":0,"cards_obtained":["Bite","Bite","Bite","Bite","Bite"]},{"damage_healed":0,"gold_gain":0,"player_choice":"Bet on Murderer","damage_taken":0,"max_hp_gain":0,"max_hp_loss":0,"event_name":"The Joust","floor":25,"gold_loss":50}],"is_beta":false,"boss_relics":[{"not_picked":["hubris:HollowSoul","FrozenCore"],"picked":"Sozu"}],"items_purged_floors":[21],"is_endless":false,"potions_floor_spawned":[5,7,16,18,24,30],"killed_by":"Snake Plant","ascension_level":0}}