{"host":"17xjy7b7ubl548g2","time":1614141137,"event":{"mods":["2.2 Compatiblity","Act Like it!","Aspiration","Astrologer","Bard","BaseMod","Challenge The Spire","ChefMod","Colored Map","Colored Powertips","Conspire","Elementarium","Energized Spire","Gensokyo","GifTheSpireLib","Halation","Hallownest","Hermit","Hubris","Infinite Spire","Jedi Mod","Jorbs\u0027s Wanderer Trilogy","Marisa（霧雨　魔理沙）","Marked Mod","Menagerie","Minty Spire (QoL Compilation)","Permanent Neow","Reliquary","Replay The Spire","Robot Space Explorer","Ruina","Shapeshifter Mod","Spicy Shops","Spire Arcade","StSLib","Stuff the Spire","The Blue Laboratory","The Bug Knight","The Construct","The Disciple","The Hayseed","The Hierophant","The Marked","The Runesmith","The Sage","TheFirefly"],"gold_per_floor":[113,123,134,134,153,185,185,210,290,290,290,303,31,56,56,127,127,147,147,166,183,197,197,229,229,253,22,50,50,67,78,78,152,152,168,168,168,168,12,12,40,40,40,56,56,91,7,7,7,7,7,7,7,37,37],"floor_reached":56,"language":"ENG","playtime":6826,"items_purged":["RobotSpaceExplorer:Strike","RobotSpaceExplorer:Strike","RobotSpaceExplorer:Strike","Wraith"],"score":2060,"play_id":"eb3cb64d-56a2-433e-b3d2-c01f3b406de8","local_time":"20210223233217","is_ascension_mode":true,"campfire_choices":[{"data":"RobotSpaceExplorer:PlasmaMissile","floor":7.0,"key":"SMITH"},{"data":"RobotSpaceExplorer:Blitz","floor":10.0,"key":"SMITH"},{"floor":11.0,"key":"REST"},{"data":"RobotSpaceExplorer:ToxicBomb","floor":15.0,"key":"SMITH"},{"data":"RobotSpaceExplorer:Blaster","floor":23.0,"key":"SMITH"},{"data":"RobotSpaceExplorer:MiniLasers","floor":25.0,"key":"SMITH"},{"data":"RobotSpaceExplorer:Fix","floor":29.0,"key":"SMITH"},{"data":"RobotSpaceExplorer:IronShell","floor":32.0,"key":"SMITH"},{"data":"RobotSpaceExplorer:FreezingShield","floor":40,"key":"SMITH"},{"floor":42,"key":"RECALL"},{"data":"RobotSpaceExplorer:Counterblock","floor":45,"key":"SMITH"},{"data":"AscendersBane","floor":49,"key":"SMITH"},{"data":"RobotSpaceExplorer:Multitool","floor":52,"key":"SMITH"}],"circlet_count":0,"master_deck":["RobotSpaceExplorer:Strike","RobotSpaceExplorer:Defend","RobotSpaceExplorer:Defend","RobotSpaceExplorer:Defend","RobotSpaceExplorer:Defend+1","RobotSpaceExplorer:Scan","RobotSpaceExplorer:MiniLasers+1","RobotSpaceExplorer:GearShield","RobotSpaceExplorer:PlasmaMissile+1","RobotSpaceExplorer:SlimeMissile","Backflip","RobotSpaceExplorer:SurgingShield","RobotSpaceExplorer:FreezingShield+1","RobotSpaceExplorer:Blitz+1","RobotSpaceExplorer:SurgingStrike","Bandage Up","RobotSpaceExplorer:Pulsar","RobotSpaceExplorer:ToxicBomb+1","RobotSpaceExplorer:Blaster+1","RobotSpaceExplorer:Counterblock+1","RobotSpaceExplorer:ShovelStrike+1","RobotSpaceExplorer:StunGrenade","RobotSpaceExplorer:IronShell+1","RobotSpaceExplorer:StarLightning+1","RobotSpaceExplorer:Fix+1","RobotSpaceExplorer:Pulsar+1","RobotSpaceExplorer:TrailblazerForm","RobotSpaceExplorer:Smokescreen","RobotSpaceExplorer:FranticSearch+1","RobotSpaceExplorer:ScrapMissile","RobotSpaceExplorer:Multitool+1","StuffTheSpire:BrainWave","RobotSpaceExplorer:Blitz+1"],"relics":["RobotSpaceExplorer:RoboCore","hubris:Potato","reliquary:PrincelyHelmet","Membership Card","Mercury Hourglass","reliquary:RedCape","Oddly Smooth Stone","Pantograph","RobotSpaceExplorer:FoglandsKnife","RobotSpaceExplorer:ClockworkSextant","hubris:BundleOfHerbs","Elementarium:ElementariumTrophy","infinitespire:Cupcake","halation:EternalFortune","reliquary:PartyBalloon","aspiration:HummingbirdHeart","reliquary:WeakTea","Calipers","halation:PrussianBluePaint","halation:AfternoonTea"],"acts_visited":["Exordium","Menagerie:Menagerie","TheBeyond","TheEnding"],"potions_floor_usage":[41,50,55,55],"damage_taken":[{"damage":2.0,"enemies":"Menagerie:2_RABBITS","floor":1.0,"turns":5.0},{"damage":0.0,"enemies":"Menagerie:WhisperingWraith","floor":2.0,"turns":4.0},{"damage":7.0,"enemies":"Menagerie:StygianBoar","floor":3.0,"turns":4.0},{"damage":20.0,"enemies":"Menagerie:RedMage","floor":5.0,"turns":8.0},{"damage":25.0,"enemies":"Menagerie:VoidReaper","floor":6.0,"turns":4.0},{"damage":4.0,"enemies":"Menagerie:MaskedSummoner","floor":8.0,"turns":3.0},{"damage":0.0,"enemies":"Menagerie:Hexasnake","floor":12.0,"turns":4.0},{"damage":1.0,"enemies":"Menagerie:VoidReaper","floor":14.0,"turns":7.0},{"damage":26.0,"enemies":"Menagerie:Suneater","floor":16.0,"turns":10.0},{"damage":7.0,"enemies":"Elementarium:VoidCorruption","floor":18.0,"turns":5.0},{"damage":0.0,"enemies":"Elementarium:2_ELEMENTALS","floor":20.0,"turns":3.0},{"damage":12.0,"enemies":"Elementarium:RubyGolem","floor":21.0,"turns":6.0},{"damage":9.0,"enemies":"Elementarium:VOID_CORRUPTION_AND_TAR_GOLEM","floor":22.0,"turns":5.0},{"damage":0.0,"enemies":"Nightmare","floor":24.0,"turns":10.0},{"damage":0.0,"enemies":"Elementarium:ElementalPortal","floor":28.0,"turns":6.0},{"damage":6.0,"enemies":"Elementarium:Hydrostalker","floor":30.0,"turns":5.0},{"damage":0.0,"enemies":"Elementarium:VoidBeast","floor":31.0,"turns":5.0},{"damage":52.0,"enemies":"Elementarium:PHOENIXES","floor":33.0,"turns":14.0},{"damage":0.0,"enemies":"3 Shapes","floor":35.0,"turns":4.0},{"damage":25,"enemies":"Giant Head","floor":41,"turns":11},{"damage":0,"enemies":"3 Darklings","floor":44,"turns":6},{"damage":13,"enemies":"Nemesis","floor":46,"turns":7},{"damage":32,"enemies":"Awakened One","floor":50,"turns":13},{"damage":64,"enemies":"Shield and Spear","floor":54,"turns":11},{"damage":11,"enemies":"The Heart","floor":55,"turns":14}],"seed_played":"-1242431412172660839","potions_obtained":[{"floor":2.0,"key":"AttackPotion"},{"floor":5.0,"key":"jedi:wingpotion"},{"floor":6.0,"key":"blueLaboratory:NullPotion"},{"floor":12.0,"key":"Block Potion"},{"floor":14.0,"key":"SpeedPotion"},{"floor":20.0,"key":"blueLaboratory:PyrophylliteBrew"},{"floor":24.0,"key":"blueLaboratory:FrostheartPotion"},{"floor":31.0,"key":"Regen Potion"},{"floor":33.0,"key":"blueLaboratory:SavagePotion"},{"floor":35.0,"key":"EssenceOfSteel"},{"floor":44,"key":"blueLaboratory:Moonshine"},{"floor":54,"key":"Cursed Concoction"}],"is_trial":false,"path_per_floor":["M","M","M","?","M","E","R","E","T","R","R","M","$","E","R","B",null,"M","?","M","M","M","R","NM","R","T","$","E","R","M","M","R","B",null,"M","?","?","?","$","R","E","R","T","M","R","E","$","?","R","B",null,"R","$","E","B",null],"character_chosen":"RobotSpaceExplorer","items_purchased":["Membership Card","Bandage Up","RobotSpaceExplorer:Pulsar","RobotSpaceExplorer:ClockworkSextant","RobotSpaceExplorer:StarLightning+1","reliquary:PartyBalloon","halation:PrussianBluePaint"],"campfire_rested":1,"item_purchase_floors":[13,13,13,27,27,39,47],"current_hp_per_floor":[69,69,62,62,42,17,17,13,13,13,36,36,36,39,39,17,63,56,36,40,32,27,27,31,31,31,31,35,35,39,49,49,32,67,78,78,78,81,81,81,59,59,59,69,69,66,66,66,66,47,64,64,64,69,64],"gold":37,"neow_bonus":"TEN_PERCENT_HP_BONUS","is_daily":false,"chose_seed":false,"campfire_upgraded":11,"win_rate":0.0,"timestamp":1614141137,"path_taken":["M","M","M","?","?","E","R","E","T","R","R","M","$","E","R","BOSS","M","?","?","M","M","R","NM","R","T","$","E","R","M","M","R","BOSS","M","?","?","?","?","R","E","R","T","?","R","E","?","?","R","BOSS","R","$","E","BOSS"],"items_purchased_type":["Relic","Card","Card","Relic","Card","Relic","Relic"],"build_version":"2020-12-22","purchased_purges":4,"victory":true,"max_hp_per_floor":[78,78,78,78,78,78,78,78,78,78,78,78,78,78,78,78,78,78,78,78,78,78,78,78,78,78,78,78,78,78,78,78,78,78,78,78,78,81,81,81,81,81,81,81,81,81,81,69,69,69,69,69,69,69,69],"card_choices":[{"not_picked":["RobotSpaceExplorer:StarDust","RobotSpaceExplorer:PowerGlove"],"picked":"RobotSpaceExplorer:GearShield","floor":1.0},{"not_picked":["RobotSpaceExplorer:MetalStrike","RobotSpaceExplorer:MiniDrones"],"picked":"RobotSpaceExplorer:PlasmaMissile","floor":2.0},{"not_picked":["RobotSpaceExplorer:FrostMissile","RobotSpaceExplorer:TurboDodge"],"picked":"RobotSpaceExplorer:SlimeMissile","floor":3.0},{"not_picked":["PowerUp","sagemod:Potion_Trance"],"picked":"Backflip","floor":4.0},{"not_picked":["RobotSpaceExplorer:DoubleFind","RobotSpaceExplorer:MiniDrones"],"picked":"RobotSpaceExplorer:SurgingShield","floor":5.0},{"not_picked":["RobotSpaceExplorer:StarDust","RobotSpaceExplorer:BlastShield"],"picked":"RobotSpaceExplorer:FreezingShield","floor":6.0},{"not_picked":["RobotSpaceExplorer:IronShell","RobotSpaceExplorer:MiniDrones"],"picked":"RobotSpaceExplorer:Blitz","floor":8.0},{"not_picked":["RobotSpaceExplorer:Pulsar","RobotSpaceExplorer:DualCore"],"picked":"RobotSpaceExplorer:SurgingStrike","floor":12.0},{"not_picked":["RobotSpaceExplorer:ShockKick","RobotSpaceExplorer:Jetpack"],"picked":"RobotSpaceExplorer:ToxicBomb","floor":14.0},{"not_picked":["RobotSpaceExplorer:Multitool","RobotSpaceExplorer:Arsenal"],"picked":"RobotSpaceExplorer:Blaster","floor":16.0},{"not_picked":["RobotSpaceExplorer:TurboDodge","RobotSpaceExplorer:Ammunition"],"picked":"RobotSpaceExplorer:Counterblock","floor":18.0},{"not_picked":["RobotSpaceExplorer:StunGrenade","RobotSpaceExplorer:FrostMissile"],"picked":"RobotSpaceExplorer:ShovelStrike+1","floor":20.0},{"not_picked":["RobotSpaceExplorer:Blitz","RobotSpaceExplorer:StarDust"],"picked":"RobotSpaceExplorer:StunGrenade","floor":21.0},{"not_picked":["RobotSpaceExplorer:ExhaustFan+1","RobotSpaceExplorer:StunGrenade","RobotSpaceExplorer:MetalStrike"],"picked":"SKIP","floor":22.0},{"not_picked":["RobotSpaceExplorer:GlueShot","RobotSpaceExplorer:Accelerator"],"picked":"RobotSpaceExplorer:IronShell","floor":24.0},{"not_picked":["RobotSpaceExplorer:LuckyStrike+1","RobotSpaceExplorer:Pulsar"],"picked":"RobotSpaceExplorer:Fix","floor":28.0},{"not_picked":["RobotSpaceExplorer:ScrapToss","RobotSpaceExplorer:BigMissile"],"picked":"RobotSpaceExplorer:Pulsar+1","floor":30.0},{"not_picked":["RobotSpaceExplorer:Probe","RobotSpaceExplorer:FrostMissile","RobotSpaceExplorer:PowerCollector"],"picked":"SKIP","floor":31.0},{"not_picked":["RobotSpaceExplorer:DroneSwarm","RobotSpaceExplorer:Scanner"],"picked":"RobotSpaceExplorer:TrailblazerForm","floor":33.0},{"not_picked":["RobotSpaceExplorer:ShovelStrike","RobotSpaceExplorer:Counterblock"],"picked":"RobotSpaceExplorer:Smokescreen","floor":35.0},{"not_picked":["RobotSpaceExplorer:MakeshiftVolley","RobotSpaceExplorer:SurgingStrike"],"picked":"RobotSpaceExplorer:FranticSearch+1","floor":41},{"not_picked":["RobotSpaceExplorer:RigExplosive","RobotSpaceExplorer:GlueSpray"],"picked":"RobotSpaceExplorer:ScrapMissile","floor":44},{"not_picked":["RobotSpaceExplorer:SurgingStrike+1","RobotSpaceExplorer:SlimeMissile"],"picked":"RobotSpaceExplorer:Multitool","floor":46},{"not_picked":["RobotSpaceExplorer:ImprovisedAttack","RobotSpaceExplorer:BigMissile"],"picked":"RobotSpaceExplorer:Blitz+1","floor":54}],"player_experience":2260302,"relics_obtained":[{"floor":6.0,"key":"hubris:Potato"},{"floor":8.0,"key":"reliquary:PrincelyHelmet"},{"floor":14.0,"key":"Mercury Hourglass"},{"floor":24.0,"key":"Pantograph"},{"floor":26.0,"key":"RobotSpaceExplorer:FoglandsKnife"},{"floor":28.0,"key":"hubris:BundleOfHerbs"},{"floor":41,"key":"aspiration:HummingbirdHeart"},{"floor":43,"key":"reliquary:WeakTea"},{"floor":46,"key":"Calipers"},{"floor":54,"key":"halation:AfternoonTea"}],"event_choices":[{"damage_healed":0.0,"max_hp_gain":0.0,"max_hp_loss":0.0,"gold_gain":0.0,"event_name":"Menagerie:ThreeAnimals","player_choice":"Lion","floor":4.0,"gold_loss":0.0,"damage_taken":0.0},{"damage_healed":0,"gold_gain":0,"player_choice":"Ignored","damage_taken":0,"max_hp_gain":0,"max_hp_loss":0,"event_name":"OrinTheCat","floor":36,"gold_loss":0}],"is_beta":false,"boss_relics":[{"not_picked":["aspiration:WatcherSkillbook","Snecko Eye"],"picked":"reliquary:RedCape"},{"not_picked":["conspire:RoyalGoblet","Abe\u0027s Treasure"],"picked":"infinitespire:Cupcake"}],"items_purged_floors":[13,27,27,39],"is_endless":false,"potions_floor_spawned":[2,5,6,12,14,20,24,31,33,35,44,54],"ascension_level":18}}