{"host":"uv5ws9rdk87e8i5k","time":1614193289,"event":{"mods":["AchievementEnabler","BaseMod","Colored Map","Minty Spire (QoL Compilation)","Permanent Neow","Quick Restart","StSLib","SuperFastMode","The Necromancer","The Saiyan"],"gold_per_floor":[115,135,135,145,156,191,191,191,191,218,218,243,262,291,291,291,291],"floor_reached":16,"language":"ENG","playtime":308,"items_purged":[],"score":182,"play_id":"e4757668-008f-4535-95e3-ec36d12d1dac","local_time":"20210224130129","is_ascension_mode":true,"campfire_choices":[{"data":"Defragment","floor":7,"key":"SMITH"},{"data":"Defragment","floor":11,"key":"SMITH"},{"data":"Hello World","floor":15,"key":"SMITH"}],"circlet_count":0,"master_deck":["Strike_B","Strike_B","Strike_B","Strike_B","Defend_B","Defend_B","Defend_B","Defend_B","Zap","Dualcast","CurseOfTheBell","Ball Lightning","Loop+1","Defragment+1","Defragment+1","Ball Lightning","Pain","Hello World+1","FTL","Heatsinks"],"relics":["Calling Bell","Akabeko","HornCleat","Du-Vu Doll","Pocketwatch","WarpedTongs","Torii","WingedGreaves","Omamori","The Courier"],"acts_visited":["Exordium"],"potions_floor_usage":[6,16],"damage_taken":[{"damage":0,"enemies":"Cultist","floor":1,"turns":3},{"damage":3,"enemies":"Jaw Worm","floor":2,"turns":4},{"damage":0,"enemies":"2 Louse","floor":4,"turns":3},{"damage":7,"enemies":"2 Fungi Beasts","floor":5,"turns":3},{"damage":2,"enemies":"Gremlin Nob","floor":6,"turns":3},{"damage":5,"enemies":"3 Sentries","floor":10,"turns":5},{"damage":4,"enemies":"Gremlin Nob","floor":12,"turns":3},{"damage":12,"enemies":"Red Slaver","floor":13,"turns":3},{"damage":10,"enemies":"Lagavulin","floor":14,"turns":5},{"damage":2,"enemies":"Slime Boss","floor":16,"turns":3}],"seed_played":"7165615209271416498","potions_obtained":[{"floor":1,"key":"AttackPotion"},{"floor":6,"key":"Swift Potion"},{"floor":13,"key":"SteroidPotion"},{"floor":14,"key":"Regen Potion"}],"is_trial":false,"path_per_floor":["M","M","?","M","M","E","R","?","T","E","R","E","M","E","R","B"],"character_chosen":"DEFECT","items_purchased":[],"campfire_rested":0,"item_purchase_floors":[],"current_hp_per_floor":[68,65,65,65,58,56,56,56,56,51,51,47,35,25,25,32,32],"gold":291,"neow_bonus":"BOSS_RELIC","is_daily":false,"chose_seed":false,"campfire_upgraded":3,"win_rate":0.0,"timestamp":1614193289,"path_taken":["M","?","?","M","M","E","R","?","T","E","R","E","M","E","R","BOSS"],"items_purchased_type":[],"build_version":"2020-12-22","purchased_purges":0,"victory":false,"max_hp_per_floor":[75,75,75,75,75,75,75,75,75,75,75,75,75,75,75,75,75],"card_choices":[{"not_picked":["Barrage","Undo"],"picked":"Ball Lightning","floor":1},{"not_picked":["Streamline","Tempest"],"picked":"Loop","floor":2},{"not_picked":["Leap","Steam"],"picked":"Defragment","floor":4},{"not_picked":["Stack","Ball Lightning"],"picked":"Defragment","floor":5},{"not_picked":["Rebound","Meteor Strike"],"picked":"Ball Lightning","floor":6},{"not_picked":["Beam Cell","Melter","Reprogram"],"picked":"SKIP","floor":10},{"not_picked":["Sunder","Streamline"],"picked":"Hello World","floor":12},{"not_picked":["Cold Snap","Sweeping Beam"],"picked":"FTL","floor":13},{"not_picked":["Darkness","Stack"],"picked":"Heatsinks","floor":14}],"player_experience":233938,"relics_obtained":[{"floor":0,"key":"Akabeko"},{"floor":0,"key":"HornCleat"},{"floor":0,"key":"Du-Vu Doll"},{"floor":6,"key":"Pocketwatch"},{"floor":9,"key":"Torii"},{"floor":10,"key":"WingedGreaves"},{"floor":12,"key":"Omamori"},{"floor":14,"key":"The Courier"}],"event_choices":[{"damage_healed":0,"gold_gain":0,"player_choice":"Grow","damage_taken":0,"max_hp_gain":0,"max_hp_loss":0,"event_name":"Living Wall","floor":3,"gold_loss":0,"cards_upgraded":["Loop"]},{"damage_healed":0,"gold_gain":0,"player_choice":"Rummage","damage_taken":0,"relics_obtained":["WarpedTongs"],"max_hp_gain":0,"max_hp_loss":0,"event_name":"Accursed Blacksmith","floor":8,"gold_loss":0,"cards_obtained":["Pain"]}],"is_beta":false,"boss_relics":[],"items_purged_floors":[],"is_endless":false,"potions_floor_spawned":[1,6,13,14],"killed_by":"Slime Boss","ascension_level":8}}