{"host":"k0cm6nn9mnmji9h1","time":1614138058,"event":{"mods":["2.2 Compatiblity","AchievementEnabler","BaseMod","Colored Map","DeckTracker","Downfall","Gremlin Skip","Highlight Path","Minty Spire (QoL Compilation)","Permanent Neow","StSLib","Waifu the Spire"],"gold_per_floor":[99,119,130,148,162,195,195,206,223,255,275,294,60,77,91,91,91,91],"floor_reached":16,"language":"ENG","playtime":1219,"items_purged":["hexamod:Strike"],"score":120,"play_id":"7738a07e-18b7-4f4a-a802-bab3f8f7c62a","local_time":"20210224124058","is_ascension_mode":false,"campfire_choices":[{"data":"hexamod:Float","floor":1.0,"key":"SMITH"}],"circlet_count":0,"master_deck":["hexamod:Strike","hexamod:Strike","hexamod:Strike","hexamod:Defend","hexamod:Defend","hexamod:Defend","hexamod:Defend","hexamod:Sear","hexamod:Float+1","hexamod:GhostOfSpirePresent","hexamod:ThirdSeal","hexamod:PhantomFireball","hexamod:Firestarter","hexamod:SearingWound","hexamod:ThermalTransfer","hexamod:ShieldOfDarkness","hexamod:BurningTouch","hexamod:HeatCrush","hexamod:EmpoweredFlame","hexamod:FlamesFromBeyond","hexamod:CatchUp","hexamod:InspiringFlames","hexamod:NightmareGuise","hexamod:ShieldOfDarkness","hexamod:GhostOfSpirePast+1","hexamod:BurningTouch","hexamod:FlamesFromBeyond","hexamod:Hexaguard","hexamod:SixthSeal","hexamod:FastForward"],"relics":["hexamod:SpiritBrand","Question Card","StoneCalendar","Peace Pipe","hexamod:MatchstickCase"],"acts_visited":["Exordium"],"potions_floor_usage":[12,16],"damage_taken":[{"damage":1.0,"enemies":"Cultist","floor":2.0,"turns":3.0},{"damage":1.0,"enemies":"2 Louse","floor":3.0,"turns":3.0},{"damage":0.0,"enemies":"Small Slimes","floor":4.0,"turns":3.0},{"damage":11.0,"enemies":"Blue Slaver","floor":5.0,"turns":4.0},{"damage":8.0,"enemies":"3 Sentries","floor":6.0,"turns":7.0},{"damage":15.0,"enemies":"3 Louse","floor":8.0,"turns":5.0},{"damage":2,"enemies":"Exordium Thugs","floor":9,"turns":5},{"damage":20,"enemies":"Gremlin Nob","floor":10,"turns":5},{"damage":1,"enemies":"Large Slime","floor":11,"turns":3},{"damage":0,"enemies":"Red Slaver","floor":12,"turns":4},{"damage":0,"enemies":"downfall:FleeingMerchant","floor":13,"turns":4},{"damage":3,"enemies":"2 Fungi Beasts","floor":14,"turns":3},{"damage":0,"enemies":"Exordium Wildlife","floor":15,"turns":4},{"damage":11,"enemies":"WA_ARCHETYPE_RETAIN","floor":16,"turns":6}],"seed_played":"7790199145639127308","potions_obtained":[{"floor":2.0,"key":"Block Potion"},{"floor":5.0,"key":"Block Potion"},{"floor":9,"key":"SpeedPotion"},{"floor":10,"key":"Swift Potion"},{"floor":14,"key":"LiquidBronze"}],"is_trial":false,"path_per_floor":["R","M","M","M","M","E","T","M","M","E","M","M","$","M","M","B"],"character_chosen":"THE_SPIRIT","items_purchased":["hexamod:MatchstickCase"],"campfire_rested":0,"item_purchase_floors":[13],"current_hp_per_floor":[70,69,68,68,57,49,49,34,32,12,11,11,11,8,8,0,0,0],"gold":91,"neow_bonus":"ONE_RANDOM_RARE_CARD","is_daily":false,"chose_seed":false,"campfire_upgraded":1,"win_rate":0.0,"timestamp":1614138058,"path_taken":["R","M","M","M","M","E","T","?","M","E","M","M","?","M","M","BOSS"],"items_purchased_type":["Relic"],"build_version":"2020-12-22","purchased_purges":1,"victory":false,"max_hp_per_floor":[70,70,70,70,70,70,70,70,70,70,70,70,70,70,70,70,70,70],"card_choices":[{"not_picked":["hexamod:RetreatToShadows","hexamod:GhostflameBarrier"],"picked":"hexamod:ThirdSeal","floor":2.0},{"not_picked":["hexamod:SoulSteal","hexamod:BurningTouch"],"picked":"hexamod:PhantomFireball","floor":3.0},{"not_picked":["hexamod:GhostShield","hexamod:InspiringFlames"],"picked":"hexamod:Firestarter","floor":3.0},{"not_picked":["hexamod:FlamesFromBeyond","hexamod:GhostShield"],"picked":"hexamod:SearingWound","floor":4.0},{"not_picked":["hexamod:Firestarter","hexamod:ChargedBarrage"],"picked":"hexamod:ThermalTransfer","floor":4.0},{"not_picked":["hexamod:FastForward","hexamod:BacktrackSmack"],"picked":"hexamod:ShieldOfDarkness","floor":5.0},{"not_picked":["hexamod:SkipABeat","hexamod:GhostflameBarrier"],"picked":"hexamod:BurningTouch","floor":5.0},{"not_picked":["hexamod:NightmareGuise","hexamod:UnleashSpirits"],"picked":"hexamod:HeatCrush","floor":6.0},{"not_picked":["hexamod:NightmareGuise","hexamod:RadiantFlame"],"picked":"hexamod:EmpoweredFlame","floor":6.0},{"not_picked":["hexamod:AdvancingGuard","hexamod:ShieldOfDarkness","hexamod:RecurringNightmare"],"picked":"hexamod:FlamesFromBeyond","floor":8},{"not_picked":["hexamod:Incineration","hexamod:SoulSteal","hexamod:ThermalTransfer"],"picked":"hexamod:CatchUp","floor":9},{"not_picked":["hexamod:DynamicBlow","hexamod:HauntingEcho","hexamod:Haunt"],"picked":"hexamod:InspiringFlames","floor":10},{"not_picked":["hexamod:Firestarter","hexamod:SpectralAdrenaline","hexamod:AdvancingGuard"],"picked":"hexamod:NightmareGuise","floor":11},{"not_picked":["hexamod:NightmareGuise","hexamod:GhostShield","hexamod:ChargedBarrage"],"picked":"hexamod:ShieldOfDarkness","floor":12},{"not_picked":["hexamod:NightmareGuise","hexamod:HauntingEcho","hexamod:BurningTouch"],"picked":"hexamod:GhostOfSpirePast","floor":12},{"not_picked":["hexamod:PhantomFireball","hexamod:GhostOfSpirePast","hexamod:HauntingEcho"],"picked":"hexamod:BurningTouch","floor":13},{"not_picked":["hexamod:NightmareGuise","hexamod:DynamicBlow","hexamod:HeatCrush"],"picked":"hexamod:FlamesFromBeyond","floor":13},{"not_picked":["hexamod:FourthSeal","hexamod:ExtraCrispy","hexamod:RadiantFlame"],"picked":"hexamod:Hexaguard","floor":14},{"not_picked":["hexamod:StepThrough","hexamod:GhostOfSpirePast","hexamod:NightmareStrike"],"picked":"hexamod:SixthSeal","floor":14},{"not_picked":["hexamod:HauntingEcho","hexamod:NecessarySacrifice","hexamod:HeatMetal"],"picked":"hexamod:FastForward","floor":15}],"player_experience":547574,"relics_obtained":[{"floor":6.0,"key":"Question Card"},{"floor":7.0,"key":"StoneCalendar"},{"floor":10,"key":"Peace Pipe"}],"event_choices":[],"is_beta":false,"boss_relics":[],"items_purged_floors":[13],"is_endless":false,"potions_floor_spawned":[2,5,9,10,14,15],"killed_by":"WA_ARCHETYPE_RETAIN","ascension_level":0}}