{"host":"ju1b3c4x8n2jtjm7","time":1614126068,"event":{"mods":["AchievementEnabler","BaseMod","Colored Map","Colored Powertips","Highlight Path","Minty Spire (QoL Compilation)","Quick Restart","Rare Cards Sparkle","Relic Stats","StSLib"],"gold_per_floor":[119,132,149,149,149,149,164,164,164],"floor_reached":8,"language":"ENG","playtime":357,"items_purged":[],"score":77,"play_id":"a103be73-aa33-41d3-a620-bad15faed127","local_time":"20210224012108","is_ascension_mode":true,"campfire_choices":[{"data":"Zap","floor":6,"key":"SMITH"}],"circlet_count":0,"master_deck":["AscendersBane","Strike_B","Strike_B","Strike_B","Strike_B","Defend_B","Defend_B","Defend_B","Defend_B","Zap+1","Dualcast","Enlightenment","Hologram","Skim","Gash","Hello World"],"relics":["Cracked Core","Potion Belt"],"acts_visited":["Exordium"],"potions_floor_usage":[],"damage_taken":[{"damage":6.0,"enemies":"Cultist","floor":1.0,"turns":3.0},{"damage":2.0,"enemies":"Jaw Worm","floor":2.0,"turns":3.0},{"damage":3.0,"enemies":"2 Louse","floor":3.0,"turns":3.0},{"damage":19,"enemies":"Lots of Slimes","floor":7,"turns":4},{"damage":34,"enemies":"3 Sentries","floor":8,"turns":5}],"seed_played":"-6679374568230153663","potions_obtained":[{"floor":1.0,"key":"DuplicationPotion"},{"floor":3.0,"key":"FocusPotion"}],"is_trial":false,"path_per_floor":["M","M","M","?","?","R","M","E"],"character_chosen":"DEFECT","items_purchased":[],"campfire_rested":0,"item_purchase_floors":[],"current_hp_per_floor":[62,60,57,57,45,45,26,0,0],"gold":164,"neow_bonus":"RANDOM_COLORLESS","is_daily":false,"chose_seed":false,"campfire_upgraded":1,"win_rate":0.0,"timestamp":1614126068,"path_taken":["M","M","?","?","?","R","M","E"],"items_purchased_type":[],"build_version":"2020-12-22","purchased_purges":0,"victory":false,"max_hp_per_floor":[75,75,75,75,75,75,75,75,75],"relic_stats":{"counters":[5,18],"obtain_stats":[{"Potion Belt":5,"Cracked Core":0},{"Potion Belt":3,"Cracked Core":0},{"Potion Belt":9,"Cracked Core":0}]},"card_choices":[{"not_picked":["Finesse","Swift Strike"],"picked":"Enlightenment","floor":0.0},{"not_picked":["Stack","Gash"],"picked":"Hologram","floor":1.0},{"not_picked":["Blizzard","Force Field"],"picked":"Skim","floor":2.0},{"not_picked":["Conserve Battery","Beam Cell"],"picked":"Gash","floor":3.0},{"not_picked":["Coolheaded","Rebound"],"picked":"Hello World","floor":7}],"player_experience":511053,"relics_obtained":[],"event_choices":[{"damage_healed":0,"gold_gain":0,"player_choice":"Ignored","damage_taken":0,"max_hp_gain":0,"max_hp_loss":0,"event_name":"Liars Game","floor":4,"gold_loss":0},{"damage_healed":0,"gold_gain":0,"player_choice":"Success","damage_taken":12,"relics_obtained":["Potion Belt"],"max_hp_gain":0,"max_hp_loss":0,"event_name":"Scrap Ooze","floor":5,"gold_loss":0}],"is_beta":false,"boss_relics":[],"items_purged_floors":[],"is_endless":false,"potions_floor_spawned":[1,3],"killed_by":"3 Sentries","ascension_level":12}}