{"host":"nptej036rrbiurf5","time":1614143917,"event":{"mods":["BaseMod","Colored Map","Colored Powertips","DeckTracker","Minty Spire (QoL Compilation)","StSLib","SuperFastMode"],"gold_per_floor":[117,117,117,135,149,184,184,200,272,25,25,38,38,51,51,125,125,143,143,65,52,71,71,90,90,90,90,115,134,48,59,59,136,136,155,166,10,35,35,35,66,66,66,93,93,93,93,93],"floor_reached":47,"language":"KOR","playtime":1276,"items_purged":["Strike_G"],"score":1106,"play_id":"80e09e01-0b71-42c5-acf2-c3f7fdbb095a","local_time":"20210224141837","is_ascension_mode":true,"campfire_choices":[{"data":"All Out Attack","floor":7,"key":"SMITH"},{"floor":11,"key":"REST"},{"floor":15,"key":"REST"},{"floor":23,"key":"REST"},{"data":"Blade Dance","floor":27,"key":"SMITH"},{"floor":32,"key":"REST"},{"floor":40,"key":"REST"},{"floor":45,"key":"REST"}],"circlet_count":0,"master_deck":["AscendersBane","Strike_G","Strike_G","Strike_G","Strike_G","Defend_G","Defend_G","Defend_G","Defend_G","Defend_G","Survivor","Neutralize+1","Burst+1","Dagger Throw","Blade Dance+1","All Out Attack+1","Underhanded Strike","Escape Plan","Crippling Poison+1","Blade Dance+1","Masterful Stab","Deadly Poison+1","Cloak And Dagger+1","Blur+1","PiercingWail+1","Prepared+1","Terror+1","Calculated Gamble+1","Infinite Blades","Backflip+1","Storm of Steel+1","Dodge and Roll+1","After Image","Noxious Fumes","Corpse Explosion+1","Distraction+1","Phantasmal Killer+1"],"relics":["Ring of the Snake","Lizard Tail","Strawberry","Toxic Egg 2","WristBlade","The Specimen","Ornamental Fan","CaptainsWheel","Runic Pyramid","Pocketwatch","Orichalcum","Pear","Shuriken"],"acts_visited":["Exordium","TheCity","TheBeyond"],"potions_floor_usage":[6,16,28,33,33,38],"damage_taken":[{"damage":11.0,"enemies":"Cultist","floor":1.0,"turns":5.0},{"damage":12,"enemies":"Small Slimes","floor":4,"turns":4},{"damage":0,"enemies":"2 Louse","floor":5,"turns":2},{"damage":27,"enemies":"3 Sentries","floor":6,"turns":8},{"damage":14,"enemies":"Exordium Thugs","floor":8,"turns":5},{"damage":15,"enemies":"Exordium Wildlife","floor":12,"turns":2},{"damage":0,"enemies":"2 Fungi Beasts","floor":14,"turns":2},{"damage":26,"enemies":"The Guardian","floor":16,"turns":9},{"damage":19,"enemies":"Spheric Guardian","floor":18,"turns":5},{"damage":5,"enemies":"2 Thieves","floor":21,"turns":4},{"damage":32,"enemies":"Shelled Parasite and Fungi","floor":22,"turns":6},{"damage":13,"enemies":"Chosen and Byrds","floor":24,"turns":5},{"damage":2,"enemies":"Slavers","floor":28,"turns":4},{"damage":0,"enemies":"Snecko","floor":29,"turns":4},{"damage":5,"enemies":"Shelled Parasite and Fungi","floor":31,"turns":5},{"damage":30,"enemies":"Collector","floor":33,"turns":8},{"damage":0,"enemies":"3 Shapes","floor":35,"turns":4},{"damage":38,"enemies":"3 Darklings","floor":36,"turns":3},{"damage":23,"enemies":"Mind Bloom Boss Battle","floor":38,"turns":6},{"damage":23,"enemies":"Nemesis","floor":41,"turns":7},{"damage":0,"enemies":"Reptomancer","floor":44,"turns":3},{"damage":78,"enemies":"Transient","floor":47,"turns":6}],"seed_played":"2110950498713437282","potions_obtained":[{"floor":1.0,"key":"LiquidBronze"},{"floor":5,"key":"Regen Potion"},{"floor":22,"key":"SkillPotion"},{"floor":28,"key":"Dexterity Potion"},{"floor":31,"key":"Poison Potion"},{"floor":33,"key":"Ancient Potion"},{"floor":35,"key":"EssenceOfSteel"}],"is_trial":false,"path_per_floor":["M","?","?","M","M","E","R","M","T","$","R","M","?","M","R","B",null,"M","?","$","M","M","R","M","T","T","R","E","M","$","M","R","B",null,"M","M","$","?","$","R","E","T","T","E","R","?","M"],"character_chosen":"THE_SILENT","items_purchased":["Crippling Poison+1","Blade Dance+1","Masterful Stab","PiercingWail+1","Prepared+1","Storm of Steel+1","Corpse Explosion+1"],"campfire_rested":6,"item_purchase_floors":[10,10,10,20,20,30,37],"current_hp_per_floor":[48,43,43,31,31,26,26,12,12,12,33,18,18,18,39,13,58,39,18,18,13,23,46,33,33,33,33,31,31,31,26,49,19,63,63,25,25,2,2,25,2,2,12,12,38,38,0,0],"gold":93,"neow_bonus":"ONE_RANDOM_RARE_CARD","is_daily":false,"chose_seed":false,"campfire_upgraded":2,"win_rate":0.0,"timestamp":1614143917,"path_taken":["M","?","?","M","M","E","R","M","T","$","R","M","?","M","R","BOSS","M","?","$","M","M","R","M","?","T","R","E","M","?","M","R","BOSS","M","M","$","?","$","R","E","?","T","E","R","?","?"],"items_purchased_type":["Card","Card","Card","Card","Card","Card","Card"],"build_version":"2020-12-22","purchased_purges":1,"victory":false,"max_hp_per_floor":[66,66,66,66,66,73,73,73,73,73,73,73,73,73,73,73,73,73,78,78,78,78,78,78,78,78,78,78,78,78,78,78,78,78,78,78,78,78,78,78,78,78,88,88,88,88,88,88],"card_choices":[{"not_picked":["Riddle With Holes","Quick Slash"],"picked":"Dagger Throw","floor":1.0},{"not_picked":["Dodge and Roll","Acrobatics"],"picked":"Blade Dance","floor":4},{"not_picked":["Slice","Heel Hook"],"picked":"All Out Attack","floor":5},{"not_picked":["Bane","PiercingWail"],"picked":"Underhanded Strike","floor":6},{"not_picked":["All Out Attack","Dagger Spray"],"picked":"Escape Plan","floor":8},{"not_picked":["Slice","Quick Slash"],"picked":"Deadly Poison+1","floor":12},{"not_picked":["Underhanded Strike","Dagger Spray"],"picked":"Cloak And Dagger+1","floor":14},{"not_picked":["Flying Knee","Acrobatics+1"],"picked":"Blur+1","floor":18},{"not_picked":["Flying Knee","Prepared+1"],"picked":"Terror+1","floor":21},{"not_picked":["Dagger Spray","Deadly Poison+1","Concentrate+1"],"picked":"SKIP","floor":22},{"not_picked":["Reflex+1","PiercingWail+1"],"picked":"Calculated Gamble+1","floor":24},{"not_picked":["Dash","Flying Knee"],"picked":"Infinite Blades","floor":28},{"not_picked":["Dagger Spray+1","Underhanded Strike"],"picked":"Backflip+1","floor":29},{"not_picked":["Poisoned Stab","Outmaneuver+1"],"picked":"Dodge and Roll+1","floor":31},{"not_picked":["Venomology+1","Grand Finale"],"picked":"After Image","floor":33},{"not_picked":["Calculated Gamble+1","PiercingWail+1"],"picked":"Noxious Fumes","floor":35},{"not_picked":["Underhanded Strike","Finisher+1","Quick Slash"],"picked":"SKIP","floor":36},{"not_picked":["Heel Hook","Flying Knee"],"picked":"Distraction+1","floor":38},{"not_picked":["Leg Sweep+1","Dagger Spray"],"picked":"Phantasmal Killer+1","floor":41},{"not_picked":["Dodge and Roll+1","Poisoned Stab","Well Laid Plans"],"picked":"SKIP","floor":44}],"player_experience":1026867,"relics_obtained":[{"floor":6,"key":"Strawberry"},{"floor":9,"key":"Toxic Egg 2"},{"floor":25,"key":"The Specimen"},{"floor":26,"key":"Ornamental Fan"},{"floor":28,"key":"CaptainsWheel"},{"floor":38,"key":"Pocketwatch"},{"floor":41,"key":"Orichalcum"},{"floor":43,"key":"Pear"},{"floor":44,"key":"Shuriken"}],"event_choices":[{"damage_healed":0.0,"max_hp_gain":0.0,"max_hp_loss":0.0,"gold_gain":0.0,"event_name":"Scrap Ooze","player_choice":"Success","floor":2.0,"gold_loss":0.0,"damage_taken":5.0,"relics_obtained":["Lizard Tail"]},{"damage_healed":0,"gold_gain":0,"player_choice":"Grow","damage_taken":0,"max_hp_gain":0,"max_hp_loss":0,"event_name":"Living Wall","floor":3,"gold_loss":0,"cards_upgraded":["Burst"]},{"damage_healed":0,"gold_gain":0,"player_choice":"Forge","damage_taken":0,"max_hp_gain":0,"max_hp_loss":0,"event_name":"Accursed Blacksmith","floor":13,"gold_loss":0,"cards_upgraded":["Neutralize"]},{"damage_healed":0,"gold_gain":0,"player_choice":"Shed Blood","damage_taken":26,"max_hp_gain":5,"max_hp_loss":0,"event_name":"Forgotten Altar","floor":19,"gold_loss":0},{"damage_healed":0,"gold_gain":0,"player_choice":"Fight","damage_taken":0,"max_hp_gain":0,"max_hp_loss":0,"event_name":"MindBloom","floor":38,"gold_loss":0},{"damage_healed":0,"gold_gain":0,"player_choice":"Ignored","damage_taken":0,"max_hp_gain":0,"max_hp_loss":0,"event_name":"SecretPortal","floor":46,"gold_loss":0}],"is_beta":false,"boss_relics":[{"not_picked":["Ectoplasm","SacredBark"],"picked":"WristBlade"},{"not_picked":["Ring of the Serpent","Philosopher\u0027s Stone"],"picked":"Runic Pyramid"}],"items_purged_floors":[10],"is_endless":false,"potions_floor_spawned":[1,5,22,28,31,33,35],"killed_by":"Transient","ascension_level":20}}