{"host":"p9fmk1zxjhqthrxg","time":1614190734,"event":{"mods":["BaseMod","Bestiary","Colored Map","Colored Powertips","Highlight Path","Minty Spire (QoL Compilation)","Random Character Button","Rare Cards Sparkle","StSLib"],"gold_per_floor":[112,77,27,43,57,57,77,77,77,109,12,12,12,30,30,126,126,136,51,70,70,90,123,123,123],"floor_reached":24,"language":"ENG","playtime":1319,"items_purged":[],"score":216,"play_id":"00a1e61c-2060-49a6-ad4d-86f61a1c8ccd","local_time":"20210224121854","is_ascension_mode":false,"campfire_choices":[{"data":"Eruption","floor":6,"key":"SMITH"},{"data":"BattleHymn","floor":8,"key":"SMITH"},{"floor":13,"key":"REST"},{"floor":15,"key":"REST"}],"circlet_count":0,"master_deck":["Strike_P","Strike_P","Strike_P","Strike_P","Defend_P","Defend_P","Defend_P","Defend_P","Eruption+1","Vigilance","Indignation","FollowUp","BattleHymn+1","Halt","CrushJoints","Perseverance","LikeWater","FlyingSleeves","InnerPeace","Meditate","DeusExMachina","Halt","SashWhip","SashWhip","Devotion"],"relics":["PureWater","Singing Bowl","Bottled Flame","SlaversCollar","Bronze Scales","Damaru"],"acts_visited":["Exordium","TheCity"],"potions_floor_usage":[7,22,24,24],"damage_taken":[{"damage":9,"enemies":"2 Louse","floor":1,"turns":3},{"damage":14,"enemies":"Jaw Worm","floor":4,"turns":2},{"damage":0,"enemies":"Small Slimes","floor":5,"turns":4},{"damage":0,"enemies":"Exordium Thugs","floor":7,"turns":3},{"damage":25,"enemies":"3 Sentries","floor":10,"turns":6},{"damage":15,"enemies":"Gremlin Gang","floor":14,"turns":5},{"damage":38,"enemies":"The Guardian","floor":16,"turns":8},{"damage":5,"enemies":"Chosen","floor":18,"turns":4},{"damage":17,"enemies":"Shell Parasite","floor":20,"turns":4},{"damage":15,"enemies":"Centurion and Healer","floor":22,"turns":5},{"damage":58,"enemies":"Gremlin Leader","floor":23,"turns":5},{"damage":10,"enemies":"Cultist and Chosen","floor":24,"turns":1}],"seed_played":"2046507451618685520","potions_obtained":[{"floor":1,"key":"Dexterity Potion"},{"floor":5,"key":"Block Potion"},{"floor":14,"key":"FairyPotion"},{"floor":18,"key":"ColorlessPotion"},{"floor":21,"key":"Ambrosia"},{"floor":21,"key":"DistilledChaos"},{"floor":23,"key":"Explosive Potion"}],"is_trial":false,"path_per_floor":["M","?","$","M","M","R","M","R","T","E","$","?","R","M","R","B",null,"M","?","M","?","M","E","M"],"character_chosen":"WATCHER","items_purchased":["FollowUp","LikeWater","FlyingSleeves"],"campfire_rested":2,"item_purchase_floors":[3,11,11],"current_hp_per_floor":[63,72,72,58,58,58,58,58,58,33,33,33,54,39,60,22,72,67,67,50,50,35,3,0,0],"gold":123,"neow_bonus":"ONE_RANDOM_RARE_CARD","is_daily":false,"chose_seed":false,"campfire_upgraded":2,"win_rate":0.0,"timestamp":1614190734,"path_taken":["M","?","?","M","M","R","M","R","T","E","$","?","R","M","R","BOSS","M","?","M","?","M","E","M"],"items_purchased_type":["Card","Card","Card"],"build_version":"2020-12-22","purchased_purges":0,"victory":false,"max_hp_per_floor":[72,72,72,72,72,72,72,72,72,72,72,72,72,72,72,72,72,72,72,72,72,72,72,72,72],"card_choices":[{"not_picked":["BowlingBash","Halt"],"picked":"Indignation","floor":1},{"not_picked":["CrushJoints","Prostrate"],"picked":"BattleHymn","floor":4},{"not_picked":["EmptyBody","CrushJoints"],"picked":"Halt","floor":5},{"not_picked":["EmptyBody","JustLucky"],"picked":"CrushJoints","floor":7},{"not_picked":["Crescendo","BattleHymn"],"picked":"Perseverance","floor":10},{"not_picked":["SashWhip","Protect"],"picked":"Meditate","floor":14},{"not_picked":["Establishment","Omniscience"],"picked":"DeusExMachina","floor":16},{"not_picked":["Indignation","CutThroughFate"],"picked":"Halt","floor":18},{"not_picked":["Perseverance","ClearTheMind"],"picked":"SashWhip","floor":20},{"not_picked":["ConjureBlade","Study"],"picked":"SashWhip","floor":22},{"not_picked":["ThirdEye","ForeignInfluence"],"picked":"Devotion","floor":23}],"player_experience":144271,"relics_obtained":[{"floor":9,"key":"Singing Bowl"},{"floor":10,"key":"Bottled Flame"},{"floor":23,"key":"Damaru"}],"event_choices":[{"damage_healed":18,"gold_gain":0,"player_choice":"Healed","damage_taken":0,"max_hp_gain":0,"max_hp_loss":0,"event_name":"The Cleric","floor":2,"gold_loss":35},{"damage_healed":0,"gold_gain":0,"cards_transformed":["Blasphemy"],"player_choice":"Change","damage_taken":0,"max_hp_gain":0,"max_hp_loss":0,"event_name":"Living Wall","floor":12,"gold_loss":0,"cards_obtained":["InnerPeace"]},{"damage_healed":0,"gold_gain":0,"player_choice":"Obtained Relic","damage_taken":0,"relics_obtained":["Bronze Scales"],"max_hp_gain":0,"max_hp_loss":0,"event_name":"Addict","floor":19,"gold_loss":85},{"damage_healed":0,"gold_gain":0,"player_choice":"Got Potions","damage_taken":0,"max_hp_gain":0,"max_hp_loss":0,"event_name":"Lab","floor":21,"gold_loss":0}],"is_beta":false,"boss_relics":[{"not_picked":["Black Star","Fusion Hammer"],"picked":"SlaversCollar"}],"items_purged_floors":[],"is_endless":false,"potions_floor_spawned":[1,5,14,18,23],"killed_by":"Cultist and Chosen","ascension_level":0}}