{"host":"vk2xyavtylxbvrfq","time":1614198350,"event":{"mods":["Bard","BaseMod","Bestiary","Better Altar","Better Match","Better Note","Better Sensory Stone","Better Skull","Better Vampires","Block Reminder","Bossed Relics","Colored Map","Curses Come First","Displayed Cursed Tome","Downfall","Extra Virgin Snecko Oil","Fox Events","Hermit","Ironclad Rager","Marked Mod","Minty Spire (QoL Compilation)","Quick Restart","Rare Cards Sparkle","Relic Sorter","Reliquary","Robot Space Explorer","StSLib","The Hayseed","The Runesmith","Unceasing Turn Reminder"],"gold_per_floor":[111,186,186,361,11,36,36,48,48,48,79,91,91,24,24,125,125,139,139,153,164,183,183,183,183],"floor_reached":24,"language":"ENG","playtime":1134,"items_purged":[],"score":286,"play_id":"57cc24d7-6922-4daa-9083-2ca8b227d0d8","local_time":"20210224152550","is_ascension_mode":true,"campfire_choices":[{"data":"hermit:Determination","floor":7.0,"key":"SMITH"},{"floor":10.0,"key":"REST"},{"floor":13.0,"key":"REST"},{"data":"hermit:OverwhelmingPower","floor":15.0,"key":"SMITH"},{"floor":23.0,"key":"REST"}],"circlet_count":0,"master_deck":["hermit:Strike_Hermit","hermit:Strike_Hermit","hermit:Strike_Hermit","hermit:Defend_Hermit","hermit:Defend_Hermit","hermit:Defend_Hermit","hermit:Defend_Hermit","hermit:Snapshot","hermit:Covet","hermit:HighCaliber","hermit:Determination+1","hermit:Gestalt+1","hermit:FlashPowder+1","hermit:BodyArmor+1","hermit:LowProfile+1","hermit:OverwhelmingPower+1","hermit:HighNoon","hermit:Adapt","hermit:DeadMansHand+1","hermit:EyeOfTheStorm+1","hermit:Glare+1","hermit:Maintenance+1"],"relics":["hermit:Momento","Ancient Tea Set","Bag of Marbles","Toxic Egg 2","reliquary:RosewoodLute","Darkstone Periapt","HornCleat","Empty Cage"],"acts_visited":["Exordium","TheCity"],"potions_floor_usage":[],"damage_taken":[{"damage":2.0,"enemies":"Small Slimes","floor":1.0,"turns":4.0},{"damage":2.0,"enemies":"Gremlin Nob","floor":6.0,"turns":4.0},{"damage":2.0,"enemies":"2 Louse","floor":8.0,"turns":3.0},{"damage":23.0,"enemies":"Lagavulin","floor":11.0,"turns":7.0},{"damage":5.0,"enemies":"Jaw Worm","floor":12.0,"turns":4.0},{"damage":15.0,"enemies":"The Guardian","floor":16.0,"turns":18.0},{"damage":13.0,"enemies":"Shell Parasite","floor":18.0,"turns":8.0},{"damage":12.0,"enemies":"3 Byrds","floor":20.0,"turns":7.0},{"damage":27.0,"enemies":"Shelled Parasite and Fungi","floor":21.0,"turns":6.0},{"damage":22.0,"enemies":"Centurion and Healer","floor":22.0,"turns":5.0},{"damage":42,"enemies":"Gremlin Leader","floor":24,"turns":8}],"seed_played":"8517322046850176831","potions_obtained":[{"floor":8.0,"key":"Swift Potion"},{"floor":16.0,"key":"hermit:BlackBile"},{"floor":20.0,"key":"FairyPotion"}],"is_trial":false,"path_per_floor":["M","?","?","?","$","E","R","M","T","R","E","M","R","$","R","B",null,"M","?","M","M","M","R","E"],"character_chosen":"HERMIT","items_purchased":["hermit:Determination","Toxic Egg 2","hermit:Gestalt+1","hermit:HighNoon"],"campfire_rested":3,"item_purchase_floors":[5,5,5,14],"current_hp_per_floor":[66,55,52,52,52,50,50,48,48,70,47,42,64,64,64,49,69,56,60,48,21,22,44,2,2],"gold":183,"neow_bonus":"RANDOM_COMMON_RELIC","is_daily":false,"chose_seed":false,"campfire_upgraded":2,"win_rate":0.0,"timestamp":1614198350,"path_taken":["M","?","?","?","$","E","R","?","T","R","E","M","R","?","R","BOSS","M","?","?","M","M","R","E"],"items_purchased_type":["Card","Relic","Card","Card"],"build_version":"2020-12-22","purchased_purges":0,"victory":false,"max_hp_per_floor":[75,75,75,75,75,75,75,75,75,75,75,75,75,75,75,75,75,75,75,75,75,75,75,75,75],"card_choices":[{"not_picked":["hermit:CalledShot","hermit:TrackingShot"],"picked":"hermit:HighCaliber","floor":1.0},{"not_picked":["hermit:Roulette","hermit:Ricochet"],"picked":"hermit:FlashPowder+1","floor":6.0},{"not_picked":["hermit:Desperado","hermit:GhostlyPresence+1"],"picked":"hermit:BodyArmor+1","floor":8.0},{"not_picked":["hermit:Midnight+1","hermit:ItchyTrigger"],"picked":"hermit:LowProfile+1","floor":11.0},{"not_picked":["hermit:HighCaliber","hermit:Dive+1"],"picked":"hermit:OverwhelmingPower","floor":12.0},{"not_picked":["hermit:Purgatory","hermit:BlackWind"],"picked":"hermit:Adapt","floor":16.0},{"not_picked":["hermit:Grudge+1","hermit:LowProfile+1"],"picked":"hermit:DeadMansHand+1","floor":18.0},{"not_picked":["hermit:Shortfuse+1","hermit:NoHoldsBarred"],"picked":"hermit:EyeOfTheStorm+1","floor":20.0},{"not_picked":["hermit:LowProfile+1","hermit:Quickdraw"],"picked":"hermit:Glare+1","floor":21.0},{"not_picked":["hermit:LuckOfTheDraw+1","hermit:Midnight+1"],"picked":"hermit:Maintenance+1","floor":22.0}],"player_experience":1471630,"relics_obtained":[{"floor":6.0,"key":"reliquary:RosewoodLute"},{"floor":9.0,"key":"Darkstone Periapt"},{"floor":11.0,"key":"HornCleat"}],"event_choices":[{"damage_healed":0.0,"max_hp_gain":0.0,"max_hp_loss":0.0,"gold_gain":75.0,"event_name":"World of Goop","player_choice":"Gather Gold","floor":2.0,"gold_loss":0.0,"damage_taken":11.0},{"damage_healed":0.0,"max_hp_gain":0.0,"max_hp_loss":0.0,"gold_gain":0.0,"event_name":"Scrap Ooze","player_choice":"Success","floor":3.0,"gold_loss":0.0,"damage_taken":3.0,"relics_obtained":["Bag of Marbles"]},{"damage_healed":0.0,"max_hp_gain":0.0,"max_hp_loss":0.0,"gold_gain":175.0,"event_name":"Liars Game","player_choice":"AGREE","floor":4.0,"gold_loss":0.0,"damage_taken":0.0,"cards_obtained":["Doubt"]},{"damage_healed":4.0,"max_hp_gain":0.0,"max_hp_loss":0.0,"gold_gain":0.0,"event_name":"betterSkull:BetterSkull","player_choice":"LEAVE ","floor":19.0,"gold_loss":0.0,"damage_taken":0.0,"cards_upgraded":[],"relics_obtained":[]}],"is_beta":false,"boss_relics":[{"not_picked":["Tiny House","Velvet Choker"],"picked":"Empty Cage"}],"items_purged_floors":[],"is_endless":false,"potions_floor_spawned":[8,16,20],"killed_by":"Gremlin Leader","ascension_level":8}}