{"host":"euxksmtrtvfcjuzd","time":1614175491,"event":{"mods":["ATMod(°¢èªMod)","Aspiration","BaseMod","Dota2Spire","Energized Spire","Jedi Mod","Minty Spire (QoL Compilation)","Reliquary","Replay The Spire","Shop Mod","StSLib","TestMod","UnlockEverythingMod","Waifu the Spire","¡¾ÒÅÎï¿¨ÅÆ¡¿REMEMod"],"gold_per_floor":[110,127,127,127,146,166,166,180,262,273,273,273,283,333,333,430,430,442,442,442,442,442,442,462,218,244,211,221,621,654,672,672,776,776,788,880,705,724,740,740,773,773,773,784,804,814,395,409,409,409],"floor_reached":51,"language":"ZHS","playtime":1371,"items_purged":["Strike_G","Strike_G","Defend_G"],"score":746,"play_id":"b2078323-cc87-4185-aec6-15d0951ed952","local_time":"20210224220451","is_ascension_mode":false,"campfire_choices":[{"data":"AT_BreakingExtremeWeapon","floor":11,"key":"SMITH"},{"data":"Blade Dance","floor":15,"key":"SMITH"},{"floor":23,"key":"REST"},{"floor":40,"key":"REST"},{"data":"Adrenaline","floor":42,"key":"SMITH"},{"data":"REME_SpectralBlade","floor":49,"key":"SMITH"}],"circlet_count":0,"master_deck":["Strike_G","Defend_G","Defend_G","Defend_G","Defend_G","Survivor","Neutralize","AT_BreakingExtremeWeapon+1","Clash","Blade Dance+1","Quick Slash","Regret","Cloak And Dagger","Cloak And Dagger","AT_ThistleTea","Cloak And Dagger+1","Cloak And Dagger","Cloak And Dagger","ReplayTheSpireMod:Shiv Toss","A Thousand Cuts","Prepared","Leg Sweep","REME_SpectralBlade+1","Underhanded Strike","AT_TinkerSharpsword+1","jedi:poisonivy+1","Adrenaline+1","Cloak And Dagger","Hidden Blade","Accuracy+1"],"relics":["Ring of the Snake","AT_ATBox","REME_ComplimentaryCards","testmod-Brilliant","NeowsBlessing","Toy Ornithopter","jedi:heavyjacket","testmod-BlackFramedGlasses","Happy Flower","aspiration:Stabinomicon","aspiration:RitualStick","MerchantsRug","REME_CardOfGreed","AT_EbonyIvory","Red Mask","testmod-SaigiyounoYou","jedi:shrinkray","StrikeDummy","Quantum Egg","Ornamental Fan"],"acts_visited":["Exordium","TheCity","TheBeyond"],"potions_floor_usage":[16,16,16,28],"damage_taken":[{"damage":0,"enemies":"Small Slimes","floor":1,"turns":1},{"damage":0,"enemies":"2 Louse","floor":2,"turns":1},{"damage":0,"enemies":"Jaw Worm","floor":5,"turns":1},{"damage":5,"enemies":"Exordium Wildlife","floor":6,"turns":3},{"damage":0,"enemies":"Red Slaver","floor":8,"turns":2},{"damage":0,"enemies":"3 Louse","floor":10,"turns":1},{"damage":0,"enemies":"2 Fungi Beasts","floor":13,"turns":1},{"damage":23,"enemies":"Slime Boss","floor":16,"turns":10},{"damage":16,"enemies":"Shell Parasite","floor":18,"turns":3},{"damage":13,"enemies":"Spheric Guardian","floor":24,"turns":2},{"damage":0,"enemies":"3 Cultists","floor":28,"turns":1},{"damage":0,"enemies":"Masked Bandits","floor":30,"turns":1},{"damage":18,"enemies":"Cultist and Chosen","floor":31,"turns":2},{"damage":15,"enemies":"Automaton","floor":33,"turns":5},{"damage":5,"enemies":"Orb Walker","floor":35,"turns":2},{"damage":0,"enemies":"3 Shapes","floor":38,"turns":1},{"damage":51,"enemies":"Transient","floor":39,"turns":5},{"damage":17,"enemies":"R_Hoarder","floor":41,"turns":5},{"damage":7,"enemies":"Maw","floor":44,"turns":5},{"damage":0,"enemies":"Sphere and 2 Shapes","floor":45,"turns":1},{"damage":0,"enemies":"3 Darklings","floor":46,"turns":1},{"damage":2,"enemies":"Spire Growth","floor":48,"turns":2},{"damage":39,"enemies":"Awakened One","floor":50,"turns":6}],"seed_played":"2074262987525011273","potions_obtained":[{"floor":1,"key":"Elixir"},{"floor":2,"key":"testmod-TestPotion"},{"floor":6,"key":"Reflective Coating"},{"floor":18,"key":"CunningPotion"},{"floor":30,"key":"Dexterity Potion"},{"floor":38,"key":"Languid Potion"},{"floor":44,"key":"Ancient Potion"}],"is_trial":false,"path_per_floor":["M","M","?","?","M","M","$","M","T","M","R","T","M","T","R","B",null,"M","?","?","?","?","R","M","$","T","$","M","?","?","M","R","B",null,"M","?","$","M","M","R","E","R","T","M","M","M","$","M","R","B",null],"character_chosen":"THE_SILENT","items_purchased":["MerchantsRug","REME_CardOfGreed","Cloak And Dagger","Adrenaline","Hidden Blade","Ornamental Fan"],"campfire_rested":2,"item_purchase_floors":[25,25,27,37,47,47],"current_hp_per_floor":[70,70,70,70,70,65,65,65,65,65,65,65,66,66,66,61,70,56,43,27,12,12,34,23,23,23,23,29,29,30,14,14,4,75,74,74,74,75,47,69,60,60,60,73,74,75,75,75,75,68],"gold":409,"neow_bonus":"THREE_ENEMY_KILL","is_daily":false,"chose_seed":false,"campfire_upgraded":4,"win_rate":0.0,"timestamp":1614175491,"path_taken":["M","M","?","?","M","M","$","M","T","?","R","?","?","?","R","BOSS","M","?","?","?","?","R","?","$","T","?","M","?","?","M","R","BOSS","M","?","$","M","M","R","E","R","T","M","M","M","$","M","R","BOSS"],"items_purchased_type":["Relic","Relic","Card","Card","Card","Relic"],"build_version":"2020-12-22","purchased_purges":3,"victory":true,"max_hp_per_floor":[70,70,70,70,70,70,70,70,70,70,70,70,70,70,70,70,70,70,75,75,75,75,75,75,75,75,75,75,75,75,75,75,75,75,75,75,75,75,75,75,75,75,75,75,75,75,75,75,75,75],"card_choices":[{"not_picked":["Poisoned Stab","AT_WindRun"],"picked":"Blade Dance","floor":1},{"not_picked":["jedi:pocketpoison","Deflect"],"picked":"Quick Slash","floor":2},{"not_picked":["Unload","Bane"],"picked":"Cloak And Dagger","floor":5},{"not_picked":["jedi:pocketpoison","PiercingWail","Underhanded Strike"],"picked":"SKIP","floor":6},{"not_picked":["Bane","AT_WindRun","Dagger Throw"],"picked":"SKIP","floor":8},{"not_picked":["Quick Slash","Leg Sweep"],"picked":"Cloak And Dagger","floor":10},{"not_picked":["Dagger Throw","PiercingWail","Noxious Fumes"],"picked":"SKIP","floor":13},{"not_picked":["AT_WindFlip","Bane"],"picked":"AT_ThistleTea","floor":18},{"not_picked":["PiercingWail+1","ReplayTheSpireMod:The Works"],"picked":"Cloak And Dagger+1","floor":24},{"not_picked":["Slice","ReplayTheSpireMod:Tripwire"],"picked":"ReplayTheSpireMod:Shiv Toss","floor":28},{"not_picked":["Fluid Movement","Backflip+1"],"picked":"A Thousand Cuts","floor":30},{"not_picked":["Flying Knee","Blur"],"picked":"Prepared","floor":31},{"not_picked":["Envenom","REME_GrazeFinale"],"picked":"REME_SpectralBlade","floor":33},{"not_picked":["Quick Slash","ReplayTheSpireMod:Exploit Weakness"],"picked":"Underhanded Strike","floor":35},{"not_picked":["Poisoned Stab+1","Backstab"],"picked":"AT_TinkerSharpsword+1","floor":36},{"not_picked":["AT_TinkerSharpsword","Concentrate"],"picked":"jedi:poisonivy+1","floor":36},{"not_picked":["PiercingWail+1","Concentrate","Dodge and Roll"],"picked":"SKIP","floor":38},{"not_picked":["PiercingWail","AT_TinkerSharpsword"],"picked":"Cloak And Dagger","floor":39},{"not_picked":["Leg Sweep","Die Die Die","Bane+1"],"picked":"SKIP","floor":41},{"not_picked":["Replay:Poison Smokescreen","Dodge and Roll","Cloak And Dagger+1"],"picked":"SKIP","floor":44},{"not_picked":["Dagger Throw+1","Reflex+1","Outmaneuver+1"],"picked":"SKIP","floor":45},{"not_picked":["Sucker Punch","Underhanded Strike+1","jedi:brewingpoison"],"picked":"SKIP","floor":46},{"not_picked":["PiercingWail+1","Deflect"],"picked":"Accuracy+1","floor":48}],"player_experience":47019,"relics_obtained":[{"floor":9,"key":"jedi:heavyjacket"},{"floor":12,"key":"testmod-BlackFramedGlasses"},{"floor":14,"key":"Happy Flower"},{"floor":20,"key":"aspiration:Stabinomicon"},{"floor":26,"key":"AT_EbonyIvory"},{"floor":30,"key":"Red Mask"},{"floor":36,"key":"jedi:shrinkray"},{"floor":41,"key":"StrikeDummy"},{"floor":43,"key":"Quantum Egg"}],"event_choices":[{"damage_healed":0,"gold_gain":0,"player_choice":"Ignored","damage_taken":0,"max_hp_gain":0,"max_hp_loss":0,"event_name":"Liars Game","floor":3,"gold_loss":0},{"damage_healed":0,"gold_gain":0,"player_choice":"Box","damage_taken":0,"relics_obtained":["Toy Ornithopter"],"max_hp_gain":0,"max_hp_loss":0,"event_name":"Big Fish","floor":4,"gold_loss":0,"cards_obtained":["Regret"]},{"damage_healed":0,"gold_gain":0,"player_choice":"Shed Blood","damage_taken":18,"max_hp_gain":5,"max_hp_loss":0,"event_name":"Forgotten Altar","floor":19,"gold_loss":0},{"damage_healed":0,"gold_gain":0,"player_choice":"Obtained Book","damage_taken":16,"max_hp_gain":0,"max_hp_loss":0,"event_name":"Cursed Tome","floor":20,"gold_loss":0},{"cards_removed":["Strike_G"],"damage_healed":0,"gold_gain":0,"player_choice":"Elegance","damage_taken":0,"max_hp_gain":0,"max_hp_loss":0,"event_name":"Back to Basics","floor":22,"gold_loss":0},{"damage_healed":0,"gold_gain":400,"player_choice":"Sell","damage_taken":0,"max_hp_gain":0,"max_hp_loss":0,"event_name":"¶÷ÂåË¹µÄÅÌ×Ó","floor":29,"relics_lost":["testmod-TestBox"],"gold_loss":0},{"damage_healed":0,"gold_gain":0,"player_choice":"Fought Bandits","damage_taken":0,"max_hp_gain":0,"max_hp_loss":0,"event_name":"Masked Bandits","floor":30,"gold_loss":0}],"is_beta":false,"boss_relics":[{"not_picked":["Ring of Chaos","testmod-BloodSacrificeSpiritualization"],"picked":"aspiration:RitualDagger"},{"not_picked":["energizedSpire:OgreHead","reliquary:RedCape"],"picked":"testmod-SaigiyounoYou"}],"items_purged_floors":[25,37,47],"is_endless":false,"potions_floor_spawned":[1,2,6,18,30,33,38,44,45,48],"ascension_level":0}}