{"host":"30t73aj4w3oq1hk8","time":1614194985,"event":{"mods":["BaseMod","Colored Map","Colored Powertips","Minty Spire (QoL Compilation)","Random Character Button","StSLib"],"gold_per_floor":[112,112,126,73,91,91,125,125,151,188,231,234,279,306,318,449,461,497,509,535,547,573,585,585],"floor_reached":23,"language":"ENG","playtime":700,"items_purged":[],"score":245,"play_id":"c27b3a3f-53a0-4f89-aed3-e4f38f70241e","local_time":"20210224142945","is_ascension_mode":true,"campfire_choices":[{"data":"Armaments","floor":6,"key":"SMITH"},{"floor":8,"key":"REST"},{"floor":15,"key":"REST"}],"circlet_count":0,"master_deck":["Strike_R","Strike_R","Strike_R","Strike_R","Defend_R","Defend_R","Defend_R","Defend_R","Bash+1","Wild Strike+1","Injury","Clothesline","Armaments+1","Metallicize","Pommel Strike","Flex","Pummel+1","Wild Strike+1","Headbutt+1","Inflame","Double Tap","CurseOfTheBell","Armaments+1","Necronomicurse","Uppercut+1"],"relics":["Burning Blood","Golden Idol","Whetstone","MawBank","Molten Egg 2","Peace Pipe","Calling Bell","Centennial Puzzle","Gremlin Horn","Dead Branch","Necronomicon"],"acts_visited":["Exordium","TheCity"],"potions_floor_usage":[13,16,16,20,20,20,22,23,23],"damage_taken":[{"damage":3,"enemies":"Small Slimes","floor":1,"turns":4},{"damage":2,"enemies":"Jaw Worm","floor":3,"turns":3},{"damage":0,"enemies":"Cultist","floor":5,"turns":3},{"damage":24,"enemies":"Lagavulin","floor":7,"turns":8},{"damage":5,"enemies":"Blue Slaver","floor":10,"turns":4},{"damage":23,"enemies":"Gremlin Nob","floor":11,"turns":4},{"damage":12,"enemies":"Exordium Thugs","floor":12,"turns":4},{"damage":22,"enemies":"Lagavulin","floor":13,"turns":4},{"damage":12,"enemies":"Large Slime","floor":14,"turns":3},{"damage":2,"enemies":"Slime Boss","floor":16,"turns":8},{"damage":52,"enemies":"Shell Parasite","floor":18,"turns":5},{"damage":0,"enemies":"3 Byrds","floor":20,"turns":1},{"damage":24,"enemies":"Snecko","floor":22,"turns":5},{"damage":18,"enemies":"Book of Stabbing","floor":23,"turns":3}],"seed_played":"-4294086768847996005","potions_obtained":[{"floor":3,"key":"DuplicationPotion"},{"floor":7,"key":"EntropicBrew"},{"floor":12,"key":"Swift Potion"},{"floor":13,"key":"ElixirPotion"},{"floor":14,"key":"Dexterity Potion"},{"floor":16,"key":"Explosive Potion"},{"floor":20,"key":"ElixirPotion"},{"floor":22,"key":"SneckoOil"}],"is_trial":false,"path_per_floor":["M","?","M","$","M","R","E","R","T","M","E","M","E","M","R","B",null,"M","?","M","?","M","E"],"character_chosen":"IRONCLAD","items_purchased":["Armaments"],"campfire_rested":2,"item_purchase_floors":[4],"current_hp_per_floor":[80,80,80,80,80,80,62,80,80,80,63,57,41,35,59,63,80,34,34,40,24,20,2,2],"gold":585,"neow_bonus":"REMOVE_CARD","is_daily":false,"chose_seed":false,"campfire_upgraded":1,"win_rate":0.0,"timestamp":1614194985,"path_taken":["M","?","M","?","M","R","E","R","T","M","E","M","E","M","R","BOSS","M","?","?","?","M","E"],"items_purchased_type":["Card"],"build_version":"2020-12-22","purchased_purges":0,"victory":false,"max_hp_per_floor":[80,80,80,80,80,80,80,80,80,80,80,80,80,80,80,80,80,80,80,80,80,80,80,80],"card_choices":[{"not_picked":["Warcry","Pommel Strike"],"picked":"Wild Strike","floor":1},{"not_picked":["Havoc","Blood for Blood"],"picked":"Clothesline","floor":3},{"not_picked":["Clash","Clothesline"],"picked":"Metallicize","floor":5},{"not_picked":["Clash","Heavy Blade"],"picked":"Pommel Strike","floor":7},{"not_picked":["Thunderclap","Anger"],"picked":"Flex","floor":10},{"not_picked":["Rupture","Juggernaut"],"picked":"Pummel+1","floor":11},{"not_picked":["Anger+1","Burning Pact"],"picked":"Wild Strike+1","floor":12},{"not_picked":["Clothesline+1","Bludgeon+1"],"picked":"Headbutt+1","floor":13},{"not_picked":["Infernal Blade","Clash+1"],"picked":"Inflame","floor":14},{"not_picked":["Bludgeon+1","Juggernaut"],"picked":"Double Tap","floor":16},{"not_picked":["Heavy Blade+1","Clothesline+1","Sword Boomerang+1"],"picked":"SKIP","floor":18},{"not_picked":["Bloodletting","Dual Wield+1","Anger+1"],"picked":"SKIP","floor":20},{"not_picked":["Cleave+1","Dropkick+1"],"picked":"Uppercut+1","floor":22}],"player_experience":744383,"relics_obtained":[{"floor":7,"key":"Whetstone"},{"floor":9,"key":"MawBank"},{"floor":11,"key":"Molten Egg 2"},{"floor":13,"key":"Peace Pipe"},{"floor":17,"key":"Centennial Puzzle"},{"floor":17,"key":"Gremlin Horn"},{"floor":17,"key":"Dead Branch"},{"floor":21,"key":"Necronomicon"}],"event_choices":[{"damage_healed":0,"gold_gain":0,"player_choice":"Take Wound","damage_taken":0,"relics_obtained":["Golden Idol"],"max_hp_gain":0,"max_hp_loss":0,"event_name":"Golden Idol","floor":2,"gold_loss":0,"cards_obtained":["Injury"]},{"damage_healed":0,"gold_gain":0,"player_choice":"Copied","damage_taken":0,"max_hp_gain":0,"max_hp_loss":0,"event_name":"Duplicator","floor":19,"gold_loss":0,"cards_obtained":["Armaments"]},{"damage_healed":0,"gold_gain":0,"player_choice":"Obtained Book","damage_taken":16,"max_hp_gain":0,"max_hp_loss":0,"event_name":"Cursed Tome","floor":21,"gold_loss":0}],"is_beta":false,"boss_relics":[{"not_picked":["Astrolabe","Runic Dome"],"picked":"Calling Bell"}],"items_purged_floors":[],"is_endless":false,"potions_floor_spawned":[3,7,12,13,14,16,20,22],"killed_by":"Book of Stabbing","ascension_level":3}}