{"host":"nbofzmb1hl9rnais","time":1614140707,"event":{"mods":["BaseMod","Colored Map","Minty Spire (QoL Compilation)","StSLib","The Bug Knight"],"gold_per_floor":[111,111,121,121,133,133,166,91,116,116,149,168,168,31,31,129,129,140,157,10,26,44,44,75,75,98,98,114,114,114,114,114,114,114],"floor_reached":33,"language":"ENG","playtime":2266,"items_purged":["Feel No Pain","HollowMod:Grubsong"],"score":287,"play_id":"1e959bfd-f713-493f-86b5-ba7df104a526","local_time":"20210223202507","daily_mods":["SealedDeck"],"is_ascension_mode":true,"campfire_choices":[{"data":"HollowMod:GoodIntentions","floor":6,"key":"SMITH"},{"data":"HollowMod:HerrahsAnger","floor":10,"key":"SMITH"},{"data":"Metallicize","floor":13,"key":"SMITH"},{"data":"Metallicize","floor":15,"key":"SMITH"},{"data":"HollowMod:ShadowDash","floor":23,"key":"SMITH"},{"data":"HollowMod:WhiteLadysBlessing","floor":25,"key":"SMITH"},{"floor":32,"key":"REST"}],"circlet_count":0,"master_deck":["HollowMod:HeavyBlow+1","Metallicize+1","Ghostly Armor","Wild Strike","HollowMod:GoodIntentions+1","Fire Breathing","Flame Barrier","Metallicize+1","HollowMod:WhiteLadysBlessing+1","HollowMod:LifebloodCore","Shockwave+1","Dark Embrace+1","Berserk+1","True Grit+1","HollowMod:SiblingsSouls+1","HollowMod:ShadowDash+1","Bludgeon+1","HollowMod:SoulEater"],"relics":["Burning Blood","MealTicket","Juzu Bracelet","Molten Egg 2","Astrolabe","Blood Vial","Whetstone"],"acts_visited":["Exordium","TheCity"],"potions_floor_usage":[12,24,24,28,33],"damage_taken":[{"damage":1,"enemies":"Small Slimes","floor":1,"turns":5},{"damage":6,"enemies":"Cultist","floor":3,"turns":5},{"damage":2,"enemies":"2 Louse","floor":5,"turns":5},{"damage":5,"enemies":"Lagavulin","floor":7,"turns":9},{"damage":32,"enemies":"Gremlin Nob","floor":11,"turns":6},{"damage":0,"enemies":"Looter","floor":12,"turns":4},{"damage":42,"enemies":"Hexaghost","floor":16,"turns":11},{"damage":10,"enemies":"Shell Parasite","floor":18,"turns":9},{"damage":2,"enemies":"Chosen","floor":19,"turns":6},{"damage":3,"enemies":"Shelled Parasite and Fungi","floor":21,"turns":10},{"damage":7,"enemies":"Cultist and Chosen","floor":22,"turns":5},{"damage":69,"enemies":"Gremlin Leader","floor":24,"turns":11},{"damage":25,"enemies":"3 Cultists","floor":28,"turns":7},{"damage":68,"enemies":"Automaton","floor":33,"turns":10}],"seed_played":"-1957818329494841251","potions_obtained":[{"floor":3,"key":"Swift Potion"},{"floor":7,"key":"AttackPotion"},{"floor":16,"key":"Strength Potion"},{"floor":22,"key":"EssenceOfSteel"},{"floor":24,"key":"Regen Potion"},{"floor":28,"key":"GamblersBrew"}],"is_trial":true,"path_per_floor":["M","?","M","?","M","R","E","$","T","R","E","M","R","$","R","B",null,"M","M","$","M","M","R","E","R","T","?","M","?","$","?","R","B"],"character_chosen":"IRONCLAD","items_purchased":["HollowMod:WhiteLadysBlessing","HollowMod:ShadowDash"],"campfire_rested":1,"item_purchase_floors":[14,20],"current_hp_per_floor":[80,85,85,85,85,85,85,85,85,85,59,65,65,80,80,44,85,81,85,85,85,84,84,21,21,21,21,19,19,34,34,59,0,0],"gold":114,"neow_bonus":"","is_daily":false,"chose_seed":false,"campfire_upgraded":6,"win_rate":0.0,"timestamp":1614140707,"path_taken":["M","?","M","?","?","R","E","$","T","R","E","M","R","?","R","BOSS","M","M","$","M","M","R","E","R","T","?","M","?","$","?","R","BOSS"],"items_purchased_type":["Card","Card"],"build_version":"2020-12-22","purchased_purges":2,"victory":false,"max_hp_per_floor":[80,85,85,85,85,85,85,85,85,85,85,85,85,85,85,85,85,85,85,85,85,85,85,85,85,85,85,85,85,85,85,85,85,85],"card_choices":[{"not_picked":["Perfected Strike","Havoc"],"picked":"Flame Barrier","floor":1},{"not_picked":["Iron Wave","HollowMod:ShadowDash"],"picked":"HollowMod:ChannelNail","floor":3},{"not_picked":["HollowMod:DescendingDark","HollowMod:SiblingsSouls"],"picked":"Feel No Pain","floor":5},{"not_picked":["Thunderclap","HollowMod:DashSlash"],"picked":"HollowMod:HerrahsAnger","floor":7},{"not_picked":["Blood for Blood+1","Headbutt+1"],"picked":"Metallicize","floor":11},{"not_picked":["True Grit","HollowMod:HeavyBlow+1","HollowMod:SoulSplash"],"picked":"SKIP","floor":12},{"not_picked":["HollowMod:PaleKingsBlessing","HollowMod:NewInfectedGuardian"],"picked":"HollowMod:LifebloodCore","floor":16},{"not_picked":["HollowMod:SharpenedNail+1","HollowMod:HowlingWraiths+1"],"picked":"True Grit+1","floor":18},{"not_picked":["Power Through","HollowMod:NewJinnsSoul"],"picked":"HollowMod:SiblingsSouls+1","floor":19},{"not_picked":["Dark Embrace","HollowMod:GrimmsGift","Headbutt+1"],"picked":"SKIP","floor":21},{"not_picked":["Reaper+1","Body Slam+1","HollowMod:LifebloodCocoon"],"picked":"SKIP","floor":22},{"not_picked":["HollowMod:PaleKingsBlessing","Disarm","HollowMod:InfectionAssault+1"],"picked":"SKIP","floor":24},{"not_picked":["Havoc+1","Infernal Blade","Reckless Charge+1"],"picked":"SKIP","floor":28}],"player_experience":181899,"relics_obtained":[{"floor":7,"key":"MealTicket"},{"floor":9,"key":"Juzu Bracelet"},{"floor":11,"key":"Molten Egg 2"},{"floor":24,"key":"Blood Vial"},{"floor":26,"key":"Whetstone"}],"event_choices":[{"damage_healed":0,"gold_gain":0,"player_choice":"Donut","damage_taken":0,"max_hp_gain":5,"max_hp_loss":0,"event_name":"Big Fish","floor":2,"gold_loss":0},{"damage_healed":0,"gold_gain":0,"player_choice":"0 cards matched","damage_taken":0,"max_hp_gain":0,"max_hp_loss":0,"event_name":"Match and Keep!","floor":4,"gold_loss":0,"cards_obtained":[]},{"damage_healed":0,"gold_gain":0,"cards_transformed":["HollowMod:HerrahsAnger","HollowMod:SharpenedNail"],"player_choice":"Became Test Subject","damage_taken":0,"max_hp_gain":0,"max_hp_loss":0,"event_name":"Drug Dealer","floor":27,"gold_loss":0,"cards_obtained":["Bludgeon","HollowMod:SoulEater"]},{"damage_healed":0,"gold_gain":0,"player_choice":"Ignored","damage_taken":0,"max_hp_gain":0,"max_hp_loss":0,"event_name":"Cursed Tome","floor":29,"gold_loss":0},{"damage_healed":0,"gold_gain":0,"player_choice":"Ignored","damage_taken":0,"max_hp_gain":0,"max_hp_loss":0,"event_name":"The Mausoleum","floor":31,"gold_loss":0}],"is_beta":false,"boss_relics":[{"not_picked":["Philosopher\u0027s Stone","Runic Pyramid"],"picked":"Astrolabe"}],"items_purged_floors":[8,20],"is_endless":false,"potions_floor_spawned":[3,7,16,22,24,28],"killed_by":"Automaton","ascension_level":1}}