{"host":"wmrrle71ao22fxdw","time":1614185474,"event":{"mods":["BaseMod","Colored Map","Minty Spire (QoL Compilation)","Rare Cards Sparkle","Relic Stats"],"gold_per_floor":[109,122,140,215,215,244,274,286,286],"floor_reached":8,"language":"ENG","playtime":328,"items_purged":[],"score":61,"play_id":"746c03d7-ef5e-4f17-a412-673793d9c543","local_time":"20210224175114","is_ascension_mode":true,"campfire_choices":[],"circlet_count":0,"master_deck":["Strike_P","Strike_P","Strike_P","Defend_P","Defend_P","Defend_P","Defend_P","Eruption","Vigilance","Evaluate","EmptyBody","Consecrate","Vengeance","FlyingSleeves"],"relics":["Black Star","MawBank","Toy Ornithopter"],"acts_visited":["Exordium"],"potions_floor_usage":[8],"damage_taken":[{"damage":6,"enemies":"Cultist","floor":1,"turns":6},{"damage":12,"enemies":"Jaw Worm","floor":2,"turns":4},{"damage":2,"enemies":"2 Louse","floor":3,"turns":4},{"damage":25,"enemies":"3 Sentries","floor":6,"turns":7},{"damage":0,"enemies":"Blue Slaver","floor":7,"turns":4},{"damage":26,"enemies":"Gremlin Nob","floor":8,"turns":2}],"seed_played":"3284422639493797435","potions_obtained":[{"floor":7,"key":"ColorlessPotion"}],"is_trial":false,"path_per_floor":["M","M","M","?","?","E","M","E"],"character_chosen":"WATCHER","items_purchased":[],"campfire_rested":0,"item_purchase_floors":[],"current_hp_per_floor":[66,54,52,41,41,16,16,0,0],"gold":286,"neow_bonus":"BOSS_RELIC","is_daily":false,"chose_seed":false,"campfire_upgraded":0,"win_rate":0.0,"timestamp":1614185474,"path_taken":["M","M","M","?","?","E","M","E"],"items_purchased_type":[],"build_version":"2020-12-22","purchased_purges":0,"victory":false,"max_hp_per_floor":[72,72,72,72,72,72,72,72,72],"relic_stats":{"counters":[6,27],"Black Star":1,"MawBank":24,"obtain_stats":[{"Black Star":0,"PureWater":0,"MawBank":6,"Toy Ornithopter":6},{"Black Star":0,"PureWater":0,"MawBank":4,"Toy Ornithopter":4},{"Black Star":0,"PureWater":0,"MawBank":21,"Toy Ornithopter":21}],"Toy Ornithopter":5},"card_choices":[{"not_picked":["BowlingBash","Collect"],"picked":"Evaluate","floor":1},{"not_picked":["Prostrate","Adaptation"],"picked":"EmptyBody","floor":2},{"not_picked":["DeceiveReality","BowlingBash"],"picked":"Consecrate","floor":3},{"not_picked":["Alpha","WindmillStrike","WreathOfFlame"],"picked":"SKIP","floor":6},{"not_picked":["FlurryOfBlows","Halt"],"picked":"FlyingSleeves","floor":7}],"player_experience":124683,"relics_obtained":[{"floor":6,"key":"MawBank"},{"floor":6,"key":"Toy Ornithopter"}],"event_choices":[{"damage_healed":0,"gold_gain":75,"player_choice":"Gather Gold","damage_taken":11,"max_hp_gain":0,"max_hp_loss":0,"event_name":"World of Goop","floor":4,"gold_loss":0},{"damage_healed":0,"gold_gain":0,"cards_transformed":["Strike_P"],"player_choice":"Change","damage_taken":0,"max_hp_gain":0,"max_hp_loss":0,"event_name":"Living Wall","floor":5,"gold_loss":0,"cards_obtained":["Vengeance"]}],"is_beta":false,"boss_relics":[],"items_purged_floors":[],"is_endless":false,"potions_floor_spawned":[7],"killed_by":"Gremlin Nob","ascension_level":1}}