{"host":"za9ilm1uiwmpmin1","time":1614168335,"event":{"mods":["AchievementEnabler","Act Like it!","BaseMod","Friendly Minions","Gensokyo","KomeijiMod","Library of Ruina","Library of Ruina Extra","Minty Spire (QoL Compilation)","MostiFishMod","StSLib","TestMod","Waifu the Spire"],"gold_per_floor":[213,102,112,112,125,360,360,394,394,411,429,429,429,456,456,561,561,571,571,571,591,591,591,617,542,567,587,619,631,650,0,0,101,101,415,429,442,39,57,87,101,330,330,358,308,308,322,340,340,340,340,340,340,42,67,67],"floor_reached":57,"language":"ZHS","playtime":2727,"items_purged":["Writhe","LightDefense"],"score":1979,"play_id":"9970e7a7-d19c-4359-9465-abb7ceb77dec","local_time":"20210224200535","is_ascension_mode":true,"campfire_choices":[{"data":"Faith","floor":7.0,"key":"SMITH"},{"data":"FrontalAssault","floor":12.0,"key":"SMITH"},{"floor":15.0,"key":"RECALL"},{"data":"ForTheFamily","floor":23.0,"key":"SMITH"},{"data":"UnforgettableMelody","floor":32.0,"key":"SMITH"},{"data":"Gensokyo:TurboGranny","floor":49,"key":"SMITH"},{"data":"EnergyCycle","floor":53,"key":"SMITH"}],"circlet_count":1,"master_deck":["Dodge","LightDefense+1","LightDefense","LightDefense","ChargeAndCover","FocusedStrikes+1","Parry2","AutomatedMovement+1","Faith+1","FrontalAssault+1","UnforgettableMelody+1","Gensokyo:TurboGranny+1","ForTheFamily+1","EnergyCycle+1","Quickness+1","GrazeTheGrass","DriedUp+1","ExtractFuel+1","HandleRequest+1"],"relics":["PageOfLibrarian","DaveBox","testmod-TestBox","testmod-CardMagician","ShadowXiaoBlade","SynthV:TestCard","Ancient Tea Set","PageOfTodaysShyLook","testmod-ObsoleteBoomerang","PageOfSnowWhitesApple","testmod-Justice","GreenFoldingFan","Regal Pillow","Vajra","Smiling Mask","Omamori","SynthV:MejaisSoulstealer","Circlet","BrkXgEgg","testmod-LifeArmor","Bronze Scales","Shuriken","Darkstone Periapt","War Paint","PageOfPorccubus","Civilization","Bag of Preparation"],"acts_visited":["Exordium","Gensokyo:Gensokyo","Gensokyo:Gensokyoer","TheEnding"],"potions_floor_usage":[42,42,44,56,56,56,56,56,56,56,56,56],"damage_taken":[{"damage":0.0,"enemies":"Gensokyo:3_Fairies","floor":1.0,"turns":3.0},{"damage":0.0,"enemies":"Gensokyo:2_Kodama","floor":3.0,"turns":3.0},{"damage":4.0,"enemies":"Gensokyo:Gryphon","floor":5.0,"turns":5.0},{"damage":5.0,"enemies":"Gensokyo:Aya","floor":6.0,"turns":5.0},{"damage":0.0,"enemies":"Gensokyo:Mamizou","floor":8.0,"turns":3.0},{"damage":0.0,"enemies":"Gensokyo:LivingMonolith","floor":10.0,"turns":1.0},{"damage":2.0,"enemies":"Gensokyo:2_Rabbits","floor":11.0,"turns":2.0},{"damage":0.0,"enemies":"Gensokyo:Aya","floor":14.0,"turns":2.0},{"damage":0.0,"enemies":"Gensokyo:Yukari","floor":16.0,"turns":4.0},{"damage":2.0,"enemies":"Gensokyo:AngelMirror","floor":18.0,"turns":1.0},{"damage":4.0,"enemies":"Gensokyo:Chomper","floor":21.0,"turns":2.0},{"damage":6.0,"enemies":"Gensokyo:Reisen","floor":24.0,"turns":3.0},{"damage":19.0,"enemies":"Gensokyo:Swordslinger","floor":27.0,"turns":2.0},{"damage":4.0,"enemies":"Gensokyo:Koishi","floor":28.0,"turns":2.0},{"damage":2.0,"enemies":"Gensokyo:Monolith_and_Dog","floor":29.0,"turns":1.0},{"damage":4.0,"enemies":"Gensokyo:Chomper_and_Gloop","floor":30.0,"turns":2.0},{"damage":10.0,"enemies":"Gensokyo:Kaguya","floor":33.0,"turns":5.0},{"damage":2.0,"enemies":"Gensokyo:3_Bats","floor":35.0,"turns":1.0},{"damage":2.0,"enemies":"Gensokyo:3_Boulders","floor":36.0,"turns":1.0},{"damage":4.0,"enemies":"Gensokyo:AtlasGolem","floor":37.0,"turns":2.0},{"damage":2.0,"enemies":"Gensokyo:4_Bats","floor":39.0,"turns":1.0},{"damage":38,"enemies":"Gensokyo:Marisa","floor":40,"turns":3},{"damage":12,"enemies":"Gensokyo:Rafflesia","floor":41,"turns":3},{"damage":8,"enemies":"Gensokyo:Doremy","floor":42,"turns":4},{"damage":15,"enemies":"Gensokyo:Kasen","floor":44,"turns":4},{"damage":4,"enemies":"Gensokyo:Dusk_and_Dawn","floor":47,"turns":2},{"damage":11,"enemies":"Gensokyo:Sharpion","floor":48,"turns":2},{"damage":10,"enemies":"Gensokyo:Scarlet_Devils","floor":50,"turns":5},{"damage":53,"enemies":"Gensokyo:Scarlet_Devils","floor":51,"turns":6},{"damage":2,"enemies":"Shield and Spear","floor":55,"turns":1},{"damage":29,"enemies":"The Heart","floor":56,"turns":4}],"seed_played":"-4139177376082898663","potions_obtained":[{"floor":3.0,"key":"testmod-SpacePotion"},{"floor":5.0,"key":"EntropicBrew"},{"floor":10.0,"key":"FearPotion"},{"floor":11.0,"key":"SkillPotion"},{"floor":14.0,"key":"ColorlessPotion"},{"floor":28.0,"key":"Block Potion"},{"floor":42,"key":"Weak Potion"},{"floor":44,"key":"testmod-SpacePotion"},{"floor":47,"key":"Block Potion"},{"floor":55,"key":"Fire Potion"}],"is_trial":false,"path_per_floor":["M","COS","M","?","M","E","R","E","T","M","M","R","?","E","R","B",null,"M","?","T","M","?","R","E","$","T","M","E","M","M","COS","R","B",null,"M","M","M","COS","M","E","M","E","T","E","$","?","M","M","R","B",null,null,"R","$","E","B",null],"character_chosen":"Librarian","items_purchased":["PageOfPorccubus","Civilization"],"campfire_rested":0,"item_purchase_floors":[54,54],"current_hp_per_floor":[60,60,60,60,56,51,51,51,51,51,49,49,63,63,63,63,77,77,70,70,70,70,70,70,70,70,61,67,70,70,70,70,70,70,70,70,70,70,70,42,40,42,42,41,41,41,51,52,52,52,15,70,70,70,72,70],"gold":67,"neow_bonus":"HUNDRED_GOLD","is_daily":false,"chose_seed":false,"campfire_upgraded":6,"win_rate":0.0,"timestamp":1614168335,"path_taken":["M","COS","M","?","?","E","R","E","T","M","M","R","?","E","R","BOSS","M","?","?","M","?","R","E","$","T","M","E","M","?","COS","R","BOSS","M","M","M","COS","M","E","M","E","T","E","$","?","?","M","R","BOSS","R","$","E","BOSS"],"items_purchased_type":["Relic","Relic"],"build_version":"2020-12-22","purchased_purges":2,"victory":true,"max_hp_per_floor":[61,61,70,70,70,63,63,63,63,63,63,63,63,77,77,77,77,77,70,70,70,70,70,70,70,70,70,70,70,70,70,70,70,70,70,70,70,70,70,70,70,70,70,70,70,70,70,70,70,70,70,70,70,70,72,75],"card_choices":[{"not_picked":["Rewind","DefenseOrder","ViolentFlame","Parry","Brawl","BackstreetsDash","PinpointShot","SpearedSweep"],"picked":"Parry2","floor":1.0},{"not_picked":["HeavyPeaks","ShockingBlow","Wallop_lor","ViolentFlame","TrimTheIngredients","StrongStrike","SnakesPrey","ClassAndRespect","Faith","Decapitation"],"picked":"AutomatedMovement","floor":3.0},{"not_picked":["EnergyCycle","MultiHit","FeatherShield","ViolentFlame","Observe","GreatSerpentsImpact","EnergyStrike","SinglePointStab","SharpSwipe","MultiBlock"],"picked":"Faith","floor":5.0},{"not_picked":["RepressedFlesh","FleetFootsteps","Thrust","SinglePointStab","ToWhereThePrescriptPoints","FocusFire","Retaliate","MultiHit","BackAttack","AsThePrescriptOrders","Bvapour"],"picked":"SKIP","floor":6.0},{"not_picked":["YourShield","BiAn","HiddenBlade","BulkyImpact","BizarreAttack","DarkCloud","FierceCharge","CoordinatedAssault","FierceOnslaught","DefenseOrder","LawAndOrder"],"picked":"SKIP","floor":8.0},{"not_picked":["QuickAttack","CircusKnives","FlashOfSunup","EndlessBattle","GaleKick","CoordinatedAssault","Multislash","FleetEdge","Execute_lor","FervidEmotions","Leap_lor"],"picked":"SKIP","floor":10.0},{"not_picked":["ReadyUp","BiAn","NonstopAssault","Outburst","BackAttack","Quickness","HiddenBlade","InkOver","Parry","Overpower"],"picked":"FrontalAssault","floor":11.0},{"not_picked":["SuppressingShot","SunsetBlade","EndlessBattle","SpearedSweep","Multislash","Reload","MirageStorm","RulesOfTheBackstreets","CookingPrep","Endure","FervidEmotions"],"picked":"SKIP","floor":14.0},{"not_picked":["DriedUp+1","SunsetBlade+1","Duel_lor","AsThePrescriptOrders","HeavyPeaks","ClassAndRespect","Outburst","SnakesPrey","SinglePointStab","BiAn"],"picked":"UnforgettableMelody","floor":18.0},{"not_picked":["Gensokyo:MenInBlack","Gensokyo:TekeTeke","Gensokyo:SlitMouthedWoman","Gensokyo:ManorOfTheDishes","Gensokyo:SpontaneousHumanCombustion","Gensokyo:LittleGreenMen","Gensokyo:Apocalypse","Gensokyo:MissMary","Gensokyo:GapWoman","Gensokyo:EightFeetTall"],"picked":"Gensokyo:TurboGranny","floor":19.0},{"not_picked":["Pound","FieryDragonSlash","EnergyCycle+1","StrikeDown","GaleKick","Outburst","Reload+1","Guardian_lor","SnakesPrey","Unlock1"],"picked":"ForTheFamily","floor":21.0},{"not_picked":["Disposal","ClassAndRespect","QuickAttack+1","MultiBlock","BackAttack","AbsorbImpact","FierceCharge","DevastatingThrash","TendonChords","UnforgettableMelody"],"picked":"EnergyCycle","floor":24.0},{"not_picked":["SunsetBlade","SnakesPrey","Reload+1","Faith","DarkCloud","Eradication","BayonetCombat","ConcentratedFire","SmokingPipe","HighSpeedStabbing","SinglePointStab"],"picked":"SKIP","floor":27.0},{"not_picked":["MultiBlock","EnergyCycle","AsThePrescriptOrders+1","Parry","ButterflySlash+1","HandleRequest","Struggle+1","Laceration","BiteOff","SilentMist","DaringDecision"],"picked":"SKIP","floor":28.0},{"not_picked":["EnergyCycle","EnergyStrike","SuanNi","RapidGashes","IronWall","ToOvercomeCrisis","DesperateStruggle+1","Leap_lor","StrikeDown+1","SerpentSwordTechnique+1"],"picked":"Quickness","floor":29.0},{"not_picked":["SweepTheBackstreets","FleetEdge","SnakesPrey","HighKick+1","EnergyStrike","Observe","EnergyShield","QuickSuppression","CoordinatedAssault","Leap_lor+1","MultiBlock"],"picked":"SKIP","floor":30.0},{"not_picked":["MindCrush","EndlessBattle+1","SunsetBlade","SnakesPrey+1","ViolentFlame+1","BiAn","ICanCookAnything+1","Rampage_lor","Parry2","FeatherShield+1"],"picked":"GrazeTheGrass","floor":35.0},{"not_picked":["StrongStrike","MindPrepared","Reload","TendonChords+1","UpbeatPerformance","GuidanceOfTheGears+1","MultiHit","Quickness+1","BindingArms","Overcharge+1"],"picked":"DriedUp+1","floor":36.0},{"not_picked":["Multislash","Disposal","StructuralAnalysis","EndlessBattle+1","Concentration","Parry2","MultiHit+1","UnavoidableGaze","BiAn+1","FieryWaltz","JiaoTu+1"],"picked":"SKIP","floor":37.0},{"not_picked":["FieryWaltz+1","Ripple+1","Unlock1","EndlessBattle","Leap_lor","ViolentFlame+1","LossOfSenses","StructuralAnalysis+1","DarkCloud+1","Concentration+1","UnforgettableMelody+1"],"picked":"SKIP","floor":39.0},{"not_picked":["FieryWaltz+1","StartinOutLightly","FleetFootsteps","DeepDrag","FleetEdge","BackAttack","SnakesPrey+1","Guardian_lor+1","RatsGuideToSurvival","SuppressingShot+1","GoinFirst+1"],"picked":"SKIP","floor":40},{"not_picked":["DriedUp+1","Pound+1","EndlessBattle","Leap_lor","PreemptiveStrike","Eradication+1","Gigigig","FleetFootsteps+1","SturdyDefense","Eliminate+1","Diversion"],"picked":"SKIP","floor":41},{"not_picked":["TrimTheIngredients","NightInTheBackstreets+1","Unlock1+1","DefenseOrder","FormingStorm+1","WrathOfTorment+1","RushDown","FieryDragonSlash","Clone+1","MultiHit+1"],"picked":"ExtractFuel+1","floor":42},{"not_picked":["QuickSuppression+1","ViolentFlame","CutIn+1","FocusFire","FeatherShield+1","SerpentSwordTechnique+1","SnakesPrey+1","FleetFootsteps","Tailoring","ICanCookAnything","Duel_lor"],"picked":"SKIP","floor":44},{"not_picked":["PuppetBlockade","Rewind","Track+1","Parry2+1","Multislash","SunsetBlade+1","QuickSuppression","QuickAttack+1","SturdyDefense+1","GrazeTheGrass"],"picked":"HandleRequest+1","floor":47},{"not_picked":["SerpentSwordTechnique","StrikeDown","QuickAttack","SkyClearingCut+1","SnakesPrey+1","ExtractFuel+1","EnergyCycle","HeavyPeaks+1","ShockRound+1","SparkingSpear+1","IronWall+1"],"picked":"SKIP","floor":48},{"not_picked":["HiddenBlade","IngredientHunt+1","ScratchThat+1","ToWhereThePrescriptPoints+1","AsThePrescriptOrders","FrontalAssault+1","ScatteringSlash+1","QuickSuppression+1","HandleRequest","SinglePointStab","GuardingStance+1"],"picked":"SKIP","floor":55}],"player_experience":754290,"relics_obtained":[{"floor":1.0,"key":"SynthV:TestCard"},{"floor":6.0,"key":"testmod-ObsoleteBoomerang"},{"floor":8.0,"key":"PageOfSnowWhitesApple"},{"floor":14.0,"key":"testmod-Justice"},{"floor":20.0,"key":"Regal Pillow"},{"floor":24.0,"key":"Vajra"},{"floor":26.0,"key":"Smiling Mask"},{"floor":28.0,"key":"Omamori"},{"floor":40,"key":"Bronze Scales"},{"floor":42,"key":"Shuriken"},{"floor":43,"key":"Darkstone Periapt"},{"floor":44,"key":"War Paint"},{"floor":55,"key":"Bag of Preparation"}],"event_choices":[{"damage_healed":0.0,"max_hp_gain":0.0,"max_hp_loss":0.0,"gold_gain":0.0,"event_name":"给自己的盒子","player_choice":"Swap Relic","floor":4.0,"relics_lost":["Technique"],"gold_loss":0.0,"damage_taken":0.0,"relics_obtained":["Technique"]}],"is_beta":false,"boss_relics":[{"not_picked":["Runic Dome","Transparent"],"picked":"GreenFoldingFan"},{"not_picked":["RhineFirstAidKit","FixedStarFall"],"picked":"sneckomod:SneckoTalon"}],"items_purged_floors":[25,45],"is_endless":false,"potions_floor_spawned":[3,5,10,11,14,24,28,30,36,42,44,47,55],"ascension_level":3}}