{"host":"iptbjd7kkdc69fbc","time":1614133141,"event":{"mods":["BaseMod","Colored Map","Colored Powertips","Highlight Path","Minty Spire (QoL Compilation)","StSLib"],"gold_per_floor":[109,109,120,120,134,163,177,202,276,296,314,333,333,350,350,452,452,467,42,41,41,57,89,104,116,116,133,158,158,190,460,460,564,564,577,333,348,258,272,272,304,322,322,11,26,59,70,99,99,99,99,99,46,71,71],"floor_reached":56,"language":"ENG","playtime":7025,"items_purged":["Strike_R","Strike_R"],"score":1920,"play_id":"c013ceaf-8f05-4bb3-b7f2-0a5db72834ef","local_time":"20210224031901","is_ascension_mode":true,"campfire_choices":[{"data":"Clothesline","floor":13,"key":"SMITH"},{"data":"Searing Blow","floor":15,"key":"SMITH"},{"floor":32,"key":"REST"},{"data":"Shrug It Off","floor":40,"key":"SMITH"},{"floor":49,"key":"RECALL"},{"data":"Metallicize","floor":52,"key":"SMITH"}],"circlet_count":0,"master_deck":["Strike_R+1","Defend_R","Defend_R","Defend_R+1","Defend_R","Bash+1","Power Through","Iron Wave","Clothesline+1","Intimidate+1","Shrug It Off+1","Iron Wave","Flame Barrier+1","Shrug It Off+1","Reaper","Impervious+1","Shrug It Off+1","Body Slam+1","Metallicize","Ghostly Armor+1","Shrug It Off+1","Carnage","Shrug It Off+1","Body Slam","Shockwave+1","Metallicize+1","Impervious+1","Disarm+1","Exhume+1","Body Slam","Exhume+1","Entrench+1","Seeing Red+1","Shrug It Off+1"],"relics":["Velvet Choker","Strawberry","Calipers","Orichalcum","Toxic Egg 2","Black Star","Strange Spoon","Lantern","Unceasing Top","White Beast Statue","Happy Flower","Blue Candle","War Paint","Question Card","Runic Pyramid","Pen Nib","Oddly Smooth Stone","Darkstone Periapt","Charon\u0027s Ashes","Mercury Hourglass","InkBottle","Bottled Flame","Ice Cream","Shuriken","Akabeko"],"acts_visited":["Exordium","TheCity","TheBeyond","TheEnding"],"potions_floor_usage":[6,8,16,16,23,23,30,30,45,55,55,55],"damage_taken":[{"damage":2,"enemies":"2 Louse","floor":1,"turns":3},{"damage":0,"enemies":"Small Slimes","floor":3,"turns":3},{"damage":7,"enemies":"Jaw Worm","floor":5,"turns":2},{"damage":3,"enemies":"Gremlin Nob","floor":6,"turns":3},{"damage":16,"enemies":"Gremlin Gang","floor":7,"turns":6},{"damage":8,"enemies":"Lagavulin","floor":8,"turns":6},{"damage":1,"enemies":"Exordium Wildlife","floor":10,"turns":4},{"damage":0,"enemies":"Blue Slaver","floor":11,"turns":3},{"damage":4,"enemies":"Large Slime","floor":12,"turns":5},{"damage":1,"enemies":"Lots of Slimes","floor":14,"turns":4},{"damage":24,"enemies":"Slime Boss","floor":16,"turns":15},{"damage":0,"enemies":"3 Byrds","floor":18,"turns":3},{"damage":2,"enemies":"2 Thieves","floor":20,"turns":5},{"damage":3,"enemies":"Centurion and Healer","floor":22,"turns":14},{"damage":39,"enemies":"Slavers","floor":23,"turns":17},{"damage":0,"enemies":"Snake Plant","floor":24,"turns":3},{"damage":0,"enemies":"Shelled Parasite and Fungi","floor":25,"turns":6},{"damage":34,"enemies":"3 Cultists","floor":27,"turns":11},{"damage":0,"enemies":"Book of Stabbing","floor":28,"turns":7},{"damage":0,"enemies":"Slavers","floor":30,"turns":7},{"damage":0,"enemies":"Automaton","floor":33,"turns":14},{"damage":0,"enemies":"Orb Walker","floor":35,"turns":5},{"damage":0,"enemies":"3 Darklings","floor":37,"turns":8},{"damage":0,"enemies":"4 Shapes","floor":39,"turns":5},{"damage":0,"enemies":"Reptomancer","floor":41,"turns":10},{"damage":0,"enemies":"Spire Growth","floor":42,"turns":6},{"damage":0,"enemies":"Jaw Worm Horde","floor":45,"turns":4},{"damage":0,"enemies":"Nemesis","floor":46,"turns":5},{"damage":0,"enemies":"Transient","floor":47,"turns":5},{"damage":0,"enemies":"Reptomancer","floor":48,"turns":5},{"damage":0,"enemies":"Donu and Deca","floor":50,"turns":8},{"damage":0,"enemies":"Shield and Spear","floor":54,"turns":3},{"damage":0,"enemies":"The Heart","floor":55,"turns":9}],"seed_played":"-5262751550118984731","potions_obtained":[{"floor":3,"key":"EssenceOfSteel"},{"floor":5,"key":"Fire Potion"},{"floor":12,"key":"SneckoOil"},{"floor":14,"key":"ColorlessPotion"},{"floor":16,"key":"EssenceOfSteel"},{"floor":22,"key":"GamblersBrew"},{"floor":25,"key":"BlessingOfTheForge"},{"floor":27,"key":"Regen Potion"},{"floor":28,"key":"Strength Potion"},{"floor":30,"key":"DistilledChaos"},{"floor":33,"key":"BlessingOfTheForge"},{"floor":35,"key":"Energy Potion"},{"floor":37,"key":"LiquidMemories"},{"floor":45,"key":"Energy Potion"},{"floor":47,"key":"Ancient Potion"}],"is_trial":false,"path_per_floor":["M","?","M","?","M","E","M","E","T","M","M","M","R","M","R","B",null,"M","$","M","?","M","E","M","M","T","M","E","?","E","?","R","B",null,"M","$","M","?","M","R","E","M","T","$","M","E","M","E","R","B",null,"R","$","E","B",null],"character_chosen":"IRONCLAD","items_purchased":["Strange Spoon","Body Slam","Metallicize","Ghostly Armor+1","Shrug It Off+1","Pen Nib","Charon\u0027s Ashes","Shrug It Off+1"],"campfire_rested":1,"item_purchase_floors":[19,19,19,19,19,36,44,53],"current_hp_per_floor":[78,82,82,65,58,55,39,31,31,30,30,26,26,25,25,10,87,87,87,85,85,84,51,51,51,51,17,17,17,46,13,39,39,87,87,87,87,87,87,87,87,87,87,87,87,87,87,87,87,87,87,87,87,87,87],"gold":71,"neow_bonus":"BOSS_RELIC","is_daily":false,"chose_seed":false,"campfire_upgraded":4,"win_rate":0.0,"timestamp":1614133141,"path_taken":["M","?","M","?","?","E","M","E","T","M","M","?","R","M","R","BOSS","M","$","M","?","M","E","M","M","T","M","E","?","E","?","R","BOSS","M","$","?","?","M","R","E","M","T","$","M","E","M","E","R","BOSS","R","$","E","BOSS"],"items_purchased_type":["Relic","Card","Card","Card","Card","Relic","Relic","Card"],"build_version":"2020-12-22","purchased_purges":2,"victory":true,"max_hp_per_floor":[80,87,87,87,87,87,87,87,87,87,87,87,87,87,87,87,87,87,87,87,87,87,87,87,87,87,87,87,87,87,87,87,87,87,87,87,87,87,87,87,87,87,87,87,87,87,87,87,87,87,87,87,87,87,87],"card_choices":[{"not_picked":["Clash","Sword Boomerang"],"picked":"Power Through","floor":1},{"not_picked":["Pommel Strike","Anger"],"picked":"Iron Wave","floor":3},{"not_picked":["Shrug It Off","Anger"],"picked":"Clothesline","floor":5},{"not_picked":["Flex","Warcry"],"picked":"Intimidate","floor":6},{"not_picked":["Flex","Clash"],"picked":"Shrug It Off","floor":7},{"not_picked":["Burning Pact","Perfected Strike"],"picked":"Iron Wave","floor":8},{"not_picked":["Cleave","Hemokinesis"],"picked":"Flame Barrier+1","floor":10},{"not_picked":["Sword Boomerang","Headbutt"],"picked":"Searing Blow","floor":11},{"not_picked":["Combust","Blood for Blood"],"picked":"Shrug It Off+1","floor":12},{"not_picked":["Heavy Blade","Flame Barrier+1"],"picked":"Reaper","floor":14},{"not_picked":["Barricade","Limit Break+1"],"picked":"Impervious+1","floor":16},{"not_picked":["Flex+1","Heavy Blade"],"picked":"Shrug It Off+1","floor":18},{"not_picked":["Shrug It Off+1","Armaments+1"],"picked":"Carnage","floor":20},{"not_picked":["Pummel","Thunderclap"],"picked":"Shrug It Off+1","floor":22},{"not_picked":["Dropkick","Twin Strike"],"picked":"Body Slam","floor":23},{"not_picked":["Cleave","Inflame+1","Iron Wave"],"picked":"SKIP","floor":24},{"not_picked":["Shrug It Off+1","Thunderclap"],"picked":"Shockwave+1","floor":25},{"not_picked":["Blood for Blood","Intimidate+1","Perfected Strike"],"picked":"SKIP","floor":27},{"not_picked":["Cleave+1","Havoc+1"],"picked":"Metallicize","floor":28},{"not_picked":["Bludgeon","Shrug It Off+1"],"picked":"Disarm+1","floor":30},{"not_picked":["Fiend Fire","Demon Form","Double Tap+1"],"picked":"Exhume+1","floor":33},{"not_picked":["Rupture","Twin Strike+1","Anger"],"picked":"Body Slam","floor":35},{"not_picked":["Cleave+1","Twin Strike+1","Clash","Spot Weakness+1"],"picked":"SKIP","floor":37},{"not_picked":["Sword Boomerang","Twin Strike","Shrug It Off+1"],"picked":"Exhume+1","floor":39},{"not_picked":["Metallicize","Wild Strike+1","Spot Weakness+1"],"picked":"Entrench+1","floor":41},{"not_picked":["Uppercut+1","Perfected Strike","Havoc+1","Clothesline"],"picked":"SKIP","floor":42},{"not_picked":["Dropkick","Infernal Blade+1","Cleave","Iron Wave+1"],"picked":"SKIP","floor":45},{"not_picked":["Corruption","Sword Boomerang","Flex+1","Perfected Strike"],"picked":"SKIP","floor":46},{"not_picked":["Warcry+1","Sever Soul","Intimidate+1","Dropkick+1"],"picked":"SKIP","floor":47},{"not_picked":["Body Slam+1","Wild Strike","Entrench+1"],"picked":"Seeing Red+1","floor":48},{"not_picked":["Dropkick","Thunderclap+1","Spot Weakness+1","Clothesline"],"picked":"SKIP","floor":54}],"player_experience":254761,"relics_obtained":[{"floor":6,"key":"Calipers"},{"floor":8,"key":"Orichalcum"},{"floor":9,"key":"Toxic Egg 2"},{"floor":23,"key":"Lantern"},{"floor":23,"key":"Unceasing Top"},{"floor":26,"key":"White Beast Statue"},{"floor":28,"key":"Happy Flower"},{"floor":28,"key":"Blue Candle"},{"floor":30,"key":"War Paint"},{"floor":30,"key":"Question Card"},{"floor":41,"key":"Oddly Smooth Stone"},{"floor":41,"key":"Darkstone Periapt"},{"floor":46,"key":"Mercury Hourglass"},{"floor":46,"key":"InkBottle"},{"floor":48,"key":"Bottled Flame"},{"floor":48,"key":"Ice Cream"},{"floor":54,"key":"Shuriken"},{"floor":54,"key":"Akabeko"}],"event_choices":[{"damage_healed":0,"gold_gain":0,"player_choice":"Success","damage_taken":3,"relics_obtained":["Strawberry"],"max_hp_gain":0,"max_hp_loss":0,"event_name":"Scrap Ooze","floor":2,"gold_loss":0},{"damage_healed":0,"gold_gain":0,"player_choice":"Entered Light","damage_taken":17,"max_hp_gain":0,"max_hp_loss":0,"event_name":"Shining Light","floor":4,"gold_loss":0,"cards_upgraded":["Strike_R","Bash"]},{"cards_removed":["Strike_R"],"damage_healed":0,"gold_gain":0,"player_choice":"Elegance","damage_taken":0,"max_hp_gain":0,"max_hp_loss":0,"event_name":"Back to Basics","floor":21,"gold_loss":0},{"damage_healed":0,"gold_gain":0,"cards_transformed":["Searing Blow","Strike_R"],"player_choice":"Became Test Subject","damage_taken":0,"max_hp_gain":0,"max_hp_loss":0,"event_name":"Drug Dealer","floor":29,"gold_loss":0,"cards_obtained":["Rupture","Impervious"]},{"damage_healed":0,"gold_gain":270,"player_choice":"GOLD GOLD GOLD POTION ","damage_taken":33,"max_hp_gain":0,"max_hp_loss":0,"event_name":"Knowing Skull","floor":31,"potions_obtained":["ColorlessPotion"],"gold_loss":0,"cards_obtained":[]},{"cards_removed":["Rupture"],"damage_healed":0,"gold_gain":0,"player_choice":"Upgrade and Remove","damage_taken":0,"max_hp_gain":0,"max_hp_loss":0,"event_name":"Designer","floor":38,"gold_loss":90,"cards_upgraded":["Body Slam"]}],"is_beta":false,"boss_relics":[{"not_picked":["Mark of Pain","Ectoplasm"],"picked":"Black Star"},{"not_picked":["SlaversCollar","Astrolabe"],"picked":"Runic Pyramid"}],"items_purged_floors":[19,36],"is_endless":false,"potions_floor_spawned":[3,5,12,14,16,22,25,27,28,30,33,35,37,39,41,42,45,46,47,48,54],"ascension_level":3}}