{"host":"3498uni0c31c9bdm","time":1614184799,"event":{"mods":["BaseMod","Better Match","Better Note","Better Sensory Stone","Better Skull","Better Third Choice","Colored Map","Minty Spire (QoL Compilation)","Quick Restart","RNG Fix","Random Character Button","Replay The Spire","Shop Mod","Smile Girya","StSLib","Unceasing Turn Reminder"],"gold_per_floor":[111,122,122,47,47,47,80,80,80,111,125,143,154,169,169,246,246,263,289,144,159,159,159,170,150,177,209,235,235,244,267,267,354,354,376,400,450,479,500,500,500],"floor_reached":40,"language":"ENG","playtime":2413,"items_purged":["Regret"],"score":900,"play_id":"6bc91136-3efe-4cd8-b946-75715c346b2d","local_time":"20210225033959","is_ascension_mode":true,"campfire_choices":[{"data":"Zap","floor":6,"key":"SMITH"},{"floor":8,"key":"RECALL"},{"data":"Fission","floor":15,"key":"SMITH"},{"floor":23,"key":"REST"},{"floor":29,"key":"REST"},{"floor":32,"key":"REST"}],"circlet_count":0,"master_deck":["AscendersBane","Strike_B","Strike_B","Strike_B","Strike_B","Defend_B","Defend_B","Defend_B","Defend_B","Zap+1","Dualcast","Ball Lightning","FTL","Stack","Go for the Eyes+1","Fission+1","Ball Lightning+1","Redo","Conserve Battery","Buffer","Overencumbered","Hallucinations","ReplayTheSpireMod:Restless Dread","Hello World","Barrage+1","Turbo","Rip and Tear+1","Thunder Strike+1","Amnesia","Self Repair","Core Surge+1","Ball Lightning+1","Sweeping Beam+1","Compile Driver+1","Seek+1","Lockon+1","Cold Snap+1"],"relics":["Cracked Core","NeowsBlessing","FossilizedHelix","Divine Protection","Molten Egg 2","Replay:Towering Pillar of Hats","Replay:Ancient Bell","Pet Ghost","Golden Egg","Pocketwatch","Red Mask","Lantern","Shuriken","DataDisk","HornCleat","CeramicFish","Ring of Panic","ReplayTheSpireMod:Ring of Exchange","Strange Spoon","The Courier"],"acts_visited":["Exordium","TheCity","TheBeyond"],"potions_floor_usage":[16,16,27,33,40],"damage_taken":[{"damage":0,"enemies":"Jaw Worm","floor":1,"turns":1},{"damage":0,"enemies":"2 Louse","floor":2,"turns":1},{"damage":0,"enemies":"Lagavulin","floor":7,"turns":1},{"damage":22,"enemies":"Gremlin Nob","floor":10,"turns":4},{"damage":0,"enemies":"Small Slimes","floor":11,"turns":3},{"damage":1,"enemies":"Exordium Thugs","floor":12,"turns":5},{"damage":0,"enemies":"Blue Slaver","floor":13,"turns":2},{"damage":0,"enemies":"Large Slime","floor":14,"turns":4},{"damage":39,"enemies":"Hexaghost","floor":16,"turns":10},{"damage":0,"enemies":"3 Byrds","floor":18,"turns":4},{"damage":40,"enemies":"Masked Bandits","floor":19,"turns":5},{"damage":0,"enemies":"Shell Parasite","floor":21,"turns":6},{"damage":5,"enemies":"Snake Plant","floor":24,"turns":5},{"damage":6,"enemies":"Replay:Snechameleon","floor":27,"turns":6},{"damage":0,"enemies":"Centurion and Healer","floor":31,"turns":6},{"damage":33,"enemies":"Champ","floor":33,"turns":9},{"damage":0,"enemies":"Orb Walker","floor":35,"turns":3},{"damage":22,"enemies":"3 Darklings","floor":36,"turns":5},{"damage":19,"enemies":"Sphere and 2 Shapes","floor":38,"turns":5},{"damage":0,"enemies":"Transient","floor":39,"turns":5},{"damage":18,"enemies":"Reptomancer","floor":40,"turns":2}],"seed_played":"-1636878107408420754","potions_obtained":[{"floor":10,"key":"AttackPotion"},{"floor":14,"key":"SpeedPotion"},{"floor":16,"key":"Swift Potion"},{"floor":24,"key":"Toxic Potion"},{"floor":27,"key":"PotionOfCapacity"},{"floor":35,"key":"SpeedPotion"}],"is_trial":false,"path_per_floor":["M","M","?","$","?","R","E","R","T","E","M","M","M","M","R","B",null,"M","?","$","M","T","R","M","?","T","E","T","R","?","M","R","B",null,"M","M","?","M","M","E"],"character_chosen":"DEFECT","items_purchased":["Lantern"],"campfire_rested":3,"item_purchase_floors":[20],"current_hp_per_floor":[64,64,64,64,64,64,64,64,64,42,42,41,41,41,41,2,54,54,14,14,14,14,35,30,30,30,24,24,45,45,45,66,40,63,63,48,20,8,8,0,0],"gold":500,"neow_bonus":"THREE_ENEMY_KILL","is_daily":false,"chose_seed":false,"campfire_upgraded":2,"win_rate":0.0,"timestamp":1614184799,"path_taken":["M","M","?","$","?","R","E","R","T","E","M","M","?","M","R","BOSS","M","?","$","M","?","R","M","?","T","E","?","R","?","M","R","BOSS","M","?","?","?","M","E"],"items_purchased_type":["Relic"],"build_version":"2020-12-22","purchased_purges":1,"victory":false,"max_hp_per_floor":[71,71,71,71,71,71,71,71,71,71,71,71,71,71,71,71,71,71,71,71,71,71,71,71,71,71,71,71,71,71,71,71,71,71,71,71,71,71,71,71,71],"card_choices":[{"not_picked":["Rebound","ReplayTheSpireMod:Calculation Training"],"picked":"Ball Lightning","floor":1},{"not_picked":["Melter","Defragment"],"picked":"FTL","floor":2},{"not_picked":["ReplayTheSpireMod:GoodbyeWorld","Scrape"],"picked":"Stack","floor":7},{"not_picked":["Leap","Genetic Algorithm"],"picked":"Go for the Eyes+1","floor":10},{"not_picked":["Compile Driver+1","Gash+1"],"picked":"Fission","floor":11},{"not_picked":["Genetic Algorithm","Go for the Eyes+1"],"picked":"Ball Lightning+1","floor":12},{"not_picked":["Rebound+1","Chill"],"picked":"Redo","floor":13},{"not_picked":["Consume","BasicCrystalCard"],"picked":"Conserve Battery","floor":14},{"not_picked":["Rainbow","Amplify"],"picked":"Buffer","floor":16},{"not_picked":["Regret","Looming Evil"],"picked":"Overencumbered","floor":17},{"not_picked":["Normality","ReplayTheSpireMod:Faulty Equipment"],"picked":"Hallucinations","floor":17},{"not_picked":["Regret","Injury"],"picked":"ReplayTheSpireMod:Restless Dread","floor":17},{"not_picked":["Conserve Battery","Rebound+1"],"picked":"Hello World","floor":18},{"not_picked":["Coolheaded","Force Field"],"picked":"Barrage+1","floor":19},{"not_picked":["Storm","Barrage+1"],"picked":"Turbo","floor":21},{"not_picked":["Go for the Eyes+1","Compile Driver+1"],"picked":"Rip and Tear+1","floor":24},{"not_picked":["Streamline+1","Go for the Eyes+1"],"picked":"Thunder Strike+1","floor":27},{"not_picked":["Sweeping Beam+1","ReplaySolidLightProjector"],"picked":"Self Repair","floor":31},{"not_picked":["Hyperbeam+1","Biased Cognition"],"picked":"Core Surge+1","floor":33},{"not_picked":["Rebound+1","Rip and Tear+1"],"picked":"Ball Lightning+1","floor":35},{"not_picked":["Barrage+1","Reprogram"],"picked":"Sweeping Beam+1","floor":36},{"not_picked":["Rebound+1","Scrape+1"],"picked":"Compile Driver+1","floor":37},{"not_picked":["Cold Snap+1","Turbo+1"],"picked":"Seek","floor":37},{"not_picked":["Reinforced Body","BasicCrystalCard"],"picked":"Lockon+1","floor":38},{"not_picked":["Barrage+1","Consume"],"picked":"Cold Snap+1","floor":39}],"player_experience":939774,"relics_obtained":[{"floor":7,"key":"Divine Protection"},{"floor":9,"key":"Molten Egg 2"},{"floor":10,"key":"Replay:Towering Pillar of Hats"},{"floor":19,"key":"Red Mask"},{"floor":22,"key":"Shuriken"},{"floor":26,"key":"DataDisk"},{"floor":27,"key":"HornCleat"},{"floor":28,"key":"CeramicFish"},{"floor":30,"key":"Ring of Panic"},{"floor":30,"key":"ReplayTheSpireMod:Ring of Exchange"},{"floor":37,"key":"The Courier"}],"event_choices":[{"damage_healed":0,"gold_gain":0,"player_choice":"Box","damage_taken":0,"relics_obtained":["FossilizedHelix"],"max_hp_gain":0,"max_hp_loss":0,"event_name":"Big Fish","floor":3,"gold_loss":0,"cards_obtained":["Regret"]},{"damage_healed":0,"gold_gain":0,"player_choice":"Leave","damage_taken":0,"max_hp_gain":0,"max_hp_loss":0,"event_name":"The Cleric","floor":5,"gold_loss":0},{"damage_healed":0,"gold_gain":0,"player_choice":"Fought Bandits","damage_taken":0,"max_hp_gain":0,"max_hp_loss":0,"event_name":"Masked Bandits","floor":19,"gold_loss":0},{"damage_healed":0,"gold_gain":0,"player_choice":"Bought 1 Potion","damage_taken":0,"max_hp_gain":0,"max_hp_loss":0,"event_name":"The Woman in Blue","floor":25,"gold_loss":0}],"is_beta":false,"boss_relics":[{"not_picked":["Runic Dome","FrozenCore"],"picked":"Replay:Ancient Bell"},{"not_picked":["ReplayTheSpireMod:TigerMarble","ReplayFunnel"],"picked":"Pet Ghost"},{"not_picked":["Meat on the Bone","Frozen Egg 2"],"picked":"Golden Egg"},{"not_picked":["Replay:Arrowhead","Prayer Wheel"],"picked":"Pocketwatch"},{"not_picked":["DollysMirror","Pandora\u0027s Box"],"picked":"Strange Spoon"}],"items_purged_floors":[4],"is_endless":false,"potions_floor_spawned":[10,14,16,24,27,35],"killed_by":"Reptomancer","ascension_level":15}}