{"host":"85hbogzbhbjx716d","time":1614205478,"event":{"mods":["BaseMod","Bestiary","Better Match","Better Note","Colored Map","Colored Powertips","Curses Come First","Minty Spire (QoL Compilation)","Permanent Neow","Shop Mod","StSLib","SuperFastMode"],"gold_per_floor":[111,111,129,129,129,129,149,167,221,235,255,280,280,280,280],"floor_reached":14,"language":"ENG","playtime":436,"items_purged":[],"score":84,"play_id":"6f407fed-8c99-409a-aaba-e671d41e38ec","local_time":"20210224172438","is_ascension_mode":false,"campfire_choices":[{"floor":6,"key":"RECALL"},{"floor":13,"key":"REST"}],"circlet_count":0,"master_deck":["Strike_B","Strike_B","Strike_B","Strike_B","Defend_B","Defend_B","Defend_B","Defend_B","Zap","Dualcast","Loop","Leap","Injury","Parasite","Storm","Leap","Conserve Battery","Redo","Hello World"],"relics":["Philosopher\u0027s Stone","Blood Vial","Golden Idol","Omamori"],"acts_visited":["Exordium"],"potions_floor_usage":[],"damage_taken":[{"damage":2.0,"enemies":"Jaw Worm","floor":1.0,"turns":3.0},{"damage":5.0,"enemies":"Small Slimes","floor":3.0,"turns":3.0},{"damage":15,"enemies":"2 Louse","floor":7,"turns":2},{"damage":28,"enemies":"Red Slaver","floor":8,"turns":5},{"damage":9,"enemies":"3 Louse","floor":10,"turns":5},{"damage":2,"enemies":"2 Fungi Beasts","floor":11,"turns":5},{"damage":11,"enemies":"Blue Slaver","floor":12,"turns":4},{"damage":49,"enemies":"Gremlin Nob","floor":14,"turns":5}],"seed_played":"-6969556342323786342","potions_obtained":[{"floor":1.0,"key":"Explosive Potion"},{"floor":8,"key":"Weak Potion"},{"floor":11,"key":"BlessingOfTheForge"}],"is_trial":false,"path_per_floor":["M","?","M","?","?","R","M","M","T","M","M","M","R","E"],"character_chosen":"DEFECT","items_purchased":[],"campfire_rested":1,"item_purchase_floors":[],"current_hp_per_floor":[73,73,70,70,70,70,57,31,31,24,24,15,37,0,0],"gold":280,"neow_bonus":"BOSS_RELIC","is_daily":false,"chose_seed":false,"campfire_upgraded":0,"win_rate":0.0,"timestamp":1614205478,"path_taken":["M","?","M","?","?","R","M","M","T","M","M","?","R","E"],"items_purchased_type":[],"build_version":"2020-12-22","purchased_purges":0,"victory":false,"max_hp_per_floor":[75,75,75,75,75,75,75,75,75,75,75,75,75,75,75],"card_choices":[{"not_picked":["Heatsinks","Go for the Eyes"],"picked":"Loop","floor":1.0},{"not_picked":["Chill","Lockon"],"picked":"Leap","floor":3},{"not_picked":["Capacitor","Ball Lightning"],"picked":"Storm","floor":7},{"not_picked":["Streamline","Aggregate"],"picked":"Leap","floor":8},{"not_picked":["Turbo","Compile Driver"],"picked":"Conserve Battery","floor":10},{"not_picked":["Leap","Streamline"],"picked":"Redo","floor":11},{"not_picked":["Ball Lightning","Go for the Eyes"],"picked":"Hello World","floor":12}],"player_experience":283697,"relics_obtained":[{"floor":9,"key":"Omamori"}],"event_choices":[{"damage_healed":0.0,"max_hp_gain":0.0,"max_hp_loss":0.0,"gold_gain":0.0,"event_name":"Big Fish","player_choice":"Box","floor":2.0,"gold_loss":0.0,"damage_taken":0.0,"relics_obtained":["Blood Vial"],"cards_obtained":["Regret"]},{"damage_healed":0,"gold_gain":0,"player_choice":"Take Wound","damage_taken":0,"relics_obtained":["Golden Idol"],"max_hp_gain":0,"max_hp_loss":0,"event_name":"Golden Idol","floor":4,"gold_loss":0,"cards_obtained":["Injury"]},{"damage_healed":0,"gold_gain":0,"cards_transformed":["Regret"],"player_choice":"Transformed","damage_taken":0,"max_hp_gain":0,"max_hp_loss":0,"event_name":"Transmorgrifier","floor":5,"gold_loss":0,"cards_obtained":["Parasite"]}],"is_beta":false,"boss_relics":[],"items_purged_floors":[],"is_endless":false,"potions_floor_spawned":[1,8,11],"killed_by":"Gremlin Nob","ascension_level":0}}