{"host":"l8lkgdumzpe3823a","time":1614206872,"event":{"mods":["Always Whale","Aspiration","BaseMod","Beaked The Cultist","Better Note","Clockwork Mod","Colored Powertips","Curses Come First","Custom Start","DeckTracker","Defuse TimeMaze Blight","Highlight Path","Hubris","Infinite Spire","Minty Spire (QoL Compilation)","Quick Restart","Replay The Spire","Shop Mod","StSLib","SuperFastMode","The Construct","The Cursed","The Dragon Tamer","The Necromancer","The Servant 0.9.4"],"gold_per_floor":[112,58,77,67,67,97,109,143,170,170,170,190,217,217,217,320,320,339,350,248,268,50,81,81,159,186,186,200,217,246,246,246,343,343,359,359,382,382,110,110,128,163,163,187,187,219,219,242,242,248],"floor_reached":51,"language":"ENG","playtime":2510,"items_purged":["Injury","CommonCold","Strike_W","Strike_W"],"score":1072,"play_id":"bbfa98be-e733-4edd-87ad-0fc612780577","local_time":"20210224164752","is_ascension_mode":true,"campfire_choices":[{"data":"Cloudkill","floor":10.0,"key":"SMITH"},{"floor":15.0,"key":"REST"},{"data":"Spectral_Walk","floor":24.0,"key":"SMITH"},{"data":"Summon_Lich","floor":27.0,"key":"SMITH"},{"data":"Bone_Shift","floor":32.0,"key":"SMITH"},{"data":"Bone_Armor","floor":40.0,"key":"SMITH"},{"floor":47,"key":"REST"},{"data":"Toxic_Smoke_Screen","floor":49,"key":"SMITH"}],"circlet_count":0,"master_deck":["Strike_W","Strike_W","Defend_W","Defend_W","Defend_W","Defend_W","Negative_Energy_Arrows","Bone_Wall","Summon_Lich+1","Toxic_Smoke_Screen+1","Epidemic","Cloudkill+1","Death_March_Dance+1","Summon_Undead+1","Bone_Armor+1","Summon_Death_Knight","Summon_Undead","Summon_Vampire_Lady+1","Bone_Shift+1","Stop_Heart","Bone_Shift+1","Spectral_Walk+1","Summon_Undead_Army+1","Bones_to_Steel","Bone_Bullets","Summon_Death_Knight+1","Slay_Living+1","Spectral_Walk","Spectral_Walk","Bone_Armory+1","Consume_Illness+1"],"relics":["Vampire_Amulet","NeowsBlessing","ReplayTheSpireMod:CursedCoin","GremlinMask","hubris:GlazedTorus","MealTicket","hubris:SlimyHat","Whetstone","Frozen Egg 2","Snecko Eye","Orichalcum","Pet Ghost","Tiny Chest","Replay:Rubber Ducky","Simple Rune","hubris:RunicObelisk","Replay:Bandana","Membership Card","StoneCalendar","Vajra","infinitespire:Bottled Soul","Omamori","Regal Pillow"],"acts_visited":["Exordium","TheCity","TheBeyond"],"potions_floor_usage":[46,50,50,50],"damage_taken":[{"damage":0.0,"enemies":"Cultist","floor":1.0,"turns":1.0},{"damage":0.0,"enemies":"2 Louse","floor":3.0,"turns":1.0},{"damage":0.0,"enemies":"3 Sentries","floor":6.0,"turns":2.0},{"damage":15.0,"enemies":"Jaw Worm","floor":7.0,"turns":6.0},{"damage":14.0,"enemies":"Replay:BlueRogue","floor":8.0,"turns":6.0},{"damage":25.0,"enemies":"Exordium Thugs","floor":12.0,"turns":4.0},{"damage":20.0,"enemies":"Lagavulin","floor":13.0,"turns":6.0},{"damage":31.0,"enemies":"Fading Forest","floor":16.0,"turns":11.0},{"damage":12.0,"enemies":"Chosen","floor":18.0,"turns":4.0},{"damage":19.0,"enemies":"Shell Parasite","floor":19.0,"turns":6.0},{"damage":6.0,"enemies":"Centurion and Healer","floor":21.0,"turns":8.0},{"damage":22.0,"enemies":"Replay:Snechameleon","floor":23.0,"turns":5.0},{"damage":1.0,"enemies":"Snecko","floor":28.0,"turns":4.0},{"damage":7.0,"enemies":"Chosen and Byrds","floor":29.0,"turns":6.0},{"damage":22.0,"enemies":"Gremlin Leader","floor":30.0,"turns":6.0},{"damage":37.0,"enemies":"Collector","floor":33.0,"turns":9.0},{"damage":24.0,"enemies":"3 Darklings","floor":35.0,"turns":5.0},{"damage":8.0,"enemies":"3 Shapes","floor":41.0,"turns":3.0},{"damage":0.0,"enemies":"Giant Head","floor":42.0,"turns":8.0},{"damage":1.0,"enemies":"Transient","floor":44.0,"turns":5.0},{"damage":27,"enemies":"Reptomancer","floor":46,"turns":5},{"damage":4,"enemies":"Maw","floor":48,"turns":7},{"damage":9,"enemies":"Awakened One","floor":50,"turns":11}],"seed_played":"-2415618919388908947","potions_obtained":[{"floor":1.0,"key":"Energy Potion"},{"floor":7.0,"key":"Swift Potion"},{"floor":12.0,"key":"Energy Potion"},{"floor":13.0,"key":"FearPotion"},{"floor":21.0,"key":"Weak Potion"},{"floor":23.0,"key":"Strength Potion"},{"floor":29.0,"key":"Elixir"},{"floor":41.0,"key":"Venom Potion"},{"floor":44.0,"key":"infinitespire:BlackPotion"},{"floor":46,"key":"ColorlessPotion"},{"floor":48,"key":"Weak Potion"}],"is_trial":false,"path_per_floor":["M","$","M","$","?","E","M","E","T","R","?","M","E","?","R","B",null,"M","M","$","M","$","E","R","?","T","R","M","M","E","?","R","B",null,"M","?","T","?","$","R","M","E","T","M","$","E","R","M","R","B",null],"character_chosen":"NECROMANCER","items_purchased":["Toxic_Smoke_Screen","ReplayTheSpireMod:CursedCoin","Cloudkill","Bone_Shift","Summon_Undead_Army+1","Orichalcum","Membership Card","Spectral_Walk","Bone_Armory+1","infinitespire:Bottled Soul","Omamori"],"campfire_rested":2,"item_purchase_floors":[2,4,4,20,22,22,39,39,39,45,45],"current_hp_per_floor":[70,70,74,74,74,75,62,50,50,50,50,29,11,11,33,24,62,64,56,71,75,75,64,64,34,34,34,47,62,65,73,73,60,71,59,59,59,59,74,74,72,75,75,75,38,43,75,75,75,75],"gold":248,"neow_bonus":"THREE_ENEMY_KILL","is_daily":false,"chose_seed":false,"campfire_upgraded":6,"win_rate":0.0,"timestamp":1614206872,"path_taken":["M","$","M","?","?","E","?","E","T","R","?","M","E","?","R","BOSS","M","M","$","M","$","E","R","?","T","R","?","M","E","?","R","BOSS","M","?","?","?","$","R","M","E","T","M","?","E","R","?","R","BOSS"],"items_purchased_type":["Card","Relic","Card","Card","Card","Relic","Relic","Card","Card","Relic","Relic"],"build_version":"2020-12-22","purchased_purges":4,"victory":true,"max_hp_per_floor":[75,75,75,75,75,75,75,75,75,75,75,75,75,75,75,75,75,75,75,75,75,75,75,75,75,75,75,75,75,75,75,75,75,75,75,75,75,75,75,75,75,75,75,75,75,75,75,75,75,75],"card_choices":[{"not_picked":["Negative_Energy_Sphere","Negative_Energy_Mist"],"picked":"Summon_Lich","floor":1.0},{"not_picked":["Vampiric_Strike","Deaths_Shadow"],"picked":"Epidemic","floor":3.0},{"not_picked":["Negative_Energy_Javelin","Shackles_Of_Pain"],"picked":"Death_March_Dance","floor":6.0},{"not_picked":["Toxic_Smoke_Screen","Negative_Energy_Shield"],"picked":"Summon_Undead","floor":7.0},{"not_picked":["Thousand_Bone_Knives","Summon_Undead"],"picked":"Bone_Armor","floor":8.0},{"not_picked":["Blood_Whip","Death_March_Dance"],"picked":"Summon_Death_Knight","floor":12.0},{"not_picked":["Summon_Lich","Exploit"],"picked":"Summon_Undead","floor":13.0},{"not_picked":["Reap_The_Weak","Negative_Energy_Bomb"],"picked":"Summon_Vampire_Lady+1","floor":16.0},{"not_picked":["Bone_Bullets","Necromantic_Selection"],"picked":"Bone_Shift+1","floor":18.0},{"not_picked":["Scare","Bone_Armor+1"],"picked":"Stop_Heart","floor":19.0},{"not_picked":["Bone_Spikes","Negative_Energy_Sphere"],"picked":"Spectral_Walk","floor":21.0},{"not_picked":["Siphon_Strength","Consume_Illness+1"],"picked":"Bones_to_Steel","floor":23.0},{"not_picked":["Deaths_Shadow+1","Chill_Blood","Death_Coil"],"picked":"SKIP","floor":28.0},{"not_picked":["Negative_Energy_Mist","Toxic_Smoke_Screen+1","Negative_Energy_Bomb"],"picked":"SKIP","floor":29.0},{"not_picked":["Whirlwind_of_Bones","Toxic_Smoke_Screen"],"picked":"Bone_Bullets","floor":30.0},{"not_picked":["Hellfire","Grasp_Heart"],"picked":"Summon_Death_Knight+1","floor":33.0},{"not_picked":["Chill_Blood","Bone_Shift"],"picked":"Slay_Living+1","floor":35.0},{"not_picked":["Finger_Of_Death+1","Bones_to_Steel+1"],"picked":"Consume_Illness+1","floor":41.0},{"not_picked":["Strike_from_Beyond+1","Chill_Blood+1","Finger_Of_Death"],"picked":"SKIP","floor":42.0},{"not_picked":["Strike_from_Beyond+1","Chill_Blood+1","Finger_Of_Death"],"picked":"SKIP","floor":42.0},{"not_picked":["Cloudkill","Bone_Bullets","Flesh_Made_Foul"],"picked":"SKIP","floor":44.0},{"not_picked":["Vampiric_Strike+1","Blood_Curse","Reap_The_Weak"],"picked":"SKIP","floor":46},{"not_picked":["Blood_Curse","Negative_Energy_Javelin","Death_March_Dance"],"picked":"SKIP","floor":48}],"player_experience":796029,"relics_obtained":[{"floor":6.0,"key":"hubris:GlazedTorus"},{"floor":8.0,"key":"MealTicket"},{"floor":9.0,"key":"hubris:SlimyHat"},{"floor":13.0,"key":"Whetstone"},{"floor":23.0,"key":"Pet Ghost"},{"floor":25.0,"key":"Tiny Chest"},{"floor":26.0,"key":"Replay:Rubber Ducky"},{"floor":30.0,"key":"Simple Rune"},{"floor":37.0,"key":"Replay:Bandana"},{"floor":42.0,"key":"StoneCalendar"},{"floor":43.0,"key":"Vajra"},{"floor":46,"key":"Regal Pillow"}],"event_choices":[{"damage_healed":0.0,"max_hp_gain":0.0,"max_hp_loss":0.0,"gold_gain":0.0,"event_name":"FaceTrader","player_choice":"Trade","floor":5.0,"gold_loss":0.0,"damage_taken":0.0,"relics_obtained":["GremlinMask"]},{"damage_healed":0.0,"max_hp_gain":0.0,"max_hp_loss":0.0,"gold_gain":0.0,"event_name":"Tomb of Lord Red Mask","player_choice":"Ignored","floor":38.0,"gold_loss":0.0,"damage_taken":0.0}],"is_beta":false,"boss_relics":[{"not_picked":["aspiration:PoetsPen_weak","hubris:TerracottaHorce"],"picked":"Snecko Eye"},{"not_picked":["Coffee Dripper","Tiny House"],"picked":"hubris:RunicObelisk"}],"items_purged_floors":[20,39,45,45],"is_endless":false,"potions_floor_spawned":[1,7,12,13,21,23,29,41,44,46,48],"ascension_level":6}}