{"host":"2se5dq1do2gp0x9k","time":1614148024,"event":{"mods":["AchievementEnabler","BaseMod","Block Reminder","Colored Map","Colored Powertips","Minty Spire (QoL Compilation)","Relic Stats","StSLib","SuperFastMode"],"gold_per_floor":[109,109,122,134,284,318,318,348,348,348,363,15,66,97,97,97,97],"floor_reached":16,"language":"ENG","playtime":456,"items_purged":["Doubt"],"score":279,"play_id":"709d5ee6-cef5-4613-bfea-7b3495bbdb20","local_time":"20210223222704","is_ascension_mode":true,"campfire_choices":[{"data":"Tantrum","floor":7,"key":"SMITH"},{"floor":10,"key":"REST"},{"data":"Adaptation","floor":15,"key":"SMITH"}],"circlet_count":0,"master_deck":["AscendersBane","Strike_P","Strike_P","Strike_P","Strike_P","Defend_P","Defend_P","Defend_P","Defend_P","Eruption+1","Vigilance","WheelKick+1","Tantrum+1","Consecrate","BowlingBash","EmptyMind","Adaptation+1","Metamorphosis","Fasting2"],"relics":["PureWater","NeowsBlessing","Art of War","Mummified Hand","Ancient Tea Set","Membership Card","Bag of Marbles","Akabeko"],"acts_visited":["Exordium"],"potions_floor_usage":[6,8,14],"damage_taken":[{"damage":0.0,"enemies":"2 Louse","floor":1.0,"turns":2.0},{"damage":0.0,"enemies":"Small Slimes","floor":3.0,"turns":1.0},{"damage":0.0,"enemies":"Jaw Worm","floor":4.0,"turns":1.0},{"damage":17,"enemies":"Lagavulin","floor":6,"turns":6},{"damage":17,"enemies":"3 Sentries","floor":8,"turns":8},{"damage":0,"enemies":"Large Slime","floor":11,"turns":3},{"damage":0,"enemies":"Lagavulin","floor":14,"turns":3},{"damage":35,"enemies":"Hexaghost","floor":16,"turns":7}],"seed_played":"-2586456890499171696","potions_obtained":[{"floor":4.0,"key":"SteroidPotion"},{"floor":6,"key":"SteroidPotion"},{"floor":11,"key":"Fire Potion"}],"is_trial":false,"path_per_floor":["M","?","M","M","?","E","R","E","T","R","M","$","T","E","R","B"],"character_chosen":"WATCHER","items_purchased":["Membership Card","Metamorphosis","Fasting2"],"campfire_rested":1,"item_purchase_floors":[12,12,12],"current_hp_per_floor":[61,41,41,41,41,24,24,7,7,27,27,27,27,27,27,0,0],"gold":97,"neow_bonus":"THREE_ENEMY_KILL","is_daily":false,"chose_seed":false,"campfire_upgraded":2,"win_rate":0.0,"timestamp":1614148024,"path_taken":["M","?","M","M","?","E","R","E","T","R","M","$","?","E","R","BOSS"],"items_purchased_type":["Relic","Card","Card"],"build_version":"2020-12-22","purchased_purges":1,"victory":false,"max_hp_per_floor":[68,68,68,68,68,68,68,68,68,68,68,68,68,68,68,68,68],"relic_stats":{"counters":[8,31],"Mummified Hand":[3],"Art of War":[4],"obtain_stats":[{"NeowsBlessing":0,"Mummified Hand":8,"Art of War":6,"Bag of Marbles":13,"Membership Card":12,"PureWater":0,"Ancient Tea Set":9,"Akabeko":14},{"NeowsBlessing":0,"Mummified Hand":5,"Art of War":4,"Bag of Marbles":6,"Membership Card":6,"PureWater":0,"Ancient Tea Set":5,"Akabeko":7},{"NeowsBlessing":0,"Mummified Hand":18,"Art of War":10,"Bag of Marbles":21,"Membership Card":21,"PureWater":0,"Ancient Tea Set":18,"Akabeko":24}]},"card_choices":[{"not_picked":["Evaluate","Wireheading"],"picked":"WheelKick","floor":1.0},{"not_picked":["Crescendo","CarveReality"],"picked":"Tantrum","floor":3.0},{"not_picked":["Pray","SashWhip"],"picked":"Consecrate","floor":4.0},{"not_picked":["FlyingSleeves","Consecrate"],"picked":"BowlingBash","floor":6},{"not_picked":["Brilliance","Establishment"],"picked":"EmptyMind","floor":8},{"not_picked":["FlurryOfBlows","Weave"],"picked":"Adaptation","floor":11},{"not_picked":["SashWhip","CrushJoints","Fasting2"],"picked":"SKIP","floor":14}],"player_experience":4136281,"relics_obtained":[{"floor":6,"key":"Art of War"},{"floor":8,"key":"Mummified Hand"},{"floor":9,"key":"Ancient Tea Set"},{"floor":13,"key":"Bag of Marbles"},{"floor":14,"key":"Akabeko"}],"event_choices":[{"damage_healed":0.0,"max_hp_gain":0.0,"max_hp_loss":0.0,"gold_gain":0.0,"event_name":"Shining Light","player_choice":"Entered Light","floor":2.0,"gold_loss":0.0,"damage_taken":20.0,"cards_upgraded":["WheelKick","Eruption"]},{"damage_healed":0.0,"max_hp_gain":0.0,"max_hp_loss":0.0,"gold_gain":150.0,"event_name":"Liars Game","player_choice":"AGREE","floor":5.0,"gold_loss":0.0,"damage_taken":0.0,"cards_obtained":["Doubt"]}],"is_beta":false,"boss_relics":[],"items_purged_floors":[12],"is_endless":false,"potions_floor_spawned":[4,6,11],"killed_by":"Hexaghost","ascension_level":19}}