{"host":"kvo7eymyd21g9abd","time":1614196883,"event":{"mods":["AchievementEnabler","BaseMod","Bestiary","Colored Map","Minty Spire (QoL Compilation)","StSLib"],"gold_per_floor":[118,131,147,147,162,192,202,202,202,202,216,216,216,255,255,380,380,394,409,409,409,409,440,454,454,454,187,187,187,107,152,152,282,282,335,335,335,428,441,68,68,102,102,115,115,138,138,163,163,163,163,163,63,63,63],"floor_reached":54,"language":"ENG","playtime":1933,"items_purged":["Normality","Decay"],"score":796,"play_id":"aa8dd7c0-5449-4f68-82f5-0e0c49168b5d","local_time":"20210224150123","is_ascension_mode":true,"campfire_choices":[{"floor":10.0,"key":"RECALL"},{"floor":12.0,"key":"REST"},{"floor":15.0,"key":"REST"},{"floor":25,"key":"REST"},{"floor":29,"key":"REST"},{"floor":32,"key":"REST"},{"floor":45,"key":"REST"},{"floor":47,"key":"REST"},{"floor":49,"key":"REST"},{"floor":52,"key":"REST"}],"circlet_count":0,"master_deck":["Strike_P+1","Strike_P+1","Strike_P+1","Defend_P+1","Defend_P+1","Defend_P+1","Defend_P+1","Eruption+1","Vigilance","Consecrate","Perseverance","Perseverance","BattleHymn","Ragnarok","FollowUp","ForeignInfluence","Perseverance","Establishment","ClearTheMind","SandsOfTime+1","SandsOfTime+1","Apotheosis","Wish","Crescendo","Wish","Writhe","FlyingSleeves","WindmillStrike"],"relics":["PureWater","NeowsBlessing","Pocketwatch","Golden Idol","Singing Bowl","Cursed Key","Vajra","Eternal Feather","Fusion Hammer","Calipers","MealTicket","Toolbox","Bottled Flame","Molten Egg 2"],"acts_visited":["Exordium","TheCity","TheBeyond","TheEnding"],"potions_floor_usage":[33,33,50,50],"damage_taken":[{"damage":0.0,"enemies":"Cultist","floor":1.0,"turns":1.0},{"damage":0.0,"enemies":"2 Louse","floor":2.0,"turns":1.0},{"damage":0.0,"enemies":"Small Slimes","floor":3.0,"turns":1.0},{"damage":1.0,"enemies":"Looter","floor":5.0,"turns":2.0},{"damage":14.0,"enemies":"3 Sentries","floor":6.0,"turns":7.0},{"damage":0.0,"enemies":"2 Fungi Beasts","floor":7.0,"turns":2.0},{"damage":18.0,"enemies":"Large Slime","floor":11.0,"turns":3.0},{"damage":20.0,"enemies":"Gremlin Nob","floor":14.0,"turns":4.0},{"damage":17.0,"enemies":"Hexaghost","floor":16.0,"turns":7.0},{"damage":0,"enemies":"3 Byrds","floor":18,"turns":6},{"damage":23,"enemies":"Shell Parasite","floor":19,"turns":5},{"damage":61,"enemies":"Book of Stabbing","floor":23,"turns":5},{"damage":12,"enemies":"3 Cultists","floor":24,"turns":3},{"damage":15,"enemies":"Chosen and Byrds","floor":31,"turns":4},{"damage":64,"enemies":"Automaton","floor":33,"turns":7},{"damage":16,"enemies":"Orb Walker","floor":35,"turns":3},{"damage":15,"enemies":"Mind Bloom Boss Battle","floor":38,"turns":5},{"damage":6,"enemies":"3 Darklings","floor":39,"turns":5},{"damage":42,"enemies":"Nemesis","floor":42,"turns":5},{"damage":15,"enemies":"Sphere and 2 Shapes","floor":44,"turns":5},{"damage":1,"enemies":"Maw","floor":46,"turns":8},{"damage":57,"enemies":"Jaw Worm Horde","floor":48,"turns":5},{"damage":68,"enemies":"Donu and Deca","floor":50,"turns":9},{"damage":116,"enemies":"Shield and Spear","floor":54,"turns":6}],"seed_played":"-7234596163777593124","potions_obtained":[{"floor":3.0,"key":"SteroidPotion"},{"floor":7.0,"key":"EssenceOfSteel"},{"floor":14.0,"key":"Energy Potion"},{"floor":23,"key":"FearPotion"},{"floor":31,"key":"EssenceOfSteel"},{"floor":33,"key":"SmokeBomb"},{"floor":35,"key":"LiquidMemories"},{"floor":39,"key":"LiquidMemories"}],"is_trial":false,"path_per_floor":["M","M","M","?","M","E","M","?","T","R","M","R","?","E","R","B",null,"M","M","?","?","?","E","M","R","T","$","?","R","$","M","R","B",null,"M","?","?","?","M","$","?","E","T","M","R","M","R","M","R","B",null,"R","$","E"],"character_chosen":"WATCHER","items_purchased":["Apotheosis","Wish","MealTicket","WindmillStrike","Toolbox"],"campfire_rested":9,"item_purchase_floors":[27,30,40,40,40],"current_hp_per_floor":[72,72,72,72,71,57,57,72,72,72,54,72,54,34,55,38,72,72,49,49,49,72,13,1,23,23,23,23,57,57,42,74,10,74,60,60,76,63,57,57,57,17,17,4,43,44,84,29,69,1,86,86,86,0,0],"gold":63,"neow_bonus":"THREE_ENEMY_KILL","is_daily":false,"chose_seed":false,"campfire_upgraded":0,"win_rate":0.0,"timestamp":1614196883,"path_taken":["M","?","M","?","M","E","M","?","T","R","M","R","?","E","R","BOSS","M","M","?","?","?","E","M","R","T","$","?","R","?","?","R","BOSS","M","?","?","?","M","$","?","E","T","?","R","M","R","M","R","BOSS","R","$","E"],"items_purchased_type":["Card","Card","Relic","Card","Relic"],"build_version":"2020-12-22","purchased_purges":2,"victory":false,"max_hp_per_floor":[72,72,72,72,72,72,72,72,72,72,72,72,72,72,72,72,72,72,72,72,72,72,74,74,74,74,74,74,74,74,74,74,74,74,76,76,76,78,78,78,78,80,80,82,82,84,84,86,86,86,86,86,86,86,86],"card_choices":[{"not_picked":["JustLucky","Study"],"picked":"Consecrate","floor":1.0},{"not_picked":["Consecrate","Adaptation"],"picked":"Perseverance","floor":2.0},{"not_picked":["Evaluate","WreathOfFlame"],"picked":"Perseverance","floor":3.0},{"not_picked":["TalkToTheHand","ThirdEye"],"picked":"BattleHymn","floor":5.0},{"not_picked":["SignatureMove","FlurryOfBlows"],"picked":"Ragnarok","floor":6.0},{"not_picked":["EmptyBody","Conclude"],"picked":"FollowUp","floor":7.0},{"not_picked":["FlurryOfBlows","Halt"],"picked":"ForeignInfluence","floor":11.0},{"not_picked":["FlyingSleeves","SashWhip"],"picked":"Perseverance","floor":14.0},{"not_picked":["Blasphemy","DeusExMachina"],"picked":"Establishment","floor":16.0},{"not_picked":["FlyingSleeves","Halt"],"picked":"ClearTheMind","floor":18},{"not_picked":["ThirdEye","InnerPeace+1"],"picked":"SandsOfTime+1","floor":19},{"not_picked":["FlurryOfBlows","Conclude","WaveOfTheHand"],"picked":"Singing Bowl","floor":23},{"not_picked":["FearNoEvil","BowlingBash+1"],"picked":"SandsOfTime+1","floor":24},{"not_picked":["CutThroughFate","Wireheading"],"picked":"Crescendo","floor":31},{"not_picked":["LessonLearned","Blasphemy"],"picked":"Wish","floor":33},{"not_picked":["Tantrum+1","EmptyFist","CrushJoints+1"],"picked":"Singing Bowl","floor":35},{"not_picked":["BattleHymn","Fasting2+1","Halt"],"picked":"Singing Bowl","floor":38},{"not_picked":["Collect+1","EmptyFist"],"picked":"FlyingSleeves","floor":39},{"not_picked":["Fasting2+1","JustLucky","InnerPeace+1"],"picked":"Singing Bowl","floor":42},{"not_picked":["Evaluate+1","Prostrate","ReachHeaven+1"],"picked":"Singing Bowl","floor":44},{"not_picked":["Establishment","Halt","JustLucky+1"],"picked":"Singing Bowl","floor":46},{"not_picked":["EmptyBody+1","SignatureMove+1","Evaluate"],"picked":"Singing Bowl","floor":48}],"player_experience":475757,"relics_obtained":[{"floor":6.0,"key":"Pocketwatch"},{"floor":14.0,"key":"Singing Bowl"},{"floor":23,"key":"Vajra"},{"floor":26,"key":"Eternal Feather"},{"floor":38,"key":"Calipers"},{"floor":42,"key":"Bottled Flame"},{"floor":43,"key":"Molten Egg 2"}],"event_choices":[{"damage_healed":0.0,"max_hp_gain":0.0,"max_hp_loss":0.0,"gold_gain":0.0,"event_name":"Living Wall","player_choice":"Grow","floor":4.0,"gold_loss":0.0,"damage_taken":0.0,"cards_upgraded":["Eruption"]},{"damage_healed":24.0,"max_hp_gain":0.0,"max_hp_loss":0.0,"gold_gain":0.0,"event_name":"Big Fish","player_choice":"Banana","floor":8.0,"gold_loss":0.0,"damage_taken":0.0},{"damage_healed":0.0,"max_hp_gain":0.0,"max_hp_loss":0.0,"gold_gain":0.0,"event_name":"Golden Idol","player_choice":"Take Damage","floor":13.0,"gold_loss":0.0,"damage_taken":18.0,"relics_obtained":["Golden Idol"]},{"damage_healed":0,"gold_gain":0,"player_choice":"Ignored","damage_taken":0,"max_hp_gain":0,"max_hp_loss":0,"event_name":"Ghosts","floor":20,"gold_loss":0},{"damage_healed":0,"gold_gain":0,"player_choice":"Simplicity","damage_taken":0,"max_hp_gain":0,"max_hp_loss":0,"event_name":"Back to Basics","floor":21,"gold_loss":0,"cards_upgraded":["Strike_P","Strike_P","Strike_P","Strike_P","Defend_P","Defend_P","Defend_P","Defend_P"]},{"damage_healed":24,"gold_gain":0,"player_choice":"Heal","damage_taken":0,"max_hp_gain":0,"max_hp_loss":0,"event_name":"The Library","floor":22,"gold_loss":0},{"damage_healed":0,"gold_gain":0,"player_choice":"Ignored","damage_taken":0,"max_hp_gain":0,"max_hp_loss":0,"event_name":"Vampires","floor":28,"gold_loss":0},{"damage_healed":0,"gold_gain":0,"player_choice":"Ignored","damage_taken":0,"max_hp_gain":0,"max_hp_loss":0,"event_name":"Tomb of Lord Red Mask","floor":36,"gold_loss":0},{"damage_healed":19,"gold_gain":0,"player_choice":"Writhe","damage_taken":0,"max_hp_gain":0,"max_hp_loss":0,"event_name":"Winding Halls","floor":37,"gold_loss":0,"cards_obtained":["Writhe"]},{"damage_healed":0,"gold_gain":0,"player_choice":"Fight","damage_taken":0,"max_hp_gain":0,"max_hp_loss":0,"event_name":"MindBloom","floor":38,"gold_loss":0},{"cards_removed":["Strike_P"],"damage_healed":0,"gold_gain":0,"player_choice":"Removed Attack","damage_taken":0,"max_hp_gain":0,"max_hp_loss":0,"event_name":"Falling","floor":41,"gold_loss":0}],"is_beta":false,"boss_relics":[{"not_picked":["Runic Dome","Philosopher\u0027s Stone"],"picked":"Cursed Key"},{"not_picked":["Tiny House","Empty Cage"],"picked":"Fusion Hammer"}],"items_purged_floors":[27,53],"is_endless":false,"potions_floor_spawned":[3,7,14,23,31,33,35,39,44],"killed_by":"Shield and Spear","ascension_level":3}}