{"host":"wvcyfzs99um8is6a","time":1614132676,"event":{"mods":["AchievementEnabler","BaseMod","Colored Map","Colored Powertips","Highlight Path","Minty Spire (QoL Compilation)","Random Character Button","Relic Filter","StSLib","SuperFastMode"],"gold_per_floor":[11,31,31,52,35,35,76,76,76,41,62,62,76,101,101,220,220,236,0,13,13,32,32,32],"floor_reached":23,"language":"ENG","playtime":3088,"items_purged":[],"score":273,"play_id":"460c70fc-3c49-47c2-958f-fb13f8bb6c23","local_time":"20210223211116","is_ascension_mode":true,"campfire_choices":[{"data":"Neutralize","floor":6.0,"key":"SMITH"},{"floor":8.0,"key":"REST"},{"data":"Blur","floor":15.0,"key":"SMITH"}],"circlet_count":0,"master_deck":["Strike_G","Strike_G","Strike_G","Defend_G","Defend_G","Defend_G","Defend_G","Survivor","Neutralize+1","Deadly Poison","Blade Dance","Well Laid Plans","Blur+1","Dash","PiercingWail+1","Envenom"],"relics":["Ring of the Snake","Golden Idol","Centennial Puzzle","Unceasing Top","Sozu","MealTicket"],"acts_visited":["Exordium","TheCity"],"potions_floor_usage":[],"damage_taken":[{"damage":1.0,"enemies":"Jaw Worm","floor":1.0,"turns":6.0},{"damage":2.0,"enemies":"Small Slimes","floor":2.0,"turns":4.0},{"damage":2.0,"enemies":"Cultist","floor":4.0,"turns":4.0},{"damage":17.0,"enemies":"Exordium Thugs","floor":5.0,"turns":7.0},{"damage":23.0,"enemies":"Lagavulin","floor":7.0,"turns":7.0},{"damage":9.0,"enemies":"Exordium Wildlife","floor":11.0,"turns":8.0},{"damage":0.0,"enemies":"Blue Slaver","floor":13.0,"turns":4.0},{"damage":0.0,"enemies":"Looter","floor":14.0,"turns":3.0},{"damage":10.0,"enemies":"The Guardian","floor":16.0,"turns":12.0},{"damage":3.0,"enemies":"2 Thieves","floor":18.0,"turns":5.0},{"damage":0.0,"enemies":"3 Byrds","floor":20.0,"turns":7.0},{"damage":14.0,"enemies":"Snake Plant","floor":22.0,"turns":7.0},{"damage":53,"enemies":"Gremlin Leader","floor":23,"turns":7}],"seed_played":"-4205088263861829324","potions_obtained":[{"floor":2.0,"key":"Dexterity Potion"},{"floor":11.0,"key":"SkillPotion"},{"floor":16.0,"key":"EssenceOfSteel"}],"is_trial":false,"path_per_floor":["M","M","?","M","M","R","E","R","T","?","M","?","M","M","R","B",null,"M","?","M","T","M","E"],"character_chosen":"THE_SILENT","items_purchased":[],"campfire_rested":1,"item_purchase_floors":[],"current_hp_per_floor":[62,60,43,41,24,24,1,22,22,39,30,30,30,30,30,20,58,55,55,55,55,41,0,0],"gold":32,"neow_bonus":"REMOVE_TWO","is_daily":false,"chose_seed":false,"campfire_upgraded":2,"win_rate":0.0,"timestamp":1614132676,"path_taken":["M","M","?","M","M","R","E","R","T","?","M","?","M","?","R","BOSS","M","?","M","?","?","E"],"items_purchased_type":[],"build_version":"2020-12-22","purchased_purges":0,"victory":false,"max_hp_per_floor":[70,70,70,70,70,70,70,70,70,70,70,70,70,70,70,70,70,70,70,70,70,70,70,70],"card_choices":[{"not_picked":["Dagger Spray","Acrobatics"],"picked":"Deadly Poison","floor":1.0},{"not_picked":["Deflect","Concentrate","Sucker Punch"],"picked":"SKIP","floor":2.0},{"not_picked":["Deflect","Dodge and Roll"],"picked":"Blade Dance","floor":4.0},{"not_picked":["Cloak And Dagger","Quick Slash"],"picked":"Well Laid Plans","floor":5.0},{"not_picked":["Deadly Poison","Wraith Form v2"],"picked":"Blur","floor":7.0},{"not_picked":["Eviscerate","Quick Slash","PiercingWail"],"picked":"SKIP","floor":11.0},{"not_picked":["Eviscerate","Quick Slash","PiercingWail"],"picked":"SKIP","floor":11.0},{"not_picked":["Acrobatics","Slice","Eviscerate"],"picked":"SKIP","floor":13.0},{"not_picked":["Acrobatics","Slice","Eviscerate"],"picked":"SKIP","floor":13.0},{"not_picked":["Quick Slash","Poisoned Stab","Glass Knife"],"picked":"SKIP","floor":14.0},{"not_picked":["Sucker Punch","Acrobatics"],"picked":"Dash","floor":18.0},{"not_picked":["Bane","Prepared"],"picked":"PiercingWail+1","floor":20.0},{"not_picked":["Backflip","Endless Agony"],"picked":"Envenom","floor":22.0}],"player_experience":1052086,"relics_obtained":[{"floor":7.0,"key":"Centennial Puzzle"},{"floor":9.0,"key":"Unceasing Top"},{"floor":21.0,"key":"MealTicket"}],"event_choices":[{"damage_healed":0.0,"max_hp_gain":0.0,"max_hp_loss":0.0,"gold_gain":0.0,"event_name":"Golden Idol","player_choice":"Take Damage","floor":3.0,"gold_loss":0.0,"damage_taken":17.0,"relics_obtained":["Golden Idol"]},{"damage_healed":17.0,"max_hp_gain":0.0,"max_hp_loss":0.0,"gold_gain":0.0,"event_name":"The Cleric","player_choice":"Healed","floor":10.0,"gold_loss":35.0,"damage_taken":0.0},{"cards_removed":["Strike_G"],"damage_healed":0.0,"max_hp_gain":0.0,"max_hp_loss":0.0,"gold_gain":0.0,"event_name":"Purifier","player_choice":"Purged","floor":12.0,"gold_loss":0.0,"damage_taken":0.0},{"damage_healed":0.0,"max_hp_gain":0.0,"max_hp_loss":0.0,"gold_gain":0.0,"event_name":"Masked Bandits","player_choice":"Paid Fearfully","floor":19.0,"gold_loss":236.0,"damage_taken":0.0}],"is_beta":false,"boss_relics":[{"not_picked":["SacredBark","Philosopher\u0027s Stone"],"picked":"Sozu"}],"items_purged_floors":[],"is_endless":false,"potions_floor_spawned":[2,11,16,18,22],"killed_by":"Gremlin Leader","ascension_level":8}}