{"host":"ovivighfa421z0zp","time":1614179853,"event":{"mods":["BaseMod","Colored Map","DeckTracker","Keyboard Shortcuts","Minty Spire (QoL Compilation)","Permanent Neow","Quick Restart","Replay The Spire","StSLib","SuperFastMode","The Cursed","The Hierophant"],"gold_per_floor":[113,113,127,144,237,237,237,237],"floor_reached":7,"language":"KOR","playtime":200,"items_purged":[],"score":62,"play_id":"3fbaff70-aa11-4a2b-ba91-68ab5208c42c","local_time":"20210225001733","is_ascension_mode":true,"campfire_choices":[{"floor":6,"key":"REST"}],"circlet_count":0,"master_deck":["AscendersBane","hierophant:Strike_Hierophant","hierophant:Strike_Hierophant","hierophant:Strike_Hierophant","hierophant:Strike_Hierophant","hierophant:Punish","hierophant:Defend_Hierophant","hierophant:Defend_Hierophant","hierophant:Defend_Hierophant","hierophant:Defend_Hierophant","hierophant:ChurchCoffers","hierophant:FieryStrike","hierophant:PristineSoul","hierophant:PassingBell","hierophant:Endure"],"relics":["hierophant:PropheticMaskRelic","NeowsBlessing","Blue Doll"],"acts_visited":["Exordium"],"potions_floor_usage":[],"damage_taken":[{"damage":0,"enemies":"2 Louse","floor":1,"turns":1},{"damage":0,"enemies":"Cultist","floor":3,"turns":1},{"damage":0,"enemies":"Jaw Worm","floor":4,"turns":1},{"damage":19,"enemies":"Lagavulin","floor":7,"turns":6}],"seed_played":"7784014986635301635","potions_obtained":[{"floor":2,"key":"Doom Potion"},{"floor":2,"key":"DuplicationPotion"},{"floor":2,"key":"SpeedPotion"},{"floor":3,"key":"FearPotion"}],"is_trial":false,"path_per_floor":["M","?","M","M","?","R","E"],"character_chosen":"HIEROPHANT","items_purchased":[],"campfire_rested":1,"item_purchase_floors":[],"current_hp_per_floor":[68,68,68,68,38,60,41,41],"gold":237,"neow_bonus":"THREE_ENEMY_KILL","is_daily":false,"chose_seed":false,"campfire_upgraded":0,"win_rate":0.0,"timestamp":1614179853,"path_taken":["M","?","M","?","?","R","E"],"items_purchased_type":[],"build_version":"2020-12-22","purchased_purges":0,"victory":false,"max_hp_per_floor":[75,75,75,75,75,75,75,75],"card_choices":[{"not_picked":["hierophant:AuricBeam","hierophant:ConvertCurrency"],"picked":"hierophant:FieryStrike","floor":1},{"not_picked":["hierophant:Bribe","hierophant:ThreeLashes"],"picked":"hierophant:PristineSoul","floor":3},{"not_picked":["hierophant:Refuge","hierophant:EyeForCoin","hierophant:AuricBeam"],"picked":"SKIP","floor":4},{"not_picked":["hierophant:Patience","hierophant:Flagellation"],"picked":"hierophant:PassingBell","floor":5},{"not_picked":["hierophant:DisplayOfPower","hierophant:PassingBell"],"picked":"hierophant:Endure","floor":5}],"player_experience":861493,"relics_obtained":[{"floor":5,"key":"Blue Doll"}],"event_choices":[{"damage_healed":0,"gold_gain":0,"player_choice":"Got Potions","damage_taken":0,"max_hp_gain":0,"max_hp_loss":0,"event_name":"Lab","floor":2,"gold_loss":0}],"is_beta":false,"boss_relics":[],"items_purged_floors":[],"is_endless":false,"potions_floor_spawned":[3],"killed_by":"Lagavulin","ascension_level":10}}