{"host":"ELF","time":1614165012,"event":{"mods":["BaseMod","Bestiary","Minty Spire (QoL Compilation)","Relic Stats","Slay the Relics Exporter"],"gold_per_floor":[20,33,45,45,59,59,78,112,112,132,132,73,73,85,85,164,164,119,119,119],"floor_reached":19,"language":"ENG","playtime":861,"items_purged":[],"score":342,"play_id":"0485431b-85d4-4a46-ac09-f7502cafcace","local_time":"20210224051012","is_ascension_mode":true,"campfire_choices":[{"floor":6,"key":"REST"},{"data":"Genetic Algorithm","floor":13,"key":"SMITH"},{"data":"White Noise","floor":15,"key":"SMITH"}],"circlet_count":0,"master_deck":["AscendersBane","Strike_B+1","Strike_B","Defend_B","Defend_B","Defend_B","Defend_B","Zap","Dualcast","Cold Snap+1","Genetic Algorithm+1","White Noise+1","Coolheaded","Defragment","Hologram","White Noise","Parasite","Conserve Battery","Sweeping Beam","Fission","Stack"],"relics":["Cracked Core","Calipers","Meat on the Bone","Vajra","Empty Cage"],"acts_visited":["Exordium","TheCity"],"potions_floor_usage":[10,10],"damage_taken":[{"damage":14,"enemies":"Jaw Worm","floor":1,"turns":4},{"damage":4,"enemies":"Small Slimes","floor":2,"turns":3},{"damage":4,"enemies":"Cultist","floor":3,"turns":4},{"damage":2,"enemies":"Blue Slaver","floor":5,"turns":4},{"damage":3,"enemies":"3 Louse","floor":7,"turns":4},{"damage":23,"enemies":"3 Sentries","floor":8,"turns":11},{"damage":12,"enemies":"Exordium Thugs","floor":10,"turns":6},{"damage":13,"enemies":"Exordium Wildlife","floor":14,"turns":4},{"damage":17,"enemies":"Hexaghost","floor":16,"turns":13},{"damage":33,"enemies":"2 Thieves","floor":18,"turns":5},{"damage":40,"enemies":"Masked Bandits","floor":19,"turns":3}],"seed_played":"-3722319468521274026","potions_obtained":[{"floor":3,"key":"Weak Potion"},{"floor":5,"key":"Fire Potion"},{"floor":7,"key":"Dexterity Potion"},{"floor":16,"key":"PotionOfCapacity"}],"is_trial":false,"path_per_floor":["M","M","M","?","M","R","M","E","T","M","?","$","R","M","R","B",null,"M","?"],"character_chosen":"DEFECT","items_purchased":["Conserve Battery"],"campfire_rested":1,"item_purchase_floors":[12],"current_hp_per_floor":[50,46,42,21,19,40,37,14,14,14,31,31,31,30,30,25,60,39,0,0],"gold":119,"neow_bonus":"ONE_RARE_RELIC","is_daily":false,"chose_seed":false,"campfire_upgraded":2,"win_rate":0.0,"timestamp":1614165012,"path_taken":["M","M","M","?","M","R","M","E","T","M","?","$","R","M","R","BOSS","M","?"],"items_purchased_type":["Card"],"build_version":"2020-12-18","purchased_purges":0,"victory":false,"max_hp_per_floor":[71,71,71,71,71,71,71,71,71,71,71,71,71,71,71,71,71,71,71,71],"relic_stats":{"counters":[11,61],"obtain_stats":[{"Calipers":0,"Vajra":9,"Cracked Core":0,"Empty Cage":17,"Meat on the Bone":8},{"Calipers":0,"Vajra":6,"Cracked Core":0,"Empty Cage":9,"Meat on the Bone":6},{"Calipers":0,"Vajra":30,"Cracked Core":0,"Empty Cage":53,"Meat on the Bone":30}],"Meat on the Bone":48},"card_choices":[{"not_picked":["Stack","White Noise"],"picked":"Cold Snap","floor":1},{"not_picked":["White Noise","Capacitor"],"picked":"Genetic Algorithm","floor":2},{"not_picked":["Streamline","Rebound"],"picked":"White Noise","floor":3},{"not_picked":["Storm","Sweeping Beam"],"picked":"Coolheaded","floor":5},{"not_picked":["Go for the Eyes","Cold Snap"],"picked":"Defragment","floor":7},{"not_picked":["Sunder","All For One"],"picked":"Hologram","floor":8},{"not_picked":["Beam Cell","Hologram"],"picked":"White Noise","floor":10},{"not_picked":["Stack","Compile Driver"],"picked":"Sweeping Beam","floor":14},{"not_picked":["Meteor Strike","All For One"],"picked":"Fission","floor":16},{"not_picked":["Streamline","Beam Cell"],"picked":"Stack","floor":18}],"player_experience":3549882,"relics_obtained":[{"floor":8,"key":"Meat on the Bone"},{"floor":9,"key":"Vajra"}],"event_choices":[{"damage_healed":0,"gold_gain":0,"player_choice":"Entered Light","damage_taken":21,"max_hp_gain":0,"max_hp_loss":0,"event_name":"Shining Light","floor":4,"gold_loss":0,"cards_upgraded":["Cold Snap","Strike_B"]},{"damage_healed":17,"gold_gain":0,"player_choice":"Healed and dodged fight","damage_taken":0,"max_hp_gain":0,"max_hp_loss":0,"event_name":"Mushrooms","floor":11,"gold_loss":0,"cards_obtained":["Parasite"]},{"damage_healed":0,"gold_gain":0,"player_choice":"Fought Bandits","damage_taken":0,"max_hp_gain":0,"max_hp_loss":0,"event_name":"Masked Bandits","floor":19,"gold_loss":0}],"is_beta":true,"boss_relics":[{"not_picked":["Ectoplasm","Busted Crown"],"picked":"Empty Cage"}],"items_purged_floors":[],"is_endless":false,"potions_floor_spawned":[3,5,7,16],"killed_by":"Masked Bandits","ascension_level":20}}