{"host":"vm8b3ptwl81uq21f","time":1614133874,"event":{"mods":["Act Like it!","Aspiration","BaseMod","BetterRewards","Colored Map","Colored Powertips","Conspire","Gensokyo","GifTheSpireLib","Googly Eyes","GungeonMod","Halation","Hubris","Infinite Spire","Minty Spire (QoL Compilation)","MostiFishMod","Quick Restart","Rare Cards Sparkle","Reliquary","Replay The Spire","Shop Mod","Spicy Shops","Spire Arcade","StSLib","Stuff the Spire","The IronCluck","The Jungle","[IsaacMod]????","??????REMEMod"],"gold_per_floor":[118,129,145,159,179,208,228,262,330,330,330,380,391,391,391,466,466,478,497,508,116,135,135,167,177,177,177,177,177,177,177,177,254,254,265,290,380,392,392,418,418,448,448,448,458,488,66,96,96,96],"floor_reached":51,"language":"ENG","playtime":2675,"items_purged":["Strike_B","Strike_B","Defend_B","Defend_B","Strike_B","Defend_B","Pain"],"score":2416,"play_id":"4f0002b9-68fb-48eb-b615-1810e6e92877","local_time":"20210223213114","is_ascension_mode":true,"campfire_choices":[{"data":"Pot Of Greed","floor":10,"key":"SMITH"},{"data":"Pot Of Greed","floor":10,"key":"SMITH"},{"data":"Dualcast","floor":15,"key":"SMITH"},{"data":"Go for the Eyes","floor":15,"key":"SMITH"},{"data":"Beam Cell","floor":23,"key":"SMITH"},{"data":"Coolheaded","floor":23,"key":"SMITH"},{"data":"Pot Of Greed","floor":28,"key":"SMITH"},{"data":"Secret Technique","floor":28,"key":"SMITH"},{"data":"StuffTheSpire:Rapture","floor":32,"key":"SMITH"},{"data":"REME_Shoggoth","floor":32,"key":"SMITH"},{"data":"ReplayTheSpireMod:Private Reserves","floor":41,"key":"SMITH"},{"data":"Replay:Bootleg Shield Generator","floor":41,"key":"SMITH"},{"data":"Streamline","floor":44,"key":"SMITH"},{"data":"Steam","floor":44,"key":"SMITH"},{"data":"Gash","floor":49,"key":"SMITH"},{"data":"Gash","floor":49,"key":"SMITH"}],"circlet_count":0,"master_deck":["AscendersBane","Strike_B+1","Defend_B","Zap+1","Dualcast+1","Beam Cell+1","Steam+1","Pot Of Greed+1","Pot Of Greed+1","Finesse","Beam Cell+1","Secret Technique+1","Genetic Algorithm","Go for the Eyes+1","Genetic Algorithm","Coolheaded+1","REME_Shoggoth+1","Pot Of Greed+1","Steam","BootSequence","MostiFishMod:PushDownKick+1","Reboot+1","StuffTheSpire:Rapture+1","Gash+1","Gash+1","Hologram","Turbo+1","Redo+1","Replay:Bootleg Shield Generator+1","MostiFishMod:PerfectForm+1","ReplayTheSpireMod:Private Reserves+1","Streamline+1","Scrape+1","Gash+1","Go for the Eyes","MostiFishMod:PushDownKick","BootSequence","Stack"],"relics":["Cracked Core","HushsDoor","DaveBox","REME_ComplimentaryCards","MerchantsRug","halation:PenCase","Shuriken","Sizzling Blood","DemoMod:MeatBun","Calipers","SynthV:TestCard","Prayer Wheel","StuffTheSpire:ColdMirror","hubris:Towel","Busted Crown","reliquary:BallBearing","BrkXgEgg","DemoMod:WhiteGuonStone","DemoMod:SuperHotWatch","hubris:DeckOfHolding","halation:EternalFortune","DemoMod:GlassGuonStoneRelic","Lizard Tail","Gambling Chip","Void","ImprovedEquipment","reliquary:PorcupineQuills","OriginationStaff","hubris:TenFootPole","StuffTheSpire:Nightcore"],"acts_visited":["Exordium","TheCity","TheBeyond"],"potions_floor_usage":[4,8,13,16,48],"damage_taken":[{"damage":0,"enemies":"Cultist","floor":1,"turns":2},{"damage":0,"enemies":"Jaw Worm","floor":2,"turns":2},{"damage":0,"enemies":"Small Slimes","floor":3,"turns":4},{"damage":4,"enemies":"Exordium Wildlife","floor":4,"turns":3},{"damage":0,"enemies":"Gremlin Gang","floor":5,"turns":1},{"damage":23,"enemies":"3 Sentries","floor":6,"turns":9},{"damage":6,"enemies":"Large Slime","floor":7,"turns":6},{"damage":32,"enemies":"Gremlin Nob","floor":8,"turns":4},{"damage":0,"enemies":"3 Louse","floor":13,"turns":4},{"damage":0,"enemies":"Hexaghost","floor":16,"turns":9},{"damage":0,"enemies":"Spheric Guardian","floor":18,"turns":2},{"damage":0,"enemies":"2 Thieves","floor":19,"turns":2},{"damage":21,"enemies":"Snecko","floor":20,"turns":7},{"damage":2,"enemies":"Centurion and Healer","floor":22,"turns":5},{"damage":0,"enemies":"Slavers","floor":24,"turns":1},{"damage":0,"enemies":"Cultist and Chosen","floor":25,"turns":1},{"damage":0,"enemies":"Pondfish","floor":33,"turns":2},{"damage":0,"enemies":"Orb Walker","floor":35,"turns":1},{"damage":0,"enemies":"Mind Bloom Boss Battle","floor":36,"turns":1},{"damage":0,"enemies":"3 Darklings","floor":38,"turns":1},{"damage":0,"enemies":"Nemesis","floor":40,"turns":3},{"damage":0,"enemies":"Giant Head","floor":42,"turns":1},{"damage":0,"enemies":"4 Shapes","floor":45,"turns":2},{"damage":0,"enemies":"Nightmare","floor":46,"turns":1},{"damage":0,"enemies":"Nemesis","floor":48,"turns":3},{"damage":0,"enemies":"Replay:Hell Engine","floor":50,"turns":1}],"seed_played":"-9216077166753006914","potions_obtained":[{"floor":2,"key":"DemoMod:LeadSkinPotion"},{"floor":3,"key":"Adrenaline Potion"},{"floor":8,"key":"Regen Potion"},{"floor":13,"key":"PotionOfCapacity"},{"floor":16,"key":"DistilledChaos"},{"floor":36,"key":"DistilledChaos"},{"floor":37,"key":"Cursed Concoction"},{"floor":42,"key":"FearPotion"},{"floor":45,"key":"LiquidMemories"},{"floor":48,"key":"REME_GoldPotion"}],"is_trial":false,"path_per_floor":["M","M","M","M","M","E","M","E","T","R","?","?","M","?","R","B",null,"M","M","M","$","M","R","E","M","T","AVR","R","?","?","?","R","B",null,"M","?","?","M","?","E","R","E","T","R","M","NM","$","E","R","B",null],"character_chosen":"DEFECT","items_purchased":["Beam Cell","Steam","Grinning Jar","ReplayTheSpireMod:Fabricate Wheel","MerchantsRug","halation:PenCase","Shuriken","Whetstone","aspiration:Nostalgia","DemoMod:MeatBun","Calipers","Finesse","Beam Cell","reliquary:BallBearing","BrkXgEgg","OriginationStaff","BootSequence","hubris:TenFootPole"],"campfire_rested":0,"item_purchase_floors":[0,0,0,0,0,0,0,0,0,0,0,0,0,21,21,47,47,47],"current_hp_per_floor":[44,48,52,52,56,37,35,7,7,7,7,7,23,23,23,27,59,63,67,50,50,52,52,56,60,60,60,60,60,60,63,63,67,66,66,66,66,66,56,60,60,64,64,64,66,66,66,66,66,66],"gold":96,"neow_bonus":"","is_daily":false,"chose_seed":false,"campfire_upgraded":16,"win_rate":0.0,"timestamp":1614133874,"path_taken":["M","M","M","M","M","E","M","E","T","R","?","?","M","?","R","BOSS","M","M","M","$","M","R","E","?","T","AVR","R","?","?","?","R","BOSS","M","?","?","M","?","E","R","E","T","R","?","NM","$","E","R","BOSS"],"items_purchased_type":["Card","Card","Relic","Card","Relic","Relic","Relic","Relic","Relic","Relic","Relic","Card","Card","Relic","Relic","Relic","Card","Relic"],"build_version":"2020-12-22","purchased_purges":7,"victory":true,"max_hp_per_floor":[75,75,75,75,75,75,75,75,75,75,75,75,75,75,75,75,70,70,70,70,70,70,70,70,70,70,70,70,70,70,73,73,73,66,66,66,66,66,66,66,66,66,66,66,66,66,66,66,66,66],"card_choices":[{"not_picked":["REME_Whirling","aspiration:Polymerization","Reprogram"],"picked":"SKIP","floor":1},{"not_picked":["Barrage","Undo","Tempest","Cold Snap","ReplayTheSpireMod:System Scan"],"picked":"SKIP","floor":2},{"not_picked":["Leap","Turbo","REME_DataAnalysis","Defragment"],"picked":"Bomb","floor":3},{"not_picked":["StuffTheSpire:ShieldGenerator","ReplayTheSpireMod:Reroute Power","MostiFishMod:FluxCapactior","MostiFishMod:Impulse"],"picked":"Genetic Algorithm","floor":3},{"not_picked":["Static Discharge","Stack","ReplayTheSpireMod:Fabricate Wheel","Rebound"],"picked":"Go for the Eyes","floor":4},{"not_picked":["Ball Lightning","Beam Cell","Glacier","Turbo","Conserve Battery"],"picked":"SKIP","floor":4},{"not_picked":["Steam","Turbo","StuffTheSpire:SnapShoot","Coolheaded"],"picked":"Genetic Algorithm","floor":5},{"not_picked":["Coolheaded","Leap","Rebound","Consume","Stack"],"picked":"SKIP","floor":5},{"not_picked":["Streamline","hubris:Prefetch","Storm","Leap"],"picked":"Coolheaded","floor":6},{"not_picked":["Leap","ReplaySort","StuffTheSpire:ShieldGenerator","MostiFishMod:PushDownKick"],"picked":"Bomb","floor":7},{"not_picked":["Self Repair","BasicCrystalCard","hubris:Ukulele","hubris:PowerSurge","Redo"],"picked":"SKIP","floor":7},{"not_picked":["Tempest","Cold Snap","Panic Button","REME_Whirling","Rebound"],"picked":"SKIP","floor":8},{"not_picked":["Coolheaded","Turbo","Panic Button","conspire:Rain","Stack"],"picked":"SKIP","floor":13},{"not_picked":["Redo","Barrage","Sweeping Beam","StuffTheSpire:LoadUp","Leap"],"picked":"SKIP","floor":13},{"not_picked":["StuffTheSpire:LaunchingStrike","MostiFishMod:ReadyAimFire","MostiFishMod:Overload","Hyperbeam"],"picked":"REME_Shoggoth","floor":16},{"not_picked":["ReplayTheSpireMod:Reroute Power","Turbo"],"picked":"Steam","floor":18},{"not_picked":["MostiFishMod:InterfaceCompatibility","StuffTheSpire:Plugnplay"],"picked":"BootSequence","floor":18},{"not_picked":["Compile Driver","ReplayTheSpireMod:Dual Polarity"],"picked":"MostiFishMod:PushDownKick+1","floor":19},{"not_picked":["Stack","Reinforced Body","Melter"],"picked":"SKIP","floor":19},{"not_picked":["Ball Lightning","Leap","Self Repair"],"picked":"SKIP","floor":20},{"not_picked":["Stack","Barrage","StuffTheSpire:LoadUp"],"picked":"SKIP","floor":20},{"not_picked":["Crystallizer","Cold Snap","StuffTheSpire:LoadUp"],"picked":"SKIP","floor":22},{"not_picked":["StuffTheSpire:Plugnplay","BasicCrystalCard","Aggregate"],"picked":"SKIP","floor":22},{"not_picked":["Conserve Battery","Compile Driver"],"picked":"Reboot+1","floor":24},{"not_picked":["Hologram","ReplaySort","Panic Button"],"picked":"SKIP","floor":25},{"not_picked":["Thunder Strike+1","Sweeping Beam","Rebound"],"picked":"SKIP","floor":25},{"not_picked":["StuffTheSpire:Brawn","StuffTheSpire:Vigor"],"picked":"StuffTheSpire:Rapture","floor":29},{"not_picked":["FTL","Panic Button"],"picked":"Gash+1","floor":35},{"not_picked":["Ball Lightning+1","Double Energy+1"],"picked":"Gash","floor":35},{"not_picked":["Hello World","Pulse"],"picked":"Hologram","floor":36},{"not_picked":["conspire:Rain","Conserve Battery+1"],"picked":"Turbo+1","floor":38},{"not_picked":["Panic Button","StuffTheSpire:Synthwave"],"picked":"Redo+1","floor":38},{"not_picked":["MostiFishMod:Galeforce+1","MostiFishMod:TheLastGuard+1"],"picked":"Replay:Bootleg Shield Generator","floor":39},{"not_picked":["ReplayTheSpireMod:Brewmster+1","ReplayUltimateDefense+1"],"picked":"MostiFishMod:PerfectForm+1","floor":39},{"not_picked":["ReplayTheSpireMod:Trickstab","Dramatic Entrance"],"picked":"ReplayTheSpireMod:Private Reserves","floor":39},{"not_picked":["Fusion","Rebound+1"],"picked":"Streamline","floor":40},{"not_picked":["hubris:PowerSurge","Hologram"],"picked":"Scrape+1","floor":42},{"not_picked":["Go for the Eyes","Time Bomb"],"picked":"Gash","floor":45},{"not_picked":["Hologram","Coolheaded"],"picked":"Go for the Eyes","floor":45},{"not_picked":["Fusion","Coolheaded"],"picked":"MostiFishMod:PushDownKick","floor":46},{"not_picked":["Force Field","Conserve Battery+1"],"picked":"Stack","floor":48}],"player_experience":448417,"relics_obtained":[{"floor":1,"key":"SynthV:TestCard"},{"floor":6,"key":"Dream Catcher"},{"floor":8,"key":"reliquary:SilkGlove"},{"floor":9,"key":"StuffTheSpire:ColdMirror"},{"floor":24,"key":"DemoMod:WhiteGuonStone"},{"floor":26,"key":"DemoMod:SuperHotWatch"},{"floor":36,"key":"Lizard Tail"},{"floor":40,"key":"Gambling Chip"},{"floor":42,"key":"Void"},{"floor":43,"key":"ImprovedEquipment"},{"floor":46,"key":"reliquary:PorcupineQuills"},{"floor":48,"key":"StuffTheSpire:Nightcore"}],"event_choices":[{"damage_healed":0,"gold_gain":50,"player_choice":"Pray","damage_taken":0,"max_hp_gain":0,"max_hp_loss":0,"event_name":"Golden Shrine","floor":12,"gold_loss":0},{"damage_healed":0,"gold_gain":0,"player_choice":"Fight","damage_taken":0,"max_hp_gain":0,"max_hp_loss":0,"event_name":"MindBloom","floor":36,"gold_loss":0},{"damage_healed":0,"gold_gain":0,"player_choice":"Memory 3","damage_taken":10,"max_hp_gain":0,"max_hp_loss":0,"event_name":"SensoryStone","floor":39,"gold_loss":0}],"is_beta":false,"boss_relics":[{"not_picked":["MoonlightInvasionPlan","DemoMod:WaxWing"],"picked":"Busted Crown"},{"not_picked":[]},{"not_picked":["conspire:SeveredTorchhead","TimeKeys"],"picked":"Replay:Ancient Bell"},{"not_picked":[]}],"items_purged_floors":[0,0,0,17,27,34,47],"is_endless":false,"potions_floor_spawned":[2,3,8,13,16,24,25,36,42,45,48],"ascension_level":15}}