{"host":"5tzvto3beate6p8b","time":1614194805,"event":{"mods":["BaseMod","Colored Map","DeckTracker","Minty Spire (QoL Compilation)","Relic Stats","StSLib","SuperFastMode"],"gold_per_floor":[115,125,125,28,43,43,70,70,118,118,118],"floor_reached":10,"language":"JPN","playtime":357,"items_purged":[],"score":132,"play_id":"4f65ad67-3bd2-46db-a580-b1aedcd6d7a1","local_time":"20210225042645","is_ascension_mode":true,"campfire_choices":[{"data":"Blade Dance","floor":6,"key":"SMITH"},{"data":"Glass Knife","floor":8,"key":"SMITH"}],"circlet_count":0,"master_deck":["AscendersBane","Strike_G","Strike_G","Strike_G","Strike_G","Strike_G","Defend_G","Defend_G","Defend_G","Defend_G","Defend_G","Survivor","Neutralize","Parasite","Tools of the Trade","Sucker Punch","Well Laid Plans","Bandage Up","Blade Dance+1","Glass Knife+1"],"relics":["Ring of the Snake","Orichalcum","Blood Vial","Nunchaku"],"acts_visited":["Exordium"],"potions_floor_usage":[7,10],"damage_taken":[{"damage":4,"enemies":"Jaw Worm","floor":1,"turns":6},{"damage":0,"enemies":"2 Louse","floor":2,"turns":3},{"damage":3,"enemies":"Cultist","floor":5,"turns":5},{"damage":29,"enemies":"Lagavulin","floor":7,"turns":7},{"damage":26,"enemies":"Gremlin Nob","floor":10,"turns":4}],"seed_played":"563896421756030453","potions_obtained":[{"floor":1,"key":"DuplicationPotion"},{"floor":5,"key":"PowerPotion"},{"floor":7,"key":"Block Potion"}],"is_trial":false,"path_per_floor":["M","M","?","$","M","R","E","R","T","E"],"character_chosen":"THE_SILENT","items_purchased":["Bandage Up"],"campfire_rested":0,"item_purchase_floors":[4],"current_hp_per_floor":[55,55,44,44,45,45,20,20,20,0,0],"gold":118,"neow_bonus":"THREE_RARE_CARDS","is_daily":false,"chose_seed":false,"campfire_upgraded":2,"win_rate":0.0,"timestamp":1614194805,"path_taken":["M","M","?","$","M","R","E","R","T","E"],"items_purchased_type":["Card"],"build_version":"2020-12-22","purchased_purges":0,"victory":false,"max_hp_per_floor":[66,66,66,66,66,66,66,66,66,66,66],"relic_stats":{"Blood Vial":2,"Nunchaku":[1],"counters":[5,25],"Orichalcum":[42],"obtain_stats":[{"Blood Vial":7,"Nunchaku":9,"Orichalcum":3,"Ring of the Snake":0},{"Blood Vial":4,"Nunchaku":4,"Orichalcum":2,"Ring of the Snake":0},{"Blood Vial":21,"Nunchaku":21,"Orichalcum":9,"Ring of the Snake":0}],"Ring of the Snake":[10]},"card_choices":[{"not_picked":["Phantasmal Killer","Doppelganger"],"picked":"Tools of the Trade","floor":0},{"not_picked":["Outmaneuver","Flying Knee"],"picked":"Sucker Punch","floor":1},{"not_picked":["Slice","Escape Plan"],"picked":"Well Laid Plans","floor":2},{"not_picked":["Deadly Poison","Acrobatics"],"picked":"Blade Dance","floor":5},{"not_picked":["Flechettes","Bane"],"picked":"Glass Knife","floor":7}],"player_experience":876389,"relics_obtained":[{"floor":7,"key":"Blood Vial"},{"floor":9,"key":"Nunchaku"}],"event_choices":[{"damage_healed":0,"gold_gain":0,"player_choice":"Success","damage_taken":11,"relics_obtained":["Orichalcum"],"max_hp_gain":0,"max_hp_loss":0,"event_name":"Scrap Ooze","floor":3,"gold_loss":0}],"is_beta":false,"boss_relics":[],"items_purged_floors":[],"is_endless":false,"potions_floor_spawned":[1,5,7],"killed_by":"Gremlin Nob","ascension_level":20}}