{"host":"5mo0809oo9tcrmpl","time":1614139245,"event":{"mods":["BaseMod","Highlight Path","Minty Spire (QoL Compilation)","Relic Stats","Slay the Relics Exporter"],"gold_per_floor":[118,118,129,147,164,192,250,250,250,268,268,268,282,308,308,380,380,391,78,78,91,91,91],"floor_reached":22,"language":"ENG","playtime":694,"items_purged":[],"score":442,"play_id":"16e61be5-7e98-481b-999a-bbecbbca4331","local_time":"20210223220045","is_ascension_mode":true,"campfire_choices":[{"data":"Perfected Strike","floor":8.0,"key":"SMITH"},{"floor":12.0,"key":"REST"},{"data":"Clothesline","floor":15.0,"key":"SMITH"}],"circlet_count":0,"master_deck":["AscendersBane","Strike_R","Strike_R","Strike_R","Strike_R","Defend_R","Defend_R","Defend_R","Defend_R","Bash","Clothesline+1","Perfected Strike+1","Wild Strike","Pommel Strike","Fire Breathing","Twin Strike","Headbutt","Spot Weakness+1","Sword Boomerang","Double Tap+1","Flex+1","Battle Trance+1","Shrug It Off+1","Decay","Seeing Red+1"],"relics":["Burning Blood","NeowsBlessing","Ice Cream","Toxic Egg 2","Darkstone Periapt","Sundial","Dream Catcher","Fusion Hammer","Happy Flower"],"acts_visited":["Exordium","TheCity"],"potions_floor_usage":[21],"damage_taken":[{"damage":0.0,"enemies":"Cultist","floor":1.0,"turns":1.0},{"damage":0.0,"enemies":"Jaw Worm","floor":3.0,"turns":1.0},{"damage":0.0,"enemies":"2 Louse","floor":4.0,"turns":1.0},{"damage":10.0,"enemies":"Exordium Wildlife","floor":5.0,"turns":3.0},{"damage":40.0,"enemies":"3 Sentries","floor":6.0,"turns":7.0},{"damage":6.0,"enemies":"Gremlin Nob","floor":7.0,"turns":3.0},{"damage":15.0,"enemies":"Lots of Slimes","floor":10.0,"turns":5.0},{"damage":21.0,"enemies":"Exordium Thugs","floor":13.0,"turns":5.0},{"damage":0.0,"enemies":"Lagavulin","floor":14.0,"turns":4.0},{"damage":35.0,"enemies":"The Guardian","floor":16.0,"turns":10.0},{"damage":29,"enemies":"3 Byrds","floor":18,"turns":6},{"damage":21,"enemies":"Shell Parasite","floor":21,"turns":2},{"damage":32,"enemies":"Centurion and Healer","floor":22,"turns":3}],"seed_played":"-1990485677434920454","potions_obtained":[{"floor":3.0,"key":"LiquidBronze"},{"floor":5.0,"key":"AttackPotion"},{"floor":10.0,"key":"BlessingOfTheForge"},{"floor":14.0,"key":"GamblersBrew"}],"is_trial":false,"path_per_floor":["M","?","M","M","M","E","?","R","T","M","T","R","M","E","R","B",null,"M","$","?","M","M"],"character_chosen":"IRONCLAD","items_purchased":["Happy Flower","Battle Trance+1","AttackPotion","Shrug It Off+1"],"campfire_rested":1,"item_purchase_floors":[19,19,19,19],"current_hp_per_floor":[74,67,73,75,71,37,37,37,37,28,28,50,35,41,41,12,59,36,36,42,27,0,0],"gold":91,"neow_bonus":"THREE_ENEMY_KILL","is_daily":false,"chose_seed":false,"campfire_upgraded":2,"win_rate":0.0,"timestamp":1614139245,"path_taken":["M","?","M","M","M","E","?","R","T","M","?","R","?","E","R","BOSS","M","$","?","M","M"],"items_purchased_type":["Relic","Card","Potion","Card"],"build_version":"2020-12-22","purchased_purges":0,"victory":false,"max_hp_per_floor":[75,75,75,75,75,75,75,75,75,75,75,75,75,75,75,75,75,75,75,81,81,81,81],"relic_stats":{"Darkstone Periapt":6,"Dream Catcher":0,"Happy Flower":[1],"counters":[13,51],"Sundial":[4],"obtain_stats":[{"Ice Cream":6,"Darkstone Periapt":9,"Dream Catcher":14,"NeowsBlessing":0,"Happy Flower":19,"Sundial":11,"Fusion Hammer":17,"Toxic Egg 2":7,"Burning Blood":0},{"Ice Cream":5,"Darkstone Periapt":6,"Dream Catcher":9,"NeowsBlessing":0,"Happy Flower":11,"Sundial":7,"Fusion Hammer":10,"Toxic Egg 2":6,"Burning Blood":0},{"Ice Cream":13,"Darkstone Periapt":16,"Dream Catcher":30,"NeowsBlessing":0,"Happy Flower":46,"Sundial":21,"Fusion Hammer":40,"Toxic Egg 2":16,"Burning Blood":0}],"Burning Blood":68},"card_choices":[{"not_picked":["Warcry","Flex"],"picked":"Clothesline","floor":1.0},{"not_picked":["Flex","Limit Break"],"picked":"Perfected Strike","floor":3.0},{"not_picked":["Thunderclap","Clothesline"],"picked":"Wild Strike","floor":4.0},{"not_picked":["True Grit","Power Through"],"picked":"Pommel Strike","floor":5.0},{"not_picked":["Iron Wave","Sever Soul"],"picked":"Fire Breathing","floor":6.0},{"not_picked":["Intimidate+1","Rupture"],"picked":"Twin Strike","floor":7.0},{"not_picked":["Flex+1","Brutality"],"picked":"Headbutt","floor":10.0},{"not_picked":["Rampage","Cleave"],"picked":"Spot Weakness+1","floor":13.0},{"not_picked":["Flex+1","Headbutt"],"picked":"Sword Boomerang","floor":14.0},{"not_picked":["Reaper","Feed"],"picked":"Double Tap+1","floor":16.0},{"not_picked":["Headbutt","Cleave"],"picked":"Flex+1","floor":18},{"not_picked":["Armaments+1","Thunderclap"],"picked":"Seeing Red+1","floor":21}],"player_experience":1320529,"relics_obtained":[{"floor":6.0,"key":"Ice Cream"},{"floor":7.0,"key":"Toxic Egg 2"},{"floor":9.0,"key":"Darkstone Periapt"},{"floor":11.0,"key":"Sundial"},{"floor":14.0,"key":"Dream Catcher"}],"event_choices":[{"cards_removed":["Strike_R"],"damage_healed":0.0,"max_hp_gain":0.0,"max_hp_loss":0.0,"gold_gain":0.0,"event_name":"Golden Wing","player_choice":"Card Removal","floor":2.0,"gold_loss":0.0,"damage_taken":7.0},{"damage_healed":0.0,"max_hp_gain":0.0,"max_hp_loss":0.0,"gold_gain":0.0,"event_name":"Dead Adventurer","player_choice":"Searched \u00271\u0027 times","floor":7.0,"gold_loss":0.0,"damage_taken":0.0},{"damage_healed":0,"gold_gain":0,"player_choice":"Smashed Altar","damage_taken":0,"max_hp_gain":0,"max_hp_loss":0,"event_name":"Forgotten Altar","floor":20,"gold_loss":0,"cards_obtained":["Decay"]}],"is_beta":false,"boss_relics":[{"not_picked":["Runic Pyramid","Black Star"],"picked":"Fusion Hammer"}],"items_purged_floors":[],"is_endless":false,"potions_floor_spawned":[3,5,10,14],"killed_by":"Centurion and Healer","ascension_level":20}}