{"host":"en4narc5947t7k9n","time":1614194491,"event":{"mods":["AchievementEnabler","BaseMod","Colored Map","Minty Spire (QoL Compilation)","SuperFastMode"],"gold_per_floor":[210,222,222,236,256,284,284,284,308,320,338,338,351,380,380,477,477,458,478,161,161,175,207,207,222,222,222,222],"floor_reached":27,"language":"KOR","playtime":1231,"items_purged":["Strike_R"],"score":247,"play_id":"d0c8e110-9bbd-4a47-95a3-ee93a9f8d602","local_time":"20210225042131","is_ascension_mode":false,"campfire_choices":[{"floor":7,"key":"RECALL"},{"data":"Carnage","floor":12,"key":"SMITH"},{"data":"Uppercut","floor":15,"key":"SMITH"},{"floor":24,"key":"REST"}],"circlet_count":0,"master_deck":["Strike_R","Strike_R","Defend_R+1","Defend_R+1","Defend_R","Defend_R","Bash","Rage","Uppercut+1","Perfected Strike","Cleave","Flex","Carnage+1","Armaments","Ghostly Armor","Thunderclap","Flex","Reaper","Armaments+1","Twin Strike+1","Shrug It Off","Second Wind","Demon Form"],"relics":["Black Blood","War Paint","PreservedInsect","Pen Nib","Red Skull","Shuriken","White Beast Statue"],"acts_visited":["Exordium","TheCity"],"potions_floor_usage":[6,6,6,23,27,27],"damage_taken":[{"damage":2,"enemies":"2 Louse","floor":1,"turns":3},{"damage":9,"enemies":"Jaw Worm","floor":2,"turns":4},{"damage":6,"enemies":"Cultist","floor":4,"turns":3},{"damage":33,"enemies":"Gremlin Gang","floor":5,"turns":5},{"damage":4,"enemies":"Gremlin Nob","floor":6,"turns":3},{"damage":0,"enemies":"Exordium Wildlife","floor":10,"turns":3},{"damage":4,"enemies":"Blue Slaver","floor":11,"turns":3},{"damage":1,"enemies":"Red Slaver","floor":13,"turns":2},{"damage":20,"enemies":"Lagavulin","floor":14,"turns":4},{"damage":41,"enemies":"Hexaghost","floor":16,"turns":10},{"damage":17,"enemies":"2 Thieves","floor":18,"turns":4},{"damage":33,"enemies":"Shell Parasite","floor":19,"turns":7},{"damage":44,"enemies":"Centurion and Healer","floor":22,"turns":8},{"damage":22,"enemies":"Slavers","floor":23,"turns":4},{"damage":48,"enemies":"Shelled Parasite and Fungi","floor":25,"turns":8},{"damage":27,"enemies":"Chosen and Byrds","floor":27,"turns":5}],"seed_played":"-7893866855616126393","potions_obtained":[{"floor":2,"key":"LiquidBronze"},{"floor":4,"key":"DistilledChaos"},{"floor":5,"key":"Weak Potion"},{"floor":19,"key":"AttackPotion"},{"floor":23,"key":"Swift Potion"},{"floor":25,"key":"ElixirPotion"}],"is_trial":false,"path_per_floor":["M","M","?","M","M","E","R","?","T","M","M","R","M","E","R","B",null,"M","M","$","?","M","E","R","M","T","M"],"character_chosen":"IRONCLAD","items_purchased":["Shuriken"],"campfire_rested":1,"item_purchase_floors":[20],"current_hp_per_floor":[80,77,77,77,50,52,52,49,49,55,57,57,62,48,48,13,80,75,54,54,54,31,26,50,14,14,0,0],"gold":222,"neow_bonus":"HUNDRED_GOLD","is_daily":false,"chose_seed":false,"campfire_upgraded":2,"win_rate":0.0,"timestamp":1614194491,"path_taken":["M","M","?","M","M","E","R","?","T","?","M","R","M","E","R","BOSS","M","M","$","?","?","E","R","?","T","M"],"items_purchased_type":["Relic"],"build_version":"2020-12-22","purchased_purges":1,"victory":false,"max_hp_per_floor":[80,80,80,80,80,80,80,80,80,80,80,80,80,80,80,80,80,80,80,80,80,80,80,80,80,80,80,80],"card_choices":[{"not_picked":["Iron Wave","Clash"],"picked":"Rage","floor":1},{"not_picked":["Reckless Charge","Sword Boomerang"],"picked":"Uppercut","floor":2},{"not_picked":["Headbutt","Sentinel"],"picked":"Cleave","floor":4},{"not_picked":["Whirlwind","Cleave"],"picked":"Flex","floor":5},{"not_picked":["Armaments","Flex"],"picked":"Carnage","floor":6},{"not_picked":["Flex","Hemokinesis"],"picked":"Armaments","floor":10},{"not_picked":["True Grit","Berserk"],"picked":"Ghostly Armor","floor":11},{"not_picked":["Cleave","Wild Strike"],"picked":"Thunderclap","floor":13},{"not_picked":["Combust","Clash"],"picked":"Flex","floor":14},{"not_picked":["Juggernaut","Limit Break"],"picked":"Reaper","floor":16},{"not_picked":["Havoc","Cleave"],"picked":"Armaments+1","floor":18},{"not_picked":["Wild Strike","Havoc"],"picked":"Twin Strike+1","floor":19},{"not_picked":["Sentinel","Wild Strike"],"picked":"Shrug It Off","floor":22},{"not_picked":["Dual Wield","Dark Embrace"],"picked":"Second Wind","floor":23},{"not_picked":["Clothesline","Combust"],"picked":"Demon Form","floor":25}],"player_experience":210095,"relics_obtained":[{"floor":6,"key":"War Paint"},{"floor":9,"key":"Pen Nib"},{"floor":14,"key":"Red Skull"},{"floor":23,"key":"White Beast Statue"}],"event_choices":[{"damage_healed":0,"gold_gain":0,"cards_transformed":["Strike_R"],"player_choice":"Change","damage_taken":0,"max_hp_gain":0,"max_hp_loss":0,"event_name":"Living Wall","floor":3,"gold_loss":0,"cards_obtained":["Perfected Strike"]},{"damage_healed":0,"gold_gain":0,"player_choice":"Success","damage_taken":3,"relics_obtained":["PreservedInsect"],"max_hp_gain":0,"max_hp_loss":0,"event_name":"Scrap Ooze","floor":8,"gold_loss":0},{"cards_removed":["Strike_R"],"damage_healed":0,"gold_gain":0,"player_choice":"Purged","damage_taken":0,"max_hp_gain":0,"max_hp_loss":0,"event_name":"Purifier","floor":21,"gold_loss":0}],"is_beta":false,"boss_relics":[{"not_picked":["SacredBark","Black Star"],"picked":"Black Blood"}],"items_purged_floors":[20],"is_endless":false,"potions_floor_spawned":[2,4,5,19,23,25],"killed_by":"Chosen and Byrds","ascension_level":0}}