{"host":"7fyy23rucerupe6i","time":1614129267,"event":{"mods":["AchievementEnabler","Act Like it!","Aspiration","BaseMod","Better Note","BetterRewards","Colored Map","Colored Powertips","Conspire","Curses Come First","Custom Start","Downfall","Googly Eyes","Marisa£®ÏF”Í°°ƒß¿Ì…≥£©","Minty Spire (QoL Compilation)","Quick Restart","Relic Stats","Shop Mod","ShortenTheSpire","Spicy Shops","StSLib","SuperFastMode","The Blackbeard","The Construct","The Cursed","The Senshi","The Servant 0.9.4"],"gold_per_floor":[134,93,129,157,157,157,157,157,157],"floor_reached":7,"language":"ZHS","playtime":235,"items_purged":["blackbeard:BlackbeardDefend"],"score":41,"play_id":"4ed81c6a-70da-415e-b4ef-56b1906f2207","local_time":"20210224091427","is_ascension_mode":false,"campfire_choices":[{"data":"conspire:SpireCoStock","floor":6,"key":"SMITH"}],"circlet_count":0,"master_deck":["blackbeard:BlackbeardStrike","blackbeard:BlackbeardStrike","blackbeard:BlackbeardStrike+1","blackbeard:BlackbeardStrike","blackbeard:IntimidatingStrike","blackbeard:BlackbeardDefend","blackbeard:BlackbeardDefend","blackbeard:BlackbeardDefend","blackbeard:Cutlass","blackbeard:GoldenStrike","blackbeard:Boarding","blackbeard:Spear","conspire:SpireCoStock+1","blackbeard:Spear","blackbeard:SwordDance","blackbeard:Fencing"],"relics":["blackbeard:LoadTheCannons","CeramicFish","Prayer Wheel","champ:Barbells","HandDrill"],"acts_visited":["Exordium"],"potions_floor_usage":[5],"damage_taken":[{"damage":5,"enemies":"Small Slimes","floor":1,"turns":3},{"damage":6,"enemies":"Cultist","floor":3,"turns":3},{"damage":6,"enemies":"Jaw Worm","floor":4,"turns":2},{"damage":6,"enemies":"Gremlin Nob","floor":7,"turns":3}],"seed_played":"-5512842717235241994","potions_obtained":[{"floor":1,"key":"Block Potion"},{"floor":5,"key":"Fruit Juice"},{"floor":5,"key":"FearPotion"},{"floor":5,"key":"Fire Potion"}],"is_trial":false,"path_per_floor":["M","?","M","M","?","R","E"],"character_chosen":"BLACKBEARD_CLASS","items_purchased":["CeramicFish","Prayer Wheel","champ:Barbells","HandDrill","blackbeard:GoldenStrike"],"campfire_rested":0,"item_purchase_floors":[0,0,0,0,0],"current_hp_per_floor":[35,35,29,23,28,28,22,22,22],"gold":157,"neow_bonus":"","is_daily":false,"chose_seed":false,"campfire_upgraded":1,"win_rate":0.0,"timestamp":1614129267,"path_taken":["M","?","M","M","?","R","E"],"items_purchased_type":["Relic","Relic","Relic","Relic","Card"],"build_version":"2020-12-22","purchased_purges":1,"victory":false,"max_hp_per_floor":[75,75,75,75,80,80,80,80,80],"relic_stats":{"counters":[4,11],"CeramicFish":63,"Prayer Wheel":3,"HandDrill":[0],"obtain_stats":[{"champ:Barbells":0,"blackbeard:LoadTheCannons":0,"CeramicFish":0,"Prayer Wheel":0,"HandDrill":0},{"champ:Barbells":0,"blackbeard:LoadTheCannons":0,"CeramicFish":0,"Prayer Wheel":0,"HandDrill":0},{"champ:Barbells":0,"blackbeard:LoadTheCannons":0,"CeramicFish":0,"Prayer Wheel":0,"HandDrill":0}]},"card_choices":[{"not_picked":["blackbeard:BeatUp","blackbeard:Toast"],"picked":"blackbeard:Boarding","floor":1},{"not_picked":["blackbeard:WiseDefense","blackbeard:DeadlyArsenal"],"picked":"blackbeard:Spear","floor":1},{"not_picked":["blackbeard:CloakAndCannonball","blackbeard:TacticalRetreat"],"picked":"blackbeard:Spear","floor":3},{"not_picked":["blackbeard:BeatUp","blackbeard:Sword"],"picked":"blackbeard:SwordDance","floor":3},{"not_picked":["blackbeard:DelayedPain","blackbeard:Dagger"],"picked":"blackbeard:Fencing","floor":4},{"not_picked":["blackbeard:TacticalRetreat","blackbeard:SwordDance","blackbeard:Boarding"],"picked":"SKIP","floor":4}],"player_experience":602372,"relics_obtained":[],"event_choices":[{"damage_healed":0,"gold_gain":0,"player_choice":"Invest 1","damage_taken":0,"max_hp_gain":0,"max_hp_loss":0,"event_name":"conspire:Investor","floor":2,"gold_loss":0},{"damage_healed":0,"gold_gain":0,"player_choice":"Got Potions","damage_taken":0,"max_hp_gain":0,"max_hp_loss":0,"event_name":"Lab","floor":5,"gold_loss":0}],"is_beta":false,"boss_relics":[],"items_purged_floors":[0],"is_endless":false,"potions_floor_spawned":[1],"killed_by":"Gremlin Nob","ascension_level":0}}