{"host":"4yf2n7l3ni368tvf","time":1614142731,"event":{"mods":["AchievementEnabler","BaseMod","Colored Map","DeckTracker","Keyboard Shortcuts","Minty Spire (QoL Compilation)","SuperFastMode"],"gold_per_floor":[116,135,145,156,13,45,45,71,71,101,101,115,115,130,130,130,130],"floor_reached":16,"language":"KOR","playtime":420,"items_purged":[],"score":184,"play_id":"f08bcaed-83b9-4f79-8df7-e5b7d2755e26","local_time":"20210224135851","is_ascension_mode":true,"campfire_choices":[{"floor":7.0,"key":"REST"},{"data":"Perfected Strike","floor":13,"key":"SMITH"},{"floor":15,"key":"REST"}],"circlet_count":0,"master_deck":["Strike_R","Strike_R","Strike_R","Strike_R","Strike_R","Defend_R","Defend_R","Defend_R","Defend_R","Bash","Dual Wield","Shockwave","Perfected Strike+1","Shrug It Off","Pommel Strike","Shrug It Off","Cleave+1"],"relics":["Burning Blood","Lantern","Sling","Kunai","Smiling Mask","Molten Egg 2","White Beast Statue"],"acts_visited":["Exordium"],"potions_floor_usage":[8,16,16],"damage_taken":[{"damage":7.0,"enemies":"Jaw Worm","floor":1.0,"turns":3.0},{"damage":10.0,"enemies":"Small Slimes","floor":2.0,"turns":3.0},{"damage":4.0,"enemies":"Cultist","floor":3.0,"turns":3.0},{"damage":42.0,"enemies":"Exordium Thugs","floor":4.0,"turns":4.0},{"damage":30.0,"enemies":"Lagavulin","floor":6.0,"turns":5.0},{"damage":0,"enemies":"Gremlin Nob","floor":8,"turns":1},{"damage":7,"enemies":"Lagavulin","floor":10,"turns":5},{"damage":14,"enemies":"Looter","floor":12,"turns":3},{"damage":22,"enemies":"Gremlin Gang","floor":14,"turns":4},{"damage":58,"enemies":"Hexaghost","floor":16,"turns":10}],"seed_played":"-8182138364882114189","potions_obtained":[{"floor":3.0,"key":"AttackPotion"},{"floor":4.0,"key":"DistilledChaos"},{"floor":8,"key":"FearPotion"},{"floor":12,"key":"Swift Potion"},{"floor":14,"key":"Block Potion"}],"is_trial":false,"path_per_floor":["M","M","M","M","$","E","R","E","T","E","?","M","R","M","R","B"],"character_chosen":"IRONCLAD","items_purchased":["Sling"],"campfire_rested":2,"item_purchase_floors":[5],"current_hp_per_floor":[79,75,77,41,41,17,41,47,47,46,51,43,43,27,52,0,0],"gold":130,"neow_bonus":"RANDOM_COMMON_RELIC","is_daily":false,"chose_seed":false,"campfire_upgraded":1,"win_rate":0.0,"timestamp":1614142731,"path_taken":["M","M","M","M","$","E","R","E","T","E","?","M","R","M","R","BOSS"],"items_purchased_type":["Relic"],"build_version":"2020-12-22","purchased_purges":0,"victory":false,"max_hp_per_floor":[80,80,80,80,80,80,80,80,80,80,85,85,85,85,85,85,85],"card_choices":[{"not_picked":["True Grit","Fire Breathing"],"picked":"Dual Wield","floor":1.0},{"not_picked":["Iron Wave","Combust"],"picked":"Shockwave","floor":2.0},{"not_picked":["Body Slam","Flame Barrier"],"picked":"Perfected Strike","floor":3.0},{"not_picked":["Havoc","Carnage"],"picked":"Shrug It Off","floor":4.0},{"not_picked":["Reckless Charge","Bludgeon"],"picked":"Pommel Strike","floor":6.0},{"not_picked":["Clothesline","Bloodletting","Bludgeon"],"picked":"SKIP","floor":8},{"not_picked":["Havoc","Dropkick+1"],"picked":"Shrug It Off","floor":10},{"not_picked":["Rupture","Shrug It Off","Iron Wave+1"],"picked":"SKIP","floor":12},{"not_picked":["Armaments","Headbutt+1"],"picked":"Cleave+1","floor":14}],"player_experience":279506,"relics_obtained":[{"floor":6.0,"key":"Kunai"},{"floor":8,"key":"Smiling Mask"},{"floor":9,"key":"Molten Egg 2"},{"floor":10,"key":"White Beast Statue"}],"event_choices":[{"damage_healed":0,"gold_gain":0,"player_choice":"Donut","damage_taken":0,"max_hp_gain":5,"max_hp_loss":0,"event_name":"Big Fish","floor":11,"gold_loss":0}],"is_beta":false,"boss_relics":[],"items_purged_floors":[],"is_endless":false,"potions_floor_spawned":[3,4,8,12,14],"killed_by":"Hexaghost","ascension_level":5}}