{"host":"cfqfeqi6u2qx5u0e","time":1614153665,"event":{"mods":["AchievementEnabler","BaseMod","Colored Powertips","Minty Spire (QoL Compilation)","Quick Restart","StSLib"],"gold_per_floor":[114,189,261,261,186,217,167,183,265,282,315,315,332,365,365,470,470,488,488,71,90,126,180,180,207,207,207,207,246,277,321,321,449,449,464,509,525,372,386,421,5,35,62,74,4543,4584,4600,4236,4236,4236,4236,4236,3820,3855,3855],"floor_reached":56,"language":"ENG","playtime":3973,"items_purged":["Strike_P","Defend_P","Defend_P+1","Strike_P+1"],"score":1676,"play_id":"be1d706f-c274-4e97-98f2-1dd1dde7bae7","local_time":"20210224000105","is_ascension_mode":true,"campfire_choices":[{"data":"SandsOfTime","floor":15,"key":"SMITH"},{"floor":27,"key":"RECALL"},{"data":"Tantrum","floor":32,"key":"SMITH"},{"floor":49,"key":"REST"},{"floor":52,"key":"REST"}],"circlet_count":0,"master_deck":["Strike_P+1","Strike_P+1","Eruption+1","Vigilance+1","SandsOfTime+1","SandsOfTime+1","Tantrum+1","SashWhip+1","JustLucky+1","Brilliance+1","ForeignInfluence+1","Tantrum+1","HandOfGreed+1","WreathOfFlame+1","EmptyBody+1","LessonLearned+1","WindmillStrike+1","CrushJoints+1","EmptyFist+1","ForeignInfluence+1","ConjureBlade+1","Perseverance+1","Violence+1","Ragnarok+1","TalkToTheHand+1","DeusExMachina+1","Secret Weapon+1","Dramatic Entrance+1","Enlightenment+1","ForeignInfluence+1"],"relics":["PureWater","NeowsBlessing","Whetstone","Molten Egg 2","TeardropLocket","Toxic Egg 2","Strawberry","Black Star","PreservedInsect","InkBottle","Pen Nib","Bottled Flame","MealTicket","Question Card","StoneCalendar","Mercury Hourglass","SlaversCollar","Chemical X","Darkstone Periapt","War Paint","Nunchaku","White Beast Statue","Membership Card","Orichalcum","Dream Catcher","Sling","Boot","FossilizedHelix","OrangePellets","Mummified Hand","Bag of Preparation","StrikeDummy","Damaru"],"acts_visited":["Exordium","TheCity","TheBeyond","TheEnding"],"potions_floor_usage":[14,18,18,30,31,31,33,34,39,40,40,47,50,50,55,55,55],"damage_taken":[{"damage":0,"enemies":"Small Slimes","floor":1,"turns":1},{"damage":0,"enemies":"3 Sentries","floor":6,"turns":2},{"damage":0,"enemies":"Jaw Worm","floor":8,"turns":1},{"damage":0,"enemies":"2 Louse","floor":10,"turns":1},{"damage":5,"enemies":"Lagavulin","floor":11,"turns":3},{"damage":0,"enemies":"Blue Slaver","floor":13,"turns":1},{"damage":0,"enemies":"Gremlin Nob","floor":14,"turns":2},{"damage":0,"enemies":"Slime Boss","floor":16,"turns":2},{"damage":0,"enemies":"3 Byrds","floor":18,"turns":3},{"damage":4,"enemies":"Chosen","floor":21,"turns":2},{"damage":0,"enemies":"Snecko","floor":22,"turns":2},{"damage":0,"enemies":"Book of Stabbing","floor":23,"turns":2},{"damage":7,"enemies":"Slavers","floor":25,"turns":2},{"damage":0,"enemies":"Chosen and Byrds","floor":29,"turns":2},{"damage":0,"enemies":"Gremlin Leader","floor":30,"turns":2},{"damage":0,"enemies":"Cultist and Chosen","floor":31,"turns":2},{"damage":48,"enemies":"Automaton","floor":33,"turns":5},{"damage":22,"enemies":"3 Darklings","floor":35,"turns":3},{"damage":8,"enemies":"3 Shapes","floor":36,"turns":2},{"damage":0,"enemies":"Transient","floor":37,"turns":5},{"damage":5,"enemies":"3 Darklings","floor":39,"turns":3},{"damage":16,"enemies":"Nemesis","floor":40,"turns":5},{"damage":8,"enemies":"Giant Head","floor":42,"turns":6},{"damage":6,"enemies":"Maw","floor":44,"turns":4},{"damage":0,"enemies":"Jaw Worm Horde","floor":46,"turns":1},{"damage":0,"enemies":"Transient","floor":47,"turns":5},{"damage":14,"enemies":"Awakened One","floor":50,"turns":4},{"damage":10,"enemies":"Shield and Spear","floor":54,"turns":3},{"damage":119,"enemies":"The Heart","floor":55,"turns":6}],"seed_played":"-730505796557079051","potions_obtained":[{"floor":1,"key":"Block Potion"},{"floor":6,"key":"EssenceOfSteel"},{"floor":13,"key":"Explosive Potion"},{"floor":16,"key":"SpeedPotion"},{"floor":23,"key":"BlessingOfTheForge"},{"floor":29,"key":"PowerPotion"},{"floor":30,"key":"PowerPotion"},{"floor":33,"key":"Fruit Juice"},{"floor":36,"key":"SkillPotion"},{"floor":37,"key":"Weak Potion"},{"floor":39,"key":"Dexterity Potion"},{"floor":44,"key":"BlessingOfTheForge"},{"floor":47,"key":"Dexterity Potion"},{"floor":54,"key":"DuplicationPotion"}],"is_trial":false,"path_per_floor":["M","?","?","?","$","E","?","M","T","M","E","?","M","E","R","B",null,"M","?","$","M","M","E","?","E","T","R","?","M","E","M","R","B",null,"M","M","M","$","M","E","$","E","T","M","$","M","M","$","R","B",null,"R","$","E","B",null],"character_chosen":"WATCHER","items_purchased":["HandOfGreed+1","PreservedInsect","Chemical X","Violence+1","Ragnarok+1","TalkToTheHand+1","Membership Card","Secret Weapon+1","Orichalcum","Dream Catcher","Dramatic Entrance+1","AttackPotion","Swift Potion","Enlightenment+1","Sling","Boot","FossilizedHelix","PowerPotion","OrangePellets","Mummified Hand","Bag of Preparation","EssenceOfSteel","BottledMiracle"],"campfire_rested":2,"item_purchase_floors":[20,20,38,41,41,41,45,45,45,45,45,45,45,48,48,48,48,48,53,53,53,53,53],"current_hp_per_floor":[72,61,61,47,47,47,47,47,47,47,42,35,35,42,42,42,79,79,79,79,75,75,75,75,68,68,68,89,89,89,89,89,41,94,72,64,64,79,74,58,73,65,65,59,74,74,74,89,94,80,94,94,94,84,9965],"gold":3855,"neow_bonus":"THREE_ENEMY_KILL","is_daily":false,"chose_seed":false,"campfire_upgraded":2,"win_rate":0.0,"timestamp":1614153665,"path_taken":["M","?","?","?","?","E","?","M","T","M","E","?","M","E","R","BOSS","M","?","?","M","M","E","?","E","T","R","?","?","E","M","R","BOSS","M","M","M","$","?","E","$","E","T","?","$","M","M","?","R","BOSS","R","$","E","BOSS"],"items_purchased_type":["Card","Relic","Relic","Card","Card","Card","Relic","Card","Relic","Relic","Card","Potion","Potion","Card","Relic","Relic","Relic","Potion","Relic","Relic","Relic","Potion","Potion"],"build_version":"2020-12-22","purchased_purges":4,"victory":true,"max_hp_per_floor":[72,72,72,72,72,72,72,72,72,72,72,72,72,79,79,79,79,79,79,79,79,79,79,79,79,79,79,89,89,89,89,89,89,94,94,94,94,94,94,94,94,94,94,94,94,94,94,94,94,94,94,94,94,94,10094],"card_choices":[{"not_picked":["InnerPeace","JustLucky"],"picked":"SandsOfTime","floor":1},{"not_picked":["Weave","FlyingSleeves"],"picked":"SandsOfTime","floor":6},{"not_picked":["Indignation","CrushJoints"],"picked":"Tantrum","floor":8},{"not_picked":["DeceiveReality","Crescendo"],"picked":"SashWhip+1","floor":10},{"not_picked":["Prostrate","Vengeance"],"picked":"JustLucky+1","floor":11},{"not_picked":["JustLucky+1","FlurryOfBlows+1"],"picked":"Brilliance+1","floor":13},{"not_picked":["JustLucky+1","Conclude+1"],"picked":"ForeignInfluence+1","floor":14},{"not_picked":["DeusExMachina+1","Blasphemy+1"],"picked":"Establishment","floor":16},{"not_picked":["PathToVictory+1","CutThroughFate+1"],"picked":"Tantrum+1","floor":18},{"not_picked":["Meditate+1","Fasting2+1"],"picked":"WreathOfFlame+1","floor":21},{"not_picked":["FearNoEvil+1","BowlingBash+1"],"picked":"EmptyBody+1","floor":22},{"not_picked":["Consecrate+1","PathToVictory+1"],"picked":"LessonLearned+1","floor":23},{"not_picked":["Weave+1","FlyingSleeves+1"],"picked":"CrushJoints+1","floor":25},{"not_picked":["BattleHymn","JustLucky+1","SashWhip+1"],"picked":"EmptyFist+1","floor":29},{"not_picked":["JustLucky+1","WindmillStrike+1","FearNoEvil+1"],"picked":"ForeignInfluence+1","floor":30},{"not_picked":["Collect+1","BowlingBash+1","Protect+1","LikeWater"],"picked":"SKIP","floor":31},{"not_picked":["Scrawl+1","MasterReality","Brilliance+1"],"picked":"ConjureBlade+1","floor":33},{"not_picked":["ClearTheMind+1","CutThroughFate+1","Crescendo+1","FlurryOfBlows+1"],"picked":"SKIP","floor":35},{"not_picked":["ThirdEye+1","Collect+1","Nirvana","CutThroughFate+1"],"picked":"SKIP","floor":36},{"not_picked":["Pray+1","Halt+1","Sanctity+1","ThirdEye+1"],"picked":"SKIP","floor":37},{"not_picked":["FlyingSleeves+1","Evaluate+1","ClearTheMind+1"],"picked":"Perseverance+1","floor":39},{"not_picked":["Scrawl+1","Prostrate+1","BattleHymn+1","FollowUp+1"],"picked":"SKIP","floor":40},{"not_picked":["ForeignInfluence+1","MentalFortress+1","Prostrate+1"],"picked":"DeusExMachina+1","floor":42},{"not_picked":["Crescendo+1","Sanctity+1","Pray+1","CrushJoints+1"],"picked":"SKIP","floor":44},{"not_picked":["ThirdEye+1","InnerPeace+1","Perseverance+1","Evaluate+1"],"picked":"SKIP","floor":46},{"not_picked":["MentalFortress","EmptyFist+1","JustLucky+1","LikeWater+1"],"picked":"SKIP","floor":47},{"not_picked":["MasterReality","FlyingSleeves+1","EmptyBody+1"],"picked":"ForeignInfluence+1","floor":54}],"player_experience":147863,"relics_obtained":[{"floor":6,"key":"Whetstone"},{"floor":9,"key":"Molten Egg 2"},{"floor":11,"key":"TeardropLocket"},{"floor":14,"key":"Strawberry"},{"floor":23,"key":"InkBottle"},{"floor":23,"key":"Pen Nib"},{"floor":25,"key":"Bottled Flame"},{"floor":25,"key":"MealTicket"},{"floor":26,"key":"Question Card"},{"floor":30,"key":"StoneCalendar"},{"floor":30,"key":"Mercury Hourglass"},{"floor":40,"key":"Darkstone Periapt"},{"floor":40,"key":"War Paint"},{"floor":42,"key":"Nunchaku"},{"floor":42,"key":"White Beast Statue"},{"floor":54,"key":"StrikeDummy"},{"floor":54,"key":"Damaru"}],"event_choices":[{"damage_healed":0,"gold_gain":75,"player_choice":"Gather Gold","damage_taken":11,"max_hp_gain":0,"max_hp_loss":0,"event_name":"World of Goop","floor":2,"gold_loss":0},{"damage_healed":0,"gold_gain":72,"player_choice":"Gained Gold","damage_taken":0,"max_hp_gain":0,"max_hp_loss":0,"event_name":"Golden Wing","floor":3,"gold_loss":0},{"damage_healed":0,"gold_gain":0,"player_choice":"Entered Light","damage_taken":14,"max_hp_gain":0,"max_hp_loss":0,"event_name":"Shining Light","floor":4,"gold_loss":0,"cards_upgraded":["Strike_P","Strike_P"]},{"cards_removed":["Defend_P"],"damage_healed":0,"gold_gain":0,"player_choice":"Card Removal","damage_taken":0,"max_hp_gain":0,"max_hp_loss":0,"event_name":"The Cleric","floor":7,"gold_loss":50},{"damage_healed":0,"gold_gain":0,"player_choice":"Success","damage_taken":7,"relics_obtained":["Toxic Egg 2"],"max_hp_gain":0,"max_hp_loss":0,"event_name":"Scrap Ooze","floor":12,"gold_loss":0},{"cards_removed":["Defend_P"],"damage_healed":0,"gold_gain":0,"player_choice":"Elegance","damage_taken":0,"max_hp_gain":0,"max_hp_loss":0,"event_name":"Back to Basics","floor":19,"gold_loss":0},{"damage_healed":0,"gold_gain":0,"player_choice":"Read","damage_taken":0,"max_hp_gain":0,"max_hp_loss":0,"event_name":"The Library","floor":24,"gold_loss":0,"cards_obtained":["WindmillStrike"]},{"cards_removed":["Establishment"],"damage_healed":11,"gold_gain":0,"player_choice":"Offered Rare","damage_taken":0,"max_hp_gain":10,"max_hp_loss":0,"event_name":"Bonfire Elementals","floor":28,"gold_loss":0}],"is_beta":false,"boss_relics":[{"not_picked":["Sozu","Empty Cage"],"picked":"Black Star"},{"not_picked":["Snecko Eye","Tiny House"],"picked":"SlaversCollar"}],"items_purged_floors":[5,20,45,53],"is_endless":false,"potions_floor_spawned":[1,6,13,16,23,29,30,33,36,37,39,44,46,47,54],"ascension_level":2}}