{"host":"2qpilcmj89x3pncz","time":1614131211,"event":{"mods":["100% Spire Juice","2.2 Compatiblity","Act Like it!","Aspiration","BaseMod","BetterRewards","Colored Map","Colored Powertips","Conjunction","Conspire","Dota2Spire","Duelist Mod","Evolution","GifTheSpireLib","Grow up Mod","Halation","Hubris","Infinite Spire","Jedi Mod","Library of Ruina","Library of Ruina Extra","Mimic Mod","Minty Spire (QoL Compilation)","Poem Panic","Quarter Circle Forward PUNCH!","Quick Restart","Replay The Spire","Ruina","Shop Mod","Spicy Shops","Spikes Relics","StSLib","Strawberry Spire","Stuff the Spire","SuperFastMode","The Poker Player","The Servant 0.9.4","Wandering Minibosses"],"gold_per_floor":[126,126,126,146,101,176,202,240,267,285,312,346,382,394,406,519,531,560,603,615,627,709,763,791,803,815,827,866,902,914,956,968,1096,1108,1143,1155,1167,1206,1218,1230,1282,1327,1419,1431,1470,1504,1516,1559,1624,1652,1682,1694,1706,1513,1568,1578],"floor_reached":57,"language":"ENG","playtime":2164,"items_purged":["LightDefense","Standoff","Parasite","LightDefense"],"score":1602,"play_id":"b114fe05-dc0f-4654-8654-549c1e6bf6fb","local_time":"20210224014651","is_ascension_mode":false,"campfire_choices":[{"floor":15,"key":"RECALL"},{"floor":27,"key":"REST"},{"floor":32,"key":"DIG"},{"data":"ViolentFlame","floor":40,"key":"SMITH"},{"data":"StuffTheSpire:BrainWave","floor":47,"key":"SMITH"},{"data":"PlatinumSkin","floor":53,"key":"SMITH"}],"circlet_count":0,"master_deck":["Dodge","AsThePrescriptOrders","Standoff+1","ChargeAndCover","FocusedStrikes+1","Specialist","Apotheosis+1","SunsetBlade","FleetFootsteps+1","Commandeering+1","ViolentFlame+1","Parry2+1","PreparedMind","QuickAttack","LeRegole","SnakesPrey","BiteOff+1","EnergyCycle+1","Track","wanderingMiniBosses:FinaleOfPromise","SunsetBlade","QuickAttack","FlamingDragonFist","Overpower+1","FlowOfTheSword","PlatinumSkin+1","TendonChords+1","ViolentFlame+1","StuffTheSpire:BrainWave+1","Quickness+1","Rewind","CoordinatedAssault","YoureAHindrance+1"],"relics":["PageOfLibrarian","EVO:Axolotl","BargainBundle","Guide Book","Replay:Bandana","hubris:SphereOfDissonance","Tiny Chest","infinitespire:Beetle Shell","MawBank","conspire:SlowCooker","aspiration:StickyExplosives","PageOfNosferatu","strawberrySpire:KineticCharger","wanderingMiniBosses:Blackblade","PageOfSpiderBud","jedi:hotpepper","Black Star","Lee\u0027s Waffle","halation:KoshaPiece","Mercury Hourglass","ReplayTheSpireMod:Lightbulb","Chameleon Ring","infinitespire:Satchel","MerchantsRug","WizardHat","hubris:FunFungus"],"acts_visited":["Exordium","ruina:Briah","TheBeyond","TheEnding"],"potions_floor_usage":[12,16,18,50,51,56],"damage_taken":[{"damage":0,"enemies":"Jaw Worm","floor":1,"turns":3},{"damage":0,"enemies":"conspire:RoseBush","floor":4,"turns":2},{"damage":6,"enemies":"Small Slimes","floor":7,"turns":5},{"damage":13,"enemies":"Lagavulin","floor":8,"turns":7},{"damage":14,"enemies":"Exordium Wildlife","floor":10,"turns":6},{"damage":3,"enemies":"Looter","floor":12,"turns":8},{"damage":7,"enemies":"2 Fungi Beasts","floor":13,"turns":4},{"damage":79,"enemies":"Hexaghost","floor":16,"turns":6},{"damage":21,"enemies":"ruina:Nosferatu","floor":18,"turns":8},{"damage":5,"enemies":"ruina:3_Bats","floor":19,"turns":6},{"damage":0,"enemies":"ruina:ServantOfWrath","floor":23,"turns":6},{"damage":35,"enemies":"ruina:KnightOfDespair","floor":24,"turns":7},{"damage":10,"enemies":"ruina:QueenOfHate","floor":28,"turns":3},{"damage":24,"enemies":"ruina:3_Scarecrows","floor":29,"turns":6},{"damage":22,"enemies":"ruina:KingOfGreed","floor":31,"turns":5},{"damage":37,"enemies":"ruina:Red_and_Wolf","floor":33,"turns":7},{"damage":0,"enemies":"Orb Walker","floor":35,"turns":3},{"damage":13,"enemies":"Giant Head","floor":41,"turns":5},{"damage":15,"enemies":"3 Darklings","floor":42,"turns":3},{"damage":3,"enemies":"4 Shapes","floor":46,"turns":3},{"damage":7,"enemies":"Sphere and 2 Shapes","floor":48,"turns":3},{"damage":56,"enemies":"infinitespire:MassOfShapes","floor":50,"turns":5},{"damage":0,"enemies":"hubris:Merchant","floor":54,"turns":1},{"damage":53,"enemies":"Shield and Spear","floor":55,"turns":5},{"damage":41,"enemies":"The Heart","floor":56,"turns":7}],"seed_played":"-2476752347506828580","potions_obtained":[{"floor":4,"key":"Elixir"},{"floor":13,"key":"DistilledChaos"},{"floor":16,"key":"Block Potion"},{"floor":31,"key":"jedi:tentaclejuice"},{"floor":35,"key":"jedi:holywater"},{"floor":42,"key":"infinitespire:BlackPotion"}],"is_trial":false,"path_per_floor":["M","?","?","M","$","?","M","E","T","M","T","M","M","?","R","B",null,"M","M","?","$","T","E","M","$","T","R","M","M","$","M","R_BF","B",null,"M","AVR","?","T","?","R","E","M","T","?","T","M","R","M","R_BF","B",null,null,"R","$","E","B",null],"character_chosen":"Librarian","items_purchased":["BargainBundle","Specialist","Apotheosis","SunsetBlade","FleetFootsteps","Commandeering","Guide Book","Pet Ghost","Replay:Bandana","hubris:SphereOfDissonance","Tiny Chest","Parry2","CoordinatedAssault","MerchantsRug"],"campfire_rested":1,"item_purchase_floors":[0,0,0,0,0,0,0,0,0,0,0,5,54,54],"current_hp_per_floor":[77,87,97,109,119,118,122,119,129,127,137,146,149,152,162,93,245,234,106,75,85,95,107,87,97,107,262,125,113,123,117,127,112,427,119,451,461,471,481,491,125,141,151,161,171,192,202,146,156,239,147,574,584,156,180,158],"gold":1578,"neow_bonus":"","is_daily":false,"chose_seed":false,"campfire_upgraded":3,"win_rate":0.0,"timestamp":1614131211,"path_taken":["M","?","?","M","$","?","M","E","T","M","?","?","M","?","R","BOSS","M","M","?","$","?","E","M","$","T","R","M","?","?","M","R_BF","BOSS","M","AVR","?","?","?","R","E","?","T","?","?","M","R","M","R_BF","BOSS","R","$","E","BOSS"],"items_purchased_type":["Relic","Card","Card","Card","Card","Card","Relic","Relic","Relic","Relic","Relic","Card","Card","Relic"],"build_version":"2020-12-22","purchased_purges":4,"victory":true,"max_hp_per_floor":[84,94,104,109,119,129,139,149,159,169,179,189,207,217,227,235,245,406,416,426,436,446,456,466,476,486,496,506,516,526,536,546,556,427,437,451,461,471,481,491,356,366,376,349,359,369,524,534,544,554,564,574,584,594,604,624],"card_choices":[{"not_picked":["ConcentratedFire","FervidEmotions","StrongStrike","Leap_lor","EnergyStrike","UncannyStrike","MindPrepared","Duel_lor","HighKick"],"picked":"SKIP","floor":1},{"not_picked":["StuffTheSpire:BrainWave","StuffTheSpire:Ambrosia"],"picked":"StuffTheSpire:Perfection","floor":2},{"not_picked":["SharpSwipe","Outburst","SteelKnuckles","StrongStrike","DesperateStruggle","UnavoidableGaze","TraceOfFumes","QuickAttack"],"picked":"ViolentFlame","floor":4},{"not_picked":["StrongStrike","FierceCharge","MultiBlock","FleetEdge","AsThePrescriptOrders","Faith","BurningFlash","Pound","Leap_lor"],"picked":"SKIP","floor":7},{"not_picked":["RhinoRam","ClassAndRespect","SearingSword","HiddenBlade","BackAttack","GoinFirst","FleetFootsteps","TrimTheIngredients"],"picked":"PreparedMind","floor":8},{"not_picked":["ShockingBlow","Thirst","EnergyStrike","SpearedSweep","Pound","DeepDrag","SuppressingShot","SuanNi","UnavoidableGaze"],"picked":"SKIP","floor":10},{"not_picked":["HiddenBlade","DesperateStruggle","FleetEdge","SmokingPipe","SearingSword","SpearedSweep","MultiHit","GutHarvesting","WillOfThePrescript"],"picked":"SKIP","floor":12},{"not_picked":["WillOfThePrescript","TendonChords","FleetFootsteps","Leap_lor","GreatSerpentsImpact","BladeWhirl","GutHarvesting","Multislash"],"picked":"QuickAttack","floor":13},{"not_picked":["Tttonst","EmotionalTurbulence"],"picked":"LeRegole","floor":16},{"not_picked":["Gamble","YoureTooSlow","HeavyPeaks","Multislash+1","Slice_lor+1","HighKick","StrikeDown+1","HardRehearsal"],"picked":"SnakesPrey","floor":18},{"not_picked":["GroundSmash","DesperateStruggle","HiddenBlade","FleetFootsteps","Quickness","StructuralAnalysis","SharpSwipe","ViolentFlame","Leap_lor"],"picked":"SKIP","floor":19},{"not_picked":["TheArtOfRapidSteps","MultiHit","Quickness","EmotionalTurbulence","GrazeTheGrass","Concentration","HiddenBlade","SinglePointStab"],"picked":"EnergyCycle+1","floor":23},{"not_picked":["Diversion","Thirst","UpbeatPerformance+1","Marionette","EnergyCycle","PinpointShot","StartinOutLightly","HiddenBlade"],"picked":"Track","floor":24},{"not_picked":[],"picked":"wanderingMiniBosses:FinaleOfPromise","floor":28},{"not_picked":["HiddenBlade","CoordinatedAssault","PinpointShot","TasteMyFlamingBat","AssaultOrder","SturdyDefense","SinglePointStab","Pound"],"picked":"SunsetBlade","floor":28},{"not_picked":["MultiHit+1","SpearedSweep","Guardian_lor","FeatherShield","SnakeSlit+1","EnergyShield+1","HandleRequest+1","SearingSword"],"picked":"QuickAttack","floor":29},{"not_picked":["WildCard","Standoff","Retaliate","HandleRequest","SerpentSwordTechnique","ButterflySlash","SpearedSweep","GuardingStance","SinglePointStab+1"],"picked":"SKIP","floor":31},{"not_picked":["LeRegole","GroundSmash"],"picked":"FlamingDragonFist","floor":33},{"not_picked":["FierceCharge+1","AutonomousRush","SinglePointStab","JiaoTu+1","GrazeTheGrass","YourShield","FaintMemories","SilentNight"],"picked":"Overpower+1","floor":35},{"not_picked":["Eject+1","LoosenUp","IllEndYou","SerpentSwordTechnique","Unlock1+1","PinpointShot+1","SnakeSlit+1","UncannyStrike+1"],"picked":"TendonChords+1","floor":41},{"not_picked":["HighKick","SharpNails","DesperateStruggle+1","IllEndYou+1","FeatherShield","ButterflySlash","Thrust","GrazeTheGrass+1"],"picked":"ViolentFlame+1","floor":42},{"not_picked":["SnakesPrey","Thirst","TieShanKao","SharpSwipe","NonstopAssault","Parry","LawAndOrder","YourShield"],"picked":"Quickness+1","floor":46},{"not_picked":["PinpointShot","FleetEdge","PreemptiveStrike","Unlock1","DriedUp+1","Outburst","Quickness+1","Standoff+1"],"picked":"Rewind","floor":48},{"not_picked":["HighKick","YouOnlyLiveOnce+1","DestructiveImpact","NonstopAssault","AutomatedMovement+1","FleetFootsteps+1","EnergyShield+1","StructuralAnalysis+1"],"picked":"YoureAHindrance+1","floor":55}],"player_experience":246855,"relics_obtained":[{"floor":8,"key":"infinitespire:Beetle Shell"},{"floor":11,"key":"MawBank"},{"floor":22,"key":"aspiration:StickyExplosives"},{"floor":23,"key":"PageOfNosferatu"},{"floor":26,"key":"strawberrySpire:KineticCharger"},{"floor":28,"key":"wanderingMiniBosses:Blackblade"},{"floor":32,"key":"PageOfSpiderBud"},{"floor":38,"key":"halation:KoshaPiece"},{"floor":41,"key":"Mercury Hourglass"},{"floor":41,"key":"ReplayTheSpireMod:Lightbulb"},{"floor":43,"key":"Chameleon Ring"},{"floor":45,"key":"infinitespire:Satchel"},{"floor":55,"key":"WizardHat"},{"floor":55,"key":"hubris:FunFungus"}],"event_choices":[{"damage_healed":0,"gold_gain":75,"player_choice":"Gather Gold","damage_taken":11,"max_hp_gain":0,"max_hp_loss":0,"event_name":"World of Goop","floor":6,"gold_loss":0},{"cards_removed":["LightDefense"],"damage_healed":0,"gold_gain":0,"player_choice":"Card Removal","damage_taken":7,"max_hp_gain":0,"max_hp_loss":0,"event_name":"Golden Wing","floor":14,"gold_loss":0},{"damage_healed":0,"gold_gain":0,"player_choice":"Upgraded","damage_taken":0,"max_hp_gain":0,"max_hp_loss":0,"event_name":"Upgrade Shrine","floor":37,"gold_loss":0,"cards_upgraded":["Parry2"]},{"damage_healed":0,"gold_gain":0,"player_choice":"2 cards matched","damage_taken":0,"max_hp_gain":0,"max_hp_loss":0,"event_name":"Match and Keep!","floor":39,"gold_loss":0,"cards_obtained":["FlowOfTheSword","PlatinumSkin"]}],"is_beta":false,"boss_relics":[{"not_picked":["aspiration:RitualDagger","hubris:Backtick"],"picked":"conspire:SlowCooker"},{"not_picked":["strawberrySpire:SolarisEssence","aspiration:ServantSkillbook"],"picked":"jedi:hotpepper"}],"items_purged_floors":[0,0,0,36],"is_endless":false,"potions_floor_spawned":[4,13,16,18,23,31,35,42,46,55],"ascension_level":0}}