{"host":"coim2kcsdwzna1mk","time":1614157926,"event":{"mods":["100% Spire Juice","2.2 Compatiblity","AchievementEnabler","Act Like it!","AlwaysNeverKeys","Aspiration","BaseMod","Beaked The Cultist","Bestiary","Better Match","Better Note","Better Skull","Better Third Choice","BetterRewards","Colored Map","Colored Powertips","Colorless Booster Pack","Conspire","Downfall","Ekko","Gensokyo","GifTheSpireLib","Gremlin Mod","GungeonMod","Halation","Hallownest","HexUI Lib","Highlight Path","Hubris","Hyrulean Relics","Infinite Spire","Ironclad Rager","Jorbs\u0027s Wanderer Trilogy","Menagerie","Minty Spire (QoL Compilation)","Pale of the Ancients","Quarter Circle Forward PUNCH!","RatMod","Reliquary","Replay The Spire","Retaliation","Robot Space Explorer","Shade Mod","Shop Mod","Spicy Shops","Spikes Relics","Spire Arcade","StSLib","Strawberry Spire","Stuff the Spire","SuperFastMode","The Animator","The Dragon Tamer","The Jungle","TheHero","TheVelvet","Wandering Minibosses","yUi"],"gold_per_floor":[111,111,136,136,146,178,196,208,208,208,226,226,71,106,106,205,85,38,38,38,38,52,52,71,84,108,123,123,563,598,611,611,711,711,730,284,299,314,314,314,339,358,437,510,522,132,143,143,143,143,160,179,32,81,81,81,81,81,81,81,81],"floor_reached":60,"language":"ENG","playtime":1747,"items_purged":[],"score":978,"play_id":"0c123008-3d2d-4f8a-aee7-804a97eaf712","local_time":"20210224041206","is_ascension_mode":false,"campfire_choices":[{"floor":10,"key":"REST"},{"data":"Moonworks:RocketCannon","floor":12,"key":"SMITH"},{"floor":15,"key":"REST"},{"floor":23,"key":"REST"},{"floor":28,"key":"REST"},{"floor":32,"key":"REST"},{"floor":40,"key":"REST"},{"floor":49,"key":"REST"},{"floor":55,"key":"REST"},{"floor":57,"key":"REST"}],"circlet_count":0,"master_deck":["Moonworks:Strike","Moonworks:Strike","Moonworks:Strike","Moonworks:Defend+1","Moonworks:Defend","Moonworks:Defend","Moonworks:Defend","Moonworks:Ambush","Moonworks:LongDistanceShot","Moonworks:RocketCannon+1","Moonworks:JonathanRush","Moonworks:CloudOfSeagulls","Moonworks:MeltingMemories","Moonworks:AnotherUltimateWeapon","Moonworks:JonathanRush+1","Moonworks:Dinner","Moonworks:NicePresent+1","Moonworks:FullSpeedAlicianrone+1","Moonworks:JonathanRush+1","Moonworks:AnotherUltimateWeapon","Moonworks:ExtendedPhotonRifle+1","Moonworks:JonathanRush"],"relics":["Moonworks:BrokenBomb","Moonworks:Homemark","hubris:Icosahedron","PreservedInsect","GremlinMask","Pen Nib","infinitespire:EmpoweringShard","White Beast Statue","Fusion Hammer","infinitespire:Lucky Rock","halation:PinkSoulGem","Juzu Bracelet","Ornamental Fan","wanderingMiniBosses:MasterThiefsPresence","reliquary:Boomerang","hubris:Backtick","m_ByrdBlood","War Paint","Omamori","reliquary:BrokenClock","halation:WeightlessCrab","Bottled Tornado","reliquary:ExpiredCoupon","Quantum Egg","qcfpunch:Red_Headband","paleoftheancients:Timepiece","paleoftheancients:KeyRelic","Oddly Smooth Stone","Gremlin Horn","paleoftheancients:SoulOfTheTimeEater","DemoMod:WhiteGuonStone","Happy Flower","hubris:DisguiseKit"],"acts_visited":["Exordium","Exordium","TheBeyond","paleoftheancients:PaleOfTheAncients"],"potions_floor_usage":[14,16,16,18,50,52,60],"damage_taken":[{"damage":7,"enemies":"Small Slimes","floor":1,"turns":3},{"damage":22,"enemies":"conspire:MimicChest","floor":3,"turns":6},{"damage":0,"enemies":"2 Louse","floor":5,"turns":2},{"damage":12,"enemies":"3 Sentries","floor":6,"turns":3},{"damage":1,"enemies":"Cultist","floor":7,"turns":3},{"damage":4,"enemies":"3 Louse","floor":8,"turns":4},{"damage":11,"enemies":"Exordium Thugs","floor":11,"turns":4},{"damage":13,"enemies":"strawberrySpire:EnergyPylons","floor":14,"turns":4},{"damage":38,"enemies":"Hexaghost","floor":16,"turns":8},{"damage":31,"enemies":"theJungle:GiantWrat","floor":18,"turns":6},{"damage":13,"enemies":"theJungle:5_Spyders","floor":22,"turns":5},{"damage":0,"enemies":"theJungle:2_Snecko_Cultists","floor":24,"turns":3},{"damage":25,"enemies":"theJungle:2_Flameangoes","floor":25,"turns":4},{"damage":9,"enemies":"theJungle:Lyon","floor":27,"turns":3},{"damage":0,"enemies":"JungleHuntersEvent","floor":29,"turns":3},{"damage":0,"enemies":"theJungle:2_Phrogs","floor":30,"turns":3},{"damage":2,"enemies":"theJungle:JungleHuntersEncounter","floor":31,"turns":3},{"damage":8,"enemies":"theJungle:FunGuy","floor":33,"turns":6},{"damage":4,"enemies":"Orb Walker","floor":35,"turns":2},{"damage":0,"enemies":"3 Darklings","floor":37,"turns":2},{"damage":0,"enemies":"Spire Growth","floor":38,"turns":3},{"damage":9,"enemies":"beaked:SuperParasite","floor":41,"turns":4},{"damage":6,"enemies":"4 Shapes","floor":42,"turns":3},{"damage":29,"enemies":"Transient","floor":45,"turns":5},{"damage":0,"enemies":"Jaw Worm Horde","floor":47,"turns":2},{"damage":33,"enemies":"hubris:GrandSnecko","floor":50,"turns":5},{"damage":68,"enemies":"hubris:GrandSnecko","floor":51,"turns":6},{"damage":47,"enemies":"hubris:GrandSnecko","floor":52,"turns":5},{"damage":81,"enemies":"hubris:GrandSnecko","floor":56,"turns":6},{"damage":108,"enemies":"paleoftheancients:N","floor":60,"turns":7}],"seed_played":"9200840623255839768","potions_obtained":[{"floor":5,"key":"Block Potion"},{"floor":7,"key":"Adrenaline Potion"},{"floor":14,"key":"Swift Potion"},{"floor":16,"key":"Dexterity Potion"},{"floor":18,"key":"SteroidPotion"},{"floor":22,"key":"DemoMod:LeadSkinPotion"},{"floor":24,"key":"GamblersBrew"},{"floor":51,"key":"Reflective Coating"},{"floor":52,"key":"hexamod:SoulburnPotion"}],"is_trial":false,"path_per_floor":["M","?","?","?","M","E","M","M","T","R","M","R","?","E","R","B",null,"M","?","AVR","?","M","R","M","M","T","M","R","?","E","M","R","B",null,"M","$","M","M","?","R","E","M","T","?","M","$","M","$","R","B","M","M","$","T","R","M","R","T","?","B"],"character_chosen":"THE_STARBREAKER","items_purchased":["War Paint","Omamori","reliquary:BrokenClock","Quantum Egg","qcfpunch:Red_Headband","DemoMod:WhiteGuonStone"],"campfire_rested":9,"item_purchase_floors":[36,36,36,46,46,53],"current_hp_per_floor":[53,53,31,31,31,19,18,14,14,32,21,21,36,23,41,3,60,29,29,29,29,16,34,34,17,17,8,26,26,29,33,51,43,60,60,60,60,60,60,60,57,60,60,60,51,51,60,60,60,60,48,53,53,53,60,60,60,60,60,0,0],"gold":81,"neow_bonus":"ONE_RANDOM_RARE_CARD","is_daily":false,"chose_seed":false,"campfire_upgraded":1,"win_rate":0.0,"timestamp":1614157926,"path_taken":["M","?","?","?","?","E","M","M","T","R","M","R","?","E","R","BOSS","M","?","AVR","?","M","R","M","M","T","M","R","?","E","M","R","BOSS","M","$","M","M","?","R","E","M","T","?","M","$","M","?","R","BOSS","M","M","?","T","R","M","R","T","?","BOSS"],"items_purchased_type":["Relic","Relic","Relic","Relic","Relic","Relic"],"build_version":"2020-12-22","purchased_purges":0,"victory":false,"max_hp_per_floor":[60,60,60,60,60,60,60,60,60,60,60,60,60,60,60,60,60,60,60,60,60,60,60,60,60,60,60,60,60,60,60,60,60,60,60,60,60,60,60,60,60,60,60,60,60,60,60,60,60,60,60,60,60,60,60,60,60,60,60,60,60],"card_choices":[{"not_picked":["Moonworks:ImOnFire","Moonworks:Dash","Moonworks:Assault"],"picked":"SKIP","floor":1},{"not_picked":["Moonworks:StiffCrystal","Moonworks:BigMagnum"],"picked":"Moonworks:JonathanRush","floor":3},{"not_picked":["Moonworks:DeployBits","Moonworks:EvilSpyWorkPreparation","Moonworks:BigBangBell"],"picked":"SKIP","floor":5},{"not_picked":["Moonworks:SelfDestruct","Moonworks:BigMagnum","Moonworks:EvilMastermind"],"picked":"SKIP","floor":6},{"not_picked":["Moonworks:SakisCookie","Moonworks:DeployBits"],"picked":"Moonworks:CloudOfSeagulls","floor":7},{"not_picked":["Moonworks:x16BigRocket","Moonworks:Assault","Moonworks:ForcedRevival"],"picked":"SKIP","floor":8},{"not_picked":["Moonworks:WindyEnchantment","Moonworks:LulusLuckyEgg","Moonworks:StiffCrystal"],"picked":"SKIP","floor":11},{"not_picked":["Moonworks:Heat300Percent","Moonworks:BigMagnum","Moonworks:LulusLuckyEgg"],"picked":"SKIP","floor":14},{"not_picked":["Moonworks:GoAway","Moonworks:Accelerator"],"picked":"Moonworks:MeltingMemories","floor":16},{"not_picked":["Moonworks:BigMagnum","Moonworks:ImOnFire","Moonworks:MixPhenomenon"],"picked":"SKIP","floor":18},{"not_picked":["Moonworks:CompletionReward","Moonworks:ExtendedPhotonRifle"],"picked":"Moonworks:AnotherUltimateWeapon","floor":22},{"not_picked":["Moonworks:SealedMemories","Moonworks:NicePresent"],"picked":"Moonworks:JonathanRush+1","floor":24},{"not_picked":["Moonworks:EvilSpyWorkPreparation","Moonworks:ImmovableObject","Moonworks:Bloodlust+1"],"picked":"SKIP","floor":25},{"not_picked":["Moonworks:Dinner+1","Moonworks:IndiscriminateFireSupport","Moonworks:UnpaidWork"],"picked":"SKIP","floor":27},{"not_picked":["Moonworks:JonathanRush+1","Moonworks:IntelligenceOfficer"],"picked":"Moonworks:Dinner","floor":29},{"not_picked":["Moonworks:BigMagnum","Moonworks:Heat300Percent","Moonworks:CloudOfSeagulls"],"picked":"SKIP","floor":30},{"not_picked":["Moonworks:DeployBits","Moonworks:SakisCookie+1"],"picked":"Moonworks:NicePresent","floor":31},{"not_picked":["Moonworks:IndiscriminateFireSupport","Moonworks:NicePresent+1"],"picked":"Moonworks:FullSpeedAlicianrone+1","floor":35},{"not_picked":["Moonworks:Heat300Percent","Moonworks:EvilSpyWorkPreparation","Moonworks:Poppoformation"],"picked":"SKIP","floor":37},{"not_picked":["Moonworks:ForcedRevival+1","Moonworks:BigMagnum+1"],"picked":"Moonworks:JonathanRush+1","floor":38},{"not_picked":["Moonworks:DeployBits+1","Moonworks:IntelligenceOfficer+1"],"picked":"Moonworks:AnotherUltimateWeapon","floor":41},{"not_picked":["Moonworks:IndiscriminateFireSupport+1","Moonworks:NicePresent+1"],"picked":"Moonworks:ExtendedPhotonRifle+1","floor":42},{"not_picked":["Moonworks:DeployBits","Moonworks:Flamethrower+1"],"picked":"Moonworks:JonathanRush","floor":45},{"not_picked":["Moonworks:DeployBits+1","Moonworks:WindyEnchantment","Moonworks:BigMagnum+1"],"picked":"SKIP","floor":47},{"not_picked":["Moonworks:ReproductionOfRecords","Moonworks:CloudOfSeagulls+1","Moonworks:ImOnFire"],"picked":"SKIP","floor":51},{"not_picked":["Moonworks:DeployBits+1","Moonworks:NicePresent","Moonworks:MiracleWalker+1"],"picked":"SKIP","floor":52}],"player_experience":134190,"relics_obtained":[{"floor":3,"key":"PreservedInsect"},{"floor":6,"key":"Pen Nib"},{"floor":9,"key":"infinitespire:EmpoweringShard"},{"floor":14,"key":"White Beast Statue"},{"floor":26,"key":"Juzu Bracelet"},{"floor":29,"key":"Ornamental Fan"},{"floor":29,"key":"wanderingMiniBosses:MasterThiefsPresence"},{"floor":30,"key":"reliquary:Boomerang"},{"floor":41,"key":"halation:WeightlessCrab"},{"floor":43,"key":"Bottled Tornado"},{"floor":44,"key":"reliquary:ExpiredCoupon"},{"floor":51,"key":"paleoftheancients:SoulOfTheTimeEater"},{"floor":54,"key":"Happy Flower"},{"floor":58,"key":"hubris:DisguiseKit"}],"event_choices":[{"damage_healed":0,"gold_gain":0,"player_choice":"Trade","damage_taken":0,"relics_obtained":["GremlinMask"],"max_hp_gain":0,"max_hp_loss":0,"event_name":"FaceTrader","floor":4,"gold_loss":0},{"damage_healed":15,"gold_gain":0,"player_choice":"Healed","damage_taken":0,"max_hp_gain":0,"max_hp_loss":0,"event_name":"The Cleric","floor":13,"gold_loss":35},{"damage_healed":0,"gold_gain":0,"player_choice":"Ignored","damage_taken":0,"max_hp_gain":0,"max_hp_loss":0,"event_name":"betterNote:BetterNote","floor":19,"gold_loss":0,"cards_obtained":["Shade:Strike_Shade"]},{"cards_removed":["Moonworks:Strike"],"damage_healed":0,"gold_gain":0,"player_choice":"Removed Attack","damage_taken":0,"max_hp_gain":0,"max_hp_loss":0,"event_name":"Falling","floor":39,"gold_loss":0}],"is_beta":false,"boss_relics":[{"not_picked":["halation:ForbiddenBikini","halation:LoveArrow"],"picked":"Fusion Hammer"},{"not_picked":["Replay:Bronze Core","Cursed Key"],"picked":"hubris:Backtick"}],"items_purged_floors":[],"is_endless":false,"potions_floor_spawned":[5,7,14,16,18,22,24,25,27,29,30,31,33,35,37,38,41,42,45,47,51,52,56],"killed_by":"paleoftheancients:N","ascension_level":0}}