{"host":"1wqkiqy0sjhdftq4","time":1614185424,"event":{"mods":["ATMod(°¢èªMod)","Act Like it!","BaseMod","Minty Spire (QoL Compilation)","Prisma Mod","Reimu£¨²©ÀöÁéÃÎ£©","Relic Stats","Replay The Spire","Spicy Shops","StSLib"],"gold_per_floor":[112,126,126,141,141,141,176,17,17,27,27,27,4,34,34,111,111,127,127,140,160,180,205,125,152,179,206,206,206,231,243,243,322,322,340,358,358,358,374,409,441,441,464,464,489,356,88,143,143,143,143],"floor_reached":52,"language":"ZHS","playtime":2835,"items_purged":["Strike_R"],"score":2223,"play_id":"5f203351-1bb4-418a-bd91-192b3a9e5f03","local_time":"20210225005024","is_ascension_mode":true,"campfire_choices":[{"data":"Armaments","floor":6.0,"key":"SMITH"},{"data":"Dark Embrace","floor":11.0,"key":"SMITH"},{"data":"Body Slam","floor":15.0,"key":"SMITH"},{"data":"Warcry","floor":28.0,"key":"SMITH"},{"data":"AT_Dispersion","floor":32.0,"key":"SMITH"},{"floor":42.0,"key":"DIG"},{"floor":49,"key":"DIG"}],"circlet_count":0,"master_deck":["AscendersBane","Defend_R","Defend_R","Defend_R","Bash","AT_ChampionKick","Body Slam+1","Armaments+1","AT_ShrugMaster","Dark Embrace+1","AT_Dispersion+1","Corruption+1","Bloodletting+1","ReplayTheSpireMod:Muscle Training+1","Sentinel","Warcry+1","Impervious","Second Wind","Exhume","AT_EmpoweredMortalDraw","Evolve","Shockwave","Rupture+1","Feel No Pain","Magnetism"],"relics":["Burning Blood","AT_ATBox","Replay:Baseball","Durian","AT_TimeSand","Du-Vu Doll","ReplayTheSpireMod:CursedCoin","AT_SeraphEmbrace","Gremlin Horn","Astrolabe","Lantern","ZunR:ReiMu","Mummified Hand","Replay:Mystery Machine","Vajra","WingedGreaves","Replay:Grab Bag","Coffee Dripper","Philosopher\u0027s Stone","AT_MortalBlade","Shovel","PreservedInsect","Pet Ghost","AT_BladeRuinedKing","Pocketwatch","TheAbacus","Dead Branch","Champion Belt"],"acts_visited":["Exordium","TheCity","TheBeyond"],"potions_floor_usage":[50],"damage_taken":[{"damage":11.0,"enemies":"Cultist","floor":1.0,"turns":4.0},{"damage":9.0,"enemies":"Jaw Worm","floor":2.0,"turns":4.0},{"damage":1.0,"enemies":"2 Louse","floor":4.0,"turns":3.0},{"damage":16.0,"enemies":"Replay:BlueRogue","floor":7.0,"turns":9.0},{"damage":0.0,"enemies":"Lots of Slimes","floor":10.0,"turns":2.0},{"damage":8.0,"enemies":"Gremlin Nob","floor":14.0,"turns":3.0},{"damage":3.0,"enemies":"Fading Forest","floor":16.0,"turns":13.0},{"damage":13.0,"enemies":"2 Thieves","floor":18.0,"turns":3.0},{"damage":2.0,"enemies":"Chosen","floor":20.0,"turns":5.0},{"damage":10.0,"enemies":"3 Cultists","floor":21.0,"turns":3.0},{"damage":9.0,"enemies":"Snake Plant","floor":22.0,"turns":3.0},{"damage":5.0,"enemies":"Replay:Snechameleon","floor":23.0,"turns":3.0},{"damage":3.0,"enemies":"Gremlin Leader","floor":25.0,"turns":3.0},{"damage":3.0,"enemies":"Book of Stabbing","floor":27.0,"turns":3.0},{"damage":1.0,"enemies":"Slavers","floor":30.0,"turns":3.0},{"damage":0.0,"enemies":"Centurion and Healer","floor":31.0,"turns":3.0},{"damage":6.0,"enemies":"Pondfish","floor":33.0,"turns":4.0},{"damage":7.0,"enemies":"3 Shapes","floor":35.0,"turns":2.0},{"damage":7.0,"enemies":"3 Darklings","floor":36.0,"turns":3.0},{"damage":0.0,"enemies":"Maw","floor":39.0,"turns":3.0},{"damage":7.0,"enemies":"Giant Head","floor":40.0,"turns":3.0},{"damage":0.0,"enemies":"Reptomancer","floor":41.0,"turns":3.0},{"damage":1.0,"enemies":"Nemesis","floor":45.0,"turns":3.0},{"damage":14,"enemies":"2 Orb Walkers","floor":48,"turns":3},{"damage":7,"enemies":"Replay:Hell Engine","floor":50,"turns":2},{"damage":7,"enemies":"Time Eater","floor":51,"turns":3}],"seed_played":"1678012497284520962","potions_obtained":[{"floor":1.0,"key":"SmokeBomb"},{"floor":7.0,"key":"GamblersBrew"},{"floor":10.0,"key":"Fire Potion"},{"floor":20.0,"key":"BlessingOfTheForge"},{"floor":21.0,"key":"DistilledChaos"},{"floor":27.0,"key":"FearPotion"},{"floor":33.0,"key":"Swift Potion"},{"floor":35.0,"key":"Adrenaline Potion"},{"floor":40.0,"key":"GamblersBrew"}],"is_trial":false,"path_per_floor":["M","M","?","M","?","R","E","$","T","M","R","?","$","E","R","B",null,"M","?","M","M","M","E","?","E","T","E","R","?","E","M","R","B",null,"M","M","?","?","M","E","E","R","T","?","E","$","$","?","R","B","B",null],"character_chosen":"IRONCLAD","items_purchased":["Dark Embrace","ReplayTheSpireMod:CursedCoin","AT_ArchangelStaff","Feel No Pain","TheAbacus","Magnetism"],"campfire_rested":0,"item_purchase_floors":[8,13,13,46,47,47],"current_hp_per_floor":[63,60,54,59,59,59,49,49,49,55,55,60,60,58,58,85,85,78,85,85,81,78,79,71,74,74,77,77,77,82,85,85,85,85,84,83,83,81,81,80,81,81,81,81,81,81,81,73,73,72,71],"gold":143,"neow_bonus":"RANDOM_COMMON_RELIC","is_daily":false,"chose_seed":false,"campfire_upgraded":5,"win_rate":0.0,"timestamp":1614185424,"path_taken":["M","M","?","M","?","R","E","$","T","?","R","?","$","E","R","BOSS","M","?","M","?","M","E","?","E","T","E","R","?","E","?","R","BOSS","M","M","?","?","M","E","E","R","T","?","E","$","$","?","R","BOSS","BOSS"],"items_purchased_type":["Card","Relic","Relic","Card","Relic","Card"],"build_version":"2020-12-22","purchased_purges":1,"victory":true,"max_hp_per_floor":[75,75,80,80,80,80,80,80,80,80,80,85,85,85,85,85,85,85,85,85,85,85,85,85,85,85,85,85,85,85,85,85,85,85,85,85,85,81,81,81,81,81,81,81,81,81,81,81,81,81,81],"relic_stats":{"Shovel":2,"TheAbacus":[12],"Gremlin Horn":[27,27],"counters":[26,96],"Mummified Hand":[89],"Astrolabe":["Corruption","Bloodletting","ReplayTheSpireMod:Muscle Training"],"Dead Branch":[59],"PreservedInsect":50,"Champion Belt":[4],"obtain_stats":[{"AT_SeraphEmbrace":31,"Lantern":23,"AT_ATBox":0,"Gremlin Horn":14,"ZunR:ReiMu":24,"Vajra":27,"AT_TimeSand":7,"Replay:Mystery Machine":26,"AT_ArchangelStaff":13,"Burning Blood":0,"Pet Ghost":42,"Shovel":40,"TheAbacus":47,"Mummified Hand":25,"Philosopher\u0027s Stone":34,"WingedGreaves":30,"ReplayTheSpireMod:CursedCoin":13,"Astrolabe":17,"Replay:Grab Bag":34,"Dead Branch":48,"AT_MortalBlade":34,"PreservedInsect":41,"AT_BladeRuinedKing":43,"Du-Vu Doll":9,"Replay:Baseball":0,"Durian":3,"Coffee Dripper":34,"Champion Belt":49,"Pocketwatch":45},{"AT_SeraphEmbrace":16,"Lantern":12,"AT_ATBox":0,"Gremlin Horn":6,"ZunR:ReiMu":12,"Vajra":14,"AT_TimeSand":4,"Replay:Mystery Machine":13,"AT_ArchangelStaff":5,"Burning Blood":0,"Pet Ghost":22,"Shovel":21,"TheAbacus":23,"Mummified Hand":13,"Philosopher\u0027s Stone":17,"WingedGreaves":15,"ReplayTheSpireMod:CursedCoin":5,"Astrolabe":7,"Replay:Grab Bag":17,"Dead Branch":24,"AT_MortalBlade":17,"PreservedInsect":22,"AT_BladeRuinedKing":22,"Du-Vu Doll":4,"Replay:Baseball":0,"Durian":2,"Coffee Dripper":17,"Champion Belt":24,"Pocketwatch":23},{"AT_SeraphEmbrace":67,"Lantern":55,"AT_ATBox":0,"Gremlin Horn":25,"ZunR:ReiMu":55,"Vajra":61,"AT_TimeSand":20,"Replay:Mystery Machine":58,"AT_ArchangelStaff":22,"Burning Blood":0,"Pet Ghost":85,"Shovel":82,"TheAbacus":88,"Mummified Hand":58,"Philosopher\u0027s Stone":71,"WingedGreaves":64,"ReplayTheSpireMod:CursedCoin":22,"Astrolabe":38,"Replay:Grab Bag":71,"Dead Branch":91,"AT_MortalBlade":71,"PreservedInsect":85,"AT_BladeRuinedKing":85,"Du-Vu Doll":20,"Replay:Baseball":0,"Durian":8,"Coffee Dripper":71,"Champion Belt":91,"Pocketwatch":88}],"Burning Blood":127,"Pocketwatch":[3]},"card_choices":[{"not_picked":["Disarm","Sever Soul"],"picked":"Body Slam","floor":1.0},{"not_picked":["ReplayTheSpireMod:Limb From Limb","Sword Boomerang"],"picked":"Armaments","floor":2.0},{"not_picked":["Headbutt","Replay:Undeath\u0027s Touch","Clash"],"picked":"SKIP","floor":4.0},{"not_picked":["Carnage","Shrug It Off"],"picked":"AT_ShrugMaster","floor":7.0},{"not_picked":["Flex","Body Slam","AT_BodySlamDance"],"picked":"SKIP","floor":10.0},{"not_picked":["Demon Form","Double Tap","Heavy Blade"],"picked":"SKIP","floor":14.0},{"not_picked":["Double Tap","Exhume"],"picked":"AT_Dispersion","floor":16.0},{"not_picked":["Fire Breathing","AT_GerminateFire","ReplayTheSpireMod:Strike From Hell"],"picked":"SKIP","floor":18.0},{"not_picked":["Havoc","Twin Strike"],"picked":"Sentinel","floor":20.0},{"not_picked":["Twin Strike","Headbutt+1","Wild Strike"],"picked":"SKIP","floor":21.0},{"not_picked":["Disarm","Iron Wave"],"picked":"Warcry","floor":22.0},{"not_picked":["ReplayTheSpireMod:Limb From Limb","Clash"],"picked":"Impervious","floor":23.0},{"not_picked":["Sword Boomerang","Sever Soul"],"picked":"Second Wind","floor":25.0},{"not_picked":["Iron Wave","Pommel Strike","AT_DiedThrough+1"],"picked":"SKIP","floor":27.0},{"not_picked":["Flame Barrier","ReplayReversal","Brutality"],"picked":"SKIP","floor":30.0},{"not_picked":["AT_BodySlamDance","Clash+1","Wild Strike"],"picked":"SKIP","floor":31.0},{"not_picked":["Berserk","Reaper"],"picked":"Exhume","floor":33.0},{"not_picked":["Carnage","Perfected Strike"],"picked":"Evolve","floor":35.0},{"not_picked":["AT_BodySlamDance","Thunderclap+1","Heavy Blade+1"],"picked":"SKIP","floor":36.0},{"not_picked":["Defy Death","Fire Breathing","Anger"],"picked":"SKIP","floor":39.0},{"not_picked":["Iron Wave+1","Massacre+1"],"picked":"Shockwave","floor":40.0},{"not_picked":["Fire Breathing","AT_IchimonjiDouble"],"picked":"Rupture+1","floor":41.0},{"not_picked":["Run Through","Life Link","Thunderclap+1"],"picked":"SKIP","floor":45.0}],"player_experience":580163,"relics_obtained":[{"floor":7.0,"key":"AT_TimeSand"},{"floor":9.0,"key":"Du-Vu Doll"},{"floor":14.0,"key":"Gremlin Horn"},{"floor":23.0,"key":"Lantern"},{"floor":25.0,"key":"Mummified Hand"},{"floor":26.0,"key":"Replay:Mystery Machine"},{"floor":27.0,"key":"Vajra"},{"floor":30.0,"key":"WingedGreaves"},{"floor":40.0,"key":"Shovel"},{"floor":41.0,"key":"PreservedInsect"},{"floor":42.0,"key":"Pet Ghost"},{"floor":43.0,"key":"AT_BladeRuinedKing"},{"floor":45.0,"key":"Pocketwatch"},{"floor":48,"key":"Dead Branch"},{"floor":49,"key":"Champion Belt"}],"event_choices":[{"damage_healed":0.0,"max_hp_gain":0.0,"max_hp_loss":0.0,"gold_gain":0.0,"event_name":"Scrap Ooze","player_choice":"Success","floor":3.0,"gold_loss":0.0,"damage_taken":11.0,"relics_obtained":["Durian"]},{"cards_removed":["Strike_R"],"damage_healed":0.0,"max_hp_gain":0.0,"max_hp_loss":0.0,"gold_gain":0.0,"event_name":"Bonfire Elementals","player_choice":"Offered Basic","floor":5.0,"gold_loss":0.0,"damage_taken":0.0},{"damage_healed":0.0,"max_hp_gain":5.0,"max_hp_loss":0.0,"gold_gain":0.0,"event_name":"Big Fish","player_choice":"Donut","floor":12.0,"gold_loss":0.0,"damage_taken":0.0},{"damage_healed":7.0,"max_hp_gain":0.0,"max_hp_loss":0.0,"gold_gain":0.0,"event_name":"Wheel of Change","player_choice":"Full Heal","floor":19.0,"gold_loss":0.0,"damage_taken":0.0},{"damage_healed":0.0,"max_hp_gain":0.0,"max_hp_loss":0.0,"gold_gain":0.0,"event_name":"ZunEvent","player_choice":"¹ºÂòÉñ¾Æ","floor":24.0,"gold_loss":0.0,"damage_taken":8.0,"relics_obtained":["ZunR:ReiMu"]},{"cards_removed":["ReplayTheSpireMod:Doomed"],"damage_healed":0.0,"max_hp_gain":0.0,"max_hp_loss":0.0,"gold_gain":0.0,"event_name":"Fountain of Cleansing","player_choice":"Removed Curses","floor":29.0,"gold_loss":0.0,"damage_taken":0.0},{"cards_removed":["Defend_R"],"damage_healed":0.0,"max_hp_gain":0.0,"max_hp_loss":0.0,"gold_gain":0.0,"event_name":"Falling","player_choice":"Removed Skill","floor":37.0,"gold_loss":0.0,"damage_taken":0.0},{"damage_healed":0.0,"max_hp_gain":0.0,"max_hp_loss":4.0,"gold_gain":0.0,"event_name":"Winding Halls","player_choice":"Max HP","floor":38.0,"gold_loss":0.0,"damage_taken":0.0},{"damage_healed":0,"gold_gain":0,"player_choice":"Fight","damage_taken":0,"max_hp_gain":0,"max_hp_loss":0,"event_name":"Mysterious Sphere","floor":48,"gold_loss":0}],"is_beta":false,"boss_relics":[{"not_picked":["Mark of Pain","Replay:Wanted Poster"],"picked":"Astrolabe"},{"not_picked":["Tiny House","Runic Dome"],"picked":"Replay:Grab Bag"},{"not_picked":["Ooze Armor","SlaversCollar"],"picked":"Coffee Dripper"},{"not_picked":["Sozu","Velvet Choker"],"picked":"Philosopher\u0027s Stone"},{"not_picked":["Black Blood","Honey Jar"],"picked":"AT_MortalBlade"}],"items_purged_floors":[8],"is_endless":false,"potions_floor_spawned":[1,7,10,20,21,27,30,33,35,40,41],"ascension_level":20}}