{"host":"blhqr6uo32maonpv","time":1614194405,"event":{"mods":["BaseMod","Colored Powertips","Downfall","Fox Events","Hermit","Minty Spire (QoL Compilation)","Replay The Spire","StSLib","The Bug Knight","The Marked","The Wild Card"],"gold_per_floor":[114,67,167,182,182,182,212,212,287,287,302,5,20,35,104,204,204,219,219,234,234,344,374,389,389,414,251,266,266,281,207,207,307,307,307,307],"floor_reached":34,"language":"ENG","playtime":1689,"items_purged":[],"score":370,"play_id":"6dbfebd7-05b5-4655-a87f-fe25e3ce88de","local_time":"20210224152005","daily_mods":["Allstar","Time Dilation","Terminal"],"is_ascension_mode":false,"campfire_choices":[{"data":"Slimebound:Split","floor":6,"key":"SMITH"},{"floor":10,"key":"REST"},{"data":"Slimebound:Prepare","floor":29,"key":"SMITH"},{"floor":32,"key":"DIG"}],"circlet_count":0,"master_deck":["Slimebound:Strike_Slimebound","Slimebound:Strike_Slimebound","Slimebound:Strike_Slimebound","Slimebound:Tackle","Slimebound:Defend_Slimebound","Slimebound:Defend_Slimebound","Slimebound:Defend_Slimebound","Slimebound:Defend_Slimebound","Slimebound:Split+1","Slimebound:CorrosiveSpit","Replay:Parry","ReplayTheSpireMod:Trickstab","Panacea","ReplayUltimateDefense+1","Violence","Slimebound:Schlurp","Slimebound:LeechingTouch","Slimebound:LeechEnergy","Slimebound:LeechingTouch","Slimebound:Gluttony+1","Slimebound:Recollect+1","Slimebound:Schlurp","Slimebound:Darklings+1","Slimebound:SlimeSpikes+1","J.A.X.","Slimebound:Schlurp","Slimebound:Prepare+1","Slimebound:SplitMire","Apotheosis+1","Slimebound:LeechEnergy","Slimebound:SamplingLick+1","Slimebound:TongueLash+1","Slimebound:DouseInSlime+1"],"relics":["Slimebound:AbsorbEndCombat","Garlic","ReplayTheSpireMod:Ring of Challenge","Golden Egg","Slimebound:AggressiveSlimeRelic","Philosopher\u0027s Stone","MealTicket","ReplayTheSpireMod:Ninjato","Bag of Marbles","Anchor"],"acts_visited":["Exordium","TheCity"],"potions_floor_usage":[16,16,23,33,33],"damage_taken":[{"damage":0,"enemies":"Cultist","floor":1,"turns":4},{"damage":0,"enemies":"Jaw Worm","floor":4,"turns":3},{"damage":31,"enemies":"Gremlin Nob","floor":7,"turns":5},{"damage":0,"enemies":"2 Louse","floor":11,"turns":2},{"damage":5,"enemies":"Blue Slaver","floor":13,"turns":5},{"damage":0,"enemies":"3 Louse","floor":14,"turns":2},{"damage":6,"enemies":"Fading Forest","floor":16,"turns":11},{"damage":0,"enemies":"Shell Parasite","floor":18,"turns":4},{"damage":9,"enemies":"2 Thieves","floor":20,"turns":4},{"damage":3,"enemies":"Replay:Snechameleon","floor":23,"turns":6},{"damage":3,"enemies":"Centurion and Healer","floor":24,"turns":6},{"damage":3,"enemies":"Snecko","floor":28,"turns":4},{"damage":0,"enemies":"Snake Plant","floor":30,"turns":3},{"damage":40,"enemies":"Automaton","floor":33,"turns":7}],"seed_played":"1986488565424594500","potions_obtained":[{"floor":7,"key":"bronze:BurnAndBuffPotion"},{"floor":13,"key":"Slimebound:SlimyTonguePotion"},{"floor":18,"key":"bronze:BurnAndBuffPotion"},{"floor":28,"key":"champ:CounterPotion"},{"floor":30,"key":"Slimebound:SlimedPotion"},{"floor":33,"key":"Block Potion"}],"is_trial":false,"path_per_floor":["M","$","?","M","?","R","E","?","T","R","M","$","M","M","R","B",null,"M","?","M","?","?","E","M","?","T","$","M","R","M","$","R","B",null],"character_chosen":"SLIMEBOUND","items_purchased":["Slimebound:LeechingTouch","Slimebound:Gluttony","Slimebound:Recollect","Slimebound:AggressiveSlimeRelic","Apotheosis","Slimebound:TongueLash"],"campfire_rested":1,"item_purchase_floors":[2,12,12,12,27,31],"current_hp_per_floor":[63,62,61,60,64,63,34,34,34,52,58,57,54,55,54,48,52,51,50,45,45,45,44,45,44,43,42,41,40,39,38,37,2,2,2,2],"gold":307,"neow_bonus":"","is_daily":true,"chose_seed":false,"campfire_upgraded":2,"win_rate":0.0,"timestamp":1614194405,"path_taken":["M","?","?","?","?","R","E","?","T","R","M","?","M","M","R","BOSS","M","?","M","?","?","E","M","?","T","$","M","R","?","$","R","BOSS"],"items_purchased_type":["Card","Card","Card","Relic","Card","Card"],"build_version":"2020-12-22","purchased_purges":0,"victory":false,"max_hp_per_floor":[63,62,61,60,64,63,62,61,60,59,58,57,56,55,54,53,52,51,50,49,48,47,46,45,44,43,42,41,40,39,38,37,36,36,36,36],"card_choices":[{"not_picked":["Slimebound:SlimeTap","Slimebound:PressTheAttack"],"picked":"Slimebound:Schlurp","floor":1},{"not_picked":["Slimebound:FormOfPuddle","Slimebound:ComboTackle","Slimebound:PressTheAttack"],"picked":"SKIP","floor":4},{"not_picked":["Slimebound:PressTheAttack","Slimebound:RollThrough"],"picked":"Slimebound:LeechEnergy","floor":7},{"not_picked":["Slimebound:FirmFortitude","Slimebound:ProtectTheBoss"],"picked":"Slimebound:LeechingTouch","floor":11},{"not_picked":["Slimebound:DivideAndConquer","Slimebound:Recollect","Slimebound:FinishingTackle"],"picked":"SKIP","floor":13},{"not_picked":["Slimebound:SplitMire","Slimebound:FinishingTackle"],"picked":"Slimebound:Schlurp","floor":14},{"not_picked":["Slimebound:MassRepurpose","Slimebound:Teamwork"],"picked":"Slimebound:Darklings","floor":16},{"not_picked":["Slimebound:SplitLeeching","Slimebound:Dissolve"],"picked":"Slimebound:SlimeSpikes+1","floor":18},{"not_picked":["Slimebound:ForwardTackle","Slimebound:SplitMire"],"picked":"Slimebound:Schlurp","floor":20},{"not_picked":["Slimebound:SlimeBrawl","Slimebound:SplitBruiser"],"picked":"Slimebound:Prepare","floor":22},{"not_picked":["Slimebound:Chomp","Slimebound:LeadByExample","Slimebound:RollThrough"],"picked":"SKIP","floor":23},{"not_picked":["Slimebound:SplitAcid","Slimebound:FinishingTackle"],"picked":"Slimebound:SplitMire","floor":24},{"not_picked":["Slimebound:LevelUp","Slimebound:SplitAcid"],"picked":"Slimebound:LeechEnergy","floor":28},{"not_picked":["Slimebound:SplitBruiser+1","Slimebound:SplitAcid"],"picked":"Slimebound:SamplingLick+1","floor":30},{"not_picked":["Slimebound:Teamwork","Slimebound:CheckThePlaybook"],"picked":"Slimebound:DouseInSlime","floor":33}],"player_experience":79800,"relics_obtained":[{"floor":7,"key":"Garlic"},{"floor":8,"key":"ReplayTheSpireMod:Ring of Challenge"},{"floor":9,"key":"Golden Egg"},{"floor":22,"key":"MealTicket"},{"floor":23,"key":"ReplayTheSpireMod:Ninjato"},{"floor":26,"key":"Bag of Marbles"},{"floor":32,"key":"Anchor"}],"event_choices":[{"damage_healed":0,"gold_gain":100,"player_choice":"Pray","damage_taken":0,"max_hp_gain":0,"max_hp_loss":0,"event_name":"Golden Shrine","floor":3,"gold_loss":0},{"damage_healed":0,"gold_gain":0,"player_choice":"Donut","damage_taken":0,"max_hp_gain":5,"max_hp_loss":0,"event_name":"Big Fish","floor":5,"gold_loss":0},{"damage_healed":0,"gold_gain":0,"player_choice":"Obtain J.A.X.","damage_taken":0,"max_hp_gain":0,"max_hp_loss":0,"event_name":"Drug Dealer","floor":19,"gold_loss":0,"cards_obtained":["J.A.X."]},{"damage_healed":0,"gold_gain":0,"player_choice":"Ignored","damage_taken":0,"max_hp_gain":0,"max_hp_loss":0,"event_name":"Ghosts","floor":21,"gold_loss":0},{"damage_healed":0,"gold_gain":0,"player_choice":"Upgraded","damage_taken":0,"max_hp_gain":0,"max_hp_loss":0,"event_name":"Upgrade Shrine","floor":25,"gold_loss":0,"cards_upgraded":["ReplayUltimateDefense"]}],"is_beta":false,"boss_relics":[{"not_picked":["Painkiller Herb","Replay:Ancient Bell"],"picked":"Philosopher\u0027s Stone"}],"items_purged_floors":[],"is_endless":false,"potions_floor_spawned":[7,13,18,28,30,33],"ascension_level":0}}