{"host":"03jd0k347uuzjnun","time":1614158254,"event":{"mods":["BaseMod","Bestiary","Minty Spire (QoL Compilation)","Permanent Neow","Quick Restart","Random Character Button","Relic Stats"],"gold_per_floor":[119,119,132,57,67,95,95,95,95],"floor_reached":8,"language":"ENG","playtime":355,"items_purged":[],"score":112,"play_id":"bc9b1ee6-56c1-4c1f-a110-3e6b9058fb79","local_time":"20210224101734","is_ascension_mode":true,"campfire_choices":[{"data":"Reprogram","floor":7.0,"key":"SMITH"}],"circlet_count":0,"master_deck":["AscendersBane","Strike_B","Strike_B","Strike_B","Defend_B","Defend_B","Defend_B","Defend_B","Zap","Dualcast","Metamorphosis","Conserve Battery","Conserve Battery","Loop","Reprogram+1"],"relics":["Cracked Core","StrikeDummy"],"acts_visited":["Exordium"],"potions_floor_usage":[8],"damage_taken":[{"damage":1.0,"enemies":"Cultist","floor":1.0,"turns":3.0},{"damage":12.0,"enemies":"Jaw Worm","floor":3.0,"turns":3.0},{"damage":7.0,"enemies":"Small Slimes","floor":5.0,"turns":3.0},{"damage":33.0,"enemies":"3 Sentries","floor":6.0,"turns":8.0},{"damage":21,"enemies":"Gremlin Nob","floor":8,"turns":3}],"seed_played":"4485864857942650699","potions_obtained":[{"floor":5.0,"key":"Ancient Potion"}],"is_trial":false,"path_per_floor":["M","?","M","?","M","E","R","E"],"character_chosen":"DEFECT","items_purchased":[],"campfire_rested":0,"item_purchase_floors":[],"current_hp_per_floor":[63,68,56,56,49,16,16,0,0],"gold":95,"neow_bonus":"RANDOM_COLORLESS_2","is_daily":false,"chose_seed":false,"campfire_upgraded":1,"win_rate":0.0,"timestamp":1614158254,"path_taken":["M","?","M","?","M","E","R","E"],"items_purchased_type":[],"build_version":"2020-12-22","purchased_purges":0,"victory":false,"max_hp_per_floor":[64,69,69,69,69,69,69,69,69],"relic_stats":{"counters":[5,19],"obtain_stats":[{"Cracked Core":0,"StrikeDummy":6},{"Cracked Core":0,"StrikeDummy":4},{"Cracked Core":0,"StrikeDummy":16}]},"card_choices":[{"not_picked":["Violence","Mayhem"],"picked":"Metamorphosis","floor":0.0},{"not_picked":["Gash","Redo"],"picked":"Conserve Battery","floor":1.0},{"not_picked":["Redo","Stack"],"picked":"Conserve Battery","floor":3.0},{"not_picked":["Cold Snap","Doom and Gloom"],"picked":"Loop","floor":5.0},{"not_picked":["Go for the Eyes","Leap"],"picked":"Reprogram","floor":6.0}],"player_experience":1454496,"relics_obtained":[{"floor":6.0,"key":"StrikeDummy"}],"event_choices":[{"damage_healed":0.0,"max_hp_gain":5.0,"max_hp_loss":0.0,"gold_gain":0.0,"event_name":"Big Fish","player_choice":"Donut","floor":2.0,"gold_loss":0.0,"damage_taken":0.0},{"cards_removed":["Strike_B"],"damage_healed":0.0,"max_hp_gain":0.0,"max_hp_loss":0.0,"gold_gain":0.0,"event_name":"The Cleric","player_choice":"Card Removal","floor":4.0,"gold_loss":75.0,"damage_taken":0.0}],"is_beta":false,"boss_relics":[],"items_purged_floors":[],"is_endless":false,"potions_floor_spawned":[5],"killed_by":"Gremlin Nob","ascension_level":20}}