{"host":"dhv3u8yhd2rnugsp","time":1614142729,"event":{"mods":["100% Spire Juice","BaseMod","Block Reminder","Colored Map","Googly Eyes","Highlight Path","Minty Spire (QoL Compilation)","Permanent Neow","Quick Restart","Random Character Button","StSLib"],"gold_per_floor":[109,122,140,290,55,82,82,92,92,124,124,58,3,34,34,34,34],"floor_reached":16,"language":"ENG","playtime":550,"items_purged":["Doubt"],"score":236,"play_id":"18164575-c412-475c-9723-9d185bd0cc9c","local_time":"20210223225849","is_ascension_mode":true,"campfire_choices":[{"data":"Neutralize","floor":7,"key":"SMITH"},{"data":"Dagger Spray","floor":11,"key":"SMITH"},{"data":"Footwork","floor":15,"key":"SMITH"}],"circlet_count":0,"master_deck":["AscendersBane","Strike_G","Strike_G","Strike_G","Strike_G","Strike_G","Defend_G","Defend_G","Defend_G","Defend_G","Defend_G","Survivor","Neutralize+1","Dagger Spray+1","PiercingWail","Cloak And Dagger","Poisoned Stab","Footwork+1","Backflip"],"relics":["Ring of the Snake","Snake Skull","Medical Kit","Paper Crane","Sundial","Omamori","Peace Pipe"],"acts_visited":["Exordium"],"potions_floor_usage":[6,10,10,14,16,16],"damage_taken":[{"damage":1,"enemies":"Jaw Worm","floor":1,"turns":5},{"damage":0,"enemies":"2 Louse","floor":2,"turns":3},{"damage":8,"enemies":"Cultist","floor":3,"turns":5},{"damage":17,"enemies":"3 Sentries","floor":6,"turns":7},{"damage":0,"enemies":"Exordium Wildlife","floor":8,"turns":3},{"damage":12,"enemies":"Lagavulin","floor":10,"turns":9},{"damage":4,"enemies":"3 Sentries","floor":14,"turns":3},{"damage":28,"enemies":"Slime Boss","floor":16,"turns":7}],"seed_played":"-3594262985966740506","potions_obtained":[{"floor":2,"key":"BlessingOfTheForge"},{"floor":8,"key":"EntropicBrew"},{"floor":14,"key":"ColorlessPotion"}],"is_trial":false,"path_per_floor":["M","M","M","?","$","E","R","M","T","E","R","?","$","E","R","B"],"character_chosen":"THE_SILENT","items_purchased":["Medical Kit","SkillPotion"],"campfire_rested":0,"item_purchase_floors":[5,13],"current_hp_per_floor":[58,58,50,50,50,33,33,33,33,21,21,21,21,17,17,0,0],"gold":34,"neow_bonus":"RANDOM_COMMON_RELIC","is_daily":false,"chose_seed":false,"campfire_upgraded":3,"win_rate":0.0,"timestamp":1614142729,"path_taken":["M","M","M","?","$","E","R","M","T","E","R","?","$","E","R","BOSS"],"items_purchased_type":["Relic","Potion"],"build_version":"2020-12-22","purchased_purges":1,"victory":false,"max_hp_per_floor":[66,66,66,66,66,66,66,66,66,66,66,66,66,66,66,66,66],"card_choices":[{"not_picked":["Prepared","Dodge and Roll"],"picked":"Dagger Spray","floor":1},{"not_picked":["Slice","Well Laid Plans"],"picked":"PiercingWail","floor":2},{"not_picked":["Flying Knee","Outmaneuver"],"picked":"Cloak And Dagger","floor":3},{"not_picked":["A Thousand Cuts","Bullet Time"],"picked":"Poisoned Stab","floor":6},{"not_picked":["Outmaneuver","PiercingWail"],"picked":"Footwork","floor":8},{"not_picked":["Cloak And Dagger","Masterful Stab"],"picked":"Backflip","floor":10},{"not_picked":["Flying Knee","Dagger Spray","Prepared"],"picked":"SKIP","floor":14}],"player_experience":1680958,"relics_obtained":[{"floor":6,"key":"Paper Crane"},{"floor":9,"key":"Sundial"},{"floor":10,"key":"Omamori"},{"floor":14,"key":"Peace Pipe"}],"event_choices":[{"damage_healed":0,"gold_gain":150,"player_choice":"AGREE","damage_taken":0,"max_hp_gain":0,"max_hp_loss":0,"event_name":"Liars Game","floor":4,"gold_loss":0,"cards_obtained":["Doubt"]},{"damage_healed":0,"gold_gain":0,"player_choice":"Left Gold","damage_taken":0,"max_hp_gain":0,"max_hp_loss":0,"event_name":"World of Goop","floor":12,"gold_loss":66}],"is_beta":false,"boss_relics":[],"items_purged_floors":[5],"is_endless":false,"potions_floor_spawned":[2,8,14],"killed_by":"Slime Boss","ascension_level":20}}