{"host":"og21o26alpnbwmz8","time":1614180135,"event":{"mods":["2.2 Compatiblity","Act Like it!","Aspiration","BaseMod","Conspire","Downfall","Gensokyo","Halation","Hermit","Hubris","Jedi Mod","Mimic Mod","Minty Spire (QoL Compilation)","Pale of the Ancients","Reliquary","Replay The Spire","Shop Mod","Spikes Relics","StSLib","The Alterego","The Animator","The Blue Laboratory","The Bug Knight","Waifu the Spire","Yuri Mod"],"gold_per_floor":[109,123,157,176,202,202,202],"floor_reached":6,"language":"ENG","playtime":435,"items_purged":[],"score":36,"play_id":"ec331ccc-26c4-48e6-b361-dfeb7d0ca9dc","local_time":"20210224102215","is_ascension_mode":false,"campfire_choices":[],"circlet_count":0,"master_deck":["HollowMod:NailStrikeStart","HollowMod:NailStrikeStart","HollowMod:NailStrikeStart","HollowMod:QuickDashStart","HollowMod:QuickDashStart","HollowMod:QuickDashStart","HollowMod:QuickDashStart","HollowMod:FocusHealStart","HollowMod:PogoStrike","HollowMod:InfectedAttack","HollowMod:NewJinnsSoul","HollowMod:RadiancesLament"],"relics":["HollowMod:VesselMask","hubris:OldNail","Orichalcum"],"acts_visited":["Exordium"],"potions_floor_usage":[5],"damage_taken":[{"damage":1,"enemies":"Cultist","floor":1,"turns":4},{"damage":1,"enemies":"2 Louse","floor":2,"turns":3},{"damage":10,"enemies":"Small Slimes","floor":3,"turns":9},{"damage":5,"enemies":"Small Slimes","floor":4,"turns":3},{"damage":22,"enemies":"conspire:MimicChest","floor":5,"turns":5},{"damage":0,"enemies":"3 Sentries","floor":6,"turns":1}],"seed_played":"1680516721764877453","potions_obtained":[{"floor":4,"key":"Energy Potion"},{"floor":5,"key":"blueLaboratory:TrueEctoplasm"}],"is_trial":false,"path_per_floor":["M","M","MIM","M","?","E"],"character_chosen":"THE_BUGKNIGHT","items_purchased":[],"campfire_rested":0,"item_purchase_floors":[],"current_hp_per_floor":[74,75,71,72,56,56,56],"gold":202,"neow_bonus":"REMOVE_CARD","is_daily":false,"chose_seed":false,"campfire_upgraded":0,"win_rate":0.0,"timestamp":1614180135,"path_taken":["M","M","?","M","?","E"],"items_purchased_type":[],"build_version":"2020-12-22","purchased_purges":0,"victory":false,"max_hp_per_floor":[75,75,75,75,75,75,75],"card_choices":[{"not_picked":["HollowMod:SharpenedNail","HollowMod:CloakDash"],"picked":"HollowMod:InfectedAttack","floor":1},{"not_picked":["HollowMod:DescendingDark","HollowMod:GoodIntentions","HollowMod:ShapeofUnn"],"picked":"SKIP","floor":2},{"not_picked":["HollowMod:SharpenedShadows","HollowMod:VengefulSpirit"],"picked":"HollowMod:NewJinnsSoul","floor":3},{"not_picked":["HollowMod:PerfectDash","HollowMod:HeavyBlow","HollowMod:GrimmsGift"],"picked":"SKIP","floor":4},{"not_picked":["HollowMod:NewJinnsSoul","HollowMod:SharpenedNail"],"picked":"HollowMod:RadiancesLament","floor":5}],"player_experience":424178,"relics_obtained":[{"floor":3,"key":"hubris:OldNail"},{"floor":5,"key":"Orichalcum"}],"event_choices":[],"is_beta":false,"boss_relics":[],"items_purged_floors":[],"is_endless":false,"potions_floor_spawned":[4,5],"killed_by":"3 Sentries","ascension_level":0}}