{"host":"spd19cimorv47raq","time":1614172171,"event":{"mods":["AchievementEnabler","BaseMod","Colored Map","DeckTracker","Keyboard Shortcuts","Minty Spire (QoL Compilation)","Quick Restart","StSLib","SuperFastMode"],"gold_per_floor":[119,119,137,151,101,137,158,183,183,183,183,217,242,265,265,390,390,408,427,452,471,386,422,12,33,33,33,72,90,90,123,123,224,224,242,242,242,255,266,294,76,76,103,126,158,170,182,206,218,230],"floor_reached":51,"language":"KOR","playtime":1723,"items_purged":[],"score":828,"play_id":"627d4837-cb9e-49c0-bfdb-9d3dd6d20492","local_time":"20210224220931","is_ascension_mode":false,"campfire_choices":[{"floor":10.0,"key":"REST"},{"data":"Rage","floor":15.0,"key":"SMITH"},{"data":"Corruption","floor":27.0,"key":"SMITH"},{"floor":32.0,"key":"REST"},{"floor":42.0,"key":"REST"},{"data":"Armaments","floor":46.0,"key":"SMITH"},{"data":"Power Through","floor":49.0,"key":"SMITH"}],"circlet_count":0,"master_deck":["Strike_R","Strike_R","Strike_R","Strike_R","Defend_R","Defend_R","Defend_R","Defend_R","Bash+1","Heavy Blade","Twin Strike","Feed","Hemokinesis","Wild Strike","Rage+1","Headbutt","Pummel","Corruption+1","Thunderclap+1","Body Slam+1","Dark Embrace+1","Shrug It Off+1","Shrug It Off","Immolate","Pommel Strike","Armaments+1","Perfected Strike","Perfected Strike+1","Intimidate","Ghostly Armor+1","Pommel Strike+1","Fiend Fire","Dark Shackles","Perfected Strike+1","Seeing Red","Barricade+1","Power Through+1","Pommel Strike+1","Disarm+1","Body Slam+1"],"relics":["Burning Blood","Bloody Idol","Self Forming Clay","Gremlin Horn","HornCleat","Akabeko","Velvet Choker","Strawberry","Dream Catcher","Red Skull","Champion Belt","CaptainsWheel","Torii","Busted Crown","Frozen Egg 2","MawBank","Turnip"],"acts_visited":["Exordium","TheCity","TheBeyond"],"potions_floor_usage":[50,50],"damage_taken":[{"damage":5.0,"enemies":"Small Slimes","floor":1.0,"turns":3.0},{"damage":0.0,"enemies":"2 Louse","floor":3.0,"turns":2.0},{"damage":6.0,"enemies":"Cultist","floor":4.0,"turns":3.0},{"damage":20.0,"enemies":"3 Sentries","floor":6.0,"turns":11.0},{"damage":39.0,"enemies":"Gremlin Gang","floor":7.0,"turns":5.0},{"damage":6.0,"enemies":"2 Fungi Beasts","floor":8.0,"turns":3.0},{"damage":2.0,"enemies":"Gremlin Nob","floor":12.0,"turns":3.0},{"damage":2.0,"enemies":"Looter","floor":13.0,"turns":2.0},{"damage":0.0,"enemies":"Exordium Wildlife","floor":14.0,"turns":2.0},{"damage":50.0,"enemies":"The Guardian","floor":16.0,"turns":11.0},{"damage":14.0,"enemies":"Spheric Guardian","floor":18.0,"turns":4.0},{"damage":5.0,"enemies":"2 Thieves","floor":19.0,"turns":2.0},{"damage":0.0,"enemies":"Shelled Parasite and Fungi","floor":20.0,"turns":3.0},{"damage":36.0,"enemies":"Chosen and Byrds","floor":21.0,"turns":6.0},{"damage":15.0,"enemies":"Slavers","floor":23.0,"turns":6.0},{"damage":0.0,"enemies":"Snake Plant","floor":25.0,"turns":2.0},{"damage":23.0,"enemies":"Gremlin Leader","floor":28.0,"turns":5.0},{"damage":0.0,"enemies":"Cultist and Chosen","floor":29.0,"turns":3.0},{"damage":5.0,"enemies":"Slavers","floor":31.0,"turns":3.0},{"damage":29.0,"enemies":"Collector","floor":33.0,"turns":9.0},{"damage":1.0,"enemies":"3 Darklings","floor":35.0,"turns":4.0},{"damage":1.0,"enemies":"Orb Walker","floor":38.0,"turns":2.0},{"damage":10.0,"enemies":"Transient","floor":39.0,"turns":5.0},{"damage":40.0,"enemies":"Nemesis","floor":40.0,"turns":9.0},{"damage":1.0,"enemies":"Jaw Worm Horde","floor":44.0,"turns":2.0},{"damage":0.0,"enemies":"Spire Growth","floor":45.0,"turns":4.0},{"damage":0.0,"enemies":"Maw","floor":48.0,"turns":10.0},{"damage":57,"enemies":"Time Eater","floor":50,"turns":10}],"seed_played":"-5017124596651369250","potions_obtained":[{"floor":1.0,"key":"EssenceOfSteel"},{"floor":8.0,"key":"Energy Potion"},{"floor":12.0,"key":"DistilledChaos"},{"floor":13.0,"key":"SteroidPotion"},{"floor":16.0,"key":"Ancient Potion"},{"floor":19.0,"key":"BloodPotion"},{"floor":20.0,"key":"FearPotion"},{"floor":28.0,"key":"LiquidMemories"},{"floor":33.0,"key":"BloodPotion"},{"floor":40.0,"key":"BlessingOfTheForge"},{"floor":44.0,"key":"PowerPotion"}],"is_trial":false,"path_per_floor":["M","?","M","M","?","E","M","M","T","R","?","E","M","M","R","B",null,"M","M","M","M","?","E","$","M","T","R","E","M","?","E","R","B",null,"M","?","?","M","M","E","$","R","T","M","M","R","T","M","R","B",null],"character_chosen":"IRONCLAD","items_purchased":["Red Skull","Immolate","Pommel Strike","Armaments","Barricade+1","Power Through"],"campfire_rested":3,"item_purchase_floors":[24,24,24,24,41,41],"current_hp_per_floor":[80,60,66,66,66,52,22,25,25,50,50,57,64,73,73,29,95,87,88,94,64,71,62,62,68,68,68,51,57,57,63,93,75,102,102,92,92,102,102,73,73,102,102,102,102,102,102,102,102,71],"gold":242,"neow_bonus":"UPGRADE_CARD","is_daily":false,"chose_seed":false,"campfire_upgraded":4,"win_rate":0.0,"timestamp":1614172171,"path_taken":["M","?","M","M","?","E","M","M","T","R","?","E","?","M","R","BOSS","M","M","?","M","?","E","$","M","T","R","E","M","?","E","R","BOSS","M","?","?","M","M","E","?","R","T","?","M","R","?","M","R","BOSS"],"items_purchased_type":["Relic","Card","Card","Card","Card","Card"],"build_version":"2020-12-22","purchased_purges":0,"victory":true,"max_hp_per_floor":[80,80,80,80,80,80,83,86,86,86,86,89,92,95,95,95,95,95,95,95,95,102,102,102,102,102,102,102,102,102,102,102,102,102,102,102,102,102,102,102,102,102,102,102,102,102,102,102,102,102],"card_choices":[{"not_picked":["Fire Breathing","Sword Boomerang"],"picked":"Heavy Blade","floor":1.0},{"not_picked":["Infernal Blade","Heavy Blade","True Grit"],"picked":"SKIP","floor":3.0},{"not_picked":["Wild Strike","Clothesline"],"picked":"Twin Strike","floor":4.0},{"not_picked":["Thunderclap","Heavy Blade"],"picked":"Feed","floor":6.0},{"not_picked":["Heavy Blade","Infernal Blade"],"picked":"Hemokinesis","floor":7.0},{"not_picked":["Intimidate","Perfected Strike"],"picked":"Wild Strike","floor":8.0},{"not_picked":["Dual Wield","Body Slam"],"picked":"Rage","floor":12.0},{"not_picked":["Warcry","Iron Wave"],"picked":"Headbutt","floor":13.0},{"not_picked":["Entrench","Warcry"],"picked":"Pummel","floor":14.0},{"not_picked":["Fiend Fire","Berserk"],"picked":"Corruption","floor":16.0},{"not_picked":["Twin Strike","Iron Wave"],"picked":"Thunderclap+1","floor":18.0},{"not_picked":["Ghostly Armor","Armaments"],"picked":"Body Slam+1","floor":19.0},{"not_picked":["Headbutt","Wild Strike"],"picked":"Dark Embrace+1","floor":20.0},{"not_picked":["Berserk","Sever Soul"],"picked":"Shrug It Off+1","floor":21.0},{"not_picked":["Wild Strike","Anger"],"picked":"Shrug It Off","floor":23.0},{"not_picked":["Heavy Blade","Carnage"],"picked":"Perfected Strike","floor":25.0},{"not_picked":["Ghostly Armor","Shrug It Off"],"picked":"Perfected Strike+1","floor":28.0},{"not_picked":["True Grit","Body Slam"],"picked":"Intimidate","floor":29.0},{"not_picked":["Fiend Fire","Headbutt"],"picked":"Ghostly Armor+1","floor":31.0},{"not_picked":["Havoc","Warcry"],"picked":"Pommel Strike+1","floor":32.0},{"not_picked":["Demon Form","Berserk"],"picked":"Fiend Fire","floor":33.0},{"not_picked":["Entrench"],"picked":"SKIP","floor":35.0},{"not_picked":[],"picked":"Dark Shackles","floor":36.0},{"not_picked":[],"picked":"Perfected Strike+1","floor":38.0},{"not_picked":["Pommel Strike"],"picked":"SKIP","floor":39.0},{"not_picked":[],"picked":"Seeing Red","floor":40.0},{"not_picked":[],"picked":"Pommel Strike+1","floor":42.0},{"not_picked":["True Grit"],"picked":"SKIP","floor":44.0},{"not_picked":[],"picked":"Disarm+1","floor":45.0},{"not_picked":[],"picked":"Body Slam+1","floor":48.0}],"player_experience":907961,"relics_obtained":[{"floor":6.0,"key":"Self Forming Clay"},{"floor":9.0,"key":"Gremlin Horn"},{"floor":12.0,"key":"Akabeko"},{"floor":23.0,"key":"Dream Catcher"},{"floor":26.0,"key":"Champion Belt"},{"floor":28.0,"key":"CaptainsWheel"},{"floor":31.0,"key":"Torii"},{"floor":40.0,"key":"Frozen Egg 2"},{"floor":43.0,"key":"MawBank"},{"floor":47.0,"key":"Turnip"}],"event_choices":[{"damage_healed":0.0,"max_hp_gain":0.0,"max_hp_loss":0.0,"gold_gain":0.0,"event_name":"Golden Idol","player_choice":"Take Damage","floor":2.0,"gold_loss":0.0,"damage_taken":20.0,"relics_obtained":["Golden Idol"]},{"cards_removed":["Strike_R"],"damage_healed":0.0,"max_hp_gain":0.0,"max_hp_loss":0.0,"gold_gain":0.0,"event_name":"The Cleric","player_choice":"Card Removal","floor":5.0,"gold_loss":50.0,"damage_taken":0.0},{"damage_healed":0.0,"max_hp_gain":0.0,"max_hp_loss":0.0,"gold_gain":0.0,"event_name":"WeMeetAgain","player_choice":"Gave Potion","floor":11.0,"gold_loss":0.0,"damage_taken":0.0,"relics_obtained":["HornCleat"]},{"damage_healed":0.0,"max_hp_gain":0.0,"max_hp_loss":0.0,"gold_gain":0.0,"event_name":"Addict","player_choice":"Obtained Relic","floor":22.0,"gold_loss":85.0,"damage_taken":0.0,"relics_obtained":["Strawberry"]},{"damage_healed":0.0,"max_hp_gain":0.0,"max_hp_loss":0.0,"gold_gain":0.0,"event_name":"Forgotten Altar","player_choice":"Gave Idol","floor":30.0,"relics_lost":["Golden Idol"],"gold_loss":0.0,"damage_taken":0.0,"relics_obtained":["Bloody Idol"]},{"damage_healed":0.0,"max_hp_gain":0.0,"max_hp_loss":0.0,"gold_gain":0.0,"event_name":"SensoryStone","player_choice":"Memory 3","floor":36.0,"gold_loss":0.0,"damage_taken":10.0},{"damage_healed":0.0,"max_hp_gain":0.0,"max_hp_loss":0.0,"gold_gain":0.0,"event_name":"Tomb of Lord Red Mask","player_choice":"Ignored","floor":37.0,"gold_loss":0.0,"damage_taken":0.0}],"is_beta":false,"boss_relics":[{"not_picked":["Sozu","Black Blood"],"picked":"Velvet Choker"},{"not_picked":["Runic Dome","Runic Cube"],"picked":"Busted Crown"}],"items_purged_floors":[],"is_endless":false,"potions_floor_spawned":[1,8,12,13,16,19,20,28,33,35,40,44,45],"ascension_level":0}}