{"host":"y087t2reloz9bi43","time":1614179235,"event":{"mods":["2.2 Compatiblity","AchievementEnabler","Aspiration","BaseMod","Bestiary","Better Note","Better Vampires","BetterRewards","ChefMod","Colored Map","Colored Powertips","Conspire","Downfall","GifTheSpireLib","Gold Saver","Halation","Hubris","Infinite Spire","Jedi Mod","Mimic Mod","Minty Spire (QoL Compilation)","Permanent Neow","Rare Cards Sparkle","Relic Stats","Reliquary","Replay The Spire","Shop Mod","StSLib","The Runesmith","The Servant 0.9.4","TheFirefly","Transform Curses","Uncapped","everything is the same but u backflip on backflip"],"gold_per_floor":[572,572,591,666,666,701,701,712,735,735,763,124,144,144,144],"floor_reached":14,"language":"ENG","playtime":1043,"items_purged":["Strike_S"],"score":98,"play_id":"fa1e3fbe-92a0-46b3-8ba2-5b6cee15cc4d","local_time":"20210224150715","is_ascension_mode":false,"campfire_choices":[{"floor":10,"key":"REST"}],"circlet_count":0,"master_deck":["Strike_S","Strike_S","Strike_S","Defend_S","Defend_S","Defend_S","Defend_S","KidneyShot","Exchange","FlawlessForm","Rearm","DoubleEdge+1","GearUp","GearUp","Luminosity","Apotheosis","BottledTime"],"relics":["Uniform","halation:EternalFortune","Ancient Tea Set","aspiration:ChemicalBlood","reliquary:TridentHead"],"acts_visited":["Exordium"],"potions_floor_usage":[3,11,14],"damage_taken":[{"damage":8,"enemies":"conspire:RoseBush","floor":1,"turns":3},{"damage":2,"enemies":"Small Slimes","floor":3,"turns":3},{"damage":22,"enemies":"Lagavulin","floor":6,"turns":9},{"damage":6,"enemies":"Cultist","floor":8,"turns":3},{"damage":18,"enemies":"3 Sentries","floor":11,"turns":9},{"damage":0,"enemies":"Exordium Thugs","floor":13,"turns":6},{"damage":21,"enemies":"Gremlin Nob","floor":14,"turns":6}],"seed_played":"6718436444966266321","potions_obtained":[{"floor":1,"key":"Explosive Potion"},{"floor":8,"key":"jedi:tentaclejuice"},{"floor":13,"key":"jedi:StrikingPotion"}],"is_trial":false,"path_per_floor":["M","?","M","?","?","E","?","M","T","R","E","$","M","E"],"character_chosen":"THE_SERVANT","items_purchased":["reliquary:TridentHead","GearUp","Luminosity","Apotheosis"],"campfire_rested":1,"item_purchase_floors":[12,12,12,12],"current_hp_per_floor":[57,57,55,44,47,25,25,19,19,39,21,21,21,0,0],"gold":144,"neow_bonus":"ONE_RANDOM_RARE_CARD","is_daily":false,"chose_seed":false,"campfire_upgraded":0,"win_rate":0.0,"timestamp":1614179235,"path_taken":["M","?","M","?","?","E","?","M","T","R","E","$","?","E"],"items_purchased_type":["Relic","Card","Card","Card"],"build_version":"2020-12-22","purchased_purges":1,"victory":false,"max_hp_per_floor":[65,65,65,65,68,68,68,68,68,68,68,68,68,68,68],"relic_stats":{"counters":[7,39],"obtain_stats":[{"reliquary:TridentHead":12,"halation:EternalFortune":5,"Uniform":0,"Ancient Tea Set":6,"aspiration:ChemicalBlood":11},{"reliquary:TridentHead":5,"halation:EternalFortune":2,"Uniform":0,"Ancient Tea Set":3,"aspiration:ChemicalBlood":5},{"reliquary:TridentHead":27,"halation:EternalFortune":6,"Uniform":0,"Ancient Tea Set":15,"aspiration:ChemicalBlood":27}]},"card_choices":[{"not_picked":["Advance","BottledTime"],"picked":"Rearm","floor":1},{"not_picked":["GearUp","Starlight"],"picked":"DoubleEdge","floor":3},{"not_picked":["SurpressingFire","Rewind","Alleviate"],"picked":"SKIP","floor":6},{"not_picked":["Starlight","FastForward","Luminosity"],"picked":"SKIP","floor":8},{"not_picked":["Deny","Alleviate","Shuttle"],"picked":"SKIP","floor":11},{"not_picked":["Moonlight","Foresight"],"picked":"BottledTime","floor":13}],"player_experience":378407,"relics_obtained":[{"floor":6,"key":"Ancient Tea Set"},{"floor":11,"key":"aspiration:ChemicalBlood"}],"event_choices":[{"damage_healed":0,"gold_gain":75,"player_choice":"Gather Gold","damage_taken":11,"max_hp_gain":0,"max_hp_loss":0,"event_name":"World of Goop","floor":4,"gold_loss":0},{"damage_healed":0,"gold_gain":0,"player_choice":"Upgraded","damage_taken":0,"max_hp_gain":0,"max_hp_loss":0,"event_name":"Upgrade Shrine","floor":7,"gold_loss":0,"cards_upgraded":["DoubleEdge"]}],"is_beta":false,"boss_relics":[],"items_purged_floors":[12],"is_endless":false,"potions_floor_spawned":[1,8,13],"killed_by":"Gremlin Nob","ascension_level":0}}