{"host":"8ztb9kwpjc2zof9s","time":1614199275,"event":{"mods":["BaseMod","Block Reminder","Curses Come First","Minty Spire (QoL Compilation)","Relic Stats","StSLib"],"gold_per_floor":[116,132,51,51,62,62,79,109,109,178,196,215,18,18,18,90,90,100,150,150,162,77,77,77,77,77,77,77],"floor_reached":27,"language":"ENG","playtime":885,"items_purged":[],"score":380,"play_id":"750a5b22-c3a2-4106-b70b-4b8e6618deda","local_time":"20210224124115","is_ascension_mode":true,"campfire_choices":[{"data":"Footwork","floor":6,"key":"SMITH"},{"floor":15,"key":"REST"},{"floor":23,"key":"REST"},{"data":"Infinite Blades","floor":25,"key":"SMITH"}],"circlet_count":0,"master_deck":["AscendersBane","Strike_G","Strike_G+1","Strike_G","Strike_G+1","Strike_G","Defend_G","Defend_G","Defend_G","Defend_G","Defend_G","Survivor","Neutralize","Footwork","Deflect","Footwork+1","Poisoned Stab","Infinite Blades+1","Dash","PiercingWail","Tactician","Well Laid Plans","Cloak And Dagger","Die Die Die","Decay","Backflip"],"relics":["Ring of the Snake","NeowsBlessing","Juzu Bracelet","Shuriken","Whetstone","WristBlade","Bag of Marbles","CeramicFish","Bottled Tornado"],"acts_visited":["Exordium","TheCity"],"potions_floor_usage":[8,11,16,16],"damage_taken":[{"damage":0,"enemies":"Cultist","floor":1,"turns":1},{"damage":0,"enemies":"Small Slimes","floor":2,"turns":1},{"damage":0,"enemies":"Jaw Worm","floor":5,"turns":1},{"damage":0,"enemies":"Blue Slaver","floor":7,"turns":6},{"damage":33,"enemies":"Gremlin Nob","floor":8,"turns":5},{"damage":5,"enemies":"3 Louse","floor":11,"turns":4},{"damage":14,"enemies":"Exordium Thugs","floor":12,"turns":10},{"damage":3,"enemies":"Hexaghost","floor":16,"turns":10},{"damage":30,"enemies":"Chosen","floor":18,"turns":6},{"damage":9,"enemies":"3 Byrds","floor":21,"turns":6},{"damage":42,"enemies":"Shelled Parasite and Fungi","floor":27,"turns":8}],"seed_played":"-4845927225726570300","potions_obtained":[{"floor":5,"key":"LiquidMemories"},{"floor":8,"key":"DistilledChaos"},{"floor":12,"key":"Regen Potion"},{"floor":21,"key":"BlessingOfTheForge"}],"is_trial":false,"path_per_floor":["M","M","$","T","M","R","M","E","T","?","M","M","$","?","R","B",null,"M","?","?","M","?","R","?","R","T","M"],"character_chosen":"THE_SILENT","items_purchased":["Footwork","Well Laid Plans","Cloak And Dagger","SkillPotion"],"campfire_rested":2,"item_purchase_floors":[3,13,13,13],"current_hp_per_floor":[59,59,59,59,59,59,59,26,26,26,21,7,7,7,26,38,59,29,29,29,20,20,39,39,39,39,0,0],"gold":77,"neow_bonus":"THREE_ENEMY_KILL","is_daily":false,"chose_seed":false,"campfire_upgraded":2,"win_rate":0.0,"timestamp":1614199275,"path_taken":["M","M","$","?","M","R","M","E","T","?","M","M","$","?","R","BOSS","M","?","?","M","?","R","?","R","T","M"],"items_purchased_type":["Card","Card","Card","Potion"],"build_version":"2020-12-22","purchased_purges":0,"victory":false,"max_hp_per_floor":[66,66,66,66,66,66,66,66,66,66,66,66,66,66,66,66,66,66,66,66,66,66,66,66,66,66,66,66],"relic_stats":{"counters":[11,58],"Shuriken":[18],"CeramicFish":0,"Juzu Bracelet":1,"Whetstone":["Strike_G","Strike_G"],"obtain_stats":[{"NeowsBlessing":0,"WristBlade":17,"Shuriken":8,"CeramicFish":24,"Juzu Bracelet":4,"Bag of Marbles":22,"Whetstone":9,"Bottled Tornado":26,"Ring of the Snake":0},{"NeowsBlessing":0,"WristBlade":8,"Shuriken":5,"CeramicFish":10,"Juzu Bracelet":2,"Bag of Marbles":10,"Whetstone":5,"Bottled Tornado":10,"Ring of the Snake":0},{"NeowsBlessing":0,"WristBlade":38,"Shuriken":14,"CeramicFish":50,"Juzu Bracelet":2,"Bag of Marbles":50,"Whetstone":14,"Bottled Tornado":50,"Ring of the Snake":0}],"Ring of the Snake":[22]},"card_choices":[{"not_picked":["Dodge and Roll","Blade Dance"],"picked":"Footwork","floor":1},{"not_picked":["Quick Slash","Heel Hook"],"picked":"Deflect","floor":2},{"not_picked":["Night Terror","Outmaneuver"],"picked":"Poisoned Stab","floor":5},{"not_picked":["Quick Slash","Outmaneuver"],"picked":"Infinite Blades","floor":7},{"not_picked":["Dagger Throw","Deflect"],"picked":"Dash","floor":8},{"not_picked":["Deadly Poison","All Out Attack"],"picked":"PiercingWail","floor":11},{"not_picked":["Deadly Poison","Reflex"],"picked":"Tactician","floor":12},{"not_picked":["Night Terror","Phantasmal Killer"],"picked":"Die Die Die","floor":16},{"not_picked":["Bouncing Flask","Bane","Expertise"],"picked":"SKIP","floor":18},{"not_picked":["Setup+1","Deflect"],"picked":"Backflip","floor":21}],"player_experience":385934,"relics_obtained":[{"floor":4,"key":"Juzu Bracelet"},{"floor":8,"key":"Shuriken"},{"floor":9,"key":"Whetstone"},{"floor":26,"key":"Bottled Tornado"}],"event_choices":[{"damage_healed":0,"gold_gain":69,"player_choice":"Gained Gold","damage_taken":0,"max_hp_gain":0,"max_hp_loss":0,"event_name":"Golden Wing","floor":10,"gold_loss":0},{"damage_healed":0,"gold_gain":0,"player_choice":"Fled","damage_taken":0,"max_hp_gain":0,"max_hp_loss":0,"event_name":"Scrap Ooze","floor":14,"gold_loss":0},{"damage_healed":0,"gold_gain":50,"player_choice":"Stole From Cult","damage_taken":0,"max_hp_gain":0,"max_hp_loss":0,"event_name":"Nest","floor":19,"gold_loss":0},{"damage_healed":0,"gold_gain":0,"player_choice":"Smashed Altar","damage_taken":0,"max_hp_gain":0,"max_hp_loss":0,"event_name":"Forgotten Altar","floor":20,"gold_loss":0,"cards_obtained":["Decay"]},{"damage_healed":0,"gold_gain":0,"player_choice":"Obtained Relic","damage_taken":0,"relics_obtained":["Bag of Marbles"],"max_hp_gain":0,"max_hp_loss":0,"event_name":"Addict","floor":22,"gold_loss":85},{"damage_healed":0,"gold_gain":0,"player_choice":"Gave Potion","damage_taken":0,"relics_obtained":["CeramicFish"],"max_hp_gain":0,"max_hp_loss":0,"event_name":"WeMeetAgain","floor":24,"gold_loss":0}],"is_beta":false,"boss_relics":[{"not_picked":["Black Star","Philosopher\u0027s Stone"],"picked":"WristBlade"}],"items_purged_floors":[],"is_endless":false,"potions_floor_spawned":[5,8,12,21],"killed_by":"Shelled Parasite and Fungi","ascension_level":16}}