{"host":"cyiefo55v5hz1ih5","time":1614127040,"event":{"mods":["2.2 Compatiblity","AchievementEnabler","BaseMod","Downfall","GifTheSpireLib","Hubris","Minty Spire (QoL Compilation)","Reliquary","Replay The Spire","Spicy Shops","StSLib"],"gold_per_floor":[361,381,430,430,430,430,446,473,497,528,534,534],"floor_reached":11,"language":"ENG","playtime":1226,"items_purged":[],"score":73,"play_id":"43f2284d-3108-459a-9dae-0daa15a467da","local_time":"20210223193720","is_ascension_mode":false,"campfire_choices":[{"data":"Bash","floor":6,"key":"SMITH"}],"circlet_count":0,"master_deck":["Strike_R","Strike_R","Strike_R","Strike_R","Defend_R","Defend_R","Defend_R","Defend_R","Bash+1","ReplayTheSpireMod:Splinters","Ghostly Armor","Dropkick","ReplayTheSpireMod:Muscle Training","Heavy Blade"],"relics":["Burning Blood","hubris:BottledRain","hubris:Towel","Replay:Bandana","hubris:ToyBattleship"],"acts_visited":["Exordium"],"potions_floor_usage":[8],"damage_taken":[{"damage":1,"enemies":"Cultist","floor":1,"turns":3},{"damage":3,"enemies":"Small Slimes","floor":2,"turns":4},{"damage":1,"enemies":"2 Louse","floor":7,"turns":2},{"damage":30,"enemies":"Lagavulin","floor":8,"turns":8},{"damage":29,"enemies":"Lots of Slimes","floor":10,"turns":5},{"damage":24,"enemies":"3 Sentries","floor":11,"turns":4}],"seed_played":"-6097190634189795790","potions_obtained":[{"floor":2,"key":"Cursed Concoction"},{"floor":3,"key":"Explosive Potion"}],"is_trial":false,"path_per_floor":["M","M","?","?","?","R","M","E","T","M","E"],"character_chosen":"IRONCLAD","items_purchased":[],"campfire_rested":0,"item_purchase_floors":[],"current_hp_per_floor":[61,64,64,64,64,64,69,45,45,22,0,0],"gold":534,"neow_bonus":"TWO_FIFTY_GOLD","is_daily":false,"chose_seed":false,"campfire_upgraded":1,"win_rate":0.0,"timestamp":1614127040,"path_taken":["M","?","?","?","?","R","M","E","T","?","E"],"items_purchased_type":[],"build_version":"2020-12-22","purchased_purges":0,"victory":false,"max_hp_per_floor":[80,80,80,80,80,80,80,80,80,80,80,80],"card_choices":[{"not_picked":["Run Through","Clothesline","Blood for Blood"],"picked":"SKIP","floor":1},{"not_picked":["Rage","Clash","Twin Strike"],"picked":"SKIP","floor":2},{"not_picked":["Replay:Undeath\u0027s Touch","Wild Strike"],"picked":"Ghostly Armor","floor":3},{"not_picked":["Armaments","Abandon"],"picked":"Dropkick","floor":7},{"not_picked":["Flex","Dark Embrace"],"picked":"ReplayTheSpireMod:Muscle Training","floor":8},{"not_picked":["Replay:Undeath\u0027s Touch","Defy Death"],"picked":"Heavy Blade","floor":10}],"player_experience":823765,"relics_obtained":[{"floor":3,"key":"hubris:BottledRain"},{"floor":8,"key":"Replay:Bandana"},{"floor":9,"key":"hubris:ToyBattleship"}],"event_choices":[{"cards_removed":["Strike_R"],"damage_healed":0,"gold_gain":0,"player_choice":"Offered Basic","damage_taken":0,"max_hp_gain":0,"max_hp_loss":0,"event_name":"Bonfire Elementals","floor":5,"gold_loss":0}],"is_beta":false,"boss_relics":[],"items_purged_floors":[],"is_endless":false,"potions_floor_spawned":[2],"killed_by":"3 Sentries","ascension_level":0}}