{"host":"bvp2uifzy1c463d9","time":1614210070,"event":{"mods":["AchievementEnabler","BaseMod","Better Note","Block Reminder","Bossed Relics","Colored Map","Colored Powertips","Highlight Path","Hubris","Infinite Spire","Minty Spire (QoL Compilation)","Relic Sorter","Relic Stats","Reliquary","Replay The Spire","StSLib","The Blue Laboratory","Wandering Minibosses"],"gold_per_floor":[111,128,139,150,165,165,165],"floor_reached":6,"language":"ENG","playtime":333,"items_purged":[],"score":50,"play_id":"71b9d360-d5cd-484b-8235-7534c408921a","local_time":"20210224174110","is_ascension_mode":true,"campfire_choices":[],"circlet_count":0,"master_deck":["Strike_G","Strike_G","Strike_G","Strike_G","Strike_G","Defend_G","Defend_G","Defend_G","Defend_G","Defend_G","Survivor","Neutralize","Blade Dance","Cloak And Dagger","Noxious Fumes","ReplayTheSpireMod:Exploit Weakness","Footwork","Terror"],"relics":["Ring of the Snake"],"acts_visited":["Exordium"],"potions_floor_usage":[2],"damage_taken":[{"damage":0,"enemies":"Cultist","floor":1,"turns":4},{"damage":12,"enemies":"Small Slimes","floor":2,"turns":4},{"damage":0,"enemies":"2 Louse","floor":3,"turns":2},{"damage":2,"enemies":"Blue Slaver","floor":4,"turns":4},{"damage":13,"enemies":"Red Slaver","floor":5,"turns":5},{"damage":57,"enemies":"Gremlin Nob","floor":6,"turns":4}],"seed_played":"1883715802901506154","potions_obtained":[{"floor":1,"key":"blueLaboratory:NinjaPotion"}],"is_trial":false,"path_per_floor":["M","M","M","M","M","E"],"character_chosen":"THE_SILENT","items_purchased":[],"campfire_rested":0,"item_purchase_floors":[],"current_hp_per_floor":[70,58,58,56,43,0,0],"gold":165,"neow_bonus":"THREE_CARDS","is_daily":false,"chose_seed":false,"campfire_upgraded":0,"win_rate":0.0,"timestamp":1614210070,"path_taken":["M","M","M","M","?","E"],"items_purchased_type":[],"build_version":"2020-12-22","purchased_purges":0,"victory":false,"max_hp_per_floor":[70,70,70,70,70,70,70],"relic_stats":{"counters":[6,23],"obtain_stats":[{"Ring of the Snake":0},{"Ring of the Snake":0},{"Ring of the Snake":0}],"Ring of the Snake":[12]},"card_choices":[{"not_picked":["Calculated Gamble","Flying Knee"],"picked":"Blade Dance","floor":0},{"not_picked":["Reflex","Crippling Poison"],"picked":"Cloak And Dagger","floor":1},{"not_picked":["Backflip","Cloak And Dagger"],"picked":"Noxious Fumes","floor":2},{"not_picked":["Quick Slash","Bane"],"picked":"ReplayTheSpireMod:Exploit Weakness","floor":3},{"not_picked":["Backflip","hubris:Counter"],"picked":"Footwork","floor":4},{"not_picked":["Toxin Wave","Backflip"],"picked":"Terror","floor":5}],"player_experience":280531,"relics_obtained":[],"event_choices":[],"is_beta":false,"boss_relics":[],"items_purged_floors":[],"is_endless":false,"potions_floor_spawned":[1],"killed_by":"Gremlin Nob","ascension_level":5}}