{"host":"z37g2hkgkh2zjyzk","time":1614134065,"event":{"mods":["2.2 Compatiblity","AchievementEnabler","BaseMod","Bestiary","Colored Map","Colored Powertips","Curses Come First","Highlight Path","Keyboard Shortcuts","Minty Spire (QoL Compilation)","Relic Stats","StSLib","SuperFastMode"],"gold_per_floor":[110,122,122,135,135,168,180,180,232,263,263,282,100,12,12,110,110,121,132,151,151,162,162,62,89,89,101,101,128,3,32,32,136,136,147,65,76,93,144,144,144,144,214,53,53,53,66,95,95,95,95,95,41,41,41],"floor_reached":54,"language":"ENG","playtime":3293,"items_purged":["Strike_B","Pain","Strike_B"],"score":1015,"play_id":"dfc5dfb8-4b86-472b-a2e3-859c500cbe1b","local_time":"20210224033425","is_ascension_mode":true,"campfire_choices":[{"data":"Go for the Eyes","floor":8,"key":"SMITH"},{"data":"Coolheaded","floor":15,"key":"SMITH"},{"floor":23,"key":"REST"},{"data":"Chill","floor":28,"key":"SMITH"},{"floor":32,"key":"REST"},{"data":"Capacitor","floor":40,"key":"SMITH"},{"data":"Capacitor","floor":41,"key":"SMITH"},{"data":"Coolheaded","floor":42,"key":"SMITH"},{"floor":46,"key":"RECALL"},{"data":"Seek","floor":49,"key":"SMITH"},{"data":"Recycle","floor":52,"key":"SMITH"}],"circlet_count":0,"master_deck":["Strike_B","Defend_B","Defend_B","Defend_B","Defend_B","Zap","Dualcast","Go for the Eyes+1","Ball Lightning","Ball Lightning+1","Sweeping Beam","Genetic Algorithm","BootSequence","Coolheaded+1","Glacier","Static Discharge","Panacea","All For One","CurseOfTheBell","Gash","Coolheaded+1","Double Energy","Turbo","Beam Cell+1","Capacitor+1","Scrape","Chill+1","Gash","Turbo","Core Surge","Capacitor+1","Hologram+1","Self Repair+1","Redo+1","Flash of Steel","Recycle+1","Parasite","All For One+1","Seek+1","Gash"],"relics":["FrozenCore","NeowsBlessing","Meat on the Bone","Centennial Puzzle","Blood Vial","WingedGreaves","Prayer Wheel","Calling Bell","Bag of Preparation","Pantograph","Lizard Tail","WarpedTongs","Blue Candle","Pen Nib","Shuriken","FossilizedHelix","TungstenRod","Whetstone"],"acts_visited":["Exordium","TheCity","TheBeyond","TheEnding"],"potions_floor_usage":[16,18,25,27,29,31,31,31,31,35,38,39,50],"damage_taken":[{"damage":0,"enemies":"Small Slimes","floor":1,"turns":1},{"damage":0,"enemies":"Cultist","floor":2,"turns":1},{"damage":0,"enemies":"Jaw Worm","floor":4,"turns":1},{"damage":25,"enemies":"Lagavulin","floor":6,"turns":6},{"damage":7,"enemies":"Exordium Wildlife","floor":7,"turns":3},{"damage":13,"enemies":"Gremlin Nob","floor":10,"turns":3},{"damage":4,"enemies":"2 Fungi Beasts","floor":12,"turns":3},{"damage":4,"enemies":"The Guardian","floor":16,"turns":12},{"damage":12,"enemies":"2 Thieves","floor":18,"turns":5},{"damage":10,"enemies":"Spheric Guardian","floor":19,"turns":4},{"damage":62,"enemies":"3 Cultists","floor":20,"turns":8},{"damage":21,"enemies":"Centurion and Healer","floor":22,"turns":10},{"damage":8,"enemies":"Book of Stabbing","floor":25,"turns":5},{"damage":1,"enemies":"Cultist and Chosen","floor":27,"turns":6},{"damage":43,"enemies":"Gremlin Leader","floor":29,"turns":8},{"damage":18,"enemies":"Book of Stabbing","floor":31,"turns":5},{"damage":55,"enemies":"Collector","floor":33,"turns":8},{"damage":9,"enemies":"3 Darklings","floor":35,"turns":6},{"damage":0,"enemies":"Orb Walker","floor":37,"turns":2},{"damage":10,"enemies":"Transient","floor":38,"turns":5},{"damage":24,"enemies":"2 Orb Walkers","floor":39,"turns":6},{"damage":24,"enemies":"Writhing Mass","floor":47,"turns":7},{"damage":0,"enemies":"Nemesis","floor":48,"turns":7},{"damage":37,"enemies":"Donu and Deca","floor":50,"turns":9},{"damage":74,"enemies":"Shield and Spear","floor":54,"turns":8}],"seed_played":"-2719433843343161897","potions_obtained":[{"floor":1,"key":"SkillPotion"},{"floor":4,"key":"SmokeBomb"},{"floor":7,"key":"SkillPotion"},{"floor":12,"key":"PotionOfCapacity"},{"floor":18,"key":"FocusPotion"},{"floor":22,"key":"PotionOfCapacity"},{"floor":27,"key":"LiquidBronze"},{"floor":29,"key":"EntropicBrew"},{"floor":33,"key":"LiquidBronze"},{"floor":35,"key":"Fire Potion"},{"floor":38,"key":"FocusPotion"},{"floor":48,"key":"FocusPotion"}],"is_trial":false,"path_per_floor":["M","M","?","M","?","E","M","R","T","E","T","M","$","$","R","B",null,"M","M","M","?","M","R","$","E","T","M","R","E","$","E","R","B",null,"M","$","M","M","?","R","R","R","T","$","?","R","M","E","R","B",null,"R","$","E"],"character_chosen":"DEFECT","items_purchased":["Glacier","Static Discharge","Panacea","Capacitor","Flash of Steel","Recycle","Gash"],"campfire_rested":2,"item_purchase_floors":[13,13,14,36,44,44,53],"current_hp_per_floor":[68,68,68,68,50,37,42,42,42,43,43,41,41,41,41,39,66,56,48,42,42,35,57,57,51,51,52,52,23,23,19,41,25,63,56,56,58,50,40,40,40,40,40,40,40,40,40,52,52,48,68,68,68,0,0],"gold":41,"neow_bonus":"THREE_ENEMY_KILL","is_daily":false,"chose_seed":false,"campfire_upgraded":8,"win_rate":0.0,"timestamp":1614134065,"path_taken":["M","M","?","?","?","E","M","R","T","E","?","M","?","$","R","BOSS","M","M","M","?","M","R","$","E","T","M","R","E","?","E","R","BOSS","M","$","M","M","?","R","R","R","T","$","?","R","M","E","R","BOSS","R","$","E"],"items_purchased_type":["Card","Card","Card","Card","Card","Card","Card"],"build_version":"2020-12-22","purchased_purges":3,"victory":false,"max_hp_per_floor":[75,75,75,75,75,75,75,75,75,75,75,75,75,75,75,75,75,75,75,75,75,75,75,75,75,75,75,75,75,75,75,75,75,75,75,75,75,75,75,75,75,75,75,75,75,75,75,75,75,75,75,75,75,75,75],"relic_stats":{"counters":[25,139],"Blue Candle":[3],"Pen Nib":[22],"Bag of Preparation":[34],"Whetstone":["Ball Lightning","All For One"],"FrozenCore":[22],"WarpedTongs":[92],"Blood Vial":38,"Centennial Puzzle":[57],"Lizard Tail":37,"Shuriken":[41],"Pantograph":48,"Prayer Wheel":10,"obtain_stats":[{"NeowsBlessing":0,"Blue Candle":25,"Pen Nib":26,"Bag of Preparation":17,"Whetstone":48,"WarpedTongs":21,"FrozenCore":34,"Blood Vial":9,"Calling Bell":17,"Centennial Puzzle":6,"Lizard Tail":17,"Shuriken":29,"Pantograph":17,"Prayer Wheel":11,"WingedGreaves":10,"Cracked Core":0,"FossilizedHelix":31,"TungstenRod":39,"Meat on the Bone":5},{"NeowsBlessing":0,"Blue Candle":13,"Pen Nib":13,"Bag of Preparation":8,"Whetstone":23,"WarpedTongs":11,"FrozenCore":17,"Blood Vial":5,"Calling Bell":8,"Centennial Puzzle":4,"Lizard Tail":8,"Shuriken":15,"Pantograph":8,"Prayer Wheel":6,"WingedGreaves":6,"Cracked Core":0,"FossilizedHelix":16,"TungstenRod":21,"Meat on the Bone":3},{"NeowsBlessing":0,"Blue Candle":62,"Pen Nib":62,"Bag of Preparation":30,"Whetstone":122,"WarpedTongs":47,"FrozenCore":89,"Blood Vial":12,"Calling Bell":30,"Centennial Puzzle":9,"Lizard Tail":30,"Shuriken":76,"Pantograph":30,"Prayer Wheel":15,"WingedGreaves":15,"Cracked Core":0,"FossilizedHelix":81,"TungstenRod":108,"Meat on the Bone":3}],"TungstenRod":19,"Meat on the Bone":120},"card_choices":[{"not_picked":["Darkness","Compile Driver"],"picked":"Go for the Eyes","floor":1},{"not_picked":["Skim","Undo"],"picked":"Ball Lightning","floor":2},{"not_picked":["Hologram","Conserve Battery"],"picked":"Ball Lightning","floor":4},{"not_picked":["Fusion","Fission"],"picked":"Sweeping Beam","floor":6},{"not_picked":["Steam","Reinforced Body"],"picked":"Genetic Algorithm","floor":7},{"not_picked":["Doom and Gloom","Tempest"],"picked":"Rip and Tear","floor":10},{"not_picked":["Redo","Barrage"],"picked":"BootSequence","floor":12},{"not_picked":["Genetic Algorithm","Tempest"],"picked":"Coolheaded","floor":12},{"not_picked":["Reboot","Rainbow"],"picked":"All For One","floor":16},{"not_picked":["Static Discharge","Doom and Gloom+1"],"picked":"Gash","floor":18},{"not_picked":["Rebound","Rip and Tear+1"],"picked":"Coolheaded","floor":18},{"not_picked":["Cold Snap+1","FTL"],"picked":"Double Energy","floor":19},{"not_picked":["Core Surge","Sweeping Beam","Skim+1"],"picked":"SKIP","floor":19},{"not_picked":["Ball Lightning","Compile Driver+1"],"picked":"Turbo","floor":20},{"not_picked":["Steam","Compile Driver"],"picked":"Beam Cell+1","floor":20},{"not_picked":["Beam Cell","Compile Driver+1"],"picked":"Capacitor","floor":22},{"not_picked":["Steam+1","Storm+1"],"picked":"Scrape","floor":22},{"not_picked":["Hello World","Fusion+1","Stack"],"picked":"SKIP","floor":25},{"not_picked":["Barrage","Sweeping Beam"],"picked":"Chill","floor":27},{"not_picked":["Darkness+1","Stack","Conserve Battery"],"picked":"SKIP","floor":27},{"not_picked":["Recycle+1","Conserve Battery"],"picked":"Gash","floor":29},{"not_picked":["Go for the Eyes","Force Field"],"picked":"Turbo","floor":31},{"not_picked":["Fission","Multi-Cast"],"picked":"Core Surge","floor":33},{"not_picked":["Sweeping Beam","Turbo+1","Fusion+1"],"picked":"SKIP","floor":35},{"not_picked":["Coolheaded","Melter+1","Static Discharge+1"],"picked":"SKIP","floor":35},{"not_picked":["Recycle+1","Hello World+1"],"picked":"Hologram+1","floor":37},{"not_picked":["Compile Driver","Melter","Double Energy+1"],"picked":"SKIP","floor":37},{"not_picked":["Ball Lightning+1","Turbo+1"],"picked":"Self Repair+1","floor":38},{"not_picked":["Conserve Battery+1","Doom and Gloom+1"],"picked":"Redo+1","floor":38},{"not_picked":["Beam Cell+1","Auto Shields"],"picked":"All For One","floor":47},{"not_picked":["Blizzard+1","Leap+1","Reprogram+1"],"picked":"SKIP","floor":47},{"not_picked":["Compile Driver+1","Chaos+1"],"picked":"Seek","floor":48}],"player_experience":241911,"relics_obtained":[{"floor":6,"key":"Centennial Puzzle"},{"floor":9,"key":"Blood Vial"},{"floor":10,"key":"WingedGreaves"},{"floor":11,"key":"Prayer Wheel"},{"floor":17,"key":"Bag of Preparation"},{"floor":17,"key":"Pantograph"},{"floor":17,"key":"Lizard Tail"},{"floor":25,"key":"Blue Candle"},{"floor":26,"key":"Pen Nib"},{"floor":29,"key":"Shuriken"},{"floor":31,"key":"FossilizedHelix"},{"floor":39,"key":"TungstenRod"},{"floor":48,"key":"Whetstone"}],"event_choices":[{"cards_removed":["Strike_B"],"damage_healed":0,"gold_gain":0,"player_choice":"Offered Basic","damage_taken":0,"max_hp_gain":0,"max_hp_loss":0,"event_name":"Bonfire Elementals","floor":3,"gold_loss":0},{"damage_healed":0,"gold_gain":0,"player_choice":"Success","damage_taken":18,"relics_obtained":["Meat on the Bone"],"max_hp_gain":0,"max_hp_loss":0,"event_name":"Scrap Ooze","floor":5,"gold_loss":0},{"damage_healed":0,"gold_gain":0,"player_choice":"Rummage","damage_taken":0,"relics_obtained":["WarpedTongs"],"max_hp_gain":0,"max_hp_loss":0,"event_name":"Accursed Blacksmith","floor":21,"gold_loss":0,"cards_obtained":["Pain"]},{"damage_healed":0,"gold_gain":0,"player_choice":"Fight","damage_taken":0,"max_hp_gain":0,"max_hp_loss":0,"event_name":"Mysterious Sphere","floor":39,"gold_loss":0},{"cards_removed":["Rip and Tear"],"damage_healed":0,"gold_gain":0,"player_choice":"Removed Attack","damage_taken":0,"max_hp_gain":0,"max_hp_loss":0,"event_name":"Falling","floor":45,"gold_loss":0}],"is_beta":false,"boss_relics":[{"not_picked":["Pandora\u0027s Box","Fusion Hammer"],"picked":"Calling Bell"},{"not_picked":["SlaversCollar","Runic Pyramid"],"picked":"FrozenCore"}],"items_purged_floors":[13,24,30],"is_endless":false,"potions_floor_spawned":[1,4,7,12,18,22,27,29,33,35,38,48],"killed_by":"Shield and Spear","ascension_level":7}}