{"host":"i0avyit1s6jb1siw","time":1614188032,"event":{"mods":["BaseMod","DeckTracker","Dota2Spire","Minty Spire (QoL Compilation)","Quick Restart","StSLib","SuperFastMode"],"gold_per_floor":[115,133,133,133,149,149,164,164,189,189,200,42,69,88,99,99,176,176,196,196,208,258,258,258,283,283,346,346,393,421,471,490,533,577,577,682,682,682,786,786,802,802,847,737,783,783,833,561,622,622,681,729,729,729,729,729,729,789,819,819,819,263,318,348],"floor_reached":65,"language":"ENG","playtime":1844,"items_purged":["Pain","Injury","Injury"],"score":3782,"play_id":"191d5569-f909-46b3-9b00-dc0e30757687","local_time":"20210224183352","is_ascension_mode":true,"campfire_choices":[{"data":"Bouncing Flask","floor":6.0,"key":"SMITH"},{"data":"Masterful Stab","floor":8.0,"key":"SMITH"},{"data":"Corpse Explosion","floor":16.0,"key":"SMITH"},{"floor":24.0,"key":"REST"},{"floor":26.0,"key":"REST"},{"data":"Calculated Gamble","floor":35.0,"key":"SMITH"},{"data":"Wraith Form v2","floor":38.0,"key":"SMITH"},{"floor":46.0,"key":"RECALL"},{"data":"Panacea","floor":53,"key":"SMITH"},{"data":"Footwork","floor":56,"key":"SMITH"},{"data":"Burst","floor":57,"key":"SMITH"},{"data":"Reflex","floor":61,"key":"SMITH"}],"circlet_count":0,"master_deck":["AscendersBane","Defend_G","Defend_G","Defend_G","Defend_G","Defend_G","Survivor","Neutralize","Infinite Blades","Bouncing Flask+1","Cloak And Dagger","Masterful Stab+1","Backflip","Corpse Explosion+1","Caltrops","After Image+1","Blur","Tactician","After Image+1","Calculated Gamble+1","Reflex+1","Concentrate","Wraith Form v2+1","Burst+1","Acrobatics+1","Crippling Poison+1","Corpse Explosion+1","Envenom+1","Footwork+1","Panacea+1","Writhe","Dodge and Roll","Deflect+1","Blade Dance","Footwork","Dodge and Roll"],"relics":["Runic Pyramid","Snake Skull","WarpedTongs","Dream Catcher","Lantern","Du-Vu Doll","Cursed Key","Dota2Spire:HandOfMidas","Meat on the Bone","Dota2Spire:AghanimScepter","Dota2Spire:CrimsonGuard","Astrolabe","Empty Cage","Pantograph","Ornamental Fan","Dota2Spire:MagicBottle","Eternal Feather","Mummified Hand","Dota2Spire:PhaseBoots"],"acts_visited":["Exordium","TheCity","TheBeyond","TheEnding"],"potions_floor_usage":[64,64,64],"damage_taken":[{"damage":2.0,"enemies":"Cultist","floor":1.0,"turns":5.0},{"damage":7.0,"enemies":"Small Slimes","floor":2.0,"turns":4.0},{"damage":4.0,"enemies":"2 Louse","floor":5.0,"turns":4.0},{"damage":11.0,"enemies":"Gremlin Gang","floor":7.0,"turns":4.0},{"damage":5.0,"enemies":"Blue Slaver","floor":11.0,"turns":3.0},{"damage":5.0,"enemies":"Gremlin Nob","floor":13.0,"turns":3.0},{"damage":6.0,"enemies":"3 Louse","floor":14.0,"turns":4.0},{"damage":1.0,"enemies":"Exordium Thugs","floor":15.0,"turns":3.0},{"damage":0.0,"enemies":"Hexaghost","floor":17.0,"turns":8.0},{"damage":17.0,"enemies":"Spheric Guardian","floor":19.0,"turns":5.0},{"damage":0.0,"enemies":"Chosen","floor":21.0,"turns":3.0},{"damage":27.0,"enemies":"Slavers","floor":25.0,"turns":3.0},{"damage":0.0,"enemies":"Gremlin Leader","floor":27.0,"turns":7.0},{"damage":28.0,"enemies":"Slavers","floor":30.0,"turns":3.0},{"damage":14.0,"enemies":"Centurion and Healer","floor":31.0,"turns":4.0},{"damage":10.0,"enemies":"Snake Plant","floor":32.0,"turns":4.0},{"damage":12.0,"enemies":"Snecko","floor":33.0,"turns":6.0},{"damage":0.0,"enemies":"Cultist and Chosen","floor":34.0,"turns":5.0},{"damage":10.0,"enemies":"Automaton","floor":36.0,"turns":11.0},{"damage":0.0,"enemies":"Automaton","floor":39.0,"turns":8.0},{"damage":5.0,"enemies":"3 Shapes","floor":41.0,"turns":3.0},{"damage":0.0,"enemies":"Orb Walker","floor":43.0,"turns":4.0},{"damage":0.0,"enemies":"Maw","floor":45.0,"turns":6.0},{"damage":9.0,"enemies":"Transient","floor":47.0,"turns":6.0},{"damage":13,"enemies":"Reptomancer","floor":49,"turns":7},{"damage":0,"enemies":"Nemesis","floor":51,"turns":9},{"damage":4,"enemies":"4 Shapes","floor":52,"turns":6},{"damage":52,"enemies":"Awakened One","floor":58,"turns":18},{"damage":30,"enemies":"Time Eater","floor":59,"turns":16},{"damage":61,"enemies":"Shield and Spear","floor":63,"turns":7},{"damage":42,"enemies":"The Heart","floor":64,"turns":11}],"seed_played":"-5021950489694510048","potions_obtained":[{"floor":1.0,"key":"Dexterity Potion"},{"floor":5.0,"key":"Strength Potion"},{"floor":15.0,"key":"EssenceOfSteel"},{"floor":21.0,"key":"Fire Potion"},{"floor":25.0,"key":"Explosive Potion"},{"floor":33.0,"key":"EssenceOfSteel"},{"floor":34.0,"key":"GamblersBrew"},{"floor":39.0,"key":"Block Potion"},{"floor":41.0,"key":"LiquidBronze"},{"floor":42.0,"key":"PowerPotion"},{"floor":43.0,"key":"EntropicBrew"},{"floor":49,"key":"EntropicBrew"}],"is_trial":false,"path_per_floor":["M","M","?","?","M","R","M","R","T","T","M","$","E","M","M","R","B",null,"M","?","M","?","?","R","E","R","E","T","T","E","M","M","M","M","R","B",null,"R","B",null,"M","?","M","?","M","R","M","$","E","T","E","M","R","T","?","R","R","B","B",null,"R","$","E","B",null],"character_chosen":"THE_SILENT","items_purchased":["DistilledChaos","Footwork","Panacea","Mummified Hand","Blade Dance","Footwork"],"campfire_rested":2,"item_purchase_floors":[12,48,48,62,62,62],"current_hp_per_floor":[57,50,45,45,41,41,30,30,30,30,25,25,20,14,13,13,13,53,36,36,36,36,36,55,28,47,47,47,47,31,29,31,31,43,43,45,45,45,45,61,56,56,56,56,56,56,47,47,34,34,34,42,42,42,42,60,66,32,39,59,66,66,26,30],"gold":348,"neow_bonus":"BOSS_RELIC","is_daily":false,"chose_seed":false,"campfire_upgraded":9,"win_rate":0.0,"timestamp":1614188032,"path_taken":["M","?","?","?","?","R","M","R","T","T","M","$","E","M","M","R","BOSS","M","?","?","?","?","R","E","R","E","T","T","E","M","M","M","M","R","BOSS","R","BOSS","M","?","?","?","?","R","M","$","E","T","E","M","R","?","?","R","R","BOSS","BOSS","R","$","E","BOSS"],"items_purchased_type":["Potion","Card","Card","Relic","Card","Card"],"build_version":"2020-12-22","purchased_purges":3,"victory":true,"max_hp_per_floor":[66,66,66,66,66,66,66,66,66,66,66,66,66,66,66,66,66,66,66,66,66,66,66,66,66,66,66,66,66,66,66,66,66,66,66,66,66,66,66,66,66,66,66,66,66,66,66,66,66,66,66,66,66,66,66,66,66,66,66,66,66,66,66,66],"card_choices":[{"not_picked":["Terror","Caltrops"],"picked":"Infinite Blades","floor":1.0},{"not_picked":["Outmaneuver","Leg Sweep"],"picked":"Bouncing Flask","floor":2.0},{"not_picked":["Quick Slash","Setup"],"picked":"Cloak And Dagger","floor":5.0},{"not_picked":["Flying Knee","Blade Dance"],"picked":"Masterful Stab","floor":7.0},{"not_picked":["Sucker Punch","Concentrate"],"picked":"Backflip","floor":11.0},{"not_picked":["Choke","Reflex","Sucker Punch"],"picked":"SKIP","floor":13.0},{"not_picked":["Acrobatics","Accuracy"],"picked":"Corpse Explosion","floor":14.0},{"not_picked":["Cloak And Dagger","Riddle With Holes"],"picked":"Caltrops","floor":15.0},{"not_picked":["Burst","Doppelganger"],"picked":"After Image","floor":17.0},{"not_picked":["Distraction","Flying Knee"],"picked":"Blur","floor":19.0},{"not_picked":["Prepared","Poisoned Stab"],"picked":"Tactician","floor":21.0},{"not_picked":["Underhanded Strike+1","Prepared","Flying Knee"],"picked":"SKIP","floor":25.0},{"not_picked":["Flying Knee","Glass Knife"],"picked":"Calculated Gamble","floor":27.0},{"not_picked":["Choke","Backflip"],"picked":"Reflex","floor":30.0},{"not_picked":["Caltrops","Infinite Blades","Heel Hook"],"picked":"SKIP","floor":31.0},{"not_picked":["Quick Slash","Predator","Poisoned Stab"],"picked":"SKIP","floor":32.0},{"not_picked":["Noxious Fumes","PiercingWail"],"picked":"Concentrate","floor":33.0},{"not_picked":["Choke+1","Sucker Punch"],"picked":"Wraith Form v2","floor":34.0},{"not_picked":["A Thousand Cuts","Venomology"],"picked":"Burst","floor":36.0},{"not_picked":["Unload","Tools of the Trade"],"picked":"Envenom","floor":39.0},{"not_picked":["Poisoned Stab","Predator","Acrobatics+1"],"picked":"SKIP","floor":41.0},{"not_picked":["Acrobatics","Poisoned Stab+1","Eviscerate+1"],"picked":"SKIP","floor":43.0},{"not_picked":["Burst","Terror+1","Deadly Poison+1"],"picked":"SKIP","floor":45.0},{"not_picked":["Slice","Masterful Stab","Quick Slash+1"],"picked":"SKIP","floor":47.0},{"not_picked":["Underhanded Strike","Reflex","Dagger Throw"],"picked":"SKIP","floor":49},{"not_picked":["Acrobatics+1","Unload","Dodge and Roll"],"picked":"SKIP","floor":51},{"not_picked":["Acrobatics+1","Unload"],"picked":"Dodge and Roll","floor":51},{"not_picked":["Prepared","Underhanded Strike"],"picked":"Deflect+1","floor":52},{"not_picked":["Sucker Punch","Outmaneuver"],"picked":"Dodge and Roll","floor":63}],"player_experience":2506211,"relics_obtained":[{"floor":9.0,"key":"Dream Catcher"},{"floor":10.0,"key":"Lantern"},{"floor":13.0,"key":"Du-Vu Doll"},{"floor":25.0,"key":"Dota2Spire:HandOfMidas"},{"floor":27.0,"key":"Meat on the Bone"},{"floor":28.0,"key":"Dota2Spire:AghanimScepter"},{"floor":30.0,"key":"Dota2Spire:CrimsonGuard"},{"floor":49,"key":"Pantograph"},{"floor":50,"key":"Ornamental Fan"},{"floor":51,"key":"Dota2Spire:MagicBottle"},{"floor":54,"key":"Eternal Feather"},{"floor":63,"key":"Dota2Spire:PhaseBoots"}],"event_choices":[{"damage_healed":0.0,"max_hp_gain":0.0,"max_hp_loss":0.0,"gold_gain":0.0,"event_name":"Scrap Ooze","player_choice":"Success","floor":3.0,"gold_loss":0.0,"damage_taken":5.0,"relics_obtained":["Snake Skull"]},{"damage_healed":0.0,"max_hp_gain":0.0,"max_hp_loss":0.0,"gold_gain":0.0,"event_name":"Accursed Blacksmith","player_choice":"Rummage","floor":4.0,"gold_loss":0.0,"damage_taken":0.0,"relics_obtained":["WarpedTongs"],"cards_obtained":["Pain"]},{"damage_healed":0.0,"max_hp_gain":0.0,"max_hp_loss":0.0,"gold_gain":0.0,"event_name":"Upgrade Shrine","player_choice":"Upgraded","floor":20.0,"gold_loss":0.0,"damage_taken":0.0,"cards_upgraded":["After Image"]},{"damage_healed":0.0,"max_hp_gain":0.0,"max_hp_loss":0.0,"gold_gain":50.0,"event_name":"Nest","player_choice":"Stole From Cult","floor":22.0,"gold_loss":0.0,"damage_taken":0.0},{"damage_healed":0.0,"max_hp_gain":0.0,"max_hp_loss":0.0,"gold_gain":0.0,"event_name":"Duplicator","player_choice":"Copied","floor":23.0,"gold_loss":0.0,"damage_taken":0.0,"cards_obtained":["After Image"]},{"damage_healed":0.0,"max_hp_gain":0.0,"max_hp_loss":0.0,"gold_gain":0.0,"event_name":"Lab","player_choice":"Got Potions","floor":42.0,"gold_loss":0.0,"damage_taken":0.0},{"cards_removed":["Doubt"],"damage_healed":0.0,"max_hp_gain":0.0,"max_hp_loss":0.0,"gold_gain":0.0,"event_name":"Designer","player_choice":"Upgrade and Remove","floor":44.0,"gold_loss":110.0,"damage_taken":0.0,"cards_upgraded":["Envenom"]},{"damage_healed":0,"gold_gain":0,"player_choice":"0 cards matched","damage_taken":0,"max_hp_gain":0,"max_hp_loss":0,"event_name":"Match and Keep!","floor":55,"gold_loss":0,"cards_obtained":[]}],"is_beta":false,"boss_relics":[{"not_picked":["Philosopher\u0027s Stone","Tiny House"],"picked":"Cursed Key"},{"not_picked":["Velvet Choker","Fusion Hammer"],"picked":"Astrolabe"},{"not_picked":["Runic Dome","Pandora\u0027s Box"],"picked":"Empty Cage"}],"items_purged_floors":[12,48,62],"is_endless":false,"potions_floor_spawned":[1,5,14,15,21,25,33,34,39,41,43,49,63],"ascension_level":20}}