{"host":"skqrv63k0gjilndt","time":1614153578,"event":{"mods":["AchievementEnabler","BaseMod","Bestiary","Colored Powertips","Highlight Path","Minty Spire (QoL Compilation)","Quick Restart"],"gold_per_floor":[109,59,76,86,102,102,115,143,214,229,229,262,327,357,369,478,490,512,614,640,652,579,625,652,24,24,24,40,40,52,83,83,184,184,194,206,206,225,238,238,272,272,326,352,167,179,25,42,42,42,42,42,17,50,50],"floor_reached":56,"language":"ENG","playtime":5307,"items_purged":["Strike_P","Strike_P"],"score":1658,"play_id":"aa13013a-558a-4082-854a-c3b17ed49d6e","local_time":"20210223235938","is_ascension_mode":true,"campfire_choices":[{"data":"Eruption","floor":6.0,"key":"SMITH"},{"data":"ClearTheMind","floor":11.0,"key":"SMITH"},{"data":"1","floor":15.0,"key":"LIFT"},{"data":"Adaptation","floor":27.0,"key":"SMITH"},{"data":"2","floor":29.0,"key":"LIFT"},{"floor":32.0,"key":"REST"},{"data":"3","floor":40.0,"key":"LIFT"},{"data":"SashWhip","floor":42.0,"key":"SMITH"},{"floor":49,"key":"RECALL"},{"data":"FlurryOfBlows","floor":52,"key":"SMITH"}],"circlet_count":0,"master_deck":["Strike_P","Defend_P","Defend_P","Defend_P","Defend_P","Eruption+1","Vigilance","SashWhip+1","MentalFortress","CutThroughFate","EmptyFist","FlurryOfBlows+1","ClearTheMind+1","MentalFortress","Sanctity+1","MentalFortress","Crescendo+1","DeusExMachina+1","FollowUp+1","Dramatic Entrance","MentalFortress","Halt+1","Adaptation+1","EmptyBody+1","MentalFortress","Evaluate+1","Protect+1","CutThroughFate+1","SpiritShield+1","LikeWater","CarveReality+1","ClearTheMind+1","Wireheading+1","Perseverance+1","ClearTheMind+1","Crescendo+1","CutThroughFate+1","FlurryOfBlows","DeceiveReality+1"],"relics":["PureWater","Nunchaku","Toxic Egg 2","Girya","Akabeko","MawBank","Black Star","Nilry\u0027s Codex","Incense Burner","Bag of Preparation","Omamori","Vajra","Regal Pillow","Sling","Shuriken","Sundial","MealTicket","Calling Bell","PreservedInsect","Ornamental Fan","Lizard Tail","Damaru","Dream Catcher","Bronze Scales","Calipers","Toolbox","Pear","Bottled Lightning"],"acts_visited":["Exordium","TheCity","TheBeyond","TheEnding"],"potions_floor_usage":[44,55,55],"damage_taken":[{"damage":1.0,"enemies":"Jaw Worm","floor":1.0,"turns":4.0},{"damage":1.0,"enemies":"2 Louse","floor":3.0,"turns":3.0},{"damage":2.0,"enemies":"Cultist","floor":4.0,"turns":3.0},{"damage":6.0,"enemies":"3 Louse","floor":5.0,"turns":2.0},{"damage":0.0,"enemies":"Blue Slaver","floor":7.0,"turns":3.0},{"damage":4.0,"enemies":"Lagavulin","floor":8.0,"turns":3.0},{"damage":2.0,"enemies":"Looter","floor":10.0,"turns":2.0},{"damage":0.0,"enemies":"Gremlin Nob","floor":12.0,"turns":2.0},{"damage":10.0,"enemies":"3 Sentries","floor":13.0,"turns":8.0},{"damage":2.0,"enemies":"3 Sentries","floor":14.0,"turns":8.0},{"damage":0.0,"enemies":"Slime Boss","floor":16.0,"turns":6.0},{"damage":0.0,"enemies":"Spheric Guardian","floor":18.0,"turns":3.0},{"damage":0.0,"enemies":"Shell Parasite","floor":20.0,"turns":3.0},{"damage":8.0,"enemies":"Book of Stabbing","floor":23.0,"turns":5.0},{"damage":2.0,"enemies":"Snake Plant","floor":24.0,"turns":5.0},{"damage":0.0,"enemies":"Snecko","floor":28.0,"turns":3.0},{"damage":0.0,"enemies":"Cultist and Chosen","floor":30.0,"turns":6.0},{"damage":0.0,"enemies":"Gremlin Leader","floor":31.0,"turns":2.0},{"damage":33.0,"enemies":"Champ","floor":33.0,"turns":12.0},{"damage":2.0,"enemies":"3 Darklings","floor":35.0,"turns":3.0},{"damage":3.0,"enemies":"Orb Walker","floor":36.0,"turns":3.0},{"damage":4.0,"enemies":"4 Shapes","floor":38.0,"turns":2.0},{"damage":0.0,"enemies":"Writhing Mass","floor":39.0,"turns":8.0},{"damage":0.0,"enemies":"Reptomancer","floor":41.0,"turns":5.0},{"damage":0,"enemies":"Nemesis","floor":44,"turns":1},{"damage":0,"enemies":"Sphere and 2 Shapes","floor":46,"turns":4},{"damage":0,"enemies":"4 Shapes","floor":48,"turns":3},{"damage":16,"enemies":"Donu and Deca","floor":50,"turns":8},{"damage":1,"enemies":"Shield and Spear","floor":54,"turns":4},{"damage":27,"enemies":"The Heart","floor":55,"turns":7}],"seed_played":"4281370783219494000","potions_obtained":[{"floor":3.0,"key":"Block Potion"},{"floor":4.0,"key":"StancePotion"},{"floor":8.0,"key":"ColorlessPotion"},{"floor":16.0,"key":"LiquidBronze"},{"floor":24.0,"key":"SkillPotion"},{"floor":30.0,"key":"SteroidPotion"},{"floor":33.0,"key":"ColorlessPotion"},{"floor":38.0,"key":"LiquidMemories"},{"floor":41.0,"key":"FearPotion"},{"floor":44,"key":"Dexterity Potion"},{"floor":48,"key":"Ambrosia"},{"floor":54,"key":"Ancient Potion"}],"is_trial":false,"path_per_floor":["M","?","M","M","M","R","M","E","T","M","R","E","?","E","R","B",null,"M","?","M","?","?","E","M","$","T","R","M","R","M","E","R","B",null,"M","M","?","M","M","R","E","R","T","E","$","M","$","M","R","B",null,"R","$","E","B",null],"character_chosen":"WATCHER","items_purchased":["EmptyBody+1","Vajra","Regal Pillow","Sling","MentalFortress","Evaluate+1","Perseverance+1","ClearTheMind+1","Toolbox","FlurryOfBlows"],"campfire_rested":1,"item_purchase_floors":[25,25,25,25,25,25,45,45,47,53],"current_hp_per_floor":[78,78,77,75,69,69,69,65,65,63,63,63,53,51,51,51,79,79,61,61,45,45,37,35,35,35,35,35,35,35,35,73,40,79,77,74,74,70,70,70,70,70,70,70,79,79,79,79,79,63,79,79,79,88,61],"gold":50,"neow_bonus":"TEN_PERCENT_HP_BONUS","is_daily":false,"chose_seed":false,"campfire_upgraded":5,"win_rate":0.0,"timestamp":1614153578,"path_taken":["M","?","M","M","M","R","M","E","T","M","R","E","?","E","R","BOSS","M","?","?","?","?","E","M","$","T","R","M","R","M","E","R","BOSS","M","M","?","M","M","R","E","R","T","E","$","M","$","M","R","BOSS","R","$","E","BOSS"],"items_purchased_type":["Card","Relic","Relic","Relic","Card","Card","Card","Card","Relic","Card"],"build_version":"2020-12-22","purchased_purges":2,"victory":true,"max_hp_per_floor":[79,79,79,79,79,79,79,79,79,79,79,79,79,79,79,79,79,79,79,79,79,79,79,79,79,79,79,79,79,79,79,79,79,79,79,79,79,79,79,79,79,79,79,79,79,79,79,79,79,79,79,79,79,89,89],"card_choices":[{"not_picked":["Prostrate","FlurryOfBlows"],"picked":"SashWhip","floor":1.0},{"not_picked":["Halt","CarveReality"],"picked":"MentalFortress","floor":3.0},{"not_picked":["Study","FlyingSleeves"],"picked":"CutThroughFate","floor":4.0},{"not_picked":["Tantrum","MasterReality"],"picked":"EmptyFist","floor":5.0},{"not_picked":["SandsOfTime","Crescendo"],"picked":"FlurryOfBlows","floor":7.0},{"not_picked":["Evaluate","SandsOfTime"],"picked":"ClearTheMind","floor":8.0},{"not_picked":["CutThroughFate","EmptyBody+1"],"picked":"MentalFortress","floor":10.0},{"not_picked":["FlurryOfBlows","WaveOfTheHand+1"],"picked":"Sanctity+1","floor":12.0},{"not_picked":["TalkToTheHand","PathToVictory+1"],"picked":"MentalFortress","floor":13.0},{"not_picked":["Conclude","WreathOfFlame+1"],"picked":"Crescendo+1","floor":14.0},{"not_picked":["Judgement+1","Scrawl+1"],"picked":"DeusExMachina+1","floor":16.0},{"not_picked":["CutThroughFate","PathToVictory+1"],"picked":"FollowUp+1","floor":18.0},{"not_picked":["Pray+1","FollowUp"],"picked":"MentalFortress","floor":20.0},{"not_picked":["FollowUp+1","Brilliance"],"picked":"Halt+1","floor":23.0},{"not_picked":["JustLucky","Pray+1"],"picked":"Adaptation","floor":24.0},{"not_picked":["SashWhip+1","Prostrate+1"],"picked":"Protect+1","floor":28.0},{"not_picked":["Prostrate+1","Collect+1","ReachHeaven"],"picked":"SKIP","floor":30.0},{"not_picked":["Meditate+1","Tantrum"],"picked":"CutThroughFate+1","floor":31.0},{"not_picked":["ConjureBlade+1","Brilliance"],"picked":"SpiritShield+1","floor":33.0},{"not_picked":["JustLucky+1","Consecrate+1"],"picked":"LikeWater","floor":35.0},{"not_picked":["CrushJoints","Prostrate+1"],"picked":"CarveReality+1","floor":36.0},{"not_picked":["Protect+1","FlurryOfBlows"],"picked":"ClearTheMind+1","floor":38.0},{"not_picked":["Study","Judgement+1","CutThroughFate"],"picked":"SKIP","floor":39.0},{"not_picked":["CutThroughFate","FollowUp"],"picked":"Wireheading+1","floor":41.0},{"not_picked":["WreathOfFlame+1","Pray+1","ReachHeaven+1"],"picked":"SKIP","floor":44},{"not_picked":["CutThroughFate+1","ClearTheMind+1"],"picked":"Crescendo+1","floor":46},{"not_picked":["ClearTheMind+1","BowlingBash"],"picked":"CutThroughFate+1","floor":48},{"not_picked":["LikeWater","LessonLearned"],"picked":"DeceiveReality+1","floor":54}],"player_experience":93317,"relics_obtained":[{"floor":8.0,"key":"Nunchaku"},{"floor":9.0,"key":"Toxic Egg 2"},{"floor":12.0,"key":"Girya"},{"floor":13.0,"key":"Akabeko"},{"floor":14.0,"key":"MawBank"},{"floor":21.0,"key":"Nilry\u0027s Codex"},{"floor":23.0,"key":"Bag of Preparation"},{"floor":23.0,"key":"Omamori"},{"floor":26.0,"key":"Shuriken"},{"floor":31.0,"key":"Sundial"},{"floor":31.0,"key":"MealTicket"},{"floor":34.0,"key":"PreservedInsect"},{"floor":34.0,"key":"Ornamental Fan"},{"floor":34.0,"key":"Lizard Tail"},{"floor":41.0,"key":"Damaru"},{"floor":41.0,"key":"Dream Catcher"},{"floor":44,"key":"Bronze Scales"},{"floor":44,"key":"Calipers"},{"floor":54,"key":"Pear"},{"floor":54,"key":"Bottled Lightning"}],"event_choices":[{"cards_removed":["Strike_P"],"damage_healed":0.0,"max_hp_gain":0.0,"max_hp_loss":0.0,"gold_gain":0.0,"event_name":"The Cleric","player_choice":"Card Removal","floor":2.0,"gold_loss":50.0,"damage_taken":0.0},{"damage_healed":0.0,"max_hp_gain":0.0,"max_hp_loss":0.0,"gold_gain":30.0,"event_name":"Dead Adventurer","player_choice":"Searched \u00272\u0027 times","floor":13.0,"gold_loss":0.0,"damage_taken":0.0},{"damage_healed":0.0,"max_hp_gain":0.0,"max_hp_loss":0.0,"gold_gain":90.0,"event_name":"Knowing Skull","player_choice":"CARD GOLD ","floor":19.0,"potions_obtained":[],"gold_loss":0.0,"damage_taken":18.0,"cards_obtained":["Dramatic Entrance"]},{"damage_healed":0.0,"max_hp_gain":0.0,"max_hp_loss":0.0,"gold_gain":0.0,"event_name":"Cursed Tome","player_choice":"Obtained Book","floor":21.0,"gold_loss":0.0,"damage_taken":16.0},{"damage_healed":0.0,"max_hp_gain":0.0,"max_hp_loss":0.0,"gold_gain":0.0,"event_name":"Addict","player_choice":"Obtained Relic","floor":22.0,"gold_loss":85.0,"damage_taken":0.0,"relics_obtained":["Incense Burner"]},{"damage_healed":0.0,"max_hp_gain":0.0,"max_hp_loss":0.0,"gold_gain":0.0,"event_name":"Tomb of Lord Red Mask","player_choice":"Ignored","floor":37.0,"gold_loss":0.0,"damage_taken":0.0}],"is_beta":false,"boss_relics":[{"not_picked":["Ectoplasm","SlaversCollar"],"picked":"Black Star"},{"not_picked":["Sozu","Runic Pyramid"],"picked":"Calling Bell"}],"items_purged_floors":[25,45],"is_endless":false,"potions_floor_spawned":[3,4,8,10,16,24,30,31,33,38,41,44,48,54],"ascension_level":3}}