{"host":"lv7etzzgwahaenh9","time":1614126288,"event":{"mods":["AchievementEnabler","BaseMod","Colored Map","Colored Powertips","Highlight Path","Minty Spire (QoL Compilation)","Permanent Neow","Quick Restart","Random Character Button","StSLib"],"gold_per_floor":[110,123,133,133,133,168,168,197,197,213,213,213,228,268,268,364,364,380,18,35,54,54,54,94,94,94,107,148,148,173,173,173,263,263,282,38,58,58,58,58,58,58],"floor_reached":41,"language":"ENG","playtime":1597,"items_purged":["Strike_R"],"score":830,"play_id":"59687d77-3b05-48d8-b409-50e0d8416ea0","local_time":"20210223162448","is_ascension_mode":true,"campfire_choices":[{"floor":7.0,"key":"REST"},{"floor":12.0,"key":"REST"},{"data":"Armaments","floor":15.0,"key":"SMITH"},{"floor":23,"key":"REST"},{"floor":25,"key":"REST"},{"floor":29,"key":"REST"},{"floor":32,"key":"REST"},{"data":"1","floor":40,"key":"LIFT"}],"circlet_count":0,"master_deck":["AscendersBane","Strike_R+1","Defend_R+1","Defend_R+1","Defend_R+1","Defend_R+1","Bash+1","Pommel Strike+1","Pommel Strike","Warcry","Battle Trance","Rage","Armaments+1","Demon Form","Reckless Charge","Seeing Red","True Grit","Whirlwind+1","Feel No Pain","Reaper"],"relics":["Burning Blood","Pen Nib","Calipers","Bottled Flame","Golden Idol","Letter Opener","Fusion Hammer","Girya","Dead Branch","Darkstone Periapt","The Courier","SlaversCollar","Gambling Chip"],"acts_visited":["Exordium","TheCity","TheBeyond"],"potions_floor_usage":[24,28,33],"damage_taken":[{"damage":0.0,"enemies":"Small Slimes","floor":1.0,"turns":3.0},{"damage":4.0,"enemies":"Jaw Worm","floor":2.0,"turns":4.0},{"damage":2.0,"enemies":"2 Louse","floor":3.0,"turns":3.0},{"damage":16.0,"enemies":"Gremlin Nob","floor":6.0,"turns":3.0},{"damage":37.0,"enemies":"Lagavulin","floor":8.0,"turns":6.0},{"damage":18.0,"enemies":"Exordium Wildlife","floor":10.0,"turns":6.0},{"damage":0.0,"enemies":"2 Fungi Beasts","floor":13.0,"turns":4.0},{"damage":6.0,"enemies":"Gremlin Nob","floor":14.0,"turns":2.0},{"damage":18.0,"enemies":"The Guardian","floor":16.0,"turns":12.0},{"damage":11.0,"enemies":"Chosen","floor":18.0,"turns":5.0},{"damage":26.0,"enemies":"2 Thieves","floor":20.0,"turns":4.0},{"damage":6,"enemies":"3 Cultists","floor":21,"turns":4},{"damage":42,"enemies":"Book of Stabbing","floor":24,"turns":5},{"damage":15,"enemies":"Shelled Parasite and Fungi","floor":27,"turns":4},{"damage":21,"enemies":"Slavers","floor":28,"turns":4},{"damage":9,"enemies":"Snake Plant","floor":30,"turns":3},{"damage":39,"enemies":"Automaton","floor":33,"turns":8},{"damage":10,"enemies":"Orb Walker","floor":35,"turns":3},{"damage":26,"enemies":"3 Darklings","floor":37,"turns":6},{"damage":70,"enemies":"Nemesis","floor":41,"turns":3}],"seed_played":"1257559575090663860","potions_obtained":[{"floor":2.0,"key":"DistilledChaos"},{"floor":6.0,"key":"LiquidBronze"},{"floor":13.0,"key":"SpeedPotion"},{"floor":18.0,"key":"PowerPotion"},{"floor":21,"key":"Dexterity Potion"},{"floor":27,"key":"Dexterity Potion"},{"floor":30,"key":"SmokeBomb"},{"floor":35,"key":"Regen Potion"},{"floor":37,"key":"Dexterity Potion"}],"is_trial":false,"path_per_floor":["M","M","M","?","?","E","R","E","T","M","?","R","M","E","R","B",null,"M","$","M","M","?","R","E","R","T","M","E","R","M","?","R","B",null,"M","$","M","?","?","R","E"],"character_chosen":"IRONCLAD","items_purchased":["Girya","Gambling Chip"],"campfire_rested":6,"item_purchase_floors":[19,36],"current_hp_per_floor":[56,58,62,39,39,29,51,20,20,8,8,28,34,34,34,22,57,52,52,32,32,32,52,16,36,36,27,12,32,29,29,49,16,55,55,55,67,67,67,67,0,0],"gold":58,"neow_bonus":"REMOVE_TWO","is_daily":false,"chose_seed":false,"campfire_upgraded":1,"win_rate":0.0,"timestamp":1614126288,"path_taken":["M","M","M","?","?","E","R","E","T","M","?","R","M","E","R","BOSS","M","$","M","M","?","R","E","R","T","M","E","R","M","?","R","BOSS","M","$","M","?","?","R","E"],"items_purchased_type":["Relic","Relic"],"build_version":"2020-12-22","purchased_purges":1,"victory":false,"max_hp_per_floor":[75,75,75,75,75,75,75,75,75,75,68,68,68,68,68,68,68,68,68,68,68,68,68,68,68,68,68,68,68,68,68,68,68,68,68,68,68,68,68,68,68,68],"card_choices":[{"not_picked":["Shrug It Off","Headbutt"],"picked":"Pommel Strike","floor":1.0},{"not_picked":["Twin Strike","Seeing Red"],"picked":"Pommel Strike","floor":2.0},{"not_picked":["Thunderclap","Clash"],"picked":"Warcry","floor":3.0},{"not_picked":["Twin Strike","Thunderclap","Sword Boomerang"],"picked":"SKIP","floor":6.0},{"not_picked":["Havoc","Iron Wave"],"picked":"Offering","floor":8.0},{"not_picked":["Second Wind","Clash"],"picked":"Battle Trance","floor":10.0},{"not_picked":["Uppercut","Iron Wave"],"picked":"Rage","floor":13.0},{"not_picked":["Flex","True Grit"],"picked":"Armaments","floor":14.0},{"not_picked":["Brutality","Limit Break"],"picked":"Demon Form","floor":16.0},{"not_picked":["Carnage","Havoc","Flex"],"picked":"SKIP","floor":18.0},{"not_picked":["Fire Breathing","Iron Wave"],"picked":"Reckless Charge","floor":20.0},{"not_picked":["Cleave","Iron Wave"],"picked":"Seeing Red","floor":21},{"not_picked":["Sentinel","Blood for Blood"],"picked":"True Grit","floor":24},{"not_picked":["Havoc","Perfected Strike","Headbutt"],"picked":"SKIP","floor":27},{"not_picked":["Combust","Havoc"],"picked":"Whirlwind+1","floor":28},{"not_picked":["Heavy Blade","Bloodletting"],"picked":"Feel No Pain","floor":30},{"not_picked":["Corruption","Brutality"],"picked":"Reaper","floor":33},{"not_picked":["Battle Trance","Reckless Charge","True Grit"],"picked":"SKIP","floor":35},{"not_picked":["Cleave","Heavy Blade","Havoc"],"picked":"SKIP","floor":37}],"player_experience":539943,"relics_obtained":[{"floor":6.0,"key":"Pen Nib"},{"floor":8.0,"key":"Calipers"},{"floor":9.0,"key":"Bottled Flame"},{"floor":14.0,"key":"Letter Opener"},{"floor":24,"key":"Dead Branch"},{"floor":26,"key":"Darkstone Periapt"},{"floor":28,"key":"The Courier"}],"event_choices":[{"damage_healed":0.0,"max_hp_gain":0.0,"max_hp_loss":0.0,"gold_gain":0.0,"event_name":"Shining Light","player_choice":"Entered Light","floor":4.0,"gold_loss":0.0,"damage_taken":23.0,"cards_upgraded":["Bash","Pommel Strike"]},{"damage_healed":0.0,"max_hp_gain":0.0,"max_hp_loss":0.0,"gold_gain":0.0,"event_name":"Scrap Ooze","player_choice":"Fled","floor":5.0,"gold_loss":0.0,"damage_taken":0.0},{"damage_healed":0.0,"max_hp_gain":0.0,"max_hp_loss":7.0,"gold_gain":0.0,"event_name":"Golden Idol","player_choice":"Lose Max HP","floor":11.0,"gold_loss":0.0,"damage_taken":0.0,"relics_obtained":["Golden Idol"]},{"damage_healed":0,"gold_gain":0,"player_choice":"Simplicity","damage_taken":0,"max_hp_gain":0,"max_hp_loss":0,"event_name":"Back to Basics","floor":22,"gold_loss":0,"cards_upgraded":["Strike_R","Strike_R","Defend_R","Defend_R","Defend_R","Defend_R"]},{"damage_healed":0,"gold_gain":0,"player_choice":"Ignored","damage_taken":0,"max_hp_gain":0,"max_hp_loss":0,"event_name":"The Mausoleum","floor":31,"gold_loss":0},{"cards_removed":["Offering"],"damage_healed":0,"gold_gain":0,"player_choice":"Removed Skill","damage_taken":0,"max_hp_gain":0,"max_hp_loss":0,"event_name":"Falling","floor":38,"gold_loss":0},{"cards_removed":["Strike_R"],"damage_healed":0,"gold_gain":0,"player_choice":"Purged","damage_taken":0,"max_hp_gain":0,"max_hp_loss":0,"event_name":"Purifier","floor":39,"gold_loss":0}],"is_beta":false,"boss_relics":[{"not_picked":["Runic Dome","Velvet Choker"],"picked":"Fusion Hammer"},{"not_picked":["Black Star","SacredBark"],"picked":"SlaversCollar"}],"items_purged_floors":[19],"is_endless":false,"potions_floor_spawned":[2,6,13,14,18,21,27,30,35,37],"killed_by":"Nemesis","ascension_level":15}}