{"host":"td940oootwnuvte9","time":1614154518,"event":{"mods":["BaseMod","Minty Spire (QoL Compilation)","StSLib","The Problem Sleuth"],"gold_per_floor":[116,131,149,149,149,193,208,233,287,325,325,338,401,420,420,540,540,559,572,591,591,227,227,240,240,267,302,302,315,341,367,367,471,471,489,502,514,530,130,164,164,179,202,64,64,90,90,107,107,107,107,107],"floor_reached":50,"language":"ENG","playtime":4562,"items_purged":[],"score":596,"play_id":"19031c53-fc14-437a-a75b-dbbfe014e940","local_time":"20210224021518","is_ascension_mode":false,"campfire_choices":[{"floor":11,"key":"REST"},{"floor":15,"key":"REST"},{"data":"theSleuth:Parry","floor":23,"key":"SMITH"},{"data":"theSleuth:Leer","floor":25,"key":"SMITH"},{"data":"theSleuth:KeyringTommygun","floor":32,"key":"SMITH"},{"floor":41,"key":"REST"},{"data":"theSleuth:BrassTacks","floor":49,"key":"SMITH"}],"circlet_count":0,"master_deck":["theSleuth:Strike","theSleuth:Strike","theSleuth:Strike","theSleuth:Strike","theSleuth:Defend","theSleuth:Defend","theSleuth:Defend","theSleuth:KeyHandgun","theSleuth:TakeInventory","theSleuth:Diplomacy","theSleuth:Tootshotgun","theSleuth:Leer+1","theSleuth:Ogle","theSleuth:HeartStab","theSleuth:TruffleShuffle","theSleuth:ThinkAhead","theSleuth:KeyringTommygun+1","theSleuth:BellyOTheWhale","theSleuth:BrassTacks+1","theSleuth:Supermassive","theSleuth:Parry+1","theSleuth:Supermassive","theSleuth:Fortune","theSleuth:TheZillyhammer","theSleuth:Distill","theSleuth:BellyOTheWhale+1","theSleuth:BiteHardly","theSleuth:CharismaBlast+1","theSleuth:Ignore+1","theSleuth:KeyringTommygun","theSleuth:HitTheMattresses","theSleuth:BiteHardly+1","theSleuth:CharismaBlast"],"relics":["theSleuth:Typewriter","Anchor","Bloody Idol","Pear","MealTicket","Odd Mushroom","Bronze Scales","Snecko Eye","ClockworkSouvenir","Bag of Marbles","FossilizedHelix","theSleuth:ElfEgg","Red Mask","theSleuth:AffinityCrow","Orrery","Bottled Flame","Lantern","MawBank","Blood Vial","Bottled Lightning","theSleuth:Tectrixcalibur"],"acts_visited":["Exordium","TheCity","TheBeyond"],"potions_floor_usage":[12,16,20,37,40,50],"damage_taken":[{"damage":0,"enemies":"2 Louse","floor":1,"turns":3},{"damage":2,"enemies":"Cultist","floor":2,"turns":4},{"damage":0,"enemies":"Small Slimes","floor":3,"turns":4},{"damage":46,"enemies":"3 Sentries","floor":6,"turns":16},{"damage":1,"enemies":"Gremlin Gang","floor":7,"turns":6},{"damage":0,"enemies":"Looter","floor":8,"turns":2},{"damage":11,"enemies":"The Mushroom Lair","floor":10,"turns":6},{"damage":0,"enemies":"2 Fungi Beasts","floor":12,"turns":2},{"damage":16,"enemies":"3 Sentries","floor":13,"turns":7},{"damage":0,"enemies":"Large Slime","floor":14,"turns":4},{"damage":20,"enemies":"Slime Boss","floor":16,"turns":9},{"damage":3,"enemies":"3 Byrds","floor":18,"turns":4},{"damage":5,"enemies":"Shell Parasite","floor":19,"turns":6},{"damage":0,"enemies":"Cultist and Chosen","floor":20,"turns":6},{"damage":8,"enemies":"Snake Plant","floor":24,"turns":3},{"damage":14,"enemies":"Slavers","floor":27,"turns":4},{"damage":0,"enemies":"Chosen and Byrds","floor":29,"turns":6},{"damage":12,"enemies":"Gremlin Leader","floor":30,"turns":5},{"damage":0,"enemies":"Masked Bandits","floor":31,"turns":5},{"damage":46,"enemies":"Automaton","floor":33,"turns":12},{"damage":3,"enemies":"3 Darklings","floor":35,"turns":5},{"damage":0,"enemies":"Orb Walker","floor":36,"turns":3},{"damage":33,"enemies":"Maw","floor":37,"turns":8},{"damage":0,"enemies":"Jaw Worm Horde","floor":38,"turns":1},{"damage":40,"enemies":"Giant Head","floor":40,"turns":11},{"damage":0,"enemies":"Spire Growth","floor":42,"turns":3},{"damage":0,"enemies":"Nemesis","floor":46,"turns":5},{"damage":0,"enemies":"Transient","floor":48,"turns":5},{"damage":134,"enemies":"Awakened One","floor":50,"turns":17}],"seed_played":"6204741468691120008","potions_obtained":[{"floor":2,"key":"GamblersBrew"},{"floor":3,"key":"Ancient Potion"},{"floor":8,"key":"Energy Potion"},{"floor":10,"key":"DuplicationPotion"},{"floor":13,"key":"Ancient Potion"},{"floor":19,"key":"Fire Potion"},{"floor":20,"key":"SmokeBomb"},{"floor":38,"key":"EssenceOfSteel"},{"floor":42,"key":"FairyPotion"}],"is_trial":false,"path_per_floor":["M","M","M","?","?","E","M","M","T","?","R","M","?","M","R","B",null,"M","M","M","?","$","R","M","R","T","E","?","M","E","?","R","B",null,"M","M","M","M","$","E","R","M","T","$","?","E","?","M","R","B"],"character_chosen":"THE_sleuth","items_purchased":["theSleuth:Parry","theSleuth:Supermassive","ClockworkSouvenir","Orrery","Bottled Flame","Blood Vial"],"campfire_rested":3,"item_purchase_floors":[22,22,22,39,39,44],"current_hp_per_floor":[80,78,78,75,55,19,18,18,18,7,34,34,18,18,45,25,90,87,82,82,82,90,90,82,82,82,68,68,73,66,71,74,33,93,93,93,65,70,85,50,81,86,91,96,96,96,96,96,99,0,0,0],"gold":107,"neow_bonus":"TEN_PERCENT_HP_BONUS","is_daily":false,"chose_seed":false,"campfire_upgraded":4,"win_rate":0.0,"timestamp":1614154518,"path_taken":["M","M","M","?","?","E","M","M","T","?","R","M","?","M","R","BOSS","M","M","M","?","$","R","M","R","T","E","?","M","E","?","R","BOSS","M","M","M","M","$","E","R","M","T","$","?","E","?","M","R","BOSS"],"items_purchased_type":["Card","Card","Relic","Relic","Relic","Relic"],"build_version":"2020-12-22","purchased_purges":0,"victory":false,"max_hp_per_floor":[80,80,80,80,80,90,90,90,90,90,90,90,90,90,90,90,90,90,90,90,90,90,90,90,90,90,90,90,90,90,90,93,93,93,93,93,93,93,93,93,96,96,96,96,96,96,96,96,99,99,99,99],"card_choices":[{"not_picked":["theSleuth:CandyCorn","theSleuth:Ignore"],"picked":"theSleuth:Tootshotgun","floor":1},{"not_picked":["theSleuth:Taze","theSleuth:Tootshotgun"],"picked":"theSleuth:Leer","floor":2},{"not_picked":["theSleuth:BellyOTheWhale","theSleuth:WilsonBust"],"picked":"theSleuth:Ogle","floor":3},{"not_picked":["theSleuth:WeighIn","theSleuth:KeyringTommygun"],"picked":"theSleuth:HeartStab","floor":6},{"not_picked":["theSleuth:Tootshotgun","theSleuth:SnoopDoggBust"],"picked":"theSleuth:TruffleShuffle","floor":7},{"not_picked":["theSleuth:Pepperminthryl","theSleuth:SnoopDoggBust"],"picked":"theSleuth:ThinkAhead","floor":8},{"not_picked":["theSleuth:UnDeEscalate","theSleuth:TruffleShuffle"],"picked":"theSleuth:KeyringTommygun","floor":12},{"not_picked":["theSleuth:WilsonBust","theSleuth:Unscale"],"picked":"theSleuth:BellyOTheWhale","floor":13},{"not_picked":["theSleuth:Ogle","theSleuth:UnDeEscalate"],"picked":"theSleuth:BrassTacks","floor":14},{"not_picked":["theSleuth:WeirdPuzzleShit","theSleuth:Diabeatdown"],"picked":"theSleuth:Supermassive","floor":16},{"not_picked":["theSleuth:CandyCorn","theSleuth:Fortify","theSleuth:Deprogram"],"picked":"SKIP","floor":18},{"not_picked":["theSleuth:WizardSudoku","theSleuth:CandyCorn","theSleuth:WilsonBust"],"picked":"SKIP","floor":19},{"not_picked":["theSleuth:Joust","theSleuth:PezUzi","theSleuth:BellyOTheWhale"],"picked":"SKIP","floor":20},{"not_picked":["theSleuth:KeyringTommygun","theSleuth:Taze","theSleuth:WizardSudoku"],"picked":"SKIP","floor":24},{"not_picked":["theSleuth:CandyCorn+1","theSleuth:Unscale+1"],"picked":"theSleuth:Fortune","floor":27},{"not_picked":["theSleuth:CandyCorn+1","theSleuth:Pepperminthryl","theSleuth:ClubClubClub"],"picked":"SKIP","floor":29},{"not_picked":["theSleuth:FudgeDeck+1","theSleuth:KingpinBust","theSleuth:Treaty"],"picked":"SKIP","floor":30},{"not_picked":["theSleuth:RollBoxcars","theSleuth:LeverageHeight"],"picked":"theSleuth:TheZillyhammer","floor":33},{"not_picked":["theSleuth:PezUzi+1","theSleuth:FlaskOfWhiskey"],"picked":"theSleuth:Distill","floor":35},{"not_picked":["theSleuth:DiamondArmor+1","theSleuth:Appropriate","theSleuth:KingpinBust+1"],"picked":"SKIP","floor":36},{"not_picked":["theSleuth:VictoryPose+1","theSleuth:HeartStab","theSleuth:WilsonBust"],"picked":"SKIP","floor":37},{"not_picked":["theSleuth:ClubClubClub","theSleuth:WilsonBust+1"],"picked":"theSleuth:BellyOTheWhale+1","floor":38},{"not_picked":["theSleuth:KeyringTommygun+1","theSleuth:FlaskOfWhiskey"],"picked":"theSleuth:BiteHardly","floor":39},{"not_picked":["theSleuth:UnDeEscalate+1","theSleuth:WeighIn+1"],"picked":"theSleuth:CharismaBlast+1","floor":39},{"not_picked":["theSleuth:RetainReturn+1","theSleuth:BenStillerBust"],"picked":"theSleuth:Ignore+1","floor":39},{"not_picked":["theSleuth:Distill","theSleuth:BenStillerBust+1"],"picked":"theSleuth:KeyringTommygun","floor":39},{"not_picked":["theSleuth:SpadeDig+1","theSleuth:Unscale"],"picked":"theSleuth:HitTheMattresses","floor":40},{"not_picked":["theSleuth:TruffleShuffle+1","theSleuth:ThinkAhead+1"],"picked":"theSleuth:BiteHardly+1","floor":42},{"not_picked":["theSleuth:Frijolaegis","theSleuth:WeighIn"],"picked":"theSleuth:CharismaBlast","floor":46},{"not_picked":["theSleuth:PezUzi+1","theSleuth:Ogle","theSleuth:VictoryPose"],"picked":"SKIP","floor":48}],"player_experience":506909,"relics_obtained":[{"floor":6,"key":"Pear"},{"floor":9,"key":"MealTicket"},{"floor":10,"key":"Odd Mushroom"},{"floor":13,"key":"Bronze Scales"},{"floor":26,"key":"Bag of Marbles"},{"floor":27,"key":"FossilizedHelix"},{"floor":30,"key":"theSleuth:ElfEgg"},{"floor":31,"key":"Red Mask"},{"floor":40,"key":"Lantern"},{"floor":43,"key":"MawBank"},{"floor":46,"key":"Bottled Lightning"}],"event_choices":[{"damage_healed":0,"gold_gain":0,"player_choice":"Success","damage_taken":3,"relics_obtained":["Anchor"],"max_hp_gain":0,"max_hp_loss":0,"event_name":"Scrap Ooze","floor":4,"gold_loss":0},{"damage_healed":0,"gold_gain":0,"player_choice":"Take Damage","damage_taken":20,"relics_obtained":["Golden Idol"],"max_hp_gain":0,"max_hp_loss":0,"event_name":"Golden Idol","floor":5,"gold_loss":0},{"damage_healed":0,"gold_gain":0,"player_choice":"Fought Mushrooms","damage_taken":0,"max_hp_gain":0,"max_hp_loss":0,"event_name":"Mushrooms","floor":10,"gold_loss":0},{"damage_healed":0,"gold_gain":30,"player_choice":"Searched \u00272\u0027 times","damage_taken":0,"max_hp_gain":0,"max_hp_loss":0,"event_name":"Dead Adventurer","floor":13,"gold_loss":0},{"damage_healed":0,"gold_gain":0,"player_choice":"Ignored","damage_taken":0,"max_hp_gain":0,"max_hp_loss":0,"event_name":"Ghosts","floor":21,"gold_loss":0},{"damage_healed":0,"gold_gain":0,"player_choice":"Gave Idol","damage_taken":0,"relics_obtained":["Bloody Idol"],"max_hp_gain":0,"max_hp_loss":0,"event_name":"Forgotten Altar","floor":28,"relics_lost":["Golden Idol"],"gold_loss":0},{"damage_healed":0,"gold_gain":0,"player_choice":"Fought Bandits","damage_taken":0,"max_hp_gain":0,"max_hp_loss":0,"event_name":"Masked Bandits","floor":31,"gold_loss":0},{"damage_healed":0,"gold_gain":0,"player_choice":"Ignored","damage_taken":0,"max_hp_gain":0,"max_hp_loss":0,"event_name":"Mysterious Sphere","floor":45,"gold_loss":0}],"is_beta":false,"boss_relics":[{"not_picked":["Sozu","Busted Crown"],"picked":"Snecko Eye"},{"not_picked":["theSleuth:MegatonKey","Runic Pyramid"],"picked":"theSleuth:AffinityCrow"}],"items_purged_floors":[],"is_endless":false,"potions_floor_spawned":[2,3,8,10,13,19,20,24,38,42,46],"killed_by":"Awakened One","ascension_level":0}}