{"host":"7oiwk103j2prpym5","time":1614200869,"event":{"mods":["BaseMod","BetterRewards","Colored Map","Colored Powertips","GifTheSpireLib","Infinite Spire","Minty Spire (QoL Compilation)","Permanent Neow","Relic Filter Mod","Reliquary","Remove Card Discount Mod","Replay The Spire","StSLib","Stuff the Spire","Weighted Paths"],"gold_per_floor":[109,109,109,123,142,176,19,19,42,52,63,82,9,0,0,99,99,119,135,150,162,181,181,214,231,231,243,243,243,253,281,281,382,382,425,52,102,133,133,133,166,197,197,197,197,197,229,258,258,398,398,436,436,436,485,338,338,62,62,62,85,96,112,138,138,138,246,246,271,120,120,120,46,79,79,90,162,162,180,180,201,201,201,318,318,351,0,2,2,1001,1001,1101,1176,1176,1176,1264,1266,1266,836,836,995,995,995,702,777,931],"floor_reached":107,"language":"ENG","playtime":5947,"items_purged":["Strike_R","Defend_R","Strike_R","Defend_R","Pain","Injury","Writhe","StuffTheSpire:GnomedCurse","Spreading Infection","StuffTheSpire:CuriosityCurse","Pain","Normality","Overencumbered","Delirium","Normality","Writhe","Delirium","Parasite","Pain","Clumsy","Amnesia","Looming Evil","Doubt","Doubt"],"score":3537,"play_id":"0c2d535c-f519-4579-abda-2ed5823c63e6","local_time":"20210224150749","is_ascension_mode":false,"campfire_choices":[{"floor":8.0,"key":"REST"},{"data":"Flame Barrier","floor":15.0,"key":"SMITH"},{"data":"Immolate","floor":23.0,"key":"SMITH"},{"floor":29.0,"key":"REST"},{"floor":32.0,"key":"REST"},{"data":"1","floor":40.0,"key":"LIFT"},{"floor":44.0,"key":"REST"},{"floor":49.0,"key":"REST"},{"data":"2","floor":57.0,"key":"LIFT"},{"data":"3","floor":66,"key":"LIFT"},{"floor":75,"key":"REST"},{"floor":80,"key":"RECALL"},{"floor":83,"key":"REST"},{"floor":91,"key":"REST"},{"floor":98,"key":"REST"},{"floor":100,"key":"REST"},{"floor":103,"key":"REST"}],"circlet_count":1,"master_deck":["Strike_R","Defend_R","Bash","Entrench+1","StuffTheSpire:RagingBull","True Grit","Iron Wave","Shockwave+1","Sword Boomerang","Life Link","Flex","Flame Barrier+1","Thunderclap","Immolate+1","Cleave","Anger","Run Through","Pommel Strike","Dropkick+1","ReplayTheSpireMod:Muscle Training+1","Searing Blow","Shrug It Off+2","Armaments","Double Tap","infinitespire:SevenWalls","ReplayTheSpireMod:Faulty Equipment","Perfected Strike+1","Run Through+1","Juggernaut","Rage","Uppercut","Thunderclap","Limit Break","StuffTheSpire:Ambrosia+1","Bludgeon","ReplayTheSpireMod:Chaos Vortex","Cleave","ReplayTheSpireMod:IOU","Limit Break","Flex","Spot Weakness+1","Madness","Madness","Perfected Strike","Berserk","Heavy Blade","Voices","Overencumbered"],"relics":["Burning Blood","Membership Card","Oddly Smooth Stone","reliquary:Stiletto","reliquary:SilkGlove","WarpedTongs","reliquary:ExpiredCoupon","infinitespire:Golems Mask","ReplayTheSpireMod:Spearhead","Regal Pillow","SlaversCollar","reliquary:GummyVitamins","StuffTheSpire:EmeraldSignet","Kunai","infinitespire:EvilPickle","Busted Crown","Girya","Durian","Toolbox","Ring of Greed","Golden Idol","Replay:Wax Seal","Ring of Misfortune","Bronze Scales","CaptainsWheel","Honey Jar","Fusion Hammer","Circlet","Ginger","reliquary:FingerTrap","reliquary:RosewoodLute","Self Forming Clay","infinitespire:Midas Blood","reliquary:BallBearing","War Paint","Replay:Mystery Machine","reliquary:BigHammer","Vajra","Brimstone","Strawberry","PreservedInsect","HornCleat","SacredBark","Red Mask","StuffTheSpire:GreaterSneckoEye","Replay:PocketPolymizer","StuffTheSpire:PointBlank","Snecko Eye","reliquary:PorcupineQuills","Red Skull","PrismaticShard","Gremlin Food","Ice Cream","Ring of Chaos","Onion Ring","StuffTheSpire:GrapeVine","Strange Spoon","Replay:Baseball"],"acts_visited":["Exordium","TheCity","TheBeyond","Exordium","TheCity","TheBeyond","TheEnding"],"potions_floor_usage":[74,76,81,86,86,105,106],"damage_taken":[{"damage":2.0,"enemies":"Small Slimes","floor":1.0,"turns":4.0},{"damage":3.0,"enemies":"Jaw Worm","floor":4.0,"turns":4.0},{"damage":3.0,"enemies":"Cultist","floor":5.0,"turns":4.0},{"damage":27.0,"enemies":"Lagavulin","floor":6.0,"turns":7.0},{"damage":8.0,"enemies":"Exordium Thugs","floor":10.0,"turns":3.0},{"damage":7.0,"enemies":"Looter","floor":11.0,"turns":3.0},{"damage":8.0,"enemies":"Large Slime","floor":12.0,"turns":3.0},{"damage":15.0,"enemies":"The Guardian","floor":16.0,"turns":8.0},{"damage":18.0,"enemies":"Shell Parasite","floor":18.0,"turns":3.0},{"damage":0.0,"enemies":"3 Byrds","floor":19.0,"turns":3.0},{"damage":11.0,"enemies":"Cultist and Chosen","floor":20.0,"turns":5.0},{"damage":6.0,"enemies":"Centurion and Healer","floor":21.0,"turns":4.0},{"damage":3.0,"enemies":"3 Cultists","floor":22.0,"turns":3.0},{"damage":37.0,"enemies":"Nightmare","floor":24.0,"turns":6.0},{"damage":0.0,"enemies":"Cultist and Chosen","floor":25.0,"turns":3.0},{"damage":6.0,"enemies":"Snecko","floor":27.0,"turns":4.0},{"damage":25.0,"enemies":"Snake Plant","floor":30.0,"turns":3.0},{"damage":20.0,"enemies":"Book of Stabbing","floor":31.0,"turns":4.0},{"damage":30.0,"enemies":"Pondfish","floor":33.0,"turns":10.0},{"damage":29.0,"enemies":"3 Shapes","floor":35.0,"turns":3.0},{"damage":0.0,"enemies":"Orb Walker","floor":38.0,"turns":3.0},{"damage":34.0,"enemies":"infinitespire:Three Voidlings","floor":39.0,"turns":3.0},{"damage":17.0,"enemies":"4 Shapes","floor":41.0,"turns":3.0},{"damage":26.0,"enemies":"Spire Growth","floor":42.0,"turns":3.0},{"damage":0.0,"enemies":"Transient","floor":47.0,"turns":5.0},{"damage":19.0,"enemies":"Jaw Worm Horde","floor":48.0,"turns":3.0},{"damage":46.0,"enemies":"Time Eater","floor":50.0,"turns":9.0},{"damage":20.0,"enemies":"Jaw Worm","floor":52.0,"turns":2.0},{"damage":0.0,"enemies":"2 Louse","floor":55.0,"turns":1.0},{"damage":9.0,"enemies":"3 Sentries","floor":61.0,"turns":4.0},{"damage":0,"enemies":"Cultist","floor":62,"turns":2},{"damage":4,"enemies":"Looter","floor":63,"turns":2},{"damage":0,"enemies":"3 Louse","floor":64,"turns":1},{"damage":3,"enemies":"The Guardian","floor":67,"turns":4},{"damage":0,"enemies":"Spheric Guardian","floor":69,"turns":1},{"damage":16,"enemies":"Slavers","floor":74,"turns":3},{"damage":0,"enemies":"2 Thieves","floor":76,"turns":2},{"damage":0,"enemies":"Snecko","floor":79,"turns":2},{"damage":12,"enemies":"Centurion and Healer","floor":81,"turns":3},{"damage":0,"enemies":"Collector","floor":84,"turns":4},{"damage":24,"enemies":"3 Shapes","floor":86,"turns":3},{"damage":18,"enemies":"Nemesis","floor":92,"turns":3},{"damage":2,"enemies":"3 Darklings","floor":93,"turns":3},{"damage":0,"enemies":"R_Hoarder","floor":96,"turns":3},{"damage":77,"enemies":"infinitespire:MassOfShapes","floor":101,"turns":5},{"damage":17,"enemies":"Shield and Spear","floor":105,"turns":2},{"damage":86,"enemies":"The Heart","floor":106,"turns":5}],"seed_played":"-4634769737111535813","potions_obtained":[{"floor":4.0,"key":"ColorlessPotion"},{"floor":5.0,"key":"LifebloodPotion"},{"floor":6.0,"key":"CultistPotion"},{"floor":11.0,"key":"FearPotion"},{"floor":18.0,"key":"Fire Potion"},{"floor":21.0,"key":"Regen Potion"},{"floor":31.0,"key":"Toxic Potion"},{"floor":35.0,"key":"SpeedPotion"},{"floor":47.0,"key":"Flashbang"},{"floor":50.0,"key":"BlessingOfTheForge"},{"floor":52.0,"key":"Strength Potion"},{"floor":62,"key":"Venom Potion"},{"floor":67,"key":"Fruit Juice"},{"floor":74,"key":"PowerPotion"},{"floor":76,"key":"Swift Potion"},{"floor":81,"key":"Ancient Potion"},{"floor":92,"key":"SpeedPotion"},{"floor":106,"key":"Milkshake"}],"is_trial":false,"path_per_floor":["M","?","?","M","M","E","$","R","T","M","M","M","$","?","R","B",null,"M","M","M","M","M","R","NM","M","T","M","?","R","M","E","R","B",null,"M","$","?","M","?","R","M","M","T","R","AVR","?","M","M","R","B",null,"M","?","?","M","$","R","$","?","T","E","M","M","M","T","R","B",null,"M","$","?","?","$","E","R","M","T","?","M","R","M","?","R","B",null,"M","?","?","$","?","R","E","M","T","AVR","E","?","R","$","R","B",null,"R","$","E","B",null],"character_chosen":"IRONCLAD","items_purchased":["Membership Card","Oddly Smooth Stone","reliquary:Stiletto","StuffTheSpire:RagingBull","True Grit","infinitespire:Golems Mask","Regal Pillow","Girya","Durian","Toolbox","Ginger","reliquary:FingerTrap","reliquary:RosewoodLute","Self Forming Clay","Vajra","Brimstone","Strawberry","PrismaticShard","Gremlin Food","Ice Cream","Berserk","Heavy Blade","Onion Ring","StuffTheSpire:GrapeVine","Strange Spoon","Block Potion"],"campfire_rested":11,"item_purchase_floors":[0,0,0,0,0,7,13,36,36,36,56,58,58,58,70,70,73,99,99,99,99,99,104,104,104,104],"current_hp_per_floor":[70,70,70,73,76,55,55,79,79,77,76,74,74,74,74,65,80,68,74,69,69,72,72,55,61,61,61,61,80,61,47,80,58,80,57,62,62,68,47,47,36,16,16,56,56,56,62,49,85,49,85,71,71,71,77,77,77,77,77,77,74,80,82,85,85,85,85,85,85,85,85,85,92,88,98,99,99,99,100,100,95,95,101,102,102,85,85,65,65,65,103,92,97,97,97,106,93,106,103,103,33,104,104,104,95,19],"gold":931,"neow_bonus":"","is_daily":false,"chose_seed":false,"campfire_upgraded":2,"win_rate":0.0,"timestamp":1614200869,"path_taken":["M","?","?","M","?","E","$","R","T","M","M","M","?","?","R","BOSS","M","M","M","M","M","R","NM","M","T","M","?","R","?","E","R","BOSS","M","$","?","M","?","R","M","M","T","R","AVR","?","M","?","R","BOSS","M","?","?","M","$","R","$","?","T","E","M","M","M","?","R","BOSS","M","$","?","?","?","E","R","M","T","?","M","R","?","?","R","BOSS","M","?","?","$","?","R","E","M","T","AVR","E","?","R","?","R","BOSS","R","$","E","BOSS"],"items_purchased_type":["Relic","Relic","Relic","Card","Card","Relic","Relic","Relic","Relic","Relic","Relic","Relic","Relic","Relic","Relic","Relic","Relic","Relic","Relic","Relic","Card","Card","Relic","Relic","Relic","Potion"],"build_version":"2020-12-22","purchased_purges":24,"victory":true,"max_hp_per_floor":[80,80,80,80,80,80,80,80,80,80,80,80,80,80,80,80,80,80,80,80,80,80,80,80,80,80,80,80,80,80,80,80,80,80,80,85,85,85,85,85,85,85,85,85,85,85,85,85,85,85,85,85,85,85,85,85,85,85,85,85,85,85,85,85,85,85,85,85,85,85,85,85,92,98,98,99,99,99,100,100,101,101,101,102,102,103,103,103,103,103,103,104,105,105,105,106,106,106,103,103,104,104,104,104,106,108],"card_choices":[{"not_picked":["Pommel Strike","StuffTheSpire:Slingshot"],"picked":"Iron Wave","floor":1.0},{"not_picked":["Seeing Red","Bloodletting"],"picked":"Shockwave","floor":4.0},{"not_picked":["StuffTheSpire:Incineration","Pommel Strike"],"picked":"Sword Boomerang","floor":5.0},{"not_picked":["StuffTheSpire:Resist","Hemogenesis"],"picked":"Life Link","floor":6.0},{"not_picked":["Havoc","ReplayTheSpireMod:Strike From Hell"],"picked":"Flex","floor":10.0},{"not_picked":["Wild Strike","Rampage"],"picked":"Flame Barrier","floor":11.0},{"not_picked":["True Grit","Shrug It Off"],"picked":"Thunderclap","floor":12.0},{"not_picked":["Replay:Many Hands","Demonic Infusion"],"picked":"Immolate","floor":16.0},{"not_picked":["Burning Pact+1","Metallicize"],"picked":"Cleave","floor":18.0},{"not_picked":["Headbutt+1","Sever Soul"],"picked":"Anger","floor":19.0},{"not_picked":["StuffTheSpire:BloodClot","ReplayReversal"],"picked":"Run Through","floor":20.0},{"not_picked":["Replay:Undeath\u0027s Touch+1","Feel No Pain+1"],"picked":"Pommel Strike","floor":21.0},{"not_picked":["Sword Boomerang","StuffTheSpire:RockThrow"],"picked":"Dropkick+1","floor":22.0},{"not_picked":["Clash+1","Body Slam+1","Eclipse"],"picked":"SKIP","floor":24.0},{"not_picked":["Clash+1","Body Slam+1","Eclipse"],"picked":"SKIP","floor":24.0},{"not_picked":["ReplayTheSpireMod:Strike From Hell","Wild Strike+1"],"picked":"ReplayTheSpireMod:Muscle Training+1","floor":25.0},{"not_picked":["Warcry","Blood for Blood+1","Sentinel"],"picked":"SKIP","floor":27.0},{"not_picked":["Battle Trance","Headbutt"],"picked":"Shrug It Off","floor":30.0},{"not_picked":["Carnage","Warcry+1"],"picked":"Armaments","floor":31.0},{"not_picked":["Fiend Fire","Offering"],"picked":"Double Tap","floor":33.0},{"not_picked":["Disarm+1"],"picked":"SKIP","floor":35.0},{"not_picked":["Run Through"],"picked":"SKIP","floor":38.0},{"not_picked":["Entrench"],"picked":"SKIP","floor":41.0},{"not_picked":["ReplayTheSpireMod:Strike From Hell"],"picked":"SKIP","floor":42.0},{"not_picked":["Havoc+1"],"picked":"Perfected Strike+1","floor":47.0},{"not_picked":["True Grit+1"],"picked":"Run Through+1","floor":48.0},{"not_picked":["Corruption"],"picked":"Juggernaut","floor":50.0},{"not_picked":["Pummel"],"picked":"Rage","floor":52.0},{"not_picked":["Replay:Undeath\u0027s Touch","StuffTheSpire:Resist"],"picked":"SKIP","floor":55.0},{"not_picked":["Heavy Blade"],"picked":"Uppercut","floor":61},{"not_picked":["Sword Boomerang"],"picked":"Thunderclap","floor":62},{"not_picked":["Shockwave","StuffTheSpire:RagingBull"],"picked":"SKIP","floor":63},{"not_picked":["Reckless Charge","Warcry"],"picked":"SKIP","floor":64},{"not_picked":["Double Tap"],"picked":"Limit Break","floor":67},{"not_picked":["Uppercut","Pummel"],"picked":"SKIP","floor":69},{"not_picked":["True Grit+1","Replay:Undeath\u0027s Touch+1"],"picked":"SKIP","floor":74},{"not_picked":["Pommel Strike","Warcry"],"picked":"SKIP","floor":76},{"not_picked":["Burning Pact","Pommel Strike"],"picked":"SKIP","floor":79},{"not_picked":["Perfected Strike","Warcry+1"],"picked":"SKIP","floor":81},{"not_picked":["Fiend Fire"],"picked":"Bludgeon","floor":84},{"not_picked":["infinitespire:Collect","infinitespire:TheBestDefense"],"picked":"ReplayTheSpireMod:Chaos Vortex","floor":84},{"not_picked":["Feel No Pain+1"],"picked":"Cleave","floor":86},{"not_picked":["ReplayTheSpireMod:Strike From Hell"],"picked":"Limit Break","floor":92},{"not_picked":["StuffTheSpire:Incineration+1"],"picked":"Flex","floor":93},{"not_picked":["ReplayTheSpireMod:Muscle Training+1"],"picked":"Spot Weakness+1","floor":96},{"not_picked":["Searing Blow","Master of Strategy"],"picked":"SKIP","floor":105}],"player_experience":910231,"relics_obtained":[{"floor":2.0,"key":"reliquary:SilkGlove"},{"floor":6.0,"key":"reliquary:ExpiredCoupon"},{"floor":9.0,"key":"ReplayTheSpireMod:Spearhead"},{"floor":24.0,"key":"reliquary:GummyVitamins"},{"floor":26.0,"key":"StuffTheSpire:EmeraldSignet"},{"floor":31.0,"key":"Kunai"},{"floor":37.0,"key":"Ring of Greed"},{"floor":37.0,"key":"Golden Idol"},{"floor":37.0,"key":"Replay:Wax Seal"},{"floor":37.0,"key":"Ring of Misfortune"},{"floor":43.0,"key":"Bronze Scales"},{"floor":60.0,"key":"reliquary:BallBearing"},{"floor":61,"key":"War Paint"},{"floor":65,"key":"Replay:Mystery Machine"},{"floor":74,"key":"PreservedInsect"},{"floor":77,"key":"HornCleat"},{"floor":88,"key":"StuffTheSpire:GreaterSneckoEye"},{"floor":92,"key":"Replay:PocketPolymizer"},{"floor":94,"key":"StuffTheSpire:PointBlank"},{"floor":96,"key":"Red Skull"},{"floor":105,"key":"Replay:Baseball"}],"event_choices":[{"damage_healed":0.0,"max_hp_gain":0.0,"max_hp_loss":0.0,"gold_gain":0.0,"event_name":"Accursed Blacksmith","player_choice":"Rummage","floor":3.0,"gold_loss":0.0,"damage_taken":0.0,"relics_obtained":["WarpedTongs"],"cards_obtained":["Pain"]},{"damage_healed":0.0,"max_hp_gain":0.0,"max_hp_loss":0.0,"gold_gain":0.0,"event_name":"World of Goop","player_choice":"Left Gold","floor":14.0,"gold_loss":9.0,"damage_taken":0.0},{"damage_healed":0.0,"max_hp_gain":0.0,"max_hp_loss":0.0,"gold_gain":0.0,"cards_transformed":["Strike_R"],"event_name":"Transmorgrifier","player_choice":"Transformed","floor":28.0,"gold_loss":0.0,"damage_taken":0.0,"cards_obtained":["Searing Blow"]},{"cards_removed":["Languid"],"damage_healed":0.0,"max_hp_gain":0.0,"max_hp_loss":0.0,"gold_gain":0.0,"event_name":"Purifier","player_choice":"Purged","floor":46.0,"gold_loss":0.0,"damage_taken":0.0},{"damage_healed":0.0,"max_hp_gain":0.0,"max_hp_loss":0.0,"gold_gain":0.0,"event_name":"Golden Idol","player_choice":"Take Wound","floor":54.0,"gold_loss":0.0,"damage_taken":0.0,"relics_obtained":["Circlet"],"cards_obtained":["Injury"]},{"damage_healed":0,"gold_gain":0,"player_choice":"Ignored","damage_taken":0,"max_hp_gain":0,"max_hp_loss":0,"event_name":"Ghosts","floor":78,"gold_loss":0},{"damage_healed":0,"gold_gain":0,"player_choice":"Paid","damage_taken":0,"relics_obtained":["Red Mask"],"max_hp_gain":0,"max_hp_loss":0,"event_name":"Tomb of Lord Red Mask","floor":87,"gold_loss":351},{"damage_healed":0,"gold_gain":999,"player_choice":"Gold","damage_taken":0,"max_hp_gain":0,"max_hp_loss":0,"event_name":"MindBloom","floor":90,"gold_loss":0,"cards_obtained":["Normality","Normality"]},{"damage_healed":0,"gold_gain":0,"player_choice":"Embrace Madness","damage_taken":13,"max_hp_gain":0,"max_hp_loss":0,"event_name":"Winding Halls","floor":97,"gold_loss":0,"cards_obtained":["Madness","Madness"]}],"is_beta":false,"boss_relics":[{"not_picked":["Sozu","reliquary:KinkedSpring"],"picked":"SlaversCollar"},{"not_picked":["reliquary:RedPaperclip","Runic Pyramid"],"picked":"Busted Crown"},{"not_picked":["reliquary:Craggleroot","Empty Cage"],"picked":"Fusion Hammer"},{"not_picked":["reliquary:KinkedSpring","infinitespire:Cupcake"],"picked":"reliquary:BigHammer"},{"not_picked":["Empty Cage","StuffTheSpire:Kangaroo"],"picked":"SacredBark"},{"not_picked":["Mark of Pain","reliquary:RedCape"],"picked":"Ring of Chaos"}],"items_purged_floors":[0,0,0,0,7,56,56,70,70,70,73,95,99,99,99,99,99,99,99,99,99,99,99,104],"is_endless":true,"potions_floor_spawned":[4,5,6,11,18,19,21,22,31,35,47,50,52,62,63,67,74,76,81,92,106],"ascension_level":0}}