{"host":"ox77rn1xcurm2t5a","time":1614199838,"event":{"mods":["2.2 Compatiblity","AchievementEnabler","Act Like it!","Aspiration","BaseMod","Best Route Mod","Better Match","Better Note","Better Sensory Stone","Block Reminder","Colored Map","Colored Powertips","Conjunction","Conspire","Custom Start","Energized Spire","GifTheSpireLib","Gold Saver","Gremlin Skip","Halation","Highlight Path","Hubris","Infinite Spire","Minty Spire (QoL Compilation)","Pale of the Ancients","Quick Restart","Reliquary","Replay The Spire","Reworked Bosses","ShortenTheSpire","Spire Exporter","StSLib","Stuff the Spire","Wandering Minibosses"],"gold_per_floor":[174,174,194,45,57,91,91,91,91],"floor_reached":8,"language":"ENG","playtime":135,"items_purged":[],"score":87,"play_id":"16511cbe-4280-4385-9087-1ec17a47e771","local_time":"20210224225038","is_ascension_mode":true,"campfire_choices":[{"floor":7,"key":"RECALL"}],"circlet_count":0,"master_deck":["AscendersBane","Strike_R","Strike_R","Strike_R","Strike_R","Strike_R","Defend_R","Defend_R","Defend_R","Defend_R","Bash+1","Clash"],"relics":["Burning Blood","Omamori","reliquary:Sod"],"acts_visited":["Exordium"],"potions_floor_usage":[6],"damage_taken":[{"damage":13.0,"enemies":"Jaw Worm","floor":1.0,"turns":4.0},{"damage":0.0,"enemies":"Cultist","floor":3.0,"turns":3.0},{"damage":3.0,"enemies":"2 Louse","floor":5.0,"turns":4.0},{"damage":5,"enemies":"Gremlin Nob","floor":6,"turns":3},{"damage":0,"enemies":"3 Sentries","floor":8,"turns":1}],"seed_played":"6303782382024582253","potions_obtained":[{"floor":1.0,"key":"SkillPotion"},{"floor":6,"key":"Weak Potion"}],"is_trial":false,"path_per_floor":["M","?","M","$","M","E","R","E"],"character_chosen":"IRONCLAD","items_purchased":["Omamori"],"campfire_rested":0,"item_purchase_floors":[4],"current_hp_per_floor":[65,65,71,71,74,75,75,75,75],"gold":91,"neow_bonus":"RANDOM_EVENT","is_daily":false,"chose_seed":false,"campfire_upgraded":0,"win_rate":0.0,"timestamp":1614199838,"path_taken":["M","?","M","$","?","E","R","E"],"items_purchased_type":["Relic"],"build_version":"2020-12-22","purchased_purges":0,"victory":false,"max_hp_per_floor":[80,80,80,80,80,80,80,80,80],"card_choices":[{"not_picked":["hubris:CleavingFinish","Carnage"],"picked":"Clash","floor":1.0},{"not_picked":["Carnage","hubris:CleavingFinish","ReplayTheSpireMod:LeadingStrike"],"picked":"SKIP","floor":3.0},{"not_picked":["StuffTheSpire:Slingshot","Clothesline","StuffTheSpire:Incineration"],"picked":"SKIP","floor":5.0},{"not_picked":["StuffTheSpire:Slingshot","Clothesline","StuffTheSpire:Incineration"],"picked":"SKIP","floor":5.0},{"not_picked":["Bloodletting","Dual Wield","Armaments"],"picked":"SKIP","floor":6}],"player_experience":3240418,"relics_obtained":[{"floor":6,"key":"reliquary:Sod"}],"event_choices":[{"damage_healed":0.0,"max_hp_gain":0.0,"max_hp_loss":0.0,"gold_gain":0.0,"event_name":"FaceTrader","player_choice":"Leave","floor":2.0,"gold_loss":0.0,"damage_taken":0.0}],"is_beta":false,"boss_relics":[],"items_purged_floors":[],"is_endless":false,"potions_floor_spawned":[1,6],"killed_by":"3 Sentries","ascension_level":11}}