{"host":"5tzvto3beate6p8b","time":1614156504,"event":{"mods":["BaseMod","Colored Map","DeckTracker","Minty Spire (QoL Compilation)","Relic Stats","StSLib","SuperFastMode"],"gold_per_floor":[117,32,107,157,174,174,174,191,191,207,207,227,227,245,245,322,322,338,355,114,124,134,134,167,181,181,181,24,24,42,42,42,42,42],"floor_reached":33,"language":"JPN","playtime":1678,"items_purged":["Strike_G"],"score":543,"play_id":"60a6365d-6873-4d97-bb33-41c73b4091e5","local_time":"20210224174824","is_ascension_mode":true,"campfire_choices":[{"data":"Deadly Poison","floor":6,"key":"SMITH"},{"data":"Neutralize","floor":11,"key":"SMITH"},{"data":"After Image","floor":15,"key":"SMITH"},{"floor":23,"key":"REST"},{"floor":27,"key":"REST"},{"floor":29,"key":"REST"},{"data":"Footwork","floor":32,"key":"SMITH"}],"circlet_count":0,"master_deck":["AscendersBane","Defend_G","Defend_G","Defend_G","Defend_G","Defend_G","Survivor","Neutralize+1","Sucker Punch","Well Laid Plans","Deadly Poison+1","Deflect","Dagger Throw","Quick Slash","After Image+1","Grand Finale","Dash+1","Doppelganger+1","Riddle With Holes+1","Acrobatics","PiercingWail","Footwork+1","Escape Plan","Deadly Poison","After Image","PiercingWail","Catalyst+1","Blade Dance","Accuracy","PiercingWail","PiercingWail","Decay"],"relics":["Ring of the Snake","Blood Vial","Bronze Scales","Astrolabe","The Courier","Ice Cream"],"acts_visited":["Exordium","TheCity"],"potions_floor_usage":[16,33],"damage_taken":[{"damage":7,"enemies":"Jaw Worm","floor":1,"turns":5},{"damage":1,"enemies":"2 Louse","floor":5,"turns":5},{"damage":0,"enemies":"Cultist","floor":8,"turns":3},{"damage":0,"enemies":"Blue Slaver","floor":10,"turns":4},{"damage":5,"enemies":"Large Slime","floor":12,"turns":5},{"damage":6,"enemies":"Looter","floor":14,"turns":3},{"damage":12,"enemies":"The Guardian","floor":16,"turns":11},{"damage":6,"enemies":"3 Byrds","floor":18,"turns":4},{"damage":8,"enemies":"Chosen","floor":19,"turns":5},{"damage":6,"enemies":"Snecko","floor":21,"turns":7},{"damage":31,"enemies":"Chosen and Byrds","floor":22,"turns":6},{"damage":9,"enemies":"Book of Stabbing","floor":24,"turns":5},{"damage":25,"enemies":"Shelled Parasite and Fungi","floor":25,"turns":6},{"damage":2,"enemies":"Centurion and Healer","floor":30,"turns":7},{"damage":56,"enemies":"Automaton","floor":33,"turns":6}],"seed_played":"2858256796529259917","potions_obtained":[{"floor":10,"key":"LiquidBronze"},{"floor":12,"key":"DistilledChaos"},{"floor":16,"key":"FearPotion"},{"floor":30,"key":"Strength Potion"}],"is_trial":false,"path_per_floor":["M","$","?","?","M","R","?","M","T","M","R","M","?","M","R","B",null,"M","M","$","M","M","R","E","M","T","R","$","R","M","?","R","B"],"character_chosen":"THE_SILENT","items_purchased":["Well Laid Plans","Footwork","Escape Plan","Blade Dance","Accuracy","PiercingWail"],"campfire_rested":3,"item_purchase_floors":[2,20,20,28,28,28],"current_hp_per_floor":[54,54,43,43,44,44,37,39,39,41,41,38,38,34,34,24,56,52,46,46,42,13,32,25,2,2,21,21,40,40,40,40,0,0],"gold":42,"neow_bonus":"RANDOM_COMMON_RELIC","is_daily":false,"chose_seed":false,"campfire_upgraded":4,"win_rate":0.0,"timestamp":1614156504,"path_taken":["M","$","?","?","?","R","?","M","T","M","R","M","?","M","R","BOSS","M","M","$","M","M","R","E","M","T","R","$","R","M","?","R","BOSS"],"items_purchased_type":["Card","Card","Card","Card","Card","Card"],"build_version":"2020-12-22","purchased_purges":1,"victory":false,"max_hp_per_floor":[66,66,66,66,66,66,66,66,66,66,66,66,66,66,66,66,66,66,66,66,66,66,66,66,66,66,66,66,66,66,66,66,66,66],"relic_stats":{"Blood Vial":30,"counters":[15,82],"Bronze Scales":[269],"Astrolabe":["Dash","Doppelganger","Riddle With Holes"],"obtain_stats":[{"Blood Vial":0,"Ice Cream":26,"Bronze Scales":9,"Astrolabe":17,"The Courier":24,"Ring of the Snake":0},{"Blood Vial":0,"Ice Cream":13,"Bronze Scales":3,"Astrolabe":7,"The Courier":12,"Ring of the Snake":0},{"Blood Vial":0,"Ice Cream":69,"Bronze Scales":13,"Astrolabe":36,"The Courier":63,"Ring of the Snake":0}],"Ring of the Snake":[30]},"card_choices":[{"not_picked":["Riddle With Holes","Dodge and Roll"],"picked":"Sucker Punch","floor":1},{"not_picked":["Dodge and Roll","Cloak And Dagger"],"picked":"Deadly Poison","floor":5},{"not_picked":["Calculated Gamble","Tactician"],"picked":"Deflect","floor":8},{"not_picked":["Concentrate","Deflect"],"picked":"Dagger Throw","floor":10},{"not_picked":["Dagger Spray","Underhanded Strike"],"picked":"Quick Slash","floor":12},{"not_picked":["Flying Knee","Bane"],"picked":"After Image","floor":14},{"not_picked":["Die Die Die","Bullet Time"],"picked":"Grand Finale","floor":16},{"not_picked":["Sucker Punch","Dagger Spray"],"picked":"Acrobatics","floor":18},{"not_picked":["Expertise","Footwork"],"picked":"PiercingWail","floor":19},{"not_picked":["Dagger Throw","Flying Knee+1"],"picked":"Deadly Poison","floor":21},{"not_picked":["Backflip","Cloak And Dagger"],"picked":"After Image","floor":22},{"not_picked":["Sucker Punch","Dodge and Roll"],"picked":"PiercingWail","floor":24},{"not_picked":["Calculated Gamble","Dodge and Roll"],"picked":"Catalyst+1","floor":25},{"not_picked":["Slice","Dagger Throw"],"picked":"PiercingWail","floor":30}],"player_experience":854689,"relics_obtained":[{"floor":9,"key":"Bronze Scales"},{"floor":24,"key":"The Courier"},{"floor":26,"key":"Ice Cream"}],"event_choices":[{"damage_healed":0,"gold_gain":75,"player_choice":"Gather Gold","damage_taken":11,"max_hp_gain":0,"max_hp_loss":0,"event_name":"World of Goop","floor":3,"gold_loss":0},{"damage_healed":0,"gold_gain":50,"player_choice":"Pray","damage_taken":0,"max_hp_gain":0,"max_hp_loss":0,"event_name":"Golden Shrine","floor":4,"gold_loss":0},{"cards_removed":["Strike_G"],"damage_healed":0,"gold_gain":0,"player_choice":"Card Removal","damage_taken":7,"max_hp_gain":0,"max_hp_loss":0,"event_name":"Golden Wing","floor":7,"gold_loss":0},{"damage_healed":0,"gold_gain":0,"player_choice":"Ignored","damage_taken":0,"max_hp_gain":0,"max_hp_loss":0,"event_name":"Liars Game","floor":13,"gold_loss":0},{"damage_healed":0,"gold_gain":0,"player_choice":"Smashed Altar","damage_taken":0,"max_hp_gain":0,"max_hp_loss":0,"event_name":"Forgotten Altar","floor":31,"gold_loss":0,"cards_obtained":["Decay"]}],"is_beta":false,"boss_relics":[{"not_picked":["Runic Dome","Philosopher\u0027s Stone"],"picked":"Astrolabe"}],"items_purged_floors":[20],"is_endless":false,"potions_floor_spawned":[10,12,16,19,30],"killed_by":"Automaton","ascension_level":20}}