{"host":"Ringo","time":1614136425,"event":{"mods":["BaseMod","Colored Map","Conspire","Dota2Spire","Hubris","Minty Spire (QoL Compilation)","Replay The Spire","StSLib","The Construct","[IsaacMod]ÒÔÈö¼âËþ","¡¾ÒÅÎï¿¨ÅÆ¡¿REMEMod"],"gold_per_floor":[116,191,241,261,261,289,302,336,417,417,449,478,504,535,535,610,610,628,22,53,53,86,117,117,143,143,172,203,203,237,247,247,321,321,331,400,400,44,54,83,115,141,141,172,203,231,261,281,281,281,281],"floor_reached":52,"language":"ZHS","playtime":1389,"items_purged":[],"score":4007,"play_id":"5944babf-b2c4-4bea-957c-2fa82f6844a7","local_time":"20210224111345","daily_mods":["SealedDeck","Vintage","Colorless Cards","Heirloom","Time Dilation","Flight","DeadlyEvents","Elite Swarm","Lethality","Binary"],"is_ascension_mode":true,"campfire_choices":[{"data":"REME_TwoStrings","floor":10,"key":"SMITH"},{"data":"Good Instincts","floor":15,"key":"SMITH"},{"data":"True Grit","floor":29,"key":"SMITH"},{"data":"Power Through","floor":32,"key":"SMITH"},{"floor":49,"key":"DIG"}],"circlet_count":0,"master_deck":["AscendersBane","Wild Strike","Power Through+1","Impatience+1","Flex","Iron Wave","Twin Strike","REME_TwoStrings+1","ReplayTheSpireMod:Stacked+1","Sword Boomerang","Thunderclap","Good Instincts+1","Burning Pact+1","Dropkick","Offering+1","Shrug It Off","True Grit+1","Poisoned Strike","hubris:EnhanceAbility","Impervious","Secret Weapon","Brutality"],"relics":["Burning Blood","Busted Crown","HushsDoor","REME_ComplimentaryCards","replay:Trail_Library","Thread and Needle","GuppysTail","Replay:Ringing Soul","Sundial","Dota2Spire:PhaseBoots","Bottled Lightning","ClockworkSouvenir","ReplayTheSpireMod:TigerMarble","Quantum Egg","hubris:ChampionShield","Shuriken","Ginger","BookofShadows","Dota2Spire:MantaStyle","SharpPlug","Replay:PocketPolymizer","Replay:Bottled Flurry","Pear","conspire:SpecialSausage","hubris:Potato","hubris:CrystalStatue","BloodDonationBag","hubris:CuriousFeather","Potion Belt","Dream Catcher","Bag of Marbles","conspire:GiftBox","ReplayTheSpireMod:Spearhead","Leech","Dota2Spire:EchoSabre","SlaversCollar","Incubus","GuppysPaw","Nunchaku","Guide Book","War Paint","Counterbalance","Gremlin Food","Question Card","Dota2Spire:DivineRapier","Toy Ornithopter","Pondfish Scales","Dota2Spire:LinkenSphere","Smiling Mask","conspire:BottledYoYo"],"acts_visited":["Exordium","TheCity","TheBeyond"],"potions_floor_usage":[6,16,16,24,51,51],"damage_taken":[{"damage":0,"enemies":"Jaw Worm","floor":1,"turns":1},{"damage":12,"enemies":"Hiden Room Battle","floor":3,"turns":3},{"damage":0,"enemies":"Small Slimes","floor":4,"turns":1},{"damage":0,"enemies":"3 Sentries","floor":6,"turns":3},{"damage":0,"enemies":"2 Louse","floor":7,"turns":2},{"damage":0,"enemies":"Gremlin Nob","floor":8,"turns":1},{"damage":0,"enemies":"3 Sentries","floor":11,"turns":1},{"damage":0,"enemies":"Gremlin Nob","floor":12,"turns":1},{"damage":0,"enemies":"3 Sentries","floor":13,"turns":1},{"damage":0,"enemies":"Gremlin Nob","floor":14,"turns":1},{"damage":0,"enemies":"Slime Boss","floor":16,"turns":5},{"damage":0,"enemies":"Shell Parasite","floor":18,"turns":1},{"damage":0,"enemies":"conspire:MimicChest","floor":20,"turns":2},{"damage":0,"enemies":"Gremlin Leader","floor":22,"turns":1},{"damage":0,"enemies":"Slavers","floor":23,"turns":1},{"damage":0,"enemies":"Gremlin Leader","floor":25,"turns":1},{"damage":0,"enemies":"Book of Stabbing","floor":27,"turns":1},{"damage":0,"enemies":"Slavers","floor":28,"turns":1},{"damage":0,"enemies":"Gremlin Leader","floor":30,"turns":1},{"damage":0,"enemies":"2 Thieves","floor":31,"turns":1},{"damage":0,"enemies":"Collector","floor":33,"turns":1},{"damage":0,"enemies":"Orb Walker","floor":35,"turns":1},{"damage":0,"enemies":"3 Darklings","floor":39,"turns":1},{"damage":0,"enemies":"R_Hoarder","floor":40,"turns":1},{"damage":0,"enemies":"Giant Head","floor":41,"turns":1},{"damage":0,"enemies":"R_Hoarder","floor":42,"turns":1},{"damage":0,"enemies":"Giant Head","floor":44,"turns":1},{"damage":0,"enemies":"R_Hoarder","floor":45,"turns":1},{"damage":0,"enemies":"Nemesis","floor":46,"turns":1},{"damage":0,"enemies":"Giant Head","floor":47,"turns":1},{"damage":0,"enemies":"Sphere and 2 Shapes","floor":48,"turns":2},{"damage":0,"enemies":"Time Eater","floor":50,"turns":2},{"damage":0,"enemies":"hubris:GrandSnecko","floor":51,"turns":1}],"seed_played":"3681985688060593815","potions_obtained":[{"floor":4,"key":"Swift Potion"},{"floor":8,"key":"LiquidBronze"},{"floor":12,"key":"Venom Potion"},{"floor":14,"key":"Energy Potion"},{"floor":22,"key":"Regen Potion"},{"floor":23,"key":"REME_GoldPotion"},{"floor":27,"key":"Regen Potion"},{"floor":30,"key":"BloodPotion"},{"floor":40,"key":"AttackPotion"},{"floor":48,"key":"construct:ShiftPotion"}],"is_trial":true,"path_per_floor":["M","?","?","M","$","E","M","E","T","R","E","E","E","E","R","B",null,"M","$","?","$","E","E","$","E","T","E","E","R","E","M","R","B",null,"M","?","?","$","M","E","E","E","T","E","E","E","E","M","R_BF","B","B",null],"character_chosen":"IRONCLAD","items_purchased":["ClockworkSouvenir","ReplayTheSpireMod:TigerMarble","Quantum Egg","hubris:ChampionShield","Dropkick","Offering","hubris:CrystalStatue","BloodDonationMachine","Shrug It Off","Incubus","GuppysPaw","Guide Book","Poisoned Strike"],"campfire_rested":0,"item_purchase_floors":[5,5,5,5,17,17,19,19,19,34,34,38,38],"current_hp_per_floor":[74,63,42,48,2,8,14,20,20,23,29,35,41,57,57,67,84,88,84,90,90,91,91,91,91,91,91,91,94,94,94,94,94,40,40,25,23,26,32,38,43,43,43,46,49,52,40,40,40,40,37],"gold":281,"neow_bonus":"","is_daily":false,"chose_seed":false,"campfire_upgraded":4,"win_rate":0.0,"timestamp":1614136425,"path_taken":["M","?","?","?","?","E","?","E","T","R","E","E","?","E","R","BOSS","M","$","?","$","?","E","?","E","T","E","E","R","E","M","R","BOSS","M","?","?","?","M","E","E","E","T","E","E","E","E","?","R_BF","BOSS","BOSS"],"items_purchased_type":["Relic","Relic","Relic","Relic","Card","Card","Relic","Relic","Card","Relic","Relic","Relic","Card"],"build_version":"2020-12-18","purchased_purges":0,"victory":true,"max_hp_per_floor":[75,75,75,75,75,75,75,75,75,78,78,78,78,88,88,92,88,88,91,91,91,91,91,91,91,91,91,91,94,94,94,94,94,40,40,40,40,43,43,43,43,43,43,46,49,52,40,40,40,40,37],"card_choices":[{"not_picked":[],"picked":"hubris:EnhanceAbility","floor":44},{"not_picked":[],"picked":"Impervious","floor":45},{"not_picked":["Secret Weapon"],"picked":"SKIP","floor":46},{"not_picked":[],"picked":"Secret Weapon","floor":46},{"not_picked":[],"picked":"Brutality","floor":47}],"player_experience":750959,"relics_obtained":[{"floor":1,"key":"Replay:Ringing Soul"},{"floor":3,"key":"Sundial"},{"floor":3,"key":"Dota2Spire:PhaseBoots"},{"floor":4,"key":"Bottled Lightning"},{"floor":6,"key":"Shuriken"},{"floor":7,"key":"Ginger"},{"floor":8,"key":"BookofShadows"},{"floor":9,"key":"Dota2Spire:MantaStyle"},{"floor":11,"key":"SharpPlug"},{"floor":12,"key":"Replay:PocketPolymizer"},{"floor":13,"key":"Replay:Bottled Flurry"},{"floor":14,"key":"Pear"},{"floor":18,"key":"hubris:Potato"},{"floor":20,"key":"hubris:CuriousFeather"},{"floor":22,"key":"Potion Belt"},{"floor":23,"key":"Dream Catcher"},{"floor":25,"key":"Bag of Marbles"},{"floor":26,"key":"conspire:GiftBox"},{"floor":28,"key":"ReplayTheSpireMod:Spearhead"},{"floor":30,"key":"Leech"},{"floor":31,"key":"Dota2Spire:EchoSabre"},{"floor":35,"key":"Nunchaku"},{"floor":39,"key":"War Paint"},{"floor":40,"key":"Counterbalance"},{"floor":41,"key":"Gremlin Food"},{"floor":42,"key":"Question Card"},{"floor":43,"key":"Dota2Spire:DivineRapier"},{"floor":45,"key":"Toy Ornithopter"},{"floor":46,"key":"Pondfish Scales"},{"floor":47,"key":"Dota2Spire:LinkenSphere"},{"floor":48,"key":"Smiling Mask"},{"floor":49,"key":"conspire:BottledYoYo"}],"event_choices":[{"damage_healed":0,"gold_gain":75,"player_choice":"Gather Gold","damage_taken":11,"max_hp_gain":0,"max_hp_loss":0,"event_name":"World of Goop","floor":2,"gold_loss":0},{"damage_healed":0,"gold_gain":0,"player_choice":"Fight","damage_taken":0,"max_hp_gain":0,"max_hp_loss":0,"event_name":"HidenRoomEvent","floor":3,"gold_loss":0},{"damage_healed":0,"gold_gain":0,"player_choice":"Bought 0 Potions","damage_taken":0,"max_hp_gain":0,"max_hp_loss":0,"event_name":"The Woman in Blue","floor":37,"gold_loss":0}],"is_beta":true,"boss_relics":[{"not_picked":["REME_ChargedStone","Ooze Armor"],"picked":"conspire:SpecialSausage"},{"not_picked":[]},{"not_picked":["construct:ClawGrip","conspire:SlowCooker"],"picked":"SlaversCollar"},{"not_picked":[]}],"items_purged_floors":[],"is_endless":false,"potions_floor_spawned":[4,8,12,13,14,22,23,27,30,40,45,46,48],"ascension_level":20}}