{"host":"a3wpq7kyokchzawk","time":1614158745,"event":{"mods":["BaseMod","Colored Map","Highlight Path","Minty Spire (QoL Compilation)","Permanent Neow","Potion Indicator Mod","Relic Stats","Weighted Paths"],"gold_per_floor":[114,125,138,152,170,170,197,217,217,217,234,234,259,259,259,355,355,355,355,355,355,355,355],"floor_reached":22,"language":"ENG","playtime":2085,"items_purged":[],"score":400,"play_id":"4946d32c-ed6b-41b0-a4e6-33760e40e84b","local_time":"20210224062545","is_ascension_mode":true,"campfire_choices":[{"data":"Uppercut","floor":6.0,"key":"SMITH"},{"floor":10.0,"key":"REST"},{"data":"Armaments","floor":12.0,"key":"SMITH"},{"floor":15.0,"key":"REST"}],"circlet_count":0,"master_deck":["AscendersBane","Strike_R","Strike_R","Strike_R","Strike_R","Strike_R","Defend_R","Defend_R","Defend_R","Bash","Uppercut+1","Carnage","Shockwave","Armaments+1","Heavy Blade","Berserk+1","Metallicize","True Grit","Immolate","True Grit"],"relics":["Burning Blood","Happy Flower","Nunchaku","Golden Idol","Ectoplasm"],"acts_visited":["Exordium","TheCity"],"potions_floor_usage":[22],"damage_taken":[{"damage":10.0,"enemies":"2 Louse","floor":1.0,"turns":3.0},{"damage":5.0,"enemies":"Small Slimes","floor":2.0,"turns":3.0},{"damage":4.0,"enemies":"Cultist","floor":3.0,"turns":3.0},{"damage":11.0,"enemies":"Looter","floor":4.0,"turns":2.0},{"damage":29.0,"enemies":"3 Louse","floor":5.0,"turns":5.0},{"damage":22.0,"enemies":"3 Sentries","floor":7.0,"turns":7.0},{"damage":15.0,"enemies":"Red Slaver","floor":8.0,"turns":5.0},{"damage":0.0,"enemies":"Large Slime","floor":11.0,"turns":4.0},{"damage":14.0,"enemies":"Lagavulin","floor":13.0,"turns":5.0},{"damage":3.0,"enemies":"Slime Boss","floor":16.0,"turns":5.0},{"damage":26.0,"enemies":"Shell Parasite","floor":18.0,"turns":5.0},{"damage":24.0,"enemies":"3 Byrds","floor":19.0,"turns":6.0},{"damage":20.0,"enemies":"Snecko","floor":21.0,"turns":5.0},{"damage":28,"enemies":"Cultist and Chosen","floor":22,"turns":3}],"seed_played":"-5708385545709881862","potions_obtained":[{"floor":3.0,"key":"Strength Potion"},{"floor":4.0,"key":"Fire Potion"},{"floor":11.0,"key":"AttackPotion"},{"floor":13.0,"key":"Strength Potion"},{"floor":16.0,"key":"SteroidPotion"}],"is_trial":false,"path_per_floor":["M","M","M","M","M","R","E","M","T","R","M","R","E","?","R","B",null,"M","M","?","M","M"],"character_chosen":"IRONCLAD","items_purchased":[],"campfire_rested":2,"item_purchase_floors":[],"current_hp_per_floor":[64,65,67,62,39,39,23,14,14,36,42,42,34,34,54,57,65,45,27,27,13,0,0],"gold":355,"neow_bonus":"TRANSFORM_CARD","is_daily":false,"chose_seed":false,"campfire_upgraded":2,"win_rate":0.0,"timestamp":1614158745,"path_taken":["M","M","M","M","M","R","E","M","T","R","M","R","E","?","R","BOSS","M","M","?","?","M"],"items_purchased_type":[],"build_version":"2020-12-22","purchased_purges":0,"victory":false,"max_hp_per_floor":[75,75,75,75,75,75,75,75,75,75,75,75,75,68,68,68,68,68,68,68,68,68,68],"relic_stats":{"Nunchaku":[4],"Happy Flower":[12],"counters":[14,61],"Golden Idol":31,"Ectoplasm":59,"obtain_stats":[{"Nunchaku":13,"Happy Flower":7,"Golden Idol":14,"Ectoplasm":17,"Burning Blood":0},{"Nunchaku":9,"Happy Flower":6,"Golden Idol":9,"Ectoplasm":10,"Burning Blood":0},{"Nunchaku":37,"Happy Flower":23,"Golden Idol":37,"Ectoplasm":42,"Burning Blood":0}],"Burning Blood":78},"card_choices":[{"not_picked":["Headbutt","Entrench","Body Slam"],"picked":"SKIP","floor":1.0},{"not_picked":["Blood for Blood","Clothesline","Wild Strike"],"picked":"SKIP","floor":2.0},{"not_picked":["Shrug It Off","Intimidate"],"picked":"Carnage","floor":3.0},{"not_picked":["Warcry","Second Wind"],"picked":"Shockwave","floor":4.0},{"not_picked":["Spot Weakness","Warcry"],"picked":"Armaments","floor":5.0},{"not_picked":["Body Slam","Havoc"],"picked":"Heavy Blade","floor":7.0},{"not_picked":["Heavy Blade","Armaments"],"picked":"Berserk","floor":8.0},{"not_picked":["Iron Wave","Clothesline"],"picked":"Metallicize","floor":11.0},{"not_picked":["Perfected Strike","Iron Wave"],"picked":"True Grit","floor":13.0},{"not_picked":["Juggernaut","Offering"],"picked":"Immolate","floor":16.0},{"not_picked":["Anger","Cleave"],"picked":"True Grit","floor":18.0},{"not_picked":["Thunderclap","Clothesline","Armaments"],"picked":"SKIP","floor":19.0},{"not_picked":["Evolve","Entrench","True Grit"],"picked":"SKIP","floor":21.0}],"player_experience":2841469,"relics_obtained":[{"floor":7.0,"key":"Happy Flower"},{"floor":13.0,"key":"Nunchaku"}],"event_choices":[{"damage_healed":0.0,"max_hp_gain":0.0,"max_hp_loss":7.0,"gold_gain":0.0,"event_name":"Golden Idol","player_choice":"Lose Max HP","floor":14.0,"gold_loss":0.0,"damage_taken":0.0,"relics_obtained":["Golden Idol"]},{"damage_healed":0.0,"max_hp_gain":0.0,"max_hp_loss":0.0,"gold_gain":0.0,"event_name":"Upgrade Shrine","player_choice":"Upgraded","floor":20.0,"gold_loss":0.0,"damage_taken":0.0,"cards_upgraded":["Berserk"]}],"is_beta":false,"boss_relics":[{"not_picked":["Runic Dome","Black Star"],"picked":"Ectoplasm"}],"items_purged_floors":[],"is_endless":false,"potions_floor_spawned":[3,4,5,11,13,16],"killed_by":"Cultist and Chosen","ascension_level":20}}