{"host":"rw1trt79hfpl7pom","time":1614131251,"event":{"mods":["BaseMod","Bestiary","Colored Map","Jorbs\u0027s Wanderer Trilogy","Minty Spire (QoL Compilation)","Relic Stats","StSLib","SuperFastMode"],"gold_per_floor":[113,129,34,44,60,60,92,92,92,122,122,155,155,173,173,246,246,258,277,192,15,30,30,60,60,60,87,121,121,141,169,169,257,311,351,405,51,99,148,202,202,267,312,365,437,446,504,571,571,601,661,661,661,31,56,56],"floor_reached":57,"language":"ENG","playtime":5134,"items_purged":["Alpha","CarveReality"],"score":3443,"play_id":"1d73ed02-f021-44ba-bea2-98a89d4cfd4f","local_time":"20210223174731","is_ascension_mode":true,"campfire_choices":[{"data":"Eruption","floor":6.0,"key":"SMITH"},{"data":"Adaptation","floor":8.0,"key":"SMITH"},{"data":"CutThroughFate","floor":15.0,"key":"SMITH"},{"data":"Vault","floor":23.0,"key":"SMITH"},{"data":"ThirdEye","floor":25.0,"key":"SMITH"},{"data":"Vault","floor":32.0,"key":"SMITH"},{"data":"Wish","floor":41,"key":"SMITH"},{"floor":49,"key":"RECALL"},{"data":"Worship","floor":53,"key":"SMITH"}],"circlet_count":0,"master_deck":["AscendersBane","Eruption+1","Vigilance","CurseOfTheBell","CutThroughFate+1","Adaptation+1","Crescendo","Halt","ReachHeaven","EmptyBody","ClearTheMind","InnerPeace","Establishment","Vault+1","Vault+1","ThirdEye+1","DeusExMachina","Study","SashWhip+1","Wish+1","Protect","Fasting2","Worship","MasterReality","BattleHymn","FearNoEvil","Worship+1","WheelKick+1","Collect","Meditate+1","Prostrate+1","Wireheading","DeceiveReality+1","WheelKick","Omniscience+1","SashWhip"],"relics":["Calling Bell","Bag of Preparation","Matryoshka","FossilizedHelix","Thread and Needle","Damaru","Ice Cream","Singing Bowl","Pantograph","Coffee Dripper","Pen Nib","Anchor","CeramicFish","InkBottle","Pandora\u0027s Box","Nunchaku","Toxic Egg 2","Regal Pillow","Bottled Tornado","Darkstone Periapt","Pocketwatch","Happy Flower","Strawberry"],"acts_visited":["Exordium","TheCity","TheBeyond","TheEnding"],"potions_floor_usage":[42,42,56,56],"damage_taken":[{"damage":0.0,"enemies":"Cultist","floor":1.0,"turns":3.0},{"damage":0.0,"enemies":"Small Slimes","floor":2.0,"turns":3.0},{"damage":0.0,"enemies":"2 Louse","floor":4.0,"turns":2.0},{"damage":2.0,"enemies":"Gremlin Gang","floor":5.0,"turns":3.0},{"damage":0.0,"enemies":"Lagavulin","floor":7.0,"turns":3.0},{"damage":0.0,"enemies":"Gremlin Nob","floor":10.0,"turns":3.0},{"damage":0.0,"enemies":"Lagavulin","floor":12.0,"turns":4.0},{"damage":0.0,"enemies":"Blue Slaver","floor":14.0,"turns":3.0},{"damage":0.0,"enemies":"Slime Boss","floor":16.0,"turns":4.0},{"damage":0.0,"enemies":"Chosen","floor":18.0,"turns":3.0},{"damage":12.0,"enemies":"3 Byrds","floor":19.0,"turns":5.0},{"damage":0.0,"enemies":"Snecko","floor":22.0,"turns":5.0},{"damage":7.0,"enemies":"Book of Stabbing","floor":24.0,"turns":5.0},{"damage":0.0,"enemies":"Snake Plant","floor":27.0,"turns":4.0},{"damage":22.0,"enemies":"Gremlin Leader","floor":28.0,"turns":5.0},{"damage":0.0,"enemies":"Centurion and Healer","floor":30.0,"turns":5.0},{"damage":0.0,"enemies":"Snecko","floor":31.0,"turns":5.0},{"damage":14.0,"enemies":"Automaton","floor":33.0,"turns":10.0},{"damage":0.0,"enemies":"3 Darklings","floor":35.0,"turns":5.0},{"damage":0.0,"enemies":"3 Shapes","floor":36.0,"turns":5.0},{"damage":0.0,"enemies":"Maw","floor":38.0,"turns":7.0},{"damage":0,"enemies":"Spire Growth","floor":39,"turns":4},{"damage":0,"enemies":"Giant Head","floor":40,"turns":6},{"damage":45,"enemies":"Reptomancer","floor":42,"turns":7},{"damage":0,"enemies":"4 Shapes","floor":44,"turns":5},{"damage":0,"enemies":"Giant Head","floor":45,"turns":6},{"damage":0,"enemies":"Writhing Mass","floor":47,"turns":5},{"damage":0,"enemies":"Reptomancer","floor":48,"turns":6},{"damage":0,"enemies":"Time Eater","floor":50,"turns":7},{"damage":33,"enemies":"Donu and Deca","floor":51,"turns":10},{"damage":0,"enemies":"Shield and Spear","floor":55,"turns":7},{"damage":74,"enemies":"The Heart","floor":56,"turns":9}],"seed_played":"-6015765345338341667","potions_obtained":[{"floor":2.0,"key":"Explosive Potion"},{"floor":4.0,"key":"Strength Potion"},{"floor":7.0,"key":"EntropicBrew"},{"floor":19.0,"key":"BottledMiracle"},{"floor":22.0,"key":"SteroidPotion"},{"floor":42,"key":"SkillPotion"},{"floor":45,"key":"SpeedPotion"}],"is_trial":false,"path_per_floor":["M","M","$","M","M","R","E","R","T","E","?","E","?","M","R","B",null,"M","M","?","$","M","R","E","R","T","M","E","?","M","M","R","B",null,"M","M","$","M","M","E","R","E","T","M","E","?","M","E","R","B","B",null,"R","$","E","B",null],"character_chosen":"WATCHER","items_purchased":["Crescendo","CarveReality","Vault","Nunchaku","FearNoEvil","Worship","Pocketwatch","Happy Flower","SashWhip"],"campfire_rested":0,"item_purchase_floors":[3,3,21,37,37,37,54,54,54],"current_hp_per_floor":[61,61,61,61,59,59,59,59,59,59,59,59,68,70,70,70,70,72,62,62,62,64,64,57,57,57,57,35,35,37,37,37,48,71,73,73,73,73,73,75,75,30,30,30,30,30,30,30,30,55,47,73,73,73,82,17],"gold":56,"neow_bonus":"BOSS_RELIC","is_daily":false,"chose_seed":false,"campfire_upgraded":8,"win_rate":0.0,"timestamp":1614131251,"path_taken":["M","M","?","M","?","R","E","R","T","E","?","E","?","M","R","BOSS","M","?","?","$","M","R","E","R","T","M","E","?","M","?","R","BOSS","M","M","$","M","M","E","R","E","T","M","E","?","M","E","R","BOSS","BOSS","R","$","E","BOSS"],"items_purchased_type":["Card","Card","Card","Relic","Card","Card","Relic","Relic","Card"],"build_version":"2020-12-22","purchased_purges":2,"victory":true,"max_hp_per_floor":[68,68,68,68,68,68,68,68,68,68,68,68,68,70,70,70,70,72,74,74,74,76,76,76,76,76,76,76,76,78,78,78,78,78,80,80,80,80,80,82,82,82,82,82,82,82,82,82,82,82,82,82,82,82,91,91],"relic_stats":{"Darkstone Periapt":0,"Regal Pillow":0,"Singing Bowl":16,"Happy Flower":[5],"counters":[32,164],"CeramicFish":198,"Pen Nib":[25],"Bag of Preparation":[66],"Nunchaku":[15],"Pantograph":84,"Pandora\u0027s Box":["Alpha","Blasphemy","Protect","Fasting2","Worship","MasterReality"],"obtain_stats":[{"Ice Cream":9,"Darkstone Periapt":48,"Regal Pillow":42,"Singing Bowl":10,"Happy Flower":54,"CeramicFish":26,"Damaru":9,"Thread and Needle":7,"Pen Nib":20,"Bag of Preparation":0,"Bottled Tornado":45,"Calling Bell":0,"Anchor":26,"Nunchaku":37,"Matryoshka":0,"Pantograph":12,"Strawberry":55,"Pandora\u0027s Box":34,"Coffee Dripper":17,"PureWater":0,"Toxic Egg 2":40,"FossilizedHelix":0,"InkBottle":28,"Pocketwatch":54},{"Ice Cream":5,"Darkstone Periapt":28,"Regal Pillow":24,"Singing Bowl":6,"Happy Flower":30,"CeramicFish":13,"Damaru":5,"Thread and Needle":5,"Pen Nib":11,"Bag of Preparation":0,"Bottled Tornado":26,"Calling Bell":0,"Anchor":13,"Nunchaku":20,"Matryoshka":0,"Pantograph":7,"Strawberry":31,"Pandora\u0027s Box":18,"Coffee Dripper":9,"PureWater":0,"Toxic Egg 2":23,"FossilizedHelix":0,"InkBottle":15,"Pocketwatch":30},{"Ice Cream":14,"Darkstone Periapt":131,"Regal Pillow":109,"Singing Bowl":17,"Happy Flower":148,"CeramicFish":46,"Damaru":14,"Thread and Needle":14,"Pen Nib":36,"Bag of Preparation":0,"Bottled Tornado":120,"Calling Bell":0,"Anchor":46,"Nunchaku":85,"Matryoshka":0,"Pantograph":21,"Strawberry":155,"Pandora\u0027s Box":75,"Coffee Dripper":28,"PureWater":0,"Toxic Egg 2":102,"FossilizedHelix":0,"InkBottle":55,"Pocketwatch":148}],"InkBottle":[60],"Pocketwatch":[7]},"card_choices":[{"not_picked":["WheelKick","EmptyBody"],"picked":"CutThroughFate","floor":1.0},{"not_picked":["Vengeance","WaveOfTheHand"],"picked":"Adaptation","floor":2.0},{"not_picked":["SashWhip","Brilliance"],"picked":"Halt","floor":4.0},{"not_picked":["FollowUp","Crescendo"],"picked":"ReachHeaven","floor":5.0},{"not_picked":["Worship","Protect"],"picked":"EmptyBody","floor":7.0},{"not_picked":["Nirvana","ReachHeaven"],"picked":"ClearTheMind","floor":10.0},{"not_picked":["PathToVictory","ClearTheMind"],"picked":"Establishment","floor":12.0},{"not_picked":["Evaluate","Pray","CrushJoints"],"picked":"Singing Bowl","floor":14.0},{"not_picked":["DevaForm","Scrawl"],"picked":"Vault","floor":16.0},{"not_picked":["Swivel","ClearTheMind","WindmillStrike"],"picked":"Singing Bowl","floor":18.0},{"not_picked":["CrushJoints","ForeignInfluence","FollowUp"],"picked":"Singing Bowl","floor":19.0},{"not_picked":["Consecrate+1","ForeignInfluence","FlyingSleeves"],"picked":"Singing Bowl","floor":22.0},{"not_picked":["PathToVictory","Evaluate"],"picked":"ThirdEye","floor":24.0},{"not_picked":["CrushJoints","FollowUp"],"picked":"DeusExMachina","floor":27.0},{"not_picked":["SandsOfTime+1","EmptyBody"],"picked":"Study","floor":28.0},{"not_picked":["EmptyFist","FlyingSleeves+1","PathToVictory"],"picked":"Singing Bowl","floor":30.0},{"not_picked":["ClearTheMind","JustLucky"],"picked":"SashWhip+1","floor":31.0},{"not_picked":["Establishment","DevaForm"],"picked":"Wish","floor":33.0},{"not_picked":["FollowUp","FlyingSleeves","Sanctity"],"picked":"Singing Bowl","floor":35.0},{"not_picked":["PathToVictory+1","Prostrate"],"picked":"BattleHymn","floor":36.0},{"not_picked":["BowlingBash","Protect+1"],"picked":"WheelKick+1","floor":38.0},{"not_picked":["Consecrate","SignatureMove"],"picked":"Collect","floor":39},{"not_picked":["Alpha+1","Consecrate","FollowUp"],"picked":"Singing Bowl","floor":40},{"not_picked":["Vengeance+1","EmptyMind+1"],"picked":"Meditate+1","floor":42},{"not_picked":["PathToVictory+1","BattleHymn"],"picked":"Prostrate+1","floor":44},{"not_picked":["BattleHymn","Protect+1"],"picked":"Wireheading","floor":45},{"not_picked":["Study","FollowUp+1"],"picked":"WheelKick","floor":47},{"not_picked":["Worship+1","Fasting2+1"],"picked":"Omniscience+1","floor":48},{"not_picked":["Study","Crescendo+1","Halt+1"],"picked":"Singing Bowl","floor":55}],"player_experience":2897058,"relics_obtained":[{"floor":0.0,"key":"Bag of Preparation"},{"floor":0.0,"key":"Matryoshka"},{"floor":0.0,"key":"FossilizedHelix"},{"floor":7.0,"key":"Thread and Needle"},{"floor":9.0,"key":"Damaru"},{"floor":9.0,"key":"Ice Cream"},{"floor":10.0,"key":"Singing Bowl"},{"floor":12.0,"key":"Pantograph"},{"floor":26.0,"key":"Anchor"},{"floor":26.0,"key":"CeramicFish"},{"floor":28.0,"key":"InkBottle"},{"floor":40,"key":"Toxic Egg 2"},{"floor":42,"key":"Regal Pillow"},{"floor":45,"key":"Bottled Tornado"},{"floor":48,"key":"Darkstone Periapt"},{"floor":55,"key":"Strawberry"}],"event_choices":[{"damage_healed":0.0,"max_hp_gain":0.0,"max_hp_loss":0.0,"gold_gain":0.0,"cards_transformed":["Strike_P"],"event_name":"Living Wall","player_choice":"Change","floor":11.0,"gold_loss":0.0,"damage_taken":0.0,"cards_obtained":["InnerPeace"]},{"damage_healed":9.0,"max_hp_gain":0.0,"max_hp_loss":0.0,"gold_gain":0.0,"event_name":"Wheel of Change","player_choice":"Full Heal","floor":13.0,"gold_loss":0.0,"damage_taken":0.0},{"damage_healed":0.0,"max_hp_gain":0.0,"max_hp_loss":0.0,"gold_gain":0.0,"event_name":"Addict","player_choice":"Obtained Relic","floor":20.0,"gold_loss":85.0,"damage_taken":0.0,"relics_obtained":["Pen Nib"]},{"cards_removed":["Strike_P"],"damage_healed":0.0,"max_hp_gain":0.0,"max_hp_loss":0.0,"gold_gain":0.0,"event_name":"Purifier","player_choice":"Purged","floor":29.0,"gold_loss":0.0,"damage_taken":0.0},{"damage_healed":0,"gold_gain":0,"cards_transformed":["Blasphemy"],"player_choice":"Transformed","damage_taken":0,"max_hp_gain":0,"max_hp_loss":0,"event_name":"Transmorgrifier","floor":46,"gold_loss":0,"cards_obtained":["DeceiveReality"]}],"is_beta":false,"boss_relics":[{"not_picked":["Ectoplasm","Philosopher\u0027s Stone"],"picked":"Coffee Dripper"},{"not_picked":["Empty Cage","Velvet Choker"],"picked":"Pandora\u0027s Box"}],"items_purged_floors":[37,54],"is_endless":false,"potions_floor_spawned":[2,4,7,10,14,19,22,27,28,33,39,42,45,47,55],"ascension_level":20}}