{"host":"a57oumegxze0vmhs","time":1614167040,"event":{"mods":["AchievementEnabler","BaseMod","Colored Powertips","Minty Spire (QoL Compilation)","Quick Restart","Relic Stats"],"gold_per_floor":[114,133,208,383,82,82,97,97,97,97,97,113,146,162,162,162,162],"floor_reached":16,"language":"ENG","playtime":620,"items_purged":["Doubt"],"score":165,"play_id":"fe8b9f6e-7dd0-4141-a4f9-883c9d61fe89","local_time":"20210224134400","is_ascension_mode":true,"campfire_choices":[{"floor":6,"key":"REST"},{"data":"Survivor","floor":11,"key":"SMITH"},{"floor":15,"key":"REST"}],"circlet_count":0,"master_deck":["AscendersBane","Strike_G+1","Strike_G+1","Strike_G","Strike_G","Strike_G","Defend_G","Defend_G","Defend_G","Defend_G","Defend_G","Survivor+1","Neutralize","Dagger Spray","PiercingWail","Riddle With Holes","Backflip","Footwork","Infinite Blades"],"relics":["Ring of the Snake","StoneCalendar","Membership Card","Omamori","The Courier","White Beast Statue","Whetstone"],"acts_visited":["Exordium"],"potions_floor_usage":[12,13,16,16],"damage_taken":[{"damage":5,"enemies":"Jaw Worm","floor":1,"turns":7},{"damage":0,"enemies":"2 Louse","floor":2,"turns":7},{"damage":0,"enemies":"Small Slimes","floor":7,"turns":3},{"damage":3,"enemies":"Red Slaver","floor":12,"turns":7},{"damage":9,"enemies":"3 Sentries","floor":13,"turns":7},{"damage":7,"enemies":"Exordium Thugs","floor":14,"turns":5},{"damage":61,"enemies":"Hexaghost","floor":16,"turns":11}],"seed_played":"3674839764565003800","potions_obtained":[{"floor":1,"key":"Regen Potion"},{"floor":12,"key":"Swift Potion"},{"floor":13,"key":"DuplicationPotion"},{"floor":14,"key":"SteroidPotion"}],"is_trial":false,"path_per_floor":["M","M","?","?","$","R","M","T","T","?","R","M","E","M","R","B"],"character_chosen":"THE_SILENT","items_purchased":["Membership Card","Omamori","Riddle With Holes"],"campfire_rested":2,"item_purchase_floors":[5,5,5],"current_hp_per_floor":[40,40,29,29,29,50,50,50,50,50,50,56,47,40,61,0,0],"gold":162,"neow_bonus":"ONE_RARE_RELIC","is_daily":false,"chose_seed":false,"campfire_upgraded":1,"win_rate":0.0,"timestamp":1614167040,"path_taken":["M","M","?","?","$","R","M","?","T","?","R","M","E","M","R","BOSS"],"items_purchased_type":["Relic","Relic","Card"],"build_version":"2020-12-22","purchased_purges":1,"victory":false,"max_hp_per_floor":[70,70,70,70,70,70,70,70,70,70,70,70,70,70,70,70,70],"relic_stats":{"counters":[7,47],"StoneCalendar":[167],"Whetstone":["Strike_G","Strike_G"],"obtain_stats":[{"StoneCalendar":0,"The Courier":8,"Omamori":5,"Membership Card":5,"Whetstone":13,"White Beast Statue":9,"Ring of the Snake":0},{"StoneCalendar":0,"The Courier":3,"Omamori":2,"Membership Card":2,"Whetstone":5,"White Beast Statue":3,"Ring of the Snake":0},{"StoneCalendar":0,"The Courier":17,"Omamori":14,"Membership Card":14,"Whetstone":31,"White Beast Statue":17,"Ring of the Snake":0}],"Ring of the Snake":[14]},"card_choices":[{"not_picked":["Reflex","All Out Attack"],"picked":"Dagger Spray","floor":1},{"not_picked":["Well Laid Plans","Dagger Spray"],"picked":"PiercingWail","floor":2},{"not_picked":["Dagger Throw","Tactician"],"picked":"Backflip","floor":7},{"not_picked":["Poisoned Stab","Predator"],"picked":"Footwork","floor":12},{"not_picked":["Outmaneuver","Expertise"],"picked":"Infinite Blades","floor":13},{"not_picked":["Reflex","PiercingWail","Dagger Spray"],"picked":"SKIP","floor":14}],"player_experience":464549,"relics_obtained":[{"floor":8,"key":"The Courier"},{"floor":9,"key":"White Beast Statue"},{"floor":13,"key":"Whetstone"}],"event_choices":[{"damage_healed":0,"gold_gain":75,"player_choice":"Gather Gold","damage_taken":11,"max_hp_gain":0,"max_hp_loss":0,"event_name":"World of Goop","floor":3,"gold_loss":0},{"damage_healed":0,"gold_gain":175,"player_choice":"AGREE","damage_taken":0,"max_hp_gain":0,"max_hp_loss":0,"event_name":"Liars Game","floor":4,"gold_loss":0,"cards_obtained":["Doubt"]},{"damage_healed":0,"gold_gain":0,"player_choice":"Ignored","damage_taken":0,"max_hp_gain":0,"max_hp_loss":0,"event_name":"Golden Wing","floor":10,"gold_loss":0}],"is_beta":false,"boss_relics":[],"items_purged_floors":[5],"is_endless":false,"potions_floor_spawned":[1,12,13,14],"killed_by":"Hexaghost","ascension_level":13}}