{"host":"glqsg3p5q4u9u1ra","time":1614162984,"event":{"mods":["Act Like it!","Arknights","BaseMod","Better Third Choice","BetterRewards","Colored Map","Downfall","Friendly Minions","Gensokyo","GifTheSpireLib","Hallownest","Highlight Path","Infinite Spire","Mimic Mod","Minty Spire (QoL Compilation)","Pale of the Ancients","Reliquary","Replay The Spire","Ruina","Spicy Shops","Spire Birthday Party","StSLib","The Blue Laboratory","The Bug Knight","The Exalted","The Servant 0.9.4","Wandering Minibosses"],"gold_per_floor":[113,113,133,58,58,90,90,90,113,124,24,49,69,21,21,126,126,138,138,138,138],"floor_reached":20,"language":"ENG","playtime":590,"items_purged":["ats:Strike V","ats:Strike G"],"score":226,"play_id":"cc82fd57-6740-4b4c-8a20-057f97b4105c","local_time":"20210224023624","is_ascension_mode":true,"campfire_choices":[{"data":"Adrenaline","floor":7,"key":"SMITH"},{"data":"ats:Emotion Absorption","floor":15,"key":"SMITH"}],"circlet_count":0,"master_deck":["ats:Armor Crushing Shot","ats:Defend","ats:Defend","ats:Defend","ats:Emotion Absorption+1","ats:Ignite","ats:Ignite","Adrenaline+1","ats:Ignite","ats:Neurotoxin+1","ats:Volcano","ats:Poison Spread"],"relics":["ats:Sanity","NeowsBlessing","Blue Doll","Simple Rune","ats:Originium","Sundial","Akabeko","Dream Catcher","Empty Cage","Frozen Eye"],"acts_visited":["Exordium","Exordium"],"potions_floor_usage":[12,18,20,20,20],"damage_taken":[{"damage":0,"enemies":"2 Louse","floor":1,"turns":1},{"damage":0,"enemies":"Cultist","floor":3,"turns":1},{"damage":0,"enemies":"Lagavulin","floor":6,"turns":1},{"damage":3,"enemies":"Small Slimes","floor":10,"turns":2},{"damage":14,"enemies":"Gremlin Nob","floor":12,"turns":4},{"damage":0,"enemies":"3 Louse","floor":13,"turns":3},{"damage":30,"enemies":"Fading Forest","floor":16,"turns":11},{"damage":52,"enemies":"ruina:BadWolf","floor":18,"turns":5},{"damage":20,"enemies":"ruina:2_Scarecrows","floor":20,"turns":3}],"seed_played":"-605892222901514837","potions_obtained":[{"floor":1,"key":"sneckomod:MuddlingPotion"},{"floor":3,"key":"blueLaboratory:PhilterOfMotion"},{"floor":10,"key":"Flashbang"},{"floor":13,"key":"ats:Emergency Sanity Potion"},{"floor":16,"key":"Explosive Potion"},{"floor":18,"key":"blueLaboratory:PhilterOfMotion"}],"is_trial":false,"path_per_floor":["M","?","M","$","?","E","R","?","T","M","$","E","M","$","R","B",null,"M","?","M"],"character_chosen":"DOCTOR_CLASS","items_purchased":["ats:Neurotoxin+1"],"campfire_rested":0,"item_purchase_floors":[14],"current_hp_per_floor":[72,72,72,72,52,52,52,72,72,69,69,55,55,55,55,35,72,20,20,0,0],"gold":138,"neow_bonus":"THREE_ENEMY_KILL","is_daily":false,"chose_seed":false,"campfire_upgraded":2,"win_rate":0.0,"timestamp":1614162984,"path_taken":["M","?","?","$","?","E","R","?","T","M","$","E","M","$","R","BOSS","M","?","?"],"items_purchased_type":["Card"],"build_version":"2020-12-22","purchased_purges":2,"victory":false,"max_hp_per_floor":[72,72,72,72,72,72,72,72,72,72,72,72,72,72,72,72,72,72,72,72,72],"card_choices":[{"not_picked":["ats:Powerful Strike","ats:Blood Oath"],"picked":"ats:Ignite","floor":1},{"not_picked":["ats:Song Of Battle","ats:Assault Order"],"picked":"ats:Ignite","floor":3},{"not_picked":["ats:Magnetic Hammer","ats:Flexible Camouflage","ats:Absolute Focus"],"picked":"SKIP","floor":6},{"not_picked":["ats:Shell Defense","ats:Magnetic Hammer","ats:Automatic Cover"],"picked":"SKIP","floor":10},{"not_picked":["ats:Consecutive Shot Auto","ats:Durian","ats:Magnetic Hammer"],"picked":"SKIP","floor":12},{"not_picked":["ats:Magnetic Hammer","ats:Absolute Focus"],"picked":"ats:Ignite","floor":13},{"not_picked":["ats:Shadow Assault","ats:Disruption Kick"],"picked":"ats:Volcano","floor":16},{"not_picked":["ats:Absolute Focus","ats:Explosion Area Strengthen"],"picked":"ats:Poison Spread","floor":18}],"player_experience":1176962,"relics_obtained":[{"floor":6,"key":"ats:Originium"},{"floor":6,"key":"Sundial"},{"floor":9,"key":"Akabeko"},{"floor":12,"key":"ats:Originium"},{"floor":12,"key":"Dream Catcher"}],"event_choices":[{"damage_healed":0,"gold_gain":0,"player_choice":"Gave Potion","damage_taken":0,"relics_obtained":["Blue Doll"],"max_hp_gain":0,"max_hp_loss":0,"event_name":"WeMeetAgain","floor":2,"gold_loss":0},{"damage_healed":24,"gold_gain":0,"player_choice":"Banana","damage_taken":0,"max_hp_gain":0,"max_hp_loss":0,"event_name":"Big Fish","floor":8,"gold_loss":0}],"is_beta":false,"boss_relics":[{"not_picked":["ReplayTheSpireMod:DimensionalGlitch","Busted Crown"],"picked":"Empty Cage"}],"items_purged_floors":[4,11],"is_endless":false,"potions_floor_spawned":[1,3,10,13,16,18],"killed_by":"ruina:2_Scarecrows","ascension_level":2}}