{"host":"p0hktren06injwdf","time":1614180802,"event":{"mods":["AchievementEnabler","BaseMod","Colored Map","DeckTracker","Minty Spire (QoL Compilation)","Permanent Neow","StSLib","SuperFastMode"],"gold_per_floor":[111,111,111,111,122,122,39,39,39,65,78,105,116,147,147,218,218,230,250,275,287,8,8,20,20,20,20,20,35,50,65,65,141,141,159,173,18,33,50,50,60,60,60,60,79,107,107,127,127,127,127,127],"floor_reached":51,"language":"KOR","playtime":1305,"items_purged":[],"score":1327,"play_id":"fe939c6e-c103-4cfe-a8a6-3251ac8b4fc5","local_time":"20210225003322","is_ascension_mode":true,"campfire_choices":[{"data":"Cloak And Dagger","floor":6.0,"key":"SMITH"},{"data":"Cloak And Dagger","floor":8.0,"key":"SMITH"},{"data":"Dagger Spray","floor":15.0,"key":"SMITH"},{"floor":23.0,"key":"REST"},{"floor":25.0,"key":"REST"},{"floor":28.0,"key":"REST"},{"floor":32.0,"key":"REST"},{"floor":40.0,"key":"REST"},{"floor":42.0,"key":"REST"},{"floor":47.0,"key":"REST"},{"floor":49.0,"key":"REST"}],"circlet_count":0,"master_deck":["AscendersBane","Strike_G","Strike_G","Strike_G","Strike_G","Defend_G","Defend_G","Defend_G","Defend_G","Survivor","Neutralize","Cloak And Dagger+1","Cloak And Dagger+1","Footwork","Dagger Spray+1","Infinite Blades","Dash","Malaise","Reflex","Backflip","Blade Dance","A Thousand Cuts","Crippling Poison","Dodge and Roll","Dodge and Roll+1","Blade Dance","After Image","Blur","Finesse","PiercingWail","Accuracy","Accuracy","Blade Dance","Cloak And Dagger+1","Doubt","Leg Sweep","Acrobatics","Escape Plan+1"],"relics":["Ring of the Snake","Akabeko","Boot","Gremlin Horn","Dream Catcher","Snake Skull","Bottled Tornado","Fusion Hammer","Red Mask","Shuriken","Letter Opener","Cursed Key","Kunai","Bottled Lightning"],"acts_visited":["Exordium","TheCity","TheBeyond"],"potions_floor_usage":[50,51],"damage_taken":[{"damage":1.0,"enemies":"Jaw Worm","floor":1.0,"turns":5.0},{"damage":0.0,"enemies":"Small Slimes","floor":5.0,"turns":5.0},{"damage":22.0,"enemies":"Lagavulin","floor":10.0,"turns":9.0},{"damage":0.0,"enemies":"2 Louse","floor":11.0,"turns":2.0},{"damage":3.0,"enemies":"3 Sentries","floor":12.0,"turns":7.0},{"damage":4.0,"enemies":"Exordium Thugs","floor":13.0,"turns":3.0},{"damage":8.0,"enemies":"Gremlin Nob","floor":14.0,"turns":3.0},{"damage":33.0,"enemies":"Slime Boss","floor":16.0,"turns":12.0},{"damage":9.0,"enemies":"Shell Parasite","floor":18.0,"turns":5.0},{"damage":0.0,"enemies":"2 Thieves","floor":19.0,"turns":4.0},{"damage":17.0,"enemies":"Masked Bandits","floor":20.0,"turns":4.0},{"damage":23.0,"enemies":"Snecko","floor":21.0,"turns":7.0},{"damage":2.0,"enemies":"3 Cultists","floor":24.0,"turns":4.0},{"damage":22.0,"enemies":"Snake Plant","floor":29.0,"turns":5.0},{"damage":10.0,"enemies":"Centurion and Healer","floor":30.0,"turns":7.0},{"damage":10.0,"enemies":"Shelled Parasite and Fungi","floor":31.0,"turns":6.0},{"damage":33.0,"enemies":"Collector","floor":33.0,"turns":11.0},{"damage":0.0,"enemies":"3 Darklings","floor":35.0,"turns":4.0},{"damage":0.0,"enemies":"Orb Walker","floor":36.0,"turns":4.0},{"damage":4.0,"enemies":"3 Darklings","floor":38.0,"turns":4.0},{"damage":1.0,"enemies":"Jaw Worm Horde","floor":39.0,"turns":3.0},{"damage":30.0,"enemies":"Transient","floor":41.0,"turns":6.0},{"damage":22.0,"enemies":"3 Darklings","floor":45.0,"turns":4.0},{"damage":25.0,"enemies":"Reptomancer","floor":46.0,"turns":6.0},{"damage":9.0,"enemies":"Spire Growth","floor":48.0,"turns":5.0},{"damage":27,"enemies":"Awakened One","floor":50,"turns":10},{"damage":21,"enemies":"Time Eater","floor":51,"turns":3}],"seed_played":"8808625306291944059","potions_obtained":[{"floor":5.0,"key":"Energy Potion"},{"floor":12.0,"key":"Fire Potion"},{"floor":13.0,"key":"Regen Potion"},{"floor":19.0,"key":"Block Potion"},{"floor":20.0,"key":"EssenceOfSteel"},{"floor":21.0,"key":"Dexterity Potion"},{"floor":33.0,"key":"BlessingOfTheForge"},{"floor":41.0,"key":"Strength Potion"},{"floor":46.0,"key":"AttackPotion"}],"is_trial":false,"path_per_floor":["M","?","?","T","M","R","$","R","T","E","M","E","M","E","R","B",null,"M","M","?","M","$","R","M","R","T","?","R","M","M","M","R","B",null,"M","M","$","M","M","R","M","R","T","?","M","E","R","M","R","B","B"],"character_chosen":"THE_SILENT","items_purchased":["Footwork","Shuriken","Finesse","PiercingWail"],"campfire_rested":8,"item_purchase_floors":[7,22,37,37],"current_hp_per_floor":[58,63,63,63,63,63,63,63,63,41,41,38,34,26,26,8,55,46,46,29,6,6,27,25,46,46,46,67,45,35,25,46,13,57,57,57,57,53,52,71,41,62,62,62,40,15,36,27,48,21,0,0],"gold":127,"neow_bonus":"RANDOM_COMMON_RELIC","is_daily":false,"chose_seed":false,"campfire_upgraded":3,"win_rate":0.0,"timestamp":1614180802,"path_taken":["M","?","?","?","M","R","$","R","T","E","M","E","M","E","R","BOSS","M","M","?","M","$","R","M","R","T","?","R","M","M","?","R","BOSS","M","M","$","M","M","R","M","R","T","?","M","E","R","M","R","BOSS","BOSS"],"items_purchased_type":["Card","Relic","Card","Card"],"build_version":"2020-12-22","purchased_purges":0,"victory":false,"max_hp_per_floor":[66,71,71,71,71,71,71,71,71,71,71,71,71,71,71,71,71,71,71,71,71,71,71,71,71,71,71,71,71,71,71,71,71,71,71,71,71,71,71,71,71,71,71,71,71,71,71,71,71,71,71,71],"card_choices":[{"not_picked":["Deflect","Sucker Punch"],"picked":"Cloak And Dagger","floor":1.0},{"not_picked":["Quick Slash","Slice"],"picked":"Cloak And Dagger","floor":5.0},{"not_picked":["Deflect","Heel Hook","Prepared"],"picked":"SKIP","floor":10.0},{"not_picked":["Expertise","Leg Sweep"],"picked":"Dagger Spray","floor":11.0},{"not_picked":["Prepared","Eviscerate"],"picked":"Infinite Blades","floor":12.0},{"not_picked":["Dagger Spray","Wraith Form v2","Quick Slash"],"picked":"SKIP","floor":13.0},{"not_picked":["Heel Hook","Quick Slash"],"picked":"Dash","floor":14.0},{"not_picked":["Night Terror","Bullet Time"],"picked":"Malaise","floor":16.0},{"not_picked":["Slice","Riddle With Holes+1"],"picked":"Reflex","floor":18.0},{"not_picked":["Acrobatics","Dodge and Roll"],"picked":"Backflip","floor":19.0},{"not_picked":["Outmaneuver","Prepared"],"picked":"Blade Dance","floor":21.0},{"not_picked":["Backstab+1","Underhanded Strike"],"picked":"A Thousand Cuts","floor":24.0},{"not_picked":["Dagger Spray","Cloak And Dagger"],"picked":"Crippling Poison","floor":25.0},{"not_picked":["Prepared","Bane+1"],"picked":"Dodge and Roll","floor":28.0},{"not_picked":["Backstab+1","Slice","Dagger Spray"],"picked":"SKIP","floor":29.0},{"not_picked":["Dodge and Roll","Sucker Punch","Outmaneuver"],"picked":"SKIP","floor":30.0},{"not_picked":["Infinite Blades","Caltrops"],"picked":"Dodge and Roll+1","floor":31.0},{"not_picked":["Dagger Throw","Deadly Poison"],"picked":"Blade Dance","floor":32.0},{"not_picked":["Doppelganger","Burst"],"picked":"After Image","floor":33.0},{"not_picked":["Expertise","Dagger Spray+1"],"picked":"Blur","floor":35.0},{"not_picked":["Slice","Concentrate","Crippling Poison"],"picked":"SKIP","floor":36.0},{"not_picked":["Noxious Fumes+1","Quick Slash"],"picked":"Accuracy","floor":38.0},{"not_picked":["Infinite Blades","Backstab"],"picked":"Accuracy","floor":39.0},{"not_picked":["Flying Knee+1","Deadly Poison"],"picked":"Blade Dance","floor":40.0},{"not_picked":["Heel Hook","Doppelganger"],"picked":"Cloak And Dagger+1","floor":41.0},{"not_picked":["Blade Dance","Dagger Spray"],"picked":"Leg Sweep","floor":45.0},{"not_picked":["Tactician","Backflip","Slice"],"picked":"SKIP","floor":46.0},{"not_picked":["Flying Knee","Bane"],"picked":"Acrobatics","floor":48.0},{"not_picked":["Riddle With Holes","Cloak And Dagger"],"picked":"Escape Plan+1","floor":49.0}],"player_experience":1106754,"relics_obtained":[{"floor":4.0,"key":"Boot"},{"floor":9.0,"key":"Gremlin Horn"},{"floor":10.0,"key":"Dream Catcher"},{"floor":12.0,"key":"Snake Skull"},{"floor":14.0,"key":"Bottled Tornado"},{"floor":20.0,"key":"Red Mask"},{"floor":26.0,"key":"Letter Opener"},{"floor":43.0,"key":"Kunai"},{"floor":46.0,"key":"Bottled Lightning"}],"event_choices":[{"damage_healed":0.0,"max_hp_gain":5.0,"max_hp_loss":0.0,"gold_gain":0.0,"event_name":"Big Fish","player_choice":"Donut","floor":2.0,"gold_loss":0.0,"damage_taken":0.0},{"damage_healed":0.0,"max_hp_gain":0.0,"max_hp_loss":0.0,"gold_gain":0.0,"event_name":"Shining Light","player_choice":"Ignored","floor":3.0,"gold_loss":0.0,"damage_taken":0.0},{"damage_healed":0.0,"max_hp_gain":0.0,"max_hp_loss":0.0,"gold_gain":0.0,"event_name":"Masked Bandits","player_choice":"Fought Bandits","floor":20.0,"gold_loss":0.0,"damage_taken":0.0},{"cards_removed":["Strike_G"],"damage_healed":0.0,"max_hp_gain":0.0,"max_hp_loss":0.0,"gold_gain":0.0,"event_name":"Bonfire Elementals","player_choice":"Offered Basic","floor":27.0,"gold_loss":0.0,"damage_taken":0.0},{"cards_removed":["Defend_G"],"damage_healed":0.0,"max_hp_gain":0.0,"max_hp_loss":0.0,"gold_gain":0.0,"event_name":"Falling","player_choice":"Removed Skill","floor":44.0,"gold_loss":0.0,"damage_taken":0.0}],"is_beta":false,"boss_relics":[{"not_picked":["Runic Dome","Black Star"],"picked":"Fusion Hammer"},{"not_picked":["Runic Pyramid","Coffee Dripper"],"picked":"Cursed Key"}],"items_purged_floors":[],"is_endless":false,"potions_floor_spawned":[5,12,13,19,20,21,31,33,38,41,45,46,48],"killed_by":"Time Eater","ascension_level":20}}