{"host":"ucui2dhitt7z24xz","time":1614188619,"event":{"mods":["2.2 Compatiblity","AchievementEnabler","Act Like it!","AlwaysNeverKeys","Aspiration","BaseMod","Better Altar","Better Match","Better Note","Better Sensory Stone","Better Skull","Better Synergies","Better Third Choice","Block Reminder","Colored Map","Conspire","Dark Map","Disable Question Mark Monsters","GifTheSpireLib","Halation","Hubris","Infinite Spire","Jedi Mod","Jorbs\u0027s Wanderer Trilogy","Marked Mod","Minty Spire (QoL Compilation)","Permanent Neow","Random Character Button","Rare Cards Sparkle","Relic Filter","Reliquary","Replay The Spire","SCP261 Mod","Spicy Shops","Spikes Relics","Spire Arcade","StSLib","Stuff the Spire","The Blue Laboratory","Wandering Minibosses"],"gold_per_floor":[113,132,143,166,166,201,32,66,120,157,157,199,232,262,262,360,360,375,418,439,459,487,513,542,596,596,596,640,705,737,770,770,886,886,896,806,830,350,360,360,395,450,450,471,471,526,526,569,569,579,579,579,579,1241,1267],"floor_reached":56,"language":"ENG","playtime":6007,"items_purged":["stsjorbsmod:Strike_Wanderer","stsjorbsmod:Defend_Wanderer","stsjorbsmod:Defend_Wanderer"],"score":1724,"play_id":"2c08f140-a738-4e9b-83ae-f285f865bdb3","local_time":"20210224124339","is_ascension_mode":true,"campfire_choices":[{"data":"stsjorbsmod:FindFamiliar","floor":15,"key":"SMITH"},{"data":"stsjorbsmod:ScorchingRay","floor":15,"key":"SMITH"},{"data":"1","floor":27,"key":"LIFT"},{"floor":32,"key":"REST"},{"data":"2","floor":40,"key":"LIFT"},{"floor":49,"key":"RECALL"},{"data":"3","floor":52,"key":"LIFT"}],"circlet_count":0,"master_deck":["stsjorbsmod:ForbiddenGrimoire+1","stsjorbsmod:Strike_Wanderer+1","stsjorbsmod:Strike_Wanderer+1","stsjorbsmod:Defend_Wanderer+1","stsjorbsmod:Defend_Wanderer+1","stsjorbsmod:FreshAdventure+1","stsjorbsmod:EyeOfTheStorm+1","stsjorbsmod:FracturedMind","stsjorbsmod:FindFamiliar+1","stsjorbsmod:LocateObject+1","stsjorbsmod:LoseGrip+1","stsjorbsmod:Feast","stsjorbsmod:ScorchingRay+1","stsjorbsmod:ArcaneWeapon","stsjorbsmod:MagicMissiles","stsjorbsmod:ArcaneForm","stsjorbsmod:TollTheDead+1","stsjorbsmod:Counterspell","stsjorbsmod:MageArmor","stsjorbsmod:FranticSearch","stsjorbsmod:HoldMonster","Master of Strategy","stsjorbsmod:Pyromancy","stsjorbsmod:BookOfTongues"],"relics":["stsjorbsmod:GrimoireRelic","aspiration:Nostalgia","Sizzling Blood","Girya","Replay:Arrowhead","hubris:Metronome","Vajra","StuffTheSpire:EmeraldSignet","Black Star","reliquary:WeakTea","CaptainsWheel","Mummified Hand","Art of War","reliquary:BoilingFlask","StuffTheSpire:CocoNut","infinitespire:Midas Blood","Omamori","Rawhide","Akabeko","Calling Bell","ReplayFunnel","Garlic","FossilizedHelix","Torii","SnailShell","hubris:NiceRug","hubris:DeckOfHolding","Lee\u0027s Waffle","infinitespire:Eraser","Toolbox","Letter Opener","reliquary:Stiletto","infinitespire:Magic Flask","Bird Faced Urn","reliquary:Spinner","Sundial","conspire:BottledYoYo","reliquary:ExpiredCoupon"],"acts_visited":["Exordium","TheCity","TheBeyond","TheEnding"],"potions_floor_usage":[8,14,18,18,22,22,28,30,31,33,38,42,48],"damage_taken":[{"damage":0,"enemies":"2 Louse","floor":1,"turns":4},{"damage":0,"enemies":"Small Slimes","floor":2,"turns":5},{"damage":0,"enemies":"conspire:RoseBush","floor":3,"turns":3},{"damage":8,"enemies":"Red Slaver","floor":4,"turns":4},{"damage":35,"enemies":"3 Sentries","floor":6,"turns":8},{"damage":27,"enemies":"Lagavulin","floor":8,"turns":7},{"damage":2,"enemies":"Lots of Slimes","floor":10,"turns":4},{"damage":0,"enemies":"Replay:BlueRogue","floor":12,"turns":6},{"damage":0,"enemies":"2 Fungi Beasts","floor":13,"turns":4},{"damage":0,"enemies":"3 Louse","floor":14,"turns":2},{"damage":25,"enemies":"The Guardian","floor":16,"turns":8},{"damage":0,"enemies":"Spheric Guardian","floor":18,"turns":4},{"damage":0,"enemies":"3 Byrds","floor":19,"turns":6},{"damage":19,"enemies":"Centurion and Healer","floor":20,"turns":7},{"damage":36,"enemies":"Sentry and Sphere","floor":21,"turns":6},{"damage":3,"enemies":"Snecko","floor":22,"turns":4},{"damage":1,"enemies":"Replay:Snechameleon","floor":23,"turns":5},{"damage":0,"enemies":"conspire:HollyBat","floor":24,"turns":5},{"damage":44,"enemies":"Slavers","floor":25,"turns":5},{"damage":27,"enemies":"conspire:SneckoGhost","floor":28,"turns":6},{"damage":2,"enemies":"Centurion and Healer","floor":30,"turns":4},{"damage":21,"enemies":"Book of Stabbing","floor":31,"turns":5},{"damage":12,"enemies":"hubris:MusketHawk","floor":33,"turns":6},{"damage":0,"enemies":"3 Shapes","floor":35,"turns":3},{"damage":0,"enemies":"Orb Walker","floor":37,"turns":2},{"damage":8,"enemies":"hubris:Merchant","floor":38,"turns":6},{"damage":0,"enemies":"Transient","floor":39,"turns":5},{"damage":0,"enemies":"R_Hoarder","floor":41,"turns":7},{"damage":0,"enemies":"2 Orb Walkers","floor":42,"turns":2},{"damage":0,"enemies":"Maw","floor":44,"turns":4},{"damage":0,"enemies":"4 Shapes","floor":46,"turns":2},{"damage":0,"enemies":"Giant Head","floor":48,"turns":4},{"damage":0,"enemies":"Donu and Deca","floor":50,"turns":6},{"damage":18,"enemies":"Shield and Spear","floor":54,"turns":7},{"damage":16,"enemies":"The Heart","floor":55,"turns":7}],"seed_played":"-2649377361233949978","potions_obtained":[{"floor":3,"key":"blueLaboratory:AbyssPotion"},{"floor":10,"key":"blueLaboratory:BubblePotion"},{"floor":13,"key":"blueLaboratory:SavagePotion"},{"floor":14,"key":"SpeedPotion"},{"floor":16,"key":"Block Potion"},{"floor":20,"key":"blueLaboratory:Moonshine"},{"floor":21,"key":"Adrenaline Potion"},{"floor":25,"key":"Weak Potion"},{"floor":28,"key":"SneckoOil"},{"floor":29,"key":"Weak Potion"},{"floor":29,"key":"blueLaboratory:RememoryPotion"},{"floor":31,"key":"blueLaboratory:BottleOfVodka"},{"floor":35,"key":"Strength Potion"},{"floor":37,"key":"blueLaboratory:StoneskinPotion"},{"floor":38,"key":"GamblersBrew"},{"floor":44,"key":"Block Potion"},{"floor":54,"key":"blueLaboratory:AbyssPotion"}],"is_trial":false,"path_per_floor":["M","M","M","M","?","E","$","E","T","M","?","E","M","M","R","B",null,"M","M","M","M","M","E","M","E","T","R","E","?","M","E","R","B",null,"M","?","M","$","M","R","E","?","T","M","AVR","M","?","E","R","B",null,"R","$","E","B",null],"character_chosen":"WANDERER","items_purchased":["Replay:Arrowhead","stsjorbsmod:HoldMonster","Torii","SnailShell"],"campfire_rested":1,"item_purchase_floors":[7,38,38,38],"current_hp_per_floor":[72,72,74,74,59,28,28,5,5,10,3,13,20,26,26,7,74,76,80,76,52,62,72,85,55,55,55,45,19,29,16,49,50,113,115,115,117,126,126,126,128,128,128,128,128,128,128,130,130,134,134,134,134,122,133],"gold":1267,"neow_bonus":"NOSTALGIA","is_daily":false,"chose_seed":false,"campfire_upgraded":2,"win_rate":0.0,"timestamp":1614188619,"path_taken":["M","M","M","M","?","E","$","E","T","M","?","E","M","M","R","BOSS","M","M","M","M","M","E","M","E","T","R","E","?","M","E","R","BOSS","M","?","?","$","M","R","E","?","T","M","AVR","M","?","E","R","BOSS","R","$","E","BOSS"],"items_purchased_type":["Relic","Card","Relic","Relic"],"build_version":"2020-12-22","purchased_purges":3,"victory":true,"max_hp_per_floor":[72,72,74,74,74,74,74,74,74,74,74,74,74,74,74,74,74,76,80,84,88,90,92,94,98,98,98,107,107,109,111,111,113,113,115,115,117,126,126,126,128,128,128,128,128,128,128,130,130,134,134,134,134,136,138],"card_choices":[{"not_picked":["stsjorbsmod:SmithingStrike","stsjorbsmod:ChatteringStrike"],"picked":"stsjorbsmod:FracturedMind","floor":1},{"not_picked":["stsjorbsmod:Will","stsjorbsmod:Mending"],"picked":"stsjorbsmod:FindFamiliar","floor":2},{"not_picked":["stsjorbsmod:MageArmor","stsjorbsmod:DoubleCheck"],"picked":"stsjorbsmod:LocateObject","floor":3},{"not_picked":["stsjorbsmod:HedgeWizard","stsjorbsmod:TinyHut"],"picked":"stsjorbsmod:LoseGrip","floor":4},{"not_picked":["stsjorbsmod:Rest","stsjorbsmod:BlackTentacles","stsjorbsmod:Banish"],"picked":"SKIP","floor":6},{"not_picked":["stsjorbsmod:DoubleCheck","stsjorbsmod:Channel"],"picked":"stsjorbsmod:Feast","floor":8},{"not_picked":["stsjorbsmod:FindFamiliar","stsjorbsmod:Hibernate"],"picked":"stsjorbsmod:ScorchingRay","floor":10},{"not_picked":["stsjorbsmod:Mending","stsjorbsmod:SchoolsOfMagic"],"picked":"stsjorbsmod:ArcaneWeapon","floor":12},{"not_picked":["stsjorbsmod:WanderingMind","stsjorbsmod:ArcaneWeapon"],"picked":"stsjorbsmod:MagicMissiles","floor":13},{"not_picked":["stsjorbsmod:Prepare","stsjorbsmod:RayOfFrost","stsjorbsmod:MageArmor"],"picked":"SKIP","floor":14},{"not_picked":["stsjorbsmod:Fireball","stsjorbsmod:Banish"],"picked":"stsjorbsmod:ArcaneForm","floor":16},{"not_picked":["stsjorbsmod:ChainLightning+1","stsjorbsmod:RayOfFrost"],"picked":"stsjorbsmod:TollTheDead+1","floor":18},{"not_picked":["stsjorbsmod:Message","stsjorbsmod:LocateObject","stsjorbsmod:FracturedMind"],"picked":"SKIP","floor":19},{"not_picked":["stsjorbsmod:Hurt","stsjorbsmod:FaerieFire","stsjorbsmod:DoubleCheck"],"picked":"SKIP","floor":20},{"not_picked":["stsjorbsmod:BookOfTongues","stsjorbsmod:Hurt","stsjorbsmod:SmithingStrike"],"picked":"SKIP","floor":21},{"not_picked":["stsjorbsmod:Hurt","stsjorbsmod:MagicMirror","stsjorbsmod:Prepare+1"],"picked":"SKIP","floor":22},{"not_picked":["stsjorbsmod:Banish","stsjorbsmod:Rest+1","stsjorbsmod:Mindworm"],"picked":"SKIP","floor":23},{"not_picked":["stsjorbsmod:Message","stsjorbsmod:BlackTentacles+1"],"picked":"stsjorbsmod:Counterspell","floor":24},{"not_picked":["stsjorbsmod:FracturedMind","stsjorbsmod:Message"],"picked":"stsjorbsmod:MageArmor","floor":25},{"not_picked":["stsjorbsmod:Message+1","stsjorbsmod:Firebolt"],"picked":"stsjorbsmod:FranticSearch","floor":28},{"not_picked":["stsjorbsmod:TinyHut","stsjorbsmod:Mindworm","stsjorbsmod:Message"],"picked":"SKIP","floor":30},{"not_picked":["stsjorbsmod:ChatteringStrike","stsjorbsmod:HedgeWizard","stsjorbsmod:Inferno"],"picked":"SKIP","floor":31},{"not_picked":["stsjorbsmod:WanderingMind+1","stsjorbsmod:Materialize","stsjorbsmod:Hurt+1"],"picked":"SKIP","floor":35},{"not_picked":["stsjorbsmod:Mania+1","stsjorbsmod:Channel","stsjorbsmod:Index"],"picked":"SKIP","floor":37},{"not_picked":[],"picked":"Master of Strategy","floor":38},{"not_picked":["stsjorbsmod:TrueStrike"],"picked":"SKIP","floor":38},{"not_picked":["stsjorbsmod:ParryingBlow"],"picked":"SKIP","floor":38},{"not_picked":["stsjorbsmod:Aid"],"picked":"SKIP","floor":38},{"not_picked":["stsjorbsmod:Pyromancy"],"picked":"SKIP","floor":38},{"not_picked":["Jack Of All Trades"],"picked":"SKIP","floor":38},{"not_picked":["stsjorbsmod:DisguiseSelf","stsjorbsmod:Aid+1","stsjorbsmod:Materialize"],"picked":"SKIP","floor":39},{"not_picked":["stsjorbsmod:Feast","stsjorbsmod:Will","stsjorbsmod:ChatteringStrike"],"picked":"SKIP","floor":41},{"not_picked":["stsjorbsmod:Prestidigitation","stsjorbsmod:MageArmor","stsjorbsmod:Channel+1"],"picked":"SKIP","floor":44},{"not_picked":["stsjorbsmod:FracturedMind","stsjorbsmod:UnseenServant+1"],"picked":"stsjorbsmod:Pyromancy","floor":46},{"not_picked":["stsjorbsmod:DisguiseSelf+1","stsjorbsmod:Materialize+1","stsjorbsmod:ThirstingSword"],"picked":"SKIP","floor":48},{"not_picked":["stsjorbsmod:RayOfFrost","stsjorbsmod:Firebolt"],"picked":"stsjorbsmod:BookOfTongues","floor":54}],"player_experience":750894,"relics_obtained":[{"floor":6,"key":"Girya"},{"floor":8,"key":"hubris:Metronome"},{"floor":9,"key":"Vajra"},{"floor":12,"key":"StuffTheSpire:EmeraldSignet"},{"floor":23,"key":"reliquary:WeakTea"},{"floor":23,"key":"CaptainsWheel"},{"floor":25,"key":"Mummified Hand"},{"floor":25,"key":"Art of War"},{"floor":26,"key":"reliquary:BoilingFlask"},{"floor":28,"key":"StuffTheSpire:CocoNut"},{"floor":28,"key":"infinitespire:Midas Blood"},{"floor":29,"key":"Omamori"},{"floor":31,"key":"Rawhide"},{"floor":31,"key":"Akabeko"},{"floor":34,"key":"ReplayFunnel"},{"floor":34,"key":"Garlic"},{"floor":34,"key":"FossilizedHelix"},{"floor":38,"key":"hubris:DeckOfHolding"},{"floor":38,"key":"Lee\u0027s Waffle"},{"floor":38,"key":"infinitespire:Eraser"},{"floor":38,"key":"Toolbox"},{"floor":41,"key":"Letter Opener"},{"floor":41,"key":"reliquary:Stiletto"},{"floor":42,"key":"infinitespire:Magic Flask"},{"floor":48,"key":"reliquary:Spinner"},{"floor":48,"key":"Sundial"},{"floor":54,"key":"conspire:BottledYoYo"},{"floor":54,"key":"reliquary:ExpiredCoupon"}],"event_choices":[{"damage_healed":74,"gold_gain":0,"player_choice":"Upgrade","damage_taken":15,"max_hp_gain":0,"max_hp_loss":74,"event_name":"betterThird:BetterShining","floor":5,"gold_loss":0,"cards_upgraded":["stsjorbsmod:EyeOfTheStorm","stsjorbsmod:LoseGrip"]},{"damage_healed":0,"gold_gain":1,"player_choice":"LEAVE","damage_taken":7,"max_hp_gain":0,"max_hp_loss":0,"event_name":"betterThird:BetterScrap","floor":11,"gold_loss":0,"cards_obtained":["StuffTheSpire:Resist"]},{"cards_removed":["stsjorbsmod:Strike_Wanderer"],"damage_healed":0,"gold_gain":0,"player_choice":"Upgrade and Remove","damage_taken":0,"max_hp_gain":0,"max_hp_loss":0,"event_name":"Designer","floor":36,"gold_loss":90,"cards_upgraded":["stsjorbsmod:LocateObject"]},{"damage_healed":0,"gold_gain":0,"player_choice":"Fight","damage_taken":0,"max_hp_gain":0,"max_hp_loss":0,"event_name":"Mysterious Sphere","floor":42,"gold_loss":0},{"damage_healed":0,"gold_gain":0,"player_choice":"Leave","damage_taken":0,"max_hp_gain":0,"max_hp_loss":0,"event_name":"conspire:Investor","floor":47,"gold_loss":0}],"is_beta":false,"boss_relics":[{"not_picked":["Ectoplasm","Coffee Dripper"],"picked":"Black Star"},{"not_picked":["aspiration:IroncladSkillbook","Snecko Eye"],"picked":"Calling Bell"}],"items_purged_floors":[7,38,45],"is_endless":false,"potions_floor_spawned":[3,10,13,14,16,20,21,25,28,31,35,37,44,46,54],"ascension_level":2}}