{"host":"2hz3p8f82lqex3pd","time":1614193367,"event":{"mods":["AchievementEnabler","BaseMod","Minty Spire (QoL Compilation)"],"gold_per_floor":[117,130,148,197,32,32,59,59,85,85,95,106,122,122,122,122,122],"floor_reached":16,"language":"ENG","playtime":801,"items_purged":["Zap"],"score":107,"play_id":"5f7beeed-918b-423a-a4d0-28d3eb7ac93d","local_time":"20210224140247","is_ascension_mode":true,"campfire_choices":[{"data":"Genetic Algorithm","floor":6,"key":"SMITH"},{"data":"Cold Snap","floor":8,"key":"SMITH"},{"floor":10,"key":"RECALL"},{"data":"Defragment","floor":15,"key":"SMITH"}],"circlet_count":0,"master_deck":["Strike_B","Strike_B","Strike_B","Strike_B","Defend_B","Defend_B","Defend_B","Defend_B","Coolheaded","Genetic Algorithm+1","Cold Snap+1","Coolheaded","Defragment+1","Darkness"],"relics":["Cracked Core","NeowsBlessing","Centennial Puzzle","Blue Candle"],"acts_visited":["Exordium"],"potions_floor_usage":[13,16,16,16],"damage_taken":[{"damage":0,"enemies":"Cultist","floor":1,"turns":1},{"damage":0,"enemies":"Small Slimes","floor":2,"turns":1},{"damage":0,"enemies":"Jaw Worm","floor":3,"turns":1},{"damage":16,"enemies":"3 Sentries","floor":7,"turns":16},{"damage":2,"enemies":"Looter","floor":11,"turns":3},{"damage":1,"enemies":"Blue Slaver","floor":12,"turns":4},{"damage":11,"enemies":"Exordium Thugs","floor":13,"turns":4},{"damage":48,"enemies":"Hexaghost","floor":16,"turns":23}],"seed_played":"2706888235757904554","potions_obtained":[{"floor":2,"key":"PotionOfCapacity"},{"floor":7,"key":"PotionOfCapacity"},{"floor":11,"key":"Fire Potion"},{"floor":12,"key":"Block Potion"},{"floor":13,"key":"GamblersBrew"}],"is_trial":false,"path_per_floor":["M","M","M","T","$","R","E","R","T","R","M","M","M","?","R","B"],"character_chosen":"DEFECT","items_purchased":["Genetic Algorithm","Cold Snap"],"campfire_rested":0,"item_purchase_floors":[5,5],"current_hp_per_floor":[75,75,75,75,75,75,59,59,59,59,57,56,45,45,45,0,0],"gold":122,"neow_bonus":"THREE_ENEMY_KILL","is_daily":false,"chose_seed":false,"campfire_upgraded":3,"win_rate":0.0,"timestamp":1614193367,"path_taken":["M","M","?","?","$","R","E","R","T","R","M","M","?","?","R","BOSS"],"items_purchased_type":["Card","Card"],"build_version":"2020-12-22","purchased_purges":1,"victory":false,"max_hp_per_floor":[75,75,75,75,75,75,75,75,75,75,75,75,75,75,75,75,75],"card_choices":[{"not_picked":["Go for the Eyes","Turbo","Auto Shields"],"picked":"SKIP","floor":1},{"not_picked":["Recycle","Go for the Eyes"],"picked":"Coolheaded","floor":2},{"not_picked":["Rebound","White Noise","Steam"],"picked":"SKIP","floor":3},{"not_picked":["Reinforced Body","Storm"],"picked":"Coolheaded","floor":7},{"not_picked":["Aggregate","Sweeping Beam","Undo"],"picked":"SKIP","floor":11},{"not_picked":["Hologram","Hello World","Ball Lightning"],"picked":"SKIP","floor":12},{"not_picked":["Sunder","Reprogram"],"picked":"Defragment","floor":13}],"player_experience":205381,"relics_obtained":[{"floor":4,"key":"Centennial Puzzle"},{"floor":7,"key":"Blue Candle"}],"event_choices":[{"damage_healed":0,"gold_gain":0,"cards_transformed":["Dualcast"],"player_choice":"Transformed","damage_taken":0,"max_hp_gain":0,"max_hp_loss":0,"event_name":"Transmorgrifier","floor":14,"gold_loss":0,"cards_obtained":["Darkness"]}],"is_beta":false,"boss_relics":[],"items_purged_floors":[5],"is_endless":false,"potions_floor_spawned":[2,7,11,12,13],"killed_by":"Hexaghost","ascension_level":1}}