{"host":"egwexuw5uvnxf11j","time":1614134313,"event":{"mods":["2.2 Compatiblity","Aspiration","BaseMod","Better Note","Better Sensory Stone","Better Third Choice","Displayed Cursed Tome","Downfall","Hermit","Key Reminder","Koishi","Marisa????????","Minty Spire (QoL Compilation)","Quick Restart","Shade Mod","Spicy Shops","StSLib","The Construct","The Cursed","The Runesmith","The Senshi","The Servant 0.9.4","Transform Curses"],"gold_per_floor":[109,128,148,148,167,167,183,183,254,273,273,293,293,18,18,117,117,133,152,31,31,31,31,130,143,143,162,162,172,16,16,16,16,16],"floor_reached":33,"language":"ENG","playtime":1602,"items_purged":[],"score":239,"play_id":"b65d1d5f-fcbc-49d9-bcbe-2a8896907ffb","local_time":"20210223213833","is_ascension_mode":false,"campfire_choices":[{"floor":6,"key":"REST"},{"floor":8,"key":"REST"},{"data":"theSenshi:MoonPrismPowerMakeUp","floor":11,"key":"SMITH"},{"data":"theSenshi:SailorMarsAssists","floor":15,"key":"SMITH"},{"floor":23,"key":"REST"},{"floor":28,"key":"REST"},{"data":"theSenshi:MoonCrystalPowerMakeUp","floor":32,"key":"SMITH"}],"circlet_count":0,"master_deck":["theSenshi:SailorKick","theSenshi:SailorKick","theSenshi:SailorKick","theSenshi:SailorKick","theSenshi:SailorBlock","theSenshi:SailorBlock","theSenshi:SailorBlock","theSenshi:SailorBlock","theSenshi:RoseThrow","theSenshi:MoonPrismPowerMakeUp+1","theSenshi:SailorMarsAssists","theSenshi:TuxedoSmokingBomber","theSenshi:MoonsReflection","theSenshi:SailorVenusAssists","theSenshi:MoonKick","theSenshi:EncouragingSpeech","theSenshi:PlutosSolemnity","theSenshi:SailorMarsAssists+1","theSenshi:MoonEternalMakeUp","theSenshi:TallSilhouette+1","theSenshi:TallSilhouette+1","Writhe","theSenshi:MoonPrincessHalation","theSenshi:MoonCrystalPowerMakeUp+1","theSenshi:SchoolBag+1"],"relics":["theSenshi:TransformationBroochRelic","Shuriken","MealTicket","Toxic Egg 2","theSenshi:EternalSailorFukuRelic","TungstenRod","construct:BoolHorns","Lee\u0027s Waffle","Kunai"],"acts_visited":["Exordium","TheCity"],"potions_floor_usage":[16,25,27],"damage_taken":[{"damage":0,"enemies":"Cultist","floor":1,"turns":3},{"damage":9,"enemies":"Small Slimes","floor":2,"turns":3},{"damage":6,"enemies":"Jaw Worm","floor":3,"turns":4},{"damage":12,"enemies":"Exordium Wildlife","floor":5,"turns":4},{"damage":18,"enemies":"Lots of Slimes","floor":7,"turns":4},{"damage":4,"enemies":"2 Fungi Beasts","floor":10,"turns":4},{"damage":4,"enemies":"Exordium Thugs","floor":12,"turns":3},{"damage":34,"enemies":"Slime Boss","floor":16,"turns":10},{"damage":36,"enemies":"Shell Parasite","floor":18,"turns":5},{"damage":37,"enemies":"3 Byrds","floor":19,"turns":7},{"damage":32,"enemies":"Snecko","floor":25,"turns":7},{"damage":15,"enemies":"3 Cultists","floor":27,"turns":5},{"damage":14,"enemies":"Centurion and Healer","floor":29,"turns":7},{"damage":143,"enemies":"Automaton","floor":33,"turns":12}],"seed_played":"4459178685693604232","potions_obtained":[{"floor":3,"key":"SteroidPotion"},{"floor":7,"key":"Strength Potion"},{"floor":19,"key":"AttackPotion"},{"floor":29,"key":"Ancient Potion"}],"is_trial":false,"path_per_floor":["M","M","M","?","M","R","M","R","T","M","R","M","T","$","R","B",null,"M","M","$","$","?","R","?","M","T","M","R","M","$","T","R","B"],"character_chosen":"THE_SENSHI","items_purchased":["Toxic Egg 2","theSenshi:SailorMarsAssists","TungstenRod","Lee\u0027s Waffle"],"campfire_rested":4,"item_purchase_floors":[14,14,20,30],"current_hp_per_floor":[82,73,67,75,63,82,64,82,82,78,78,74,74,82,82,48,82,46,9,24,39,39,63,63,31,31,16,40,26,89,89,89,0,0],"gold":16,"neow_bonus":"TEN_PERCENT_HP_BONUS","is_daily":false,"chose_seed":false,"campfire_upgraded":3,"win_rate":0.0,"timestamp":1614134313,"path_taken":["M","?","M","?","M","R","M","R","T","M","R","?","?","?","R","BOSS","M","M","?","$","?","R","?","M","T","M","R","M","$","?","R","BOSS"],"items_purchased_type":["Relic","Card","Relic","Relic"],"build_version":"2020-12-22","purchased_purges":0,"victory":false,"max_hp_per_floor":[82,82,82,82,82,82,82,82,82,82,82,82,82,82,82,82,82,82,82,82,82,82,82,82,82,82,82,82,82,89,89,89,89,89],"card_choices":[{"not_picked":["theSenshi:SailorJupiterAssists","theSenshi:MoonPunch"],"picked":"theSenshi:SailorMarsAssists","floor":1},{"not_picked":["theSenshi:SaturnsMystery","theSenshi:LateForSchool"],"picked":"theSenshi:TuxedoSmokingBomber","floor":2},{"not_picked":["theSenshi:EncouragingSpeech","theSenshi:SailorJupiterAssists"],"picked":"theSenshi:MoonsReflection","floor":3},{"not_picked":["theSenshi:SailorJupiterAssists","theSenshi:TuxedoSmokingBomber"],"picked":"theSenshi:SailorVenusAssists","floor":5},{"not_picked":["theSenshi:LunasBite","theSenshi:MoonsReflection"],"picked":"theSenshi:MoonKick","floor":7},{"not_picked":["theSenshi:TuxedoSmokingBomber","theSenshi:LunaSensingAllies"],"picked":"theSenshi:EncouragingSpeech","floor":10},{"not_picked":["theSenshi:LunasBite","theSenshi:SaturnsMystery"],"picked":"theSenshi:PlutosSolemnity","floor":12},{"not_picked":["theSenshi:JupitersPower","theSenshi:LunaSensingAllies+1"],"picked":"theSenshi:MoonEternalMakeUp","floor":16},{"not_picked":["theSenshi:SailorVenusAssists","theSenshi:SailorChibiMoonAssists"],"picked":"theSenshi:TallSilhouette+1","floor":18},{"not_picked":["theSenshi:SailorJupiterAssists","theSenshi:MoonKick"],"picked":"theSenshi:TallSilhouette+1","floor":19},{"not_picked":["theSenshi:TallSilhouette+1","theSenshi:LunasBite+1"],"picked":"theSenshi:MoonPrincessHalation","floor":25},{"not_picked":["theSenshi:HesSoDreamy+1","theSenshi:MoonPower"],"picked":"theSenshi:MoonCrystalPowerMakeUp","floor":27},{"not_picked":["theSenshi:HesSoDreamy+1","theSenshi:DramaticEntrance+1"],"picked":"theSenshi:SchoolBag+1","floor":29}],"player_experience":2135264,"relics_obtained":[{"floor":9,"key":"Shuriken"},{"floor":13,"key":"MealTicket"},{"floor":26,"key":"construct:BoolHorns"},{"floor":31,"key":"Kunai"}],"event_choices":[{"cards_removed":["theSenshi:RoseThrow"],"damage_healed":0,"gold_gain":0,"player_choice":"Give","damage_taken":0,"max_hp_gain":0,"max_hp_loss":0,"event_name":"betterNote:BetterNote","floor":22,"gold_loss":0,"cards_obtained":["champ:SetATrap"]},{"damage_healed":0,"gold_gain":99,"player_choice":"Steal","damage_taken":0,"max_hp_gain":0,"max_hp_loss":0,"event_name":"betterThird:BetterNest","floor":24,"gold_loss":0}],"is_beta":false,"boss_relics":[{"not_picked":["Empty Cage","aspiration:SilentSkillbook"],"picked":"theSenshi:EternalSailorFukuRelic"}],"items_purged_floors":[],"is_endless":false,"potions_floor_spawned":[3,7,19,29],"killed_by":"Automaton","ascension_level":0}}