{"host":"dwyzfvnzfcqffr30","time":1614158179,"event":{"mods":["2.2 Compatiblity","Act Like it!","Aspiration","BaseMod","Beaked The Cultist","Better Altar","Better Match","Better Note","Better Sensory Stone","Better Skull","Better Third Choice","Clockwork Mod","Colored Map","Colored Powertips","Conspire","Downfall","Elementarium","GifTheSpireLib","Halation","Hermit","Hubris","Infinite Spire","Ironclad Rager","Jedi Mod","Menagerie","Mimic Mod","Minty Spire (QoL Compilation)","Permanent Neow","Random Character Button","Relic Filter Mod","Reliquary","Replay The Spire","Shapeshifter Mod","Spicy Shops","Spikes Relics","StSLib","Stuff the Spire","The Construct","The Disciple","The Druid","The Marked","TheFirefly","Trackpad","Wandering Minibosses"],"gold_per_floor":[383,383,91,91,109,148,48,61,98,123,142,184,209,255,255,347,347,383,383,425,375,410,476,476,560,614,614,614],"floor_reached":27,"language":"ENG","playtime":4553,"items_purged":["Defend_G+1","Strike_G+1"],"score":709,"play_id":"e2498ee8-b929-462b-8739-d2d0f973d848","local_time":"20210224011619","is_ascension_mode":true,"campfire_choices":[{"floor":15,"key":"RECALL"},{"floor":24,"key":"REST"}],"circlet_count":0,"master_deck":["AscendersBane","StSShapeShifter:VineHandcuffs+1","Strike_G+1","Strike_G+1","Strike_G+1","Strike_G+1","Defend_G+1","Defend_G+1","Defend_G+1","Defend_G+1","Survivor+1","Neutralize+1","MasterReality+1","Apotheosis+1","Distraction+1","Cloak And Dagger+1","hubris:SlightOfHand+1","StuffTheSpire:Incantation+1","Venomology+1","Phantasmal Killer+1","ReplayTheSpireMod:From All Sides+1","Terror+1","conspire:SpireCoStock+1","Dagger Spray+1"],"relics":["Ring of the Snake","Bottled Tornado","hubris:TinFlute","halation:Prosthetics","infinitespire:EvilPickle","conspire:InfiniteJournal","SacredBark","Quantum Egg","Molten Egg 2","Toxic Egg 2","Frozen Egg 2","BargainBundle","jedi:rubbersling","infinitespire:CheckeredPen","Blood Vial","trackpad:FieryHotPepper","jedi:cryingmask","Cursed Key","reliquary:HotPoker","Eternal Feather","wanderingMiniBosses:Blackblade"],"acts_visited":["Exordium","TheCity"],"potions_floor_usage":[6,10,12,13,14,16,16,18,20,22,25,26,26,26,27],"damage_taken":[{"damage":0,"enemies":"Small Slimes","floor":1,"turns":3},{"damage":0,"enemies":"Jaw Worm","floor":5,"turns":3},{"damage":0,"enemies":"Gremlin Nob","floor":6,"turns":3},{"damage":0,"enemies":"Cultist","floor":8,"turns":2},{"damage":0,"enemies":"Blue Slaver","floor":9,"turns":5},{"damage":0,"enemies":"Blue Slaver","floor":10,"turns":3},{"damage":0,"enemies":"2 Fungi Beasts","floor":11,"turns":2},{"damage":1,"enemies":"Lagavulin","floor":12,"turns":7},{"damage":5,"enemies":"Exordium Wildlife","floor":13,"turns":3},{"damage":2,"enemies":"3 Sentries","floor":14,"turns":3},{"damage":0,"enemies":"Slime Boss","floor":16,"turns":5},{"damage":0,"enemies":"Chosen","floor":18,"turns":3},{"damage":0,"enemies":"2 Thieves","floor":20,"turns":2},{"damage":0,"enemies":"Snake Plant","floor":22,"turns":2},{"damage":27,"enemies":"conspire:SneckoGhost","floor":23,"turns":5},{"damage":0,"enemies":"Gremlin Leader","floor":25,"turns":4},{"damage":18,"enemies":"Chosen and Byrds","floor":26,"turns":10},{"damage":20,"enemies":"conspire:SneckoGhost","floor":27,"turns":2}],"seed_played":"-6113532343218842295","potions_obtained":[{"floor":10,"key":"Fruit Juice"},{"floor":16,"key":"PowerPotion"}],"is_trial":false,"path_per_floor":["M","?","$","?","M","E","$","M","MIM","M","M","E","M","E","R","B",null,"M","?","M","?","M","E","R","E","MIM","E"],"character_chosen":"THE_SILENT","items_purchased":["BargainBundle","Cloak And Dagger+1","SkillPotion","Fire Potion","jedi:rubbersling"],"campfire_rested":1,"item_purchase_floors":[3,3,3,3,3],"current_hp_per_floor":[31,31,31,31,31,31,31,31,31,41,41,40,36,36,36,38,40,41,41,41,41,41,14,26,28,12,0,0],"gold":614,"neow_bonus":"TWO_FIFTY_GOLD","is_daily":false,"chose_seed":false,"campfire_upgraded":0,"win_rate":0.0,"timestamp":1614158179,"path_taken":["M","?","$","?","M","E","$","M","MIM","M","M","E","M","E","R","BOSS","M","?","M","?","?","E","R","E","MIM","E"],"items_purchased_type":["Relic","Card","Potion","Potion","Relic"],"build_version":"2020-12-22","purchased_purges":2,"victory":false,"max_hp_per_floor":[31,31,31,31,31,31,31,31,31,41,41,41,41,41,41,41,41,41,41,41,41,41,41,41,41,41,41,41],"card_choices":[{"not_picked":["All Out Attack+1","Bouncing Flask+1"],"picked":"Distraction+1","floor":1},{"not_picked":["jedi:collectorvenom+1","StuffTheSpire:ClusterCrunch+1"],"picked":"hubris:SlightOfHand+1","floor":5},{"not_picked":["jedi:unstablefumes+1","Dagger Spray+1"],"picked":"StuffTheSpire:Incantation+1","floor":6},{"not_picked":["All Out Attack+1","StuffTheSpire:ClusterCrunch+1","StuffTheSpire:MirrorStance+1"],"picked":"SKIP","floor":8},{"not_picked":["Backflip+1","jedi:pocketpoison+1"],"picked":"Venomology+1","floor":10},{"not_picked":["Dodge and Roll+1","All Out Attack+1","StuffTheSpire:BumpUp+1"],"picked":"SKIP","floor":11},{"not_picked":["Cloak And Dagger+1","Prepared+1"],"picked":"Phantasmal Killer+1","floor":12},{"not_picked":["Finisher+1","hubris:SlightOfHand+1","StuffTheSpire:ReptileScales+1"],"picked":"SKIP","floor":13},{"not_picked":["jedi:studypoison+1","Bane+1","PiercingWail+1"],"picked":"SKIP","floor":14},{"not_picked":["Atom Bomb+1","Poison Darts+1"],"picked":"ReplayTheSpireMod:From All Sides+1","floor":16},{"not_picked":["StuffTheSpire:Injection+1","Prepared+1"],"picked":"Terror+1","floor":18},{"not_picked":["Hidden Blade+1","Pace+1","Acrobatics+1"],"picked":"SKIP","floor":20},{"not_picked":["Outmaneuver+1","Quick Slash+1","StuffTheSpire:DoubleShiv+1"],"picked":"SKIP","floor":22},{"not_picked":["Venomology+1","StuffTheSpire:ClusterCrunch+1","Deadly Poison+1"],"picked":"SKIP","floor":23},{"not_picked":["ReplayTheSpireMod:Tripwire+1","hubris:SlightOfHand+1","Acrobatics+1"],"picked":"SKIP","floor":25},{"not_picked":["Dodge and Roll+1","Eviscerate+1"],"picked":"Dagger Spray+1","floor":26}],"player_experience":3541243,"relics_obtained":[{"floor":6,"key":"infinitespire:CheckeredPen"},{"floor":9,"key":"Blood Vial"},{"floor":12,"key":"trackpad:FieryHotPepper"},{"floor":14,"key":"jedi:cryingmask"},{"floor":23,"key":"reliquary:HotPoker"},{"floor":25,"key":"Eternal Feather"},{"floor":26,"key":"wanderingMiniBosses:Blackblade"}],"event_choices":[{"damage_healed":0,"gold_gain":0,"player_choice":"Simplicity","damage_taken":0,"max_hp_gain":0,"max_hp_loss":10,"event_name":"betterThird:BetterWriting","floor":0,"gold_loss":0},{"damage_healed":0,"gold_gain":0,"player_choice":"Ignored","damage_taken":0,"max_hp_gain":0,"max_hp_loss":0,"event_name":"Transmorgrifier","floor":4,"gold_loss":0},{"damage_healed":0,"gold_gain":0,"player_choice":"Invest 1","damage_taken":0,"max_hp_gain":0,"max_hp_loss":0,"event_name":"conspire:Investor","floor":21,"gold_loss":0}],"is_beta":false,"boss_relics":[{"not_picked":["Sandwich","Snecko Scales"],"picked":"Cursed Key"}],"items_purged_floors":[3,7],"is_endless":false,"potions_floor_spawned":[1,10,11,13,14,16,18,25],"killed_by":"conspire:SneckoGhost","ascension_level":18}}