{"host":"rgcz6yx3duq0lh14","time":1614182992,"event":{"mods":["100% Spire Juice","ATMod(à¢‡ıMod)","AchievementEnabler","Act Like it!","Aspiration","Astrologer","BaseMod","CapriCore","Chen","Colored Map","Decade(â§è¨ñæ)","Friendly Minions","Gensokyo","GungeonMod","Hallownest","Hermit","Jedi Mod","KinomotoSakuraMod(ñÿîVñ{?)","Koishi","Mari Mod (Legacy)","Mari\u0027s V1 Patch","MarisaÅiñ∂âJÅ@ñÇóùçπÅj","Minty Spire (QoL Compilation)","MostiFishMod","Pale of the Ancients","Permanent Neow","Potionbrewer","Prisma Mod","Quarter Circle Forward PUNCH!","Quick Restart","ReimuÅiîé??öÎÅj","Reliquary","Replay The Spire","Robot Space Explorer","RumiaBox-òIïƒ?ìIê_îÈ·¥éq","SIMod","Spicy Shops","StSLib","The Alterego","The Animator","The Bug Knight","The Cursed","The Dragon Tamer","The Forsaken","The Gatherer","The Immortal","The Marked","The Mystic","The Poker Player","The Runesmith","The Servant 0.9.4","TheWitcher","Yakumo Yukari mod","YoumuÅiç∞ÈÆódöÎÅj","Åy?ï®?îvÅzREMEMod"],"gold_per_floor":[116,116,128,20,36,36,68,93,117,149,162,162,78,89,89,89,89],"floor_reached":16,"language":"ZHS","playtime":701,"items_purged":[],"score":216,"play_id":"8225c85a-905b-4700-aab0-6bedfa983a62","local_time":"20210225000952","is_ascension_mode":true,"campfire_choices":[{"data":"astrologer:CometStrike","floor":6,"key":"SMITH"},{"data":"AT_WindFlip","floor":12,"key":"SMITH"},{"data":"astrologer:ShootingStar","floor":15,"key":"SMITH"}],"circlet_count":0,"master_deck":["AscendersBane","astrologer:Strike","astrologer:Strike","astrologer:Strike","astrologer:Strike","astrologer:Defend+1","astrologer:Defend","astrologer:Defend","astrologer:Defend+1","astrologer:NorthStar","AT_WindFlip+1","astrologer:Eclipse","astrologer:ShootingStar+1","astrologer:Alignment+1","astrologer:CometStrike+1","astrologer:Radiance","astrologer:Strike","astrologer:StarOfRegret","Gensokyo:Shovel","Gensokyo:TarnishedGold"],"relics":["astrologer:SkyMirror","AT_ATBox","DaveBox","REME_ComplimentaryCards","theForsaken:Lifeblossom","Eternal Feather","SynthV:TestCard","Happy Flower","aspiration:HiddenCompartment","War Paint","reliquary:TatteredRug","DemoMod:GlassGuonStoneRelic"],"acts_visited":["Exordium"],"potions_floor_usage":[16,16],"damage_taken":[{"damage":0,"enemies":"Gensokyo:2_Kodama","floor":1,"turns":5},{"damage":5,"enemies":"Gensokyo:Gryphon","floor":3,"turns":3},{"damage":0,"enemies":"Gensokyo:3_Fairies","floor":5,"turns":3},{"damage":0,"enemies":"Gensokyo:Cirno","floor":7,"turns":4},{"damage":19,"enemies":"Gensokyo:Aya","floor":10,"turns":6},{"damage":8,"enemies":"Gensokyo:3_Kodama","floor":11,"turns":4},{"damage":0,"enemies":"Gensokyo:2_Rabbits","floor":14,"turns":4},{"damage":0,"enemies":"Gensokyo:Reimu","floor":16,"turns":3}],"seed_played":"1561285077195359788","potions_obtained":[{"floor":5,"key":"potionbrewer:NoxiousPotion"},{"floor":11,"key":"Languid Potion"}],"is_trial":false,"path_per_floor":["M","?","M","$","M","R","E","T","T","E","M","R","COS","M","R","B"],"character_chosen":"ASTROLOGER","items_purchased":["astrologer:Alignment+1"],"campfire_rested":0,"item_purchase_floors":[4],"current_hp_per_floor":[65,65,61,61,65,65,65,65,65,47,45,54,54,60,65,65,65],"gold":89,"neow_bonus":"RANDOM_COMMON_RELIC","is_daily":false,"chose_seed":false,"campfire_upgraded":3,"win_rate":0.0,"timestamp":1614182992,"path_taken":["M","?","M","$","M","R","E","?","T","E","M","R","COS","M","R","BOSS"],"items_purchased_type":["Card"],"build_version":"2020-12-22","purchased_purges":0,"victory":false,"max_hp_per_floor":[65,65,65,65,65,65,65,65,65,65,65,65,65,65,65,65,65],"card_choices":[{"not_picked":["astrologer:Observe","astrologer:SpaceDust"],"picked":"astrologer:Eclipse","floor":1},{"not_picked":["astrologer:CometStrike","astrologer:SolarFlare","astrologer:Stardust","astrologer:ReadTheStars"],"picked":"astrologer:ShootingStar","floor":3},{"not_picked":["astrologer:FrozenStar","astrologer:MeteorShower","astrologer:Fireball","astrologer:SolarFlare"],"picked":"astrologer:CometStrike","floor":5},{"not_picked":["astrologer:TheDevil","astrologer:ReadTheStars","astrologer:Confirmation","astrologer:Opposition"],"picked":"astrologer:Radiance","floor":7},{"not_picked":["astrologer:RejectReality","astrologer:Retelling","astrologer:Justice","astrologer:CometStrike"],"picked":"astrologer:StarOfRegret","floor":10},{"not_picked":["astrologer:Stardust","astrologer:Premeditation","astrologer:FrozenStar","astrologer:MeteorShower","astrologer:Eclipse"],"picked":"SKIP","floor":11},{"not_picked":["astrologer:Opposition","astrologer:StarOfChange","astrologer:FrozenStar","astrologer:Still","astrologer:Conjunction"],"picked":"SKIP","floor":14}],"player_experience":960458,"relics_obtained":[{"floor":1,"key":"SynthV:TestCard"},{"floor":7,"key":"aspiration:HiddenCompartment"},{"floor":9,"key":"War Paint"},{"floor":10,"key":"reliquary:TatteredRug"}],"event_choices":[],"is_beta":false,"boss_relics":[],"items_purged_floors":[],"is_endless":false,"potions_floor_spawned":[5,11,14],"killed_by":"Gensokyo:Reimu","ascension_level":14}}