{"host":"8av5he6utbys9oi5","time":1614171745,"event":{"mods":["BaseMod","Marisa£®ÏF”Í°°ƒß¿Ì…≥£©","Minty Spire (QoL Compilation)","Replay The Spire","StSLib"],"gold_per_floor":[116,131,143,143,159,185,185,218,287,317,317,328,0,18,18,114,114,130,55,65,164,174,204,204,204,227,239,239,267,284,299,299,404,404,423,442,36,52,52,81,100,100,178,53,64,90,103,103,103,103],"floor_reached":51,"language":"ZHS","playtime":2916,"items_purged":["Strike_MRS","Strike_MRS+1","Strike_MRS+1"],"score":873,"play_id":"72d3af75-342a-4b48-af53-28af4b742278","local_time":"20210224210225","is_ascension_mode":true,"campfire_choices":[{"data":"CasketOfStar","floor":7.0,"key":"SMITH"},{"data":"SprinkleStarSeal","floor":11.0,"key":"SMITH"},{"floor":15.0,"key":"REST"},{"floor":24.0,"key":"REST"},{"floor":28.0,"key":"REST"},{"floor":32.0,"key":"RECALL"},{"floor":42,"key":"REST"},{"floor":49,"key":"REST"}],"circlet_count":0,"master_deck":["Defend_MRS","Defend_MRS","Defend_MRS","Defend_MRS+1","MasterSpark+1","UpSweep","NonDirectionalLaser+1","MagicAbsorber","CasketOfStar+1","SprinkleStarSeal+1","MilkyWay","Singularity+1","GasGiant","MilkyWay+1","ShootTheMoon","OneTimeOff+1","ShootingEcho+1","MilkyWay+1","UnstableBomb+1"],"relics":["MiniHakkero","Nunchaku","Ginger","Letter Opener","Vajra","Kunai","Fusion Hammer","Replay:Accelerometer","Toy Ornithopter","Whetstone","Painkiller Herb","Centennial Puzzle","ClockworkSouvenir","Replay:Mystery Machine","Molten Egg 2","Eternal Feather"],"acts_visited":["Exordium","TheCity","TheBeyond"],"potions_floor_usage":[35],"damage_taken":[{"damage":0.0,"enemies":"Small Slimes","floor":1.0,"turns":3.0},{"damage":0.0,"enemies":"2 Louse","floor":2.0,"turns":2.0},{"damage":7.0,"enemies":"Jaw Worm","floor":3.0,"turns":2.0},{"damage":0.0,"enemies":"Large Slime","floor":5.0,"turns":4.0},{"damage":0.0,"enemies":"Gremlin Nob","floor":6.0,"turns":3.0},{"damage":18.0,"enemies":"Lagavulin","floor":8.0,"turns":6.0},{"damage":15.0,"enemies":"3 Sentries","floor":10.0,"turns":4.0},{"damage":2.0,"enemies":"Exordium Thugs","floor":12.0,"turns":4.0},{"damage":0.0,"enemies":"Lots of Slimes","floor":14.0,"turns":3.0},{"damage":3.0,"enemies":"Fading Forest","floor":16.0,"turns":11.0},{"damage":11.0,"enemies":"Spheric Guardian","floor":18.0,"turns":3.0},{"damage":9.0,"enemies":"2 Thieves","floor":20.0,"turns":4.0},{"damage":0.0,"enemies":"Sentry and Sphere","floor":22.0,"turns":3.0},{"damage":16.0,"enemies":"Book of Stabbing","floor":23.0,"turns":5.0},{"damage":12.0,"enemies":"Centurion and Healer","floor":27.0,"turns":4.0},{"damage":3.0,"enemies":"Replay:Snechameleon","floor":29.0,"turns":4.0},{"damage":8.0,"enemies":"Snecko","floor":30.0,"turns":5.0},{"damage":1.0,"enemies":"Cultist and Chosen","floor":31.0,"turns":4.0},{"damage":33.0,"enemies":"Automaton","floor":33.0,"turns":9.0},{"damage":0,"enemies":"Orb Walker","floor":35,"turns":3},{"damage":24,"enemies":"3 Shapes","floor":36,"turns":2},{"damage":9,"enemies":"Sphere and 2 Shapes","floor":38,"turns":4},{"damage":0,"enemies":"Giant Head","floor":40,"turns":7},{"damage":0,"enemies":"Transient","floor":41,"turns":5},{"damage":0,"enemies":"Maw","floor":45,"turns":5},{"damage":8,"enemies":"R_Hoarder","floor":46,"turns":5},{"damage":3,"enemies":"Jaw Worm Horde","floor":47,"turns":2},{"damage":9,"enemies":"Time Eater","floor":50,"turns":8}],"seed_played":"-5211862632569433813","potions_obtained":[{"floor":2.0,"key":"StarNLove"},{"floor":3.0,"key":"Weak Potion"},{"floor":5.0,"key":"DistilledChaos"},{"floor":8.0,"key":"SpeedPotion"},{"floor":12.0,"key":"PowerPotion"},{"floor":18.0,"key":"FearPotion"},{"floor":29.0,"key":"Explosive Potion"},{"floor":30.0,"key":"Elixir"},{"floor":36,"key":"Block Potion"}],"is_trial":false,"path_per_floor":["M","M","M","?","M","E","R","E","T","E","R","M","$","M","R","B",null,"M","?","M","?","M","E","R","?","T","M","R","E","M","M","R","B",null,"?","?","T","?","?","E","?","T","T","T","?","E","?","?","T","B",null],"character_chosen":"MARISA","items_purchased":["Kunai","Centennial Puzzle","ClockworkSouvenir"],"campfire_rested":5,"item_purchase_floors":[13,37,37],"current_hp_per_floor":[75,75,68,53,53,53,53,35,35,20,20,18,18,18,40,61,75,64,64,55,55,55,39,61,61,61,54,75,72,64,63,63,30,75,75,51,51,42,42,42,42,64,64,64,64,56,53,53,75,66],"gold":103,"neow_bonus":"UPGRADE_CARD","is_daily":false,"chose_seed":false,"campfire_upgraded":2,"win_rate":0.0,"timestamp":1614171745,"path_taken":["M","M","M","?","M","E","R","E","T","E","R","M","$","M","R","BOSS","M","?","M","?","M","E","R","?","T","M","R","E","M","M","R","BOSS","?","?","T","?","?","E","?","T","T","?","?","E","?","?","T","BOSS"],"items_purchased_type":["Relic","Relic","Relic"],"build_version":"2020-12-22","purchased_purges":3,"victory":true,"max_hp_per_floor":[75,75,75,75,75,75,75,75,75,75,75,75,75,75,75,75,75,75,75,75,75,75,75,75,75,75,75,75,75,75,75,75,75,75,75,75,75,75,75,75,75,75,75,75,75,75,75,75,75,75],"card_choices":[{"not_picked":["Acceleration","MysteriousBeam","DragonMeteor"],"picked":"SKIP","floor":1.0},{"not_picked":["EarthLightRay","6A"],"picked":"NonDirectionalLaser","floor":2.0},{"not_picked":["NonDirectionalLaser","GravityBeat","Occultation"],"picked":"SKIP","floor":3.0},{"not_picked":["MachineGunSpark","DoubleSpark"],"picked":"MagicAbsorber","floor":5.0},{"not_picked":["FairyDestructionRay","NonDirectionalLaser"],"picked":"CasketOfStar","floor":6.0},{"not_picked":["NonDirectionalLaser","ManaConvection"],"picked":"SprinkleStarSeal","floor":8.0},{"not_picked":["DC","NonDirectionalLaser","AsteroidBelt"],"picked":"SKIP","floor":10.0},{"not_picked":["MachineGunSpark","DC"],"picked":"MilkyWay","floor":12.0},{"not_picked":["Orbital","PowerUp","MeteoricShower"],"picked":"SKIP","floor":14.0},{"not_picked":["JA","BlazingStar"],"picked":"CollectingQuirk","floor":16.0},{"not_picked":["UnstableBomb","NonDirectionalLaser","DarkSpark"],"picked":"SKIP","floor":18.0},{"not_picked":["LuminesStrike+1","MilkyWay"],"picked":"Singularity+1","floor":20.0},{"not_picked":["UnstableBomb","WitchLeyline","MysteriousBeam"],"picked":"SKIP","floor":22.0},{"not_picked":["MysteriousBeam","EventHorizon+1","DoubleSpark"],"picked":"SKIP","floor":23.0},{"not_picked":["WitchOfGreed","EnergyFlow"],"picked":"GasGiant","floor":27.0},{"not_picked":["DoubleSpark","MysteriousBeam","EnergyFlow+1"],"picked":"SKIP","floor":29.0},{"not_picked":["PropBag+1","NonDirectionalLaser"],"picked":"MilkyWay+1","floor":30.0},{"not_picked":["MysteriousBeam","WitchLeyline","OortCloud"],"picked":"SKIP","floor":31.0},{"not_picked":["PowerUp+1","GravityBeat"],"picked":"ShootTheMoon","floor":35},{"not_picked":["DarkMatter","WitchOfGreed"],"picked":"OneTimeOff","floor":36},{"not_picked":["PowerUp","UnstableBomb","WitchOfGreed+1"],"picked":"SKIP","floor":38},{"not_picked":["BigCrunch","EventHorizon","WitchLeyline"],"picked":"SKIP","floor":40},{"not_picked":["OrrerysSun","DC+1"],"picked":"ShootingEcho+1","floor":41},{"not_picked":["UnstableBomb+1","LuminesStrike+1"],"picked":"MilkyWay+1","floor":45},{"not_picked":["ManaRampage","NonDirectionalLaser+1","DoubleSpark+1"],"picked":"SKIP","floor":46},{"not_picked":["DC+1","GravityBeat+1"],"picked":"UnstableBomb+1","floor":47}],"player_experience":209602,"relics_obtained":[{"floor":6.0,"key":"Nunchaku"},{"floor":8.0,"key":"Ginger"},{"floor":9.0,"key":"Letter Opener"},{"floor":10.0,"key":"Vajra"},{"floor":23.0,"key":"Replay:Accelerometer"},{"floor":26.0,"key":"Toy Ornithopter"},{"floor":29.0,"key":"Whetstone"},{"floor":40,"key":"Replay:Mystery Machine"},{"floor":43,"key":"Molten Egg 2"},{"floor":46,"key":"Eternal Feather"}],"event_choices":[{"damage_healed":0.0,"max_hp_gain":0.0,"max_hp_loss":0.0,"gold_gain":0.0,"event_name":"Shining Light","player_choice":"Entered Light","floor":4.0,"gold_loss":0.0,"damage_taken":15.0,"cards_upgraded":["Defend_MRS","Strike_MRS"]},{"cards_removed":["Strike_MRS"],"damage_healed":0.0,"max_hp_gain":0.0,"max_hp_loss":0.0,"gold_gain":0.0,"event_name":"Beggar","player_choice":"Gave Gold","floor":19.0,"gold_loss":75.0,"damage_taken":0.0},{"damage_healed":0.0,"max_hp_gain":0.0,"max_hp_loss":0.0,"gold_gain":99.0,"event_name":"Nest","player_choice":"Stole From Cult","floor":21.0,"gold_loss":0.0,"damage_taken":0.0},{"cards_removed":["CollectingQuirk"],"damage_healed":0,"gold_gain":0,"player_choice":"Removed Attack","damage_taken":0,"max_hp_gain":0,"max_hp_loss":0,"event_name":"Falling","floor":39,"gold_loss":0},{"damage_healed":0,"gold_gain":0,"player_choice":"Forge","damage_taken":0,"max_hp_gain":0,"max_hp_loss":0,"event_name":"Accursed Blacksmith","floor":48,"gold_loss":0,"cards_upgraded":["OneTimeOff"]}],"is_beta":false,"boss_relics":[{"not_picked":["Busted Crown","Runic Dome"],"picked":"Fusion Hammer"},{"not_picked":["Abe\u0027s Treasure","Astrolabe"],"picked":"Painkiller Herb"}],"items_purged_floors":[13,37,44],"is_endless":false,"potions_floor_spawned":[2,3,5,8,12,18,29,30,33,36,38],"ascension_level":2}}