{"host":"lyzyr6cv4ove76ms","time":1614133855,"event":{"mods":["BaseMod","Colored Map","Downfall","Hubris","Infinite Spire","Minty Spire (QoL Compilation)","Replay The Spire","Robot Space Explorer","StSLib"],"gold_per_floor":[99,119,133,118,43,72,98,48,48,58,68,53,3,3,16,116,116,66,77,96,159,174,174,225,210,242,255,255,255,255,287,302,302,302,302],"floor_reached":33,"language":"ENG","playtime":2944,"items_purged":[],"score":324,"play_id":"36ead2c8-e18f-43cf-a39a-ecf448decd6f","local_time":"20210224033055","is_ascension_mode":true,"campfire_choices":[{"data":"Slimebound:Split","floor":1.0,"key":"SMITH"},{"data":"Slimebound:LevelUp","floor":8.0,"key":"SMITH"},{"data":"Slimebound:LivingWall","floor":13.0,"key":"SMITH"},{"data":"Slimebound:CorrosiveSpit","floor":18.0,"key":"SMITH"}],"circlet_count":0,"master_deck":["Slimebound:Tackle","Slimebound:Defend_Slimebound","Slimebound:Defend_Slimebound","Slimebound:Defend_Slimebound","Slimebound:Split+1","Slimebound:CorrosiveSpit+1","Slimebound:LevelUp+1","Slimebound:LivingWall+1","Slimebound:MegaLick","Slimebound:LivingWall","Slimebound:SlimeBarrage","infinitespire:Collect","Slimebound:SlimeSpikes+1","Bite","Bite","Bite","Bite","Bite","Slimebound:RallyTheTroops"],"relics":["Slimebound:AbsorbEndCombat","Slimebound:GreedOozeRelic","Bottled Lightning","hubris:DisguiseKit","ReplayTheSpireMod:EnergyBall","Art of War","hubris:ToyBattleship"],"acts_visited":["Exordium","TheCity"],"potions_floor_usage":[31],"damage_taken":[{"damage":0.0,"enemies":"Small Slimes","floor":2.0,"turns":3.0},{"damage":5.0,"enemies":"2 Louse","floor":3.0,"turns":4.0},{"damage":0.0,"enemies":"downfall:FleeingMerchant","floor":4.0,"turns":4.0},{"damage":15.0,"enemies":"Gremlin Nob","floor":6.0,"turns":4.0},{"damage":1.0,"enemies":"infinitespire:Voidling","floor":10.0,"turns":4.0},{"damage":3.0,"enemies":"Red Slaver","floor":11.0,"turns":3.0},{"damage":3.0,"enemies":"downfall:FleeingMerchant","floor":12.0,"turns":4.0},{"damage":6.0,"enemies":"3 Louse","floor":15.0,"turns":3.0},{"damage":21.0,"enemies":"DF_ARCHETYPE_STREAMLINE","floor":16.0,"turns":9.0},{"damage":2.0,"enemies":"Shell Parasite","floor":19.0,"turns":5.0},{"damage":3.0,"enemies":"3 Byrds","floor":20.0,"turns":4.0},{"damage":12,"enemies":"Centurion and Healer","floor":22,"turns":7},{"damage":3,"enemies":"downfall:FleeingMerchant","floor":25,"turns":4},{"damage":25,"enemies":"Nightmare","floor":26,"turns":9},{"damage":0,"enemies":"3 Cultists","floor":27,"turns":4},{"damage":22,"enemies":"Slavers","floor":31,"turns":5},{"damage":0,"enemies":"Snecko","floor":32,"turns":4},{"damage":98,"enemies":"SI_MIRROR_ARCHETYPE","floor":33,"turns":12}],"seed_played":"-3195789863825474022","potions_obtained":[{"floor":2.0,"key":"Dexterity Potion"},{"floor":3.0,"key":"Slimebound:SlimedPotion"},{"floor":10.0,"key":"Languid Potion"},{"floor":22,"key":"Swift Potion"},{"floor":27,"key":"Energy Potion"},{"floor":32,"key":"Fire Potion"}],"is_trial":false,"path_per_floor":["R","M","M","$","?","E","T","R","?","M","M","$","R","?","M","B",null,"R","M","M","?","M","AVR","T","$","NM","M","?","?","?","E","M","B"],"character_chosen":"SLIMEBOUND","items_purchased":[],"campfire_rested":0,"item_purchase_floors":[],"current_hp_per_floor":[71,71,69,71,71,58,58,58,58,61,62,67,67,67,63,52,71,71,71,71,54,52,52,52,57,42,50,50,50,50,48,61,0,0,0],"gold":302,"neow_bonus":"TEN_PERCENT_HP_BONUS","is_daily":false,"chose_seed":false,"campfire_upgraded":4,"win_rate":0.0,"timestamp":1614133855,"path_taken":["R","M","M","$","?","E","T","R","?","M","?","?","R","?","M","BOSS","R","M","M","?","M","AVR","T","?","NM","?","?","?","?","E","M","BOSS"],"items_purchased_type":[],"build_version":"2020-12-22","purchased_purges":0,"victory":false,"max_hp_per_floor":[71,71,71,71,71,71,71,71,71,71,71,71,71,71,71,71,71,71,71,71,71,71,71,71,71,71,71,71,71,71,71,71,71,71,71],"card_choices":[{"not_picked":["Slimebound:LivingWall","Slimebound:HungryTackle"],"picked":"Slimebound:LevelUp","floor":2.0},{"not_picked":["Slimebound:Prepare","Slimebound:HungryTackle","Slimebound:RollThrough"],"picked":"SKIP","floor":3.0},{"not_picked":["Slimebound:SamplingLick","Slimebound:GoopTackle"],"picked":"Slimebound:LivingWall","floor":4.0},{"not_picked":["Slimebound:FinishingTackle","Slimebound:Darklings","Slimebound:RollThrough"],"picked":"SKIP","floor":6.0},{"not_picked":["Slimebound:LeechEnergy","Slimebound:LivingWall","Slimebound:RollThrough"],"picked":"SKIP","floor":10.0},{"not_picked":["Slimebound:ProtectTheBoss","Slimebound:GrowthPunch","Slimebound:Prepare"],"picked":"SKIP","floor":11.0},{"not_picked":["Slimebound:ItLooksTasty","Slimebound:SplitMire","Slimebound:LivingWall"],"picked":"SKIP","floor":12.0},{"not_picked":["Slimebound:ForwardTackle","Slimebound:ItLooksTasty"],"picked":"Slimebound:MegaLick","floor":15.0},{"not_picked":["Slimebound:ItLooksTasty","Slimebound:SlimeBrawl","Slimebound:LeechEnergy+1"],"picked":"SKIP","floor":19.0},{"not_picked":["Slimebound:LeechEnergy","Slimebound:RollThrough","Slimebound:SplitBruiser"],"picked":"SKIP","floor":20.0},{"not_picked":["Slimebound:ItLooksTasty+1","Slimebound:ViciousTackle"],"picked":"Slimebound:LivingWall","floor":21},{"not_picked":["Slimebound:SplitMire","Slimebound:GoopTackle","Setup"],"picked":"Slimebound:SlimeBarrage","floor":22},{"not_picked":["Slimebound:SplitBruiser","Slimebound:DuplicatedForm","Slimebound:MassRepurpose","hubris:SlightOfHand"],"picked":"SKIP","floor":25},{"not_picked":["Slimebound:Prepare","Slimebound:SplitLeeching","Dagger Spray"],"picked":"Slimebound:SlimeSpikes+1","floor":26},{"not_picked":["Slimebound:Chomp","Slimebound:GoopSpray+1","Slimebound:SlimeBrawl","ReplayTheSpireMod:Exploit Weakness"],"picked":"SKIP","floor":27},{"not_picked":["Slimebound:SlimeTap","Slimebound:Schlurp","Slimebound:SlimeBrawl","Flechettes"],"picked":"SKIP","floor":31},{"not_picked":["Slimebound:Nibble","Slimebound:Schlurp","Poisoned Stab"],"picked":"Slimebound:RallyTheTroops","floor":32}],"player_experience":788995,"relics_obtained":[{"floor":6.0,"key":"Bottled Lightning"},{"floor":7.0,"key":"Blood Vial"},{"floor":21,"key":"hubris:DisguiseKit"},{"floor":26,"key":"Art of War"},{"floor":31,"key":"hubris:ToyBattleship"}],"event_choices":[{"cards_removed":["Slimebound:Defend_Slimebound"],"damage_healed":0.0,"max_hp_gain":0.0,"max_hp_loss":0.0,"gold_gain":0.0,"event_name":"Bonfire Elementals","player_choice":"Offered Basic","floor":14.0,"gold_loss":0.0,"damage_taken":0.0},{"damage_healed":0,"gold_gain":0,"player_choice":"Became a vampire (Vial)","damage_taken":0,"max_hp_gain":0,"max_hp_loss":0,"event_name":"Vampires","floor":28,"relics_lost":["Blood Vial"],"gold_loss":0,"cards_obtained":["Bite","Bite","Bite","Bite","Bite"]},{"damage_healed":0,"gold_gain":0,"player_choice":"Ignored","damage_taken":0,"max_hp_gain":0,"max_hp_loss":0,"event_name":"Ghosts","floor":29,"gold_loss":0}],"is_beta":false,"boss_relics":[{"not_picked":["Pandora\u0027s Box","ReplayTheSpireMod:DimensionalGlitch","hubris:HollowSoul"]}],"items_purged_floors":[],"is_endless":false,"potions_floor_spawned":[2,3,10,16,22,26,27,32],"killed_by":"SI_MIRROR_ARCHETYPE","ascension_level":1}}