{"host":"wq5h7jomr5a1xww7","time":1614148093,"event":{"mods":["BaseMod","Highlight Path","Minty Spire (QoL Compilation)","Monster List Patch","Relic Stats","Replay The Spire","StSLib"],"gold_per_floor":[116,130,146,239,12,39,39,39,39,69,69,102,102,129,146,156,156,258,258,268,284,29,29,29,29,57,73,73,106,34,62,62,62,62,160,160,179,193,193,193,193,219,219,269,269,304,304,323,323,15,15,15,15,15,15,43,43],"floor_reached":58,"language":"ENG","playtime":3177,"items_purged":["Strike_R","Strike_R"],"score":1661,"play_id":"98b24bb3-70c1-4d85-99ae-9e920a8c2640","local_time":"20210224002813","is_ascension_mode":true,"campfire_choices":[{"floor":7.0,"key":"REST"},{"floor":13.0,"key":"REST"},{"floor":17.0,"key":"REST"},{"data":"Demon Form","floor":25.0,"key":"SMITH"},{"data":"Ghostly","floor":34,"key":"SMITH"},{"floor":43,"key":"RECALL"},{"data":"Brutality","floor":47,"key":"SMITH"},{"data":"Immolate","floor":49,"key":"SMITH"},{"data":"Spot Weakness","floor":54,"key":"SMITH"}],"circlet_count":0,"master_deck":["Strike_R","Strike_R","Strike_R","Defend_R","Defend_R+1","Defend_R","Defend_R+1","Bash","ReplayTheSpireMod:Strike From Hell","Pommel Strike+1","ReplayTheSpireMod:Splinters","Life Link","Heavy Blade","Evolve","Demon Form+1","Armaments","Brutality+1","Heavy Blade","ReplayTheSpireMod:Limb From Limb+1","Fiend Fire","Ghostly","Ghostly+1","Ghostly","Ghostly","Ghostly","Spot Weakness+1","Feel No Pain","Disarm+1","Battle Trance","Corruption","Massacre+1","Pummel+1","Immolate+1","Demon Form+1","Dual Wield+1"],"relics":["SlaversCollar","Bronze Scales","Medical Kit","King of Hearts","Replay:WaspNest","Iron Hammer","Vajra","Ornamental Fan","Ooze Armor","MealTicket","Potion Belt","Bird Faced Urn","Red Skull","Durian","War Paint","Snecko Eye","Ring of Searing","Ring of Peace","The Courier","Calipers","PreservedInsect","DollysMirror","Pantograph","Magic Flower"],"acts_visited":["Exordium","TheCity","TheBeyond","TheEnding"],"potions_floor_usage":[26,35,56,57,57,57],"damage_taken":[{"damage":6.0,"enemies":"Cultist","floor":1.0,"turns":3.0},{"damage":5.0,"enemies":"2 Louse","floor":2.0,"turns":3.0},{"damage":5.0,"enemies":"Small Slimes","floor":3.0,"turns":3.0},{"damage":22.0,"enemies":"Replay:BlueRogue","floor":6.0,"turns":4.0},{"damage":31.0,"enemies":"3 Sentries","floor":10.0,"turns":7.0},{"damage":18.0,"enemies":"Lagavulin","floor":12.0,"turns":4.0},{"damage":15.0,"enemies":"3 Sentries","floor":14.0,"turns":4.0},{"damage":4.0,"enemies":"Blue Slaver","floor":15.0,"turns":3.0},{"damage":7.0,"enemies":"Red Slaver","floor":16.0,"turns":2.0},{"damage":29.0,"enemies":"The Guardian","floor":18.0,"turns":6.0},{"damage":15.0,"enemies":"Spheric Guardian","floor":20.0,"turns":4.0},{"damage":7.0,"enemies":"3 Byrds","floor":21.0,"turns":2.0},{"damage":5,"enemies":"Slavers","floor":26,"turns":4},{"damage":14,"enemies":"Snecko","floor":27,"turns":3},{"damage":2,"enemies":"Gremlin Leader","floor":29,"turns":4},{"damage":4,"enemies":"Slavers","floor":31,"turns":5},{"damage":0,"enemies":"Automaton","floor":35,"turns":8},{"damage":0,"enemies":"Orb Walker","floor":37,"turns":3},{"damage":0,"enemies":"3 Darklings","floor":38,"turns":4},{"damage":0,"enemies":"R_Hoarder","floor":42,"turns":5},{"damage":0,"enemies":"Mind Bloom Boss Battle","floor":44,"turns":4},{"damage":0,"enemies":"Reptomancer","floor":46,"turns":4},{"damage":3,"enemies":"4 Shapes","floor":48,"turns":5},{"damage":0,"enemies":"Awakened One","floor":52,"turns":7},{"damage":0,"enemies":"Shield and Spear","floor":56,"turns":4},{"damage":0,"enemies":"The Heart","floor":57,"turns":7}],"seed_played":"-6479133440450245299","potions_obtained":[{"floor":3.0,"key":"Fruit Juice"},{"floor":10.0,"key":"Venom Potion"},{"floor":15.0,"key":"SteroidPotion"},{"floor":16.0,"key":"Elixir"},{"floor":18.0,"key":"FearPotion"},{"floor":31,"key":"SkillPotion"},{"floor":37,"key":"DuplicationPotion"},{"floor":46,"key":"SteroidPotion"},{"floor":56,"key":"BloodPotion"}],"is_trial":false,"path_per_floor":["M","M","M","?","$","E","R","PTL","PTL","E","T","E","R","E","M","M","R","B",null,"M","M","$","?","?","R","E","M","T","E","$","E","?","$","R","B",null,"M","M","?","?","?","E","R","?","T","E","R","M","R","$","R","B",null,"R","$","E","B",null],"character_chosen":"IRONCLAD","items_purchased":["Medical Kit","MealTicket","Toxic Potion","DollysMirror","Pantograph"],"campfire_rested":3,"item_purchase_floors":[5,22,30,50,50],"current_hp_per_floor":[74,69,64,64,64,42,66,66,66,35,35,17,41,26,22,20,45,16,85,70,63,63,63,42,42,37,23,23,25,40,45,45,47,47,47,47,47,47,47,45,45,45,45,45,45,45,45,45,45,45,45,45,45,45,45,45,45],"gold":43,"neow_bonus":"BOSS_RELIC","is_daily":false,"chose_seed":false,"campfire_upgraded":5,"win_rate":0.0,"timestamp":1614148093,"path_taken":["M","M","M","?","$","E","R","PTL","PTL","E","T","E","R","E","M","M","R","BOSS","M","M","$","?","?","R","E","M","T","E","$","E","?","?","R","BOSS","M","M","?","?","?","E","R","?","T","E","R","M","R","?","R","BOSS","R","$","E","BOSS"],"items_purchased_type":["Relic","Relic","Potion","Relic","Relic"],"build_version":"2020-12-22","purchased_purges":2,"victory":true,"max_hp_per_floor":[80,80,80,80,80,80,80,80,80,80,80,80,80,80,80,85,85,85,85,85,85,85,85,42,42,42,42,42,42,42,47,47,47,47,47,47,47,47,47,45,45,45,45,45,45,45,45,45,45,45,45,45,45,45,45,45,45],"relic_stats":{"counters":[26,112],"Ornamental Fan":[80],"Bronze Scales":[369],"Bird Faced Urn":[11],"Pantograph":0,"Snecko Eye":[91,101,89,103],"Magic Flower":[0],"MealTicket":17,"PreservedInsect":68,"War Paint":["Defend_R","Defend_R"],"Medical Kit":[14],"obtain_stats":[{"Calipers":44,"Vajra":12,"Magic Flower":56,"King of Hearts":6,"Burning Blood":0,"Ring of Searing":41,"DollysMirror":50,"Ring of Peace":41,"Pantograph":50,"MealTicket":22,"Iron Hammer":11,"Red Skull":29,"Potion Belt":26,"Replay:WaspNest":10,"The Courier":42,"PreservedInsect":46,"War Paint":32,"Medical Kit":5,"SlaversCollar":0,"Ornamental Fan":14,"Ooze Armor":19,"Bronze Scales":4,"Bird Faced Urn":28,"Snecko Eye":36,"Durian":31},{"Calipers":21,"Vajra":6,"Magic Flower":25,"King of Hearts":4,"Burning Blood":0,"Ring of Searing":19,"DollysMirror":23,"Ring of Peace":19,"Pantograph":23,"MealTicket":12,"Iron Hammer":5,"Red Skull":15,"Potion Belt":13,"Replay:WaspNest":5,"The Courier":20,"PreservedInsect":22,"War Paint":16,"Medical Kit":3,"SlaversCollar":0,"Ornamental Fan":7,"Ooze Armor":10,"Bronze Scales":3,"Bird Faced Urn":14,"Snecko Eye":17,"Durian":16},{"Calipers":85,"Vajra":24,"Magic Flower":105,"King of Hearts":13,"Burning Blood":0,"Ring of Searing":76,"DollysMirror":94,"Ring of Peace":76,"Pantograph":94,"MealTicket":45,"Iron Hammer":20,"Red Skull":56,"Potion Belt":49,"Replay:WaspNest":20,"The Courier":81,"PreservedInsect":89,"War Paint":61,"Medical Kit":9,"SlaversCollar":0,"Ornamental Fan":28,"Ooze Armor":39,"Bronze Scales":9,"Bird Faced Urn":52,"Snecko Eye":69,"Durian":61}]},"card_choices":[{"not_picked":["Armaments","Shrug It Off"],"picked":"ReplayTheSpireMod:Strike From Hell","floor":1.0},{"not_picked":["Flex","Body Slam"],"picked":"Twin Strike","floor":2.0},{"not_picked":["Heavy Blade","ReplayTheSpireMod:Strike From Hell"],"picked":"Pommel Strike","floor":3.0},{"not_picked":["Cleave","Clothesline"],"picked":"Life Link","floor":4.0},{"not_picked":["Life Link","Warcry"],"picked":"Heavy Blade","floor":6.0},{"not_picked":["Infernal Blade","Intimidate"],"picked":"Evolve","floor":10.0},{"not_picked":["Entrench","Sentinel"],"picked":"Demon Form","floor":12.0},{"not_picked":["Cleave","Anger"],"picked":"Armaments","floor":16.0},{"not_picked":["Bludgeon","Juggernaut"],"picked":"Brutality","floor":18.0},{"not_picked":["Pommel Strike","Reckless Charge"],"picked":"Heavy Blade","floor":20.0},{"not_picked":["Clash","Rampage"],"picked":"ReplayTheSpireMod:Limb From Limb+1","floor":21.0},{"not_picked":["Thunderclap","Havoc"],"picked":"Spot Weakness","floor":26},{"not_picked":["Searing Blow+1","Wild Strike"],"picked":"Feel No Pain","floor":27},{"not_picked":["Carnage","Juggernaut"],"picked":"Disarm+1","floor":29},{"not_picked":["Second Wind","Twin Strike"],"picked":"Battle Trance","floor":31},{"not_picked":["Exhume","Immolate"],"picked":"Corruption","floor":35},{"not_picked":["Warcry+1","ReplayTheSpireMod:Strike From Hell"],"picked":"Massacre+1","floor":38},{"not_picked":["Clash","True Grit"],"picked":"Pummel+1","floor":42},{"not_picked":["Hemokinesis","Armaments"],"picked":"Immolate","floor":48},{"not_picked":["Berserk","Warcry"],"picked":"Dual Wield+1","floor":56}],"player_experience":127873,"relics_obtained":[{"floor":4.0,"key":"Bronze Scales"},{"floor":6.0,"key":"King of Hearts"},{"floor":10.0,"key":"Replay:WaspNest"},{"floor":11.0,"key":"Iron Hammer"},{"floor":12.0,"key":"Vajra"},{"floor":14.0,"key":"Ornamental Fan"},{"floor":26,"key":"Potion Belt"},{"floor":28,"key":"Bird Faced Urn"},{"floor":29,"key":"Red Skull"},{"floor":31,"key":"Durian"},{"floor":41,"key":"Ring of Searing"},{"floor":41,"key":"Ring of Peace"},{"floor":42,"key":"The Courier"},{"floor":44,"key":"Calipers"},{"floor":46,"key":"PreservedInsect"},{"floor":56,"key":"Magic Flower"}],"event_choices":[{"damage_healed":0.0,"max_hp_gain":0.0,"max_hp_loss":0.0,"gold_gain":0.0,"event_name":"The Library","player_choice":"Read","floor":23.0,"gold_loss":0.0,"damage_taken":0.0,"cards_obtained":["Fiend Fire"]},{"damage_healed":0.0,"max_hp_gain":0.0,"max_hp_loss":43.0,"gold_gain":0.0,"event_name":"Ghosts","player_choice":"Became a Ghost","floor":24.0,"gold_loss":0.0,"damage_taken":0.0,"cards_obtained":["Ghostly","Ghostly","Ghostly","Ghostly","Ghostly"]},{"cards_removed":["Twin Strike"],"damage_healed":0,"gold_gain":0,"player_choice":"Removed Attack","damage_taken":0,"max_hp_gain":0,"max_hp_loss":0,"event_name":"Falling","floor":39,"gold_loss":0},{"damage_healed":0,"gold_gain":0,"player_choice":"Max HP","damage_taken":0,"max_hp_gain":0,"max_hp_loss":2,"event_name":"Winding Halls","floor":40,"gold_loss":0},{"damage_healed":0,"gold_gain":0,"player_choice":"Fight","damage_taken":0,"max_hp_gain":0,"max_hp_loss":0,"event_name":"MindBloom","floor":44,"gold_loss":0}],"is_beta":false,"boss_relics":[{"not_picked":["Cursed Key","Tiny House"],"picked":"Ooze Armor"},{"not_picked":["Kintsugi","ReplayTheSpireMod:DimensionalGlitch"],"picked":"Snecko Eye"}],"items_purged_floors":[5,22],"is_endless":false,"potions_floor_spawned":[3,10,15,16,18,20,31,37,46,56],"ascension_level":1}}