{"host":"i0avyit1s6jb1siw","time":1614181462,"event":{"mods":["BaseMod","DeckTracker","Dota2Spire","Minty Spire (QoL Compilation)","Quick Restart","StSLib","SuperFastMode"],"gold_per_floor":[122,146,169,200,230,242,254,19,19,19,19,19,53,68,102,119,119,119,119],"floor_reached":18,"language":"ENG","playtime":356,"items_purged":["Strike_R"],"score":298,"play_id":"a2c5b7bb-05c9-462a-8ea8-21388c77be2d","local_time":"20210224164422","is_ascension_mode":true,"campfire_choices":[{"data":"Infernal Blade","floor":6,"key":"SMITH"},{"data":"Pommel Strike","floor":11,"key":"SMITH"},{"floor":17,"key":"REST"}],"circlet_count":0,"master_deck":["AscendersBane","Strike_R","Strike_R","Strike_R","Strike_R","Defend_R","Defend_R","Defend_R","Defend_R","Bash","Headbutt","Flame Barrier","Pommel Strike+1","Infernal Blade+1","Clothesline","Hemokinesis","Power Through"],"relics":["Burning Blood","MawBank","Centennial Puzzle","Ancient Tea Set","Bag of Marbles","Dream Catcher","StrikeDummy"],"acts_visited":["Exordium"],"potions_floor_usage":[],"damage_taken":[{"damage":7,"enemies":"Cultist","floor":1,"turns":4},{"damage":4,"enemies":"2 Louse","floor":2,"turns":3},{"damage":33,"enemies":"Jaw Worm","floor":3,"turns":7},{"damage":12,"enemies":"3 Louse","floor":4,"turns":6},{"damage":16,"enemies":"Red Slaver","floor":5,"turns":5},{"damage":0,"enemies":"Gremlin Nob","floor":13,"turns":2},{"damage":4,"enemies":"2 Fungi Beasts","floor":14,"turns":3},{"damage":31,"enemies":"3 Sentries","floor":15,"turns":9},{"damage":2,"enemies":"Gremlin Gang","floor":16,"turns":3},{"damage":36,"enemies":"The Guardian","floor":18,"turns":12}],"seed_played":"94668065791493002","potions_obtained":[{"floor":1,"key":"Dexterity Potion"},{"floor":3,"key":"SpeedPotion"},{"floor":16,"key":"FearPotion"}],"is_trial":false,"path_per_floor":["M","M","M","M","M","R","?","$","T","T","R","$","E","M","E","M","R","B"],"character_chosen":"IRONCLAD","items_purchased":["Centennial Puzzle"],"campfire_rested":1,"item_purchase_floors":[8],"current_hp_per_floor":[67,69,42,36,26,26,26,26,26,26,26,26,32,34,9,13,35,0,0],"gold":119,"neow_bonus":"RANDOM_COMMON_RELIC","is_daily":false,"chose_seed":false,"campfire_upgraded":2,"win_rate":0.0,"timestamp":1614181462,"path_taken":["M","M","?","M","M","R","?","$","T","T","R","?","E","M","E","M","R","BOSS"],"items_purchased_type":["Relic"],"build_version":"2020-12-22","purchased_purges":1,"victory":false,"max_hp_per_floor":[75,75,75,75,75,75,75,75,75,75,75,75,75,75,75,75,75,75,75],"card_choices":[{"not_picked":["Entrench","Thunderclap","Warcry"],"picked":"SKIP","floor":1},{"not_picked":["Twin Strike","Anger"],"picked":"Headbutt","floor":2},{"not_picked":["Twin Strike","Disarm"],"picked":"Flame Barrier","floor":3},{"not_picked":["Flex","Intimidate"],"picked":"Pommel Strike","floor":4},{"not_picked":["Anger","Bludgeon"],"picked":"Infernal Blade","floor":5},{"not_picked":["Armaments","Thunderclap"],"picked":"Clothesline","floor":13},{"not_picked":["True Grit","Pommel Strike"],"picked":"Hemokinesis","floor":14},{"not_picked":["Ghostly Armor","Thunderclap"],"picked":"Power Through","floor":15},{"not_picked":["Dual Wield","Heavy Blade","Cleave"],"picked":"SKIP","floor":16}],"player_experience":2503745,"relics_obtained":[{"floor":9,"key":"Ancient Tea Set"},{"floor":10,"key":"Bag of Marbles"},{"floor":13,"key":"Dream Catcher"},{"floor":15,"key":"StrikeDummy"}],"event_choices":[{"damage_healed":0,"gold_gain":0,"player_choice":"Fled","damage_taken":0,"max_hp_gain":0,"max_hp_loss":0,"event_name":"Scrap Ooze","floor":7,"gold_loss":0}],"is_beta":false,"boss_relics":[],"items_purged_floors":[8],"is_endless":false,"potions_floor_spawned":[1,3,14,16],"killed_by":"The Guardian","ascension_level":20}}