{"host":"Yuki","time":1614128703,"event":{"mods":["AchievementEnabler","BaseMod","Block Reminder","Colored Map","Colored Powertips","Duelist Mod","GifTheSpireLib","Googly Eyes","Highlight Path","Minty Spire (QoL Compilation)","Permanent Neow","Quick Restart","Random Character Button","Random Character Mod","Relic Stats","StSLib","The Wild Card","everything is the same but u backflip on backflip","slay the spire mod where everything is the same but ironclad has a cowboy hat"],"gold_per_floor":[112,41,60,60,74,74,74],"floor_reached":6,"language":"ENG","playtime":225,"items_purged":[],"score":40,"play_id":"d807ef04-32cc-4904-90f4-eea8edc306f3","local_time":"20210223190503","is_ascension_mode":true,"campfire_choices":[],"circlet_count":0,"master_deck":["theWildCard:BasicStrike","theWildCard:BasicStrike","theWildCard:BasicStrike","theWildCard:BasicStrike","theWildCard:BasicDefend","theWildCard:BasicDefend","theWildCard:BasicDefend","theWildCard:BasicDefend","theWildCard:CallToAdventure","theWildCard:Arsene","theWildCard:FinalHour","theWildCard:MagicalMight","theWildCard:PowerOfTheArcana"],"relics":["theWildCard:VelvetContract"],"acts_visited":["Exordium"],"potions_floor_usage":[],"damage_taken":[{"damage":6,"enemies":"Small Slimes","floor":1,"turns":3},{"damage":0,"enemies":"2 Louse","floor":3,"turns":2},{"damage":7,"enemies":"Jaw Worm","floor":5,"turns":3},{"damage":55,"enemies":"Gremlin Nob","floor":6,"turns":5}],"seed_played":"8032195437647223905","potions_obtained":[{"floor":1,"key":"Weak Potion"}],"is_trial":false,"path_per_floor":["M","$","M","?","M","E"],"character_chosen":"THE_WILD_CARD","items_purchased":["theWildCard:PowerOfTheArcana"],"campfire_rested":0,"item_purchase_floors":[2],"current_hp_per_floor":[54,54,54,54,47,0,0],"gold":74,"neow_bonus":"ONE_RANDOM_RARE_CARD","is_daily":false,"chose_seed":false,"campfire_upgraded":0,"win_rate":0.0,"timestamp":1614128703,"path_taken":["M","$","M","?","M","E"],"items_purchased_type":["Card"],"build_version":"2020-12-18","purchased_purges":0,"victory":false,"max_hp_per_floor":[60,60,60,60,60,60,60],"relic_stats":{"counters":[4,13],"obtain_stats":[{"theWildCard:VelvetContract":0},{"theWildCard:VelvetContract":0},{"theWildCard:VelvetContract":0}]},"card_choices":[{"not_picked":["theWildCard:LadyLuck","theWildCard:ArcaneArts"],"picked":"theWildCard:MagicalMight","floor":1},{"not_picked":["theWildCard:Michael","theWildCard:ArcaneArts","theWildCard:BladeOfGenerations"],"picked":"SKIP","floor":3},{"not_picked":["theWildCard:UnderLockAndKey","theWildCard:ArcaneArts","theWildCard:Metatron"],"picked":"SKIP","floor":5}],"player_experience":1283969,"relics_obtained":[],"event_choices":[],"is_beta":true,"boss_relics":[],"items_purged_floors":[],"is_endless":false,"potions_floor_spawned":[1],"killed_by":"Gremlin Nob","ascension_level":2}}