{"host":"f6w7z8zvb0mi4wy9","time":1614174574,"event":{"mods":["BaseMod","Colored Map","Minty Spire (QoL Compilation)","READ ME - Guardian Mod","StSLib","SuperFastMode","The Jungle"],"gold_per_floor":[110,56,75,75,75,75,106,106,106,146,162,193,37,37,37,156,156,175,193,40,56,56,56,91,91,91,132,132,176,176,197,197,328,328,343,361,361,361,374,413,439,482,482,517,536,536,555,595,595,595,595,595,60,91,91,91],"floor_reached":55,"language":"KOR","playtime":2049,"items_purged":["Strike_B"],"score":1003,"play_id":"a1297c22-6464-47de-901c-c3c716090e71","local_time":"20210224224934","is_ascension_mode":true,"campfire_choices":[{"data":"Zap","floor":6.0,"key":"SMITH"},{"data":"Dualcast","floor":8.0,"key":"SMITH"},{"data":"Defragment","floor":15.0,"key":"SMITH"},{"data":"Defragment","floor":23.0,"key":"SMITH"},{"floor":25.0,"key":"RECALL"},{"data":"Beam Cell","floor":32.0,"key":"SMITH"},{"data":"Creative AI","floor":49,"key":"SMITH"},{"data":"Capacitor","floor":52,"key":"SMITH"}],"circlet_count":0,"master_deck":["Strike_B","Defend_B+1","Defend_B+1","Defend_B","Zap+1","Dualcast+1","Cold Snap","Go for the Eyes","Defragment+1","Beam Cell+1","Defragment+1","Electrodynamics","Core Surge","Chill","Self Repair","Fusion+1","Glacier+1","Coolheaded","Creative AI+1","CurseOfTheBell","Capacitor+1","Defragment+1","White Noise+1","Capacitor+1","Storm","Creative AI+1","Steam","Heatsinks+1"],"relics":["Cracked Core","NeowsBlessing","Golden Idol","Lantern","Tiny Chest","White Beast Statue","Pantograph","Lee\u0027s Waffle","Black Star","Toy Ornithopter","MutagenicStrength","Bottled Lightning","Nunchaku","Meat on the Bone","Gremlin Horn","Bag of Marbles","Turnip","Bottled Tornado","Calling Bell","Unceasing Top","Question Card","MealTicket","Omamori","Pen Nib","Oddly Smooth Stone","Kunai","Singing Bowl","Potion Belt","Regal Pillow","Blood Vial","Dream Catcher","Du-Vu Doll","DollysMirror","Vajra","Boot","Happy Flower"],"acts_visited":["Exordium","TheCity","TheBeyond","TheEnding"],"potions_floor_usage":[39,42,42,48,50,50,54,55,55,55,55,55],"damage_taken":[{"damage":0.0,"enemies":"Jaw Worm","floor":1.0,"turns":1.0},{"damage":0.0,"enemies":"Small Slimes","floor":3.0,"turns":1.0},{"damage":0.0,"enemies":"Gremlin Nob","floor":7.0,"turns":1.0},{"damage":2.0,"enemies":"3 Sentries","floor":10.0,"turns":5.0},{"damage":0.0,"enemies":"2 Louse","floor":11.0,"turns":2.0},{"damage":0.0,"enemies":"Lagavulin","floor":12.0,"turns":7.0},{"damage":30.0,"enemies":"Hexaghost","floor":16.0,"turns":9.0},{"damage":2.0,"enemies":"3 Byrds","floor":18.0,"turns":3.0},{"damage":10.0,"enemies":"2 Thieves","floor":19.0,"turns":3.0},{"damage":0.0,"enemies":"Centurion and Healer","floor":21.0,"turns":5.0},{"damage":20.0,"enemies":"Slavers","floor":24.0,"turns":5.0},{"damage":20.0,"enemies":"Gremlin Leader","floor":27.0,"turns":7.0},{"damage":10.0,"enemies":"Book of Stabbing","floor":29.0,"turns":6.0},{"damage":0.0,"enemies":"Cultist and Chosen","floor":31.0,"turns":6.0},{"damage":28.0,"enemies":"Collector","floor":33.0,"turns":11.0},{"damage":0.0,"enemies":"3 Shapes","floor":35.0,"turns":5.0},{"damage":13.0,"enemies":"Orb Walker","floor":36.0,"turns":4.0},{"damage":12,"enemies":"Maw","floor":39,"turns":7},{"damage":0,"enemies":"Giant Head","floor":40,"turns":12},{"damage":8,"enemies":"Reptomancer","floor":42,"turns":8},{"damage":30,"enemies":"Giant Head","floor":44,"turns":11},{"damage":0,"enemies":"Sphere and 2 Shapes","floor":45,"turns":6},{"damage":13,"enemies":"Transient","floor":47,"turns":5},{"damage":55,"enemies":"Reptomancer","floor":48,"turns":8},{"damage":27,"enemies":"Time Eater","floor":50,"turns":14},{"damage":66,"enemies":"Shield and Spear","floor":54,"turns":8},{"damage":104,"enemies":"The Heart","floor":55,"turns":6}],"seed_played":"1676192271014539032","potions_obtained":[{"floor":1.0,"key":"Energy Potion"},{"floor":7.0,"key":"Fire Potion"},{"floor":11.0,"key":"Fire Potion"},{"floor":12.0,"key":"Weak Potion"},{"floor":16.0,"key":"EssenceOfDarkness"},{"floor":18.0,"key":"SneckoOil"},{"floor":19.0,"key":"BlessingOfTheForge"},{"floor":21.0,"key":"Fire Potion"},{"floor":24.0,"key":"Explosive Potion"},{"floor":27.0,"key":"Swift Potion"},{"floor":29.0,"key":"Fruit Juice"},{"floor":31.0,"key":"CultistPotion"},{"floor":33.0,"key":"ColorlessPotion"},{"floor":35.0,"key":"LiquidMemories"},{"floor":36,"key":"DistilledChaos"},{"floor":39,"key":"DistilledChaos"},{"floor":42,"key":"Weak Potion"},{"floor":44,"key":"BlessingOfTheForge"},{"floor":45,"key":"LiquidBronze"},{"floor":47,"key":"Regen Potion"},{"floor":48,"key":"Swift Potion"},{"floor":54,"key":"ColorlessPotion"}],"is_trial":false,"path_per_floor":["M","$","M","?","?","R","E","R","T","E","M","E","$","?","R","B",null,"M","M","$","M","?","R","E","R","T","E","T","E","?","M","R","B",null,"M","M","?","?","M","E","T","E","T","E","M","$","M","E","R","B",null,"R","$","E","B"],"character_chosen":"DEFECT","items_purchased":["Cold Snap","Lee\u0027s Waffle","Toy Ornithopter","DollysMirror","Steam","Fire Potion","Explosive Potion","Vajra"],"campfire_rested":0,"item_purchase_floors":[2,13,20,53,53,53,53,53],"current_hp_per_floor":[75,75,75,57,42,42,42,42,42,40,40,40,82,75,75,52,82,80,70,70,80,80,80,72,72,72,64,64,76,76,83,83,66,87,87,86,86,86,82,87,87,86,86,65,74,89,85,61,61,76,91,91,91,49,0,0],"gold":91,"neow_bonus":"THREE_ENEMY_KILL","is_daily":false,"chose_seed":false,"campfire_upgraded":7,"win_rate":0.0,"timestamp":1614174574,"path_taken":["M","$","M","?","?","R","E","R","T","E","M","E","?","?","R","BOSS","M","M","$","M","?","R","E","R","T","E","?","E","?","M","R","BOSS","M","M","?","?","M","E","?","E","T","E","M","?","M","E","R","BOSS","R","$","E","BOSS"],"items_purchased_type":["Card","Relic","Relic","Relic","Card","Potion","Potion","Relic"],"build_version":"2020-12-22","purchased_purges":1,"victory":false,"max_hp_per_floor":[75,75,75,75,75,75,75,75,75,75,75,75,82,82,82,82,82,82,82,82,82,82,82,82,82,82,82,82,87,87,87,87,87,87,87,87,87,87,87,87,87,87,87,89,89,89,91,91,91,91,91,91,91,91,91,91],"card_choices":[{"not_picked":["Fusion","Skim","Redo"],"picked":"SKIP","floor":1.0},{"not_picked":["Force Field","Hologram"],"picked":"Go for the Eyes","floor":3.0},{"not_picked":["Chaos","Steam Power"],"picked":"Defragment","floor":7.0},{"not_picked":["Cold Snap","Redo"],"picked":"Beam Cell","floor":10.0},{"not_picked":["Compile Driver","Redo"],"picked":"Defragment","floor":11.0},{"not_picked":["Reboot","Gash"],"picked":"Electrodynamics","floor":12.0},{"not_picked":["Seek","Hyperbeam"],"picked":"Core Surge","floor":16.0},{"not_picked":["Barrage","Redo"],"picked":"Chill","floor":18.0},{"not_picked":["Ball Lightning","Conserve Battery"],"picked":"Self Repair","floor":19.0},{"not_picked":["Doom and Gloom","Leap+1"],"picked":"Fusion+1","floor":21.0},{"not_picked":["Turbo","Hello World","Go for the Eyes"],"picked":"SKIP","floor":24.0},{"not_picked":["Rebound+1","Doom and Gloom"],"picked":"Glacier+1","floor":27.0},{"not_picked":["Lockon","Static Discharge","Stack"],"picked":"SKIP","floor":29.0},{"not_picked":["Go for the Eyes","Recycle"],"picked":"Coolheaded","floor":31.0},{"not_picked":["Multi-Cast","All For One"],"picked":"Creative AI","floor":33.0},{"not_picked":["Hello World","Glacier+1","Redo","Cold Snap+1"],"picked":"SKIP","floor":35.0},{"not_picked":["Sweeping Beam+1","Sunder","Beam Cell+1"],"picked":"Capacitor","floor":36},{"not_picked":["Turbo","Leap+1","Sweeping Beam","Recycle+1"],"picked":"SKIP","floor":39},{"not_picked":["Storm","Coolheaded","Lockon"],"picked":"Defragment+1","floor":40},{"not_picked":["Gash+1","Steam","Leap"],"picked":"White Noise+1","floor":42},{"not_picked":["Thunder Strike","Hologram","Reprogram","Rebound"],"picked":"Singing Bowl","floor":44},{"not_picked":["Recycle","Steam+1","Tempest+1"],"picked":"Capacitor+1","floor":45},{"not_picked":["Chill+1","Rip and Tear+1","Turbo","Cold Snap"],"picked":"Singing Bowl","floor":47},{"not_picked":["Sunder+1","Reprogram","Self Repair"],"picked":"Storm","floor":48},{"not_picked":["Loop","Leap+1","Steam+1"],"picked":"Heatsinks+1","floor":54}],"player_experience":954100,"relics_obtained":[{"floor":7.0,"key":"Lantern"},{"floor":9.0,"key":"Tiny Chest"},{"floor":10.0,"key":"White Beast Statue"},{"floor":12.0,"key":"Pantograph"},{"floor":24.0,"key":"Bottled Lightning"},{"floor":24.0,"key":"Nunchaku"},{"floor":27.0,"key":"Meat on the Bone"},{"floor":27.0,"key":"Gremlin Horn"},{"floor":28.0,"key":"Bag of Marbles"},{"floor":29.0,"key":"Turnip"},{"floor":29.0,"key":"Bottled Tornado"},{"floor":34.0,"key":"Unceasing Top"},{"floor":34.0,"key":"Question Card"},{"floor":34.0,"key":"MealTicket"},{"floor":40,"key":"Omamori"},{"floor":40,"key":"Pen Nib"},{"floor":41,"key":"Oddly Smooth Stone"},{"floor":42,"key":"Kunai"},{"floor":42,"key":"Singing Bowl"},{"floor":43,"key":"Potion Belt"},{"floor":44,"key":"Regal Pillow"},{"floor":44,"key":"Blood Vial"},{"floor":48,"key":"Dream Catcher"},{"floor":48,"key":"Du-Vu Doll"},{"floor":54,"key":"Boot"},{"floor":54,"key":"Happy Flower"}],"event_choices":[{"damage_healed":0.0,"max_hp_gain":0.0,"max_hp_loss":0.0,"gold_gain":0.0,"event_name":"Golden Idol","player_choice":"Take Damage","floor":4.0,"gold_loss":0.0,"damage_taken":18.0,"relics_obtained":["Golden Idol"]},{"damage_healed":0.0,"max_hp_gain":0.0,"max_hp_loss":0.0,"gold_gain":0.0,"event_name":"Shining Light","player_choice":"Entered Light","floor":5.0,"gold_loss":0.0,"damage_taken":15.0,"cards_upgraded":["Defend_B","Defend_B"]},{"cards_removed":["Strike_B"],"damage_healed":0.0,"max_hp_gain":0.0,"max_hp_loss":0.0,"gold_gain":0.0,"event_name":"Golden Wing","player_choice":"Card Removal","floor":14.0,"gold_loss":0.0,"damage_taken":7.0},{"damage_healed":0.0,"max_hp_gain":0.0,"max_hp_loss":0.0,"gold_gain":0.0,"event_name":"Drug Dealer","player_choice":"Inject Mutagens","floor":22.0,"gold_loss":0.0,"damage_taken":0.0,"relics_obtained":["MutagenicStrength"]},{"cards_removed":["Defend_B"],"damage_healed":0.0,"max_hp_gain":0.0,"max_hp_loss":0.0,"gold_gain":0.0,"event_name":"Bonfire Elementals","player_choice":"Offered Basic","floor":30.0,"gold_loss":0.0,"damage_taken":0.0},{"cards_removed":["Strike_B"],"damage_healed":0,"gold_gain":0,"player_choice":"Removed Attack","damage_taken":0,"max_hp_gain":0,"max_hp_loss":0,"event_name":"Falling","floor":37,"gold_loss":0},{"damage_healed":0,"gold_gain":0,"player_choice":"Ignored","damage_taken":0,"max_hp_gain":0,"max_hp_loss":0,"event_name":"Tomb of Lord Red Mask","floor":38,"gold_loss":0}],"is_beta":false,"boss_relics":[{"not_picked":["Runic Dome","Coffee Dripper"],"picked":"Black Star"},{"not_picked":["Pandora\u0027s Box","Sozu"],"picked":"Calling Bell"}],"items_purged_floors":[53],"is_endless":false,"potions_floor_spawned":[1,7,11,12,16,18,19,21,24,27,29,31,33,35,36,39,40,42,44,45,47,48,54],"killed_by":"The Heart","ascension_level":1}}