{"host":"of8gj1gadsx6jhxl","time":1614183372,"event":{"mods":["BaseMod","Bestiary","Colored Map","Minty Spire (QoL Compilation)","Reliquary","Shop Mod","StSLib"],"gold_per_floor":[112,124,134,148,167,167,192,192,192,192,212,223,241,258,258,356,356,366,382,399,66,66,66,98,98,98,117,129,142,154,154,154],"floor_reached":31,"language":"ENG","playtime":3145,"items_purged":[],"score":280,"play_id":"0cbe21af-6b97-4a35-bb25-472acf7d3d72","local_time":"20210224111612","is_ascension_mode":true,"campfire_choices":[{"data":"Infinite Blades","floor":6,"key":"SMITH"},{"data":"Neutralize","floor":15,"key":"SMITH"},{"floor":23,"key":"REST"},{"data":"Panache","floor":25,"key":"SMITH"}],"circlet_count":0,"master_deck":["Strike_G","Strike_G","Strike_G","Strike_G","Defend_G","Defend_G","Defend_G","Defend_G","Defend_G","Survivor","Neutralize+1","Infinite Blades+1","PiercingWail","Crippling Poison","Cloak And Dagger","Poisoned Stab","Finisher","Infinite Blades","Deadly Poison","Crippling Poison","Die Die Die","Bouncing Flask","Bane+1","Panache+1","Phantasmal Killer","Calculated Gamble","Well Laid Plans"],"relics":["Ring of the Snake","Ice Cream","WristBlade","HornCleat","reliquary:BallBearing"],"acts_visited":["Exordium","TheCity"],"potions_floor_usage":[13,16,16,19,30],"damage_taken":[{"damage":0,"enemies":"Small Slimes","floor":1,"turns":4},{"damage":6,"enemies":"2 Louse","floor":2,"turns":3},{"damage":1,"enemies":"Cultist","floor":3,"turns":4},{"damage":6,"enemies":"Looter","floor":4,"turns":4},{"damage":0,"enemies":"3 Louse","floor":5,"turns":3},{"damage":18,"enemies":"Gremlin Nob","floor":7,"turns":5},{"damage":6,"enemies":"Exordium Thugs","floor":11,"turns":4},{"damage":7,"enemies":"2 Fungi Beasts","floor":12,"turns":4},{"damage":3,"enemies":"Red Slaver","floor":13,"turns":3},{"damage":4,"enemies":"Lots of Slimes","floor":14,"turns":4},{"damage":24,"enemies":"The Guardian","floor":16,"turns":9},{"damage":19,"enemies":"Shell Parasite","floor":18,"turns":5},{"damage":10,"enemies":"Spheric Guardian","floor":19,"turns":6},{"damage":5,"enemies":"Centurion and Healer","floor":20,"turns":5},{"damage":22,"enemies":"Gremlin Leader","floor":24,"turns":4},{"damage":0,"enemies":"Snecko","floor":27,"turns":3},{"damage":12,"enemies":"Chosen and Byrds","floor":28,"turns":4},{"damage":19,"enemies":"Shelled Parasite and Fungi","floor":29,"turns":4},{"damage":33,"enemies":"Cultist and Chosen","floor":30,"turns":6},{"damage":9,"enemies":"Snake Plant","floor":31,"turns":1}],"seed_played":"-6840170562084657347","potions_obtained":[{"floor":1,"key":"FearPotion"},{"floor":5,"key":"BlessingOfTheForge"},{"floor":12,"key":"AttackPotion"},{"floor":13,"key":"Block Potion"},{"floor":14,"key":"Explosive Potion"},{"floor":16,"key":"Dexterity Potion"},{"floor":18,"key":"FairyPotion"},{"floor":28,"key":"Strength Potion"}],"is_trial":false,"path_per_floor":["M","M","M","M","M","R","E","?","T","?","M","M","M","M","R","B",null,"M","M","M","$","?","R","E","R","T","M","M","M","M","M"],"character_chosen":"THE_SILENT","items_purchased":["Panache","Phantasmal Killer"],"campfire_rested":1,"item_purchase_floors":[21,21],"current_hp_per_floor":[77,71,70,64,64,64,46,71,71,71,65,58,55,51,51,27,77,58,48,43,43,43,66,44,44,44,44,32,13,4,0,0],"gold":154,"neow_bonus":"TEN_PERCENT_HP_BONUS","is_daily":false,"chose_seed":false,"campfire_upgraded":3,"win_rate":0.0,"timestamp":1614183372,"path_taken":["M","M","M","M","M","R","E","?","T","?","?","M","M","M","R","BOSS","M","M","M","$","?","R","E","R","T","M","M","M","M","M"],"items_purchased_type":["Card","Card"],"build_version":"2020-12-22","purchased_purges":0,"victory":false,"max_hp_per_floor":[77,77,77,77,77,77,77,77,77,77,77,77,77,77,77,77,77,77,77,77,77,77,77,77,77,77,77,77,77,77,77,77],"card_choices":[{"not_picked":["Choke","Prepared"],"picked":"Infinite Blades","floor":1},{"not_picked":["Sucker Punch","Outmaneuver"],"picked":"PiercingWail","floor":2},{"not_picked":["Blur","Escape Plan"],"picked":"Crippling Poison","floor":3},{"not_picked":["Caltrops","Acrobatics"],"picked":"Cloak And Dagger","floor":4},{"not_picked":["Tactician","Flying Knee"],"picked":"Poisoned Stab","floor":5},{"not_picked":["Dash","Underhanded Strike","Dodge and Roll"],"picked":"SKIP","floor":7},{"not_picked":["Bouncing Flask","Leg Sweep"],"picked":"Infinite Blades","floor":11},{"not_picked":["Quick Slash","Reflex","Dagger Spray"],"picked":"SKIP","floor":12},{"not_picked":["Distraction","Quick Slash"],"picked":"Deadly Poison","floor":13},{"not_picked":["Bullet Time","Acrobatics"],"picked":"Crippling Poison","floor":14},{"not_picked":["Tools of the Trade","Wraith Form v2"],"picked":"Die Die Die","floor":16},{"not_picked":["Acrobatics","All Out Attack","Dash"],"picked":"SKIP","floor":18},{"not_picked":["Dagger Spray","Sucker Punch"],"picked":"Bouncing Flask","floor":19},{"not_picked":["Bouncing Flask+1","Choke"],"picked":"Bane+1","floor":20},{"not_picked":["Flying Knee","Dagger Throw","Dagger Spray"],"picked":"SKIP","floor":24},{"not_picked":["Poisoned Stab","PiercingWail"],"picked":"Calculated Gamble","floor":27},{"not_picked":["Dagger Throw+1","Acrobatics"],"picked":"Well Laid Plans","floor":28},{"not_picked":["Dagger Throw+1","Wraith Form v2","Backflip"],"picked":"SKIP","floor":29},{"not_picked":["Leg Sweep+1","Dagger Spray+1","Outmaneuver"],"picked":"SKIP","floor":30}],"player_experience":144851,"relics_obtained":[{"floor":7,"key":"Ice Cream"},{"floor":24,"key":"HornCleat"},{"floor":26,"key":"reliquary:BallBearing"}],"event_choices":[{"damage_healed":25,"gold_gain":0,"player_choice":"Banana","damage_taken":0,"max_hp_gain":0,"max_hp_loss":0,"event_name":"Big Fish","floor":8,"gold_loss":0},{"damage_healed":0,"gold_gain":0,"cards_transformed":["Strike_G"],"player_choice":"Transformed","damage_taken":0,"max_hp_gain":0,"max_hp_loss":0,"event_name":"Transmorgrifier","floor":10,"gold_loss":0,"cards_obtained":["Finisher"]}],"is_beta":false,"boss_relics":[{"not_picked":["Astrolabe","Calling Bell"],"picked":"WristBlade"}],"items_purged_floors":[],"is_endless":false,"potions_floor_spawned":[1,5,12,13,14,16,18,28],"killed_by":"Snake Plant","ascension_level":1}}