{"host":"pqs17sqrgflf4eqa","time":1614131923,"event":{"mods":["AchievementEnabler","BaseMod","Bestiary","Better Altar","Better Match","Better Skull","BetterRewards","Block Reminder","Bossed Relics","Colored Map","Colored Powertips","Curses Come First","Dark Map","DeckTracker","Defective Defect","Displayed Cursed Tome","Emptier Cage","Googly Eyes","Highlight Path","Infinite Spire","Minty Spire (QoL Compilation)","Poor People Problems","Quick Restart","StSLib","SuperFastMode","Transform Curses","everything is the same but u backflip on backflip","slay the spire mod where everything is the same but ironclad has a cowboy hat"],"gold_per_floor":[112,112,112,128,128,128,172,18,18,32,57,90,90,134,134,257,257,276,103,127,127,127,162,186,225,294,294,313,352,352,352],"floor_reached":30,"language":"ENG","playtime":690,"items_purged":["Strike_B"],"score":481,"play_id":"98038442-1fbc-41d5-b6fd-d5c5913703bc","local_time":"20210223205843","is_ascension_mode":true,"campfire_choices":[{"data":"Zap","floor":6,"key":"SMITH"},{"data":"Dualcast","floor":13,"key":"SMITH"},{"data":"Creative AI","floor":15,"key":"SMITH"},{"data":"Electrodynamics","floor":27,"key":"SMITH"}],"circlet_count":0,"master_deck":["Strike_B","Strike_B","Strike_B","Defend_B","Defend_B","Defend_B","Zap+1","Dualcast+1","Sweeping Beam","Sweeping Beam","Go for the Eyes","Electrodynamics+1","Creative AI+1","Glacier","Streamline","Biased Cognition","Cold Snap","Melter","Doom and Gloom","infinitespire:Fortify","infinitespire:Collect","infinitespire:Punishment","Redo+1"],"relics":["Cracked Core","NeowsBlessing","Golden Idol","Shuriken","Pear","Oddly Smooth Stone","Symbiotic Virus","Tiny House","Membership Card","infinitespire:Lucky Rock","Mercury Hourglass","Kunai","Vajra"],"acts_visited":["Exordium","TheCity"],"potions_floor_usage":[12,20,29,29],"damage_taken":[{"damage":0,"enemies":"Small Slimes","floor":1,"turns":1},{"damage":0,"enemies":"Jaw Worm","floor":4,"turns":1},{"damage":0,"enemies":"3 Sentries","floor":7,"turns":1},{"damage":0,"enemies":"Cultist","floor":10,"turns":2},{"damage":0,"enemies":"2 Fungi Beasts","floor":11,"turns":2},{"damage":13,"enemies":"Gremlin Nob","floor":12,"turns":3},{"damage":10,"enemies":"3 Sentries","floor":14,"turns":3},{"damage":30,"enemies":"Hexaghost","floor":16,"turns":10},{"damage":0,"enemies":"Spheric Guardian","floor":18,"turns":3},{"damage":4,"enemies":"3 Byrds","floor":20,"turns":4},{"damage":0,"enemies":"Slavers","floor":23,"turns":1},{"damage":0,"enemies":"Sentry and Sphere","floor":24,"turns":3},{"damage":12,"enemies":"Nightmare","floor":25,"turns":8},{"damage":10,"enemies":"Chosen and Byrds","floor":28,"turns":4},{"damage":17,"enemies":"Book of Stabbing","floor":29,"turns":6}],"seed_played":"-1653445144450818146","potions_obtained":[{"floor":7,"key":"GamblersBrew"},{"floor":11,"key":"Energy Potion"},{"floor":18,"key":"Fire Potion"},{"floor":25,"key":"PotionOfCapacity"},{"floor":29,"key":"SpeedPotion"}],"is_trial":false,"path_per_floor":["M","?","?","M","?","R","E","$","T","M","M","E","R","E","R","B",null,"M","$","M","?","AVR","E","M","NM","T","R","M","E","?"],"character_chosen":"DEFECT","items_purchased":["Electrodynamics","Cold Snap","Melter","SteroidPotion"],"campfire_rested":0,"item_purchase_floors":[8,19,19,19],"current_hp_per_floor":[68,73,73,73,73,73,73,73,83,83,83,70,70,60,60,30,71,71,71,67,45,45,45,45,33,33,33,23,6,0,0],"gold":352,"neow_bonus":"THREE_ENEMY_KILL","is_daily":false,"chose_seed":false,"campfire_upgraded":4,"win_rate":0.0,"timestamp":1614131923,"path_taken":["M","?","?","?","?","R","E","$","T","M","M","E","R","E","R","BOSS","M","$","M","?","AVR","E","M","NM","T","R","M","E","?"],"items_purchased_type":["Card","Card","Card","Potion"],"build_version":"2020-12-22","purchased_purges":1,"victory":false,"max_hp_per_floor":[75,80,80,80,74,74,74,74,84,84,84,84,84,84,84,84,84,84,84,84,84,84,84,84,84,84,84,84,84,84,84],"card_choices":[{"not_picked":["Stack","Beam Cell"],"picked":"Sweeping Beam","floor":1},{"not_picked":["Ball Lightning","Fusion"],"picked":"Sweeping Beam","floor":4},{"not_picked":["Barrage","Reinforced Body"],"picked":"Go for the Eyes","floor":7},{"not_picked":["Rebound","Turbo","Go for the Eyes"],"picked":"SKIP","floor":10},{"not_picked":["Conserve Battery","Coolheaded"],"picked":"Creative AI","floor":11},{"not_picked":["Turbo","Compile Driver"],"picked":"Glacier","floor":12},{"not_picked":["Conserve Battery","Glacier"],"picked":"Streamline","floor":14},{"not_picked":["Meteor Strike","Core Surge"],"picked":"Biased Cognition","floor":16},{"not_picked":["White Noise","Hologram","Stack"],"picked":"SKIP","floor":18},{"not_picked":["Sweeping Beam","Coolheaded"],"picked":"Doom and Gloom","floor":20},{"not_picked":["infinitespire:DeathsTouch","infinitespire:UltimateForm"],"picked":"infinitespire:Fortify","floor":21},{"not_picked":["Leap","Thunder Strike","Gash"],"picked":"SKIP","floor":23},{"not_picked":["Scrape+1","Melter","Auto Shields"],"picked":"SKIP","floor":24},{"not_picked":["Auto Shields","Barrage"],"picked":"Redo+1","floor":25},{"not_picked":["Streamline","Conserve Battery","Sweeping Beam+1"],"picked":"SKIP","floor":28},{"not_picked":["Melter","Stack","Gash+1"],"picked":"SKIP","floor":29}],"player_experience":156205,"relics_obtained":[{"floor":7,"key":"Shuriken"},{"floor":9,"key":"Pear"},{"floor":12,"key":"Oddly Smooth Stone"},{"floor":14,"key":"Symbiotic Virus"},{"floor":23,"key":"infinitespire:Lucky Rock"},{"floor":25,"key":"Mercury Hourglass"},{"floor":26,"key":"Kunai"},{"floor":29,"key":"Vajra"}],"event_choices":[{"damage_healed":0,"gold_gain":0,"player_choice":"Donut","damage_taken":0,"max_hp_gain":5,"max_hp_loss":0,"event_name":"Big Fish","floor":2,"gold_loss":0},{"cards_removed":["Defend_B"],"damage_healed":0,"gold_gain":0,"player_choice":"Purged","damage_taken":0,"max_hp_gain":0,"max_hp_loss":0,"event_name":"Purifier","floor":3,"gold_loss":0},{"damage_healed":0,"gold_gain":0,"player_choice":"Lose Max HP","damage_taken":0,"relics_obtained":["Golden Idol"],"max_hp_gain":0,"max_hp_loss":6,"event_name":"Golden Idol","floor":5,"gold_loss":0}],"is_beta":false,"boss_relics":[{"not_picked":["Velvet Choker","Inserter"],"picked":"Tiny House"}],"items_purged_floors":[22],"is_endless":true,"potions_floor_spawned":[7,11,18,25,28,29],"ascension_level":7}}