{"host":"j4b88pk2ewfl8ntk","time":1614192392,"event":{"mods":["2.2 Compatiblity","BaseMod","Bestiary","Colored Map","Colored Powertips","Curses Come First","Highlight Path","Keyboard Shortcuts","Minty Spire (QoL Compilation)","Relic Stats","StSLib","SuperFastMode"],"gold_per_floor":[160,160,175,185,204,204,234,250,250,250,266,266,25,54,54,156,156,169,169,184,184,284,284,313,313,313,313,332,385,405,433,433,531,531,547,150,0,13,29,60,115,128,178,210,110,124,94,8,8,8],"floor_reached":51,"language":"ENG","playtime":3036,"items_purged":["Omniscience+1","Pain"],"score":1263,"play_id":"a0ecc94e-6e48-4ac1-b91c-b81882846134","local_time":"20210224224632","is_ascension_mode":true,"campfire_choices":[{"data":"DevaForm","floor":6,"key":"SMITH"},{"floor":12,"key":"REST"},{"data":"Eruption","floor":15,"key":"SMITH"},{"data":"Strike_P","floor":23,"key":"PURGE"},{"floor":25,"key":"REST"},{"data":"Strike_P","floor":27,"key":"PURGE"},{"floor":32,"key":"REST"},{"floor":49,"key":"REST"}],"circlet_count":0,"master_deck":["AscendersBane","Defend_P","Defend_P","Defend_P+1","Eruption+1","Vigilance","FlurryOfBlows","EmptyBody","SignatureMove","FollowUp","DevaForm+1","JustLucky","PathToVictory","WaveOfTheHand+1","ForeignInfluence+1","Halt+1","Vengeance+1","Scrawl+1","Consecrate+1","Evaluate+1","FlurryOfBlows+1","Perseverance+1","FlurryOfBlows+1","Scrawl+1","Wireheading+1","BattleHymn+1","Protect+1","ThirdEye+1","Flash of Steel"],"relics":["Tiny House","Anchor","Gremlin Horn","Toxic Egg 2","Bottled Tornado","Shuriken","Astrolabe","Peace Pipe","Meat on the Bone","Pantograph","Frozen Egg 2","Pocketwatch","Cursed Key","ClockworkSouvenir","Red Mask","Unceasing Top","GoldenEye","Damaru","Calipers"],"acts_visited":["Exordium","TheCity","TheBeyond"],"potions_floor_usage":[7,7,14,20,29,31,33,35,41,42,50,50],"damage_taken":[{"damage":6,"enemies":"Small Slimes","floor":1,"turns":4},{"damage":1,"enemies":"2 Louse","floor":3,"turns":4},{"damage":0,"enemies":"Jaw Worm","floor":4,"turns":5},{"damage":4,"enemies":"3 Louse","floor":5,"turns":3},{"damage":5,"enemies":"3 Sentries","floor":7,"turns":7},{"damage":20,"enemies":"Gremlin Gang","floor":8,"turns":5},{"damage":1,"enemies":"Exordium Wildlife","floor":11,"turns":4},{"damage":3,"enemies":"Lagavulin","floor":14,"turns":7},{"damage":25,"enemies":"The Guardian","floor":16,"turns":9},{"damage":8,"enemies":"Shell Parasite","floor":18,"turns":4},{"damage":12,"enemies":"2 Thieves","floor":20,"turns":3},{"damage":15,"enemies":"Book of Stabbing","floor":24,"turns":6},{"damage":2,"enemies":"Centurion and Healer","floor":28,"turns":3},{"damage":0,"enemies":"Gremlin Leader","floor":29,"turns":3},{"damage":2,"enemies":"Cultist and Chosen","floor":30,"turns":4},{"damage":36,"enemies":"Slavers","floor":31,"turns":5},{"damage":3,"enemies":"Collector","floor":33,"turns":4},{"damage":14,"enemies":"3 Darklings","floor":35,"turns":3},{"damage":0,"enemies":"3 Shapes","floor":38,"turns":2},{"damage":14,"enemies":"3 Darklings","floor":39,"turns":3},{"damage":0,"enemies":"Giant Head","floor":40,"turns":4},{"damage":27,"enemies":"2 Orb Walkers","floor":41,"turns":4},{"damage":14,"enemies":"4 Shapes","floor":42,"turns":4},{"damage":10,"enemies":"Reptomancer","floor":44,"turns":4},{"damage":6,"enemies":"Sphere and 2 Shapes","floor":46,"turns":3},{"damage":13,"enemies":"Time Eater","floor":50,"turns":7}],"seed_played":"9072394304235670902","potions_obtained":[{"floor":0,"key":"BottledMiracle"},{"floor":5,"key":"AttackPotion"},{"floor":8,"key":"SmokeBomb"},{"floor":11,"key":"Swift Potion"},{"floor":16,"key":"DuplicationPotion"},{"floor":18,"key":"BlessingOfTheForge"},{"floor":28,"key":"ColorlessPotion"},{"floor":30,"key":"LiquidBronze"},{"floor":33,"key":"ColorlessPotion"},{"floor":35,"key":"Strength Potion"},{"floor":40,"key":"Regen Potion"},{"floor":42,"key":"Strength Potion"},{"floor":44,"key":"Weak Potion"},{"floor":47,"key":"BottledMiracle"},{"floor":47,"key":"LiquidMemories"}],"is_trial":false,"path_per_floor":["M","?","M","M","M","R","E","M","T","?","M","R","$","E","R","B",null,"M","?","M","T","?","R","E","R","T","R","M","E","M","E","R","B",null,"M","$","?","M","M","E","?","M","T","E","$","M","?","$","R","B",null],"character_chosen":"WATCHER","items_purchased":["Bottled Tornado","BattleHymn+1","ClockworkSouvenir","FairyPotion","Flash of Steel"],"campfire_rested":4,"item_purchase_floors":[13,36,36,36,48],"current_hp_per_floor":[64,69,68,68,64,64,59,39,39,36,35,59,59,56,56,31,69,61,61,49,49,49,49,34,58,58,58,56,56,54,30,54,76,81,67,67,67,67,53,53,50,48,48,50,50,44,44,44,68,69],"gold":8,"neow_bonus":"BOSS_RELIC","is_daily":false,"chose_seed":false,"campfire_upgraded":2,"win_rate":0.0,"timestamp":1614192392,"path_taken":["M","?","M","M","M","R","E","M","T","?","M","R","$","E","R","BOSS","M","?","M","?","?","R","E","R","T","R","?","E","M","E","R","BOSS","M","$","?","M","M","E","?","M","T","E","$","M","?","$","R","BOSS"],"items_purchased_type":["Relic","Card","Relic","Potion","Card"],"build_version":"2020-12-22","purchased_purges":2,"victory":true,"max_hp_per_floor":[77,82,82,82,82,82,82,82,82,82,82,82,82,82,82,82,82,82,82,82,82,82,82,82,82,82,82,82,82,82,82,82,82,82,82,82,82,82,82,82,82,82,82,82,82,82,82,82,82,82],"relic_stats":{"Peace Pipe":2,"Gremlin Horn":[25,25],"counters":[26,114],"Shuriken":[68],"Astrolabe":["Halt","Vengeance","Scrawl"],"Pantograph":39,"Cursed Key":1,"GoldenEye":[27],"obtain_stats":[{"Tiny House":0,"Calipers":44,"Gremlin Horn":9,"Astrolabe":17,"Damaru":43,"Bottled Tornado":13,"Frozen Egg 2":29,"Cursed Key":34,"GoldenEye":41,"ClockworkSouvenir":36,"Peace Pipe":21,"Anchor":7,"Shuriken":14,"Pantograph":26,"Red Mask":37,"PureWater":0,"Toxic Egg 2":10,"Unceasing Top":40,"Meat on the Bone":24,"Pocketwatch":31},{"Tiny House":0,"Calipers":24,"Gremlin Horn":6,"Astrolabe":9,"Damaru":23,"Bottled Tornado":7,"Frozen Egg 2":14,"Cursed Key":17,"GoldenEye":22,"ClockworkSouvenir":18,"Peace Pipe":11,"Anchor":5,"Shuriken":8,"Pantograph":12,"Red Mask":18,"PureWater":0,"Toxic Egg 2":6,"Unceasing Top":21,"Meat on the Bone":12,"Pocketwatch":16},{"Tiny House":0,"Calipers":104,"Gremlin Horn":28,"Astrolabe":48,"Damaru":100,"Bottled Tornado":32,"Frozen Egg 2":67,"Cursed Key":80,"GoldenEye":96,"ClockworkSouvenir":83,"Peace Pipe":55,"Anchor":23,"Shuriken":39,"Pantograph":61,"Red Mask":83,"PureWater":0,"Toxic Egg 2":28,"Unceasing Top":92,"Meat on the Bone":61,"Pocketwatch":76}],"Unceasing Top":[2],"Meat on the Bone":48,"Pocketwatch":[27]},"card_choices":[{"not_picked":["EmptyFist","Nirvana"],"picked":"FlurryOfBlows","floor":0},{"not_picked":["CrushJoints","Consecrate"],"picked":"EmptyBody","floor":1},{"not_picked":["Prostrate","WreathOfFlame"],"picked":"SignatureMove","floor":3},{"not_picked":["Vengeance","DeceiveReality"],"picked":"FollowUp","floor":4},{"not_picked":["FollowUp","ForeignInfluence"],"picked":"DevaForm","floor":5},{"not_picked":["FearNoEvil","ReachHeaven"],"picked":"JustLucky","floor":7},{"not_picked":["Crescendo","ThirdEye"],"picked":"PathToVictory","floor":8},{"not_picked":["Worship+1","Weave"],"picked":"WaveOfTheHand+1","floor":11},{"not_picked":["CarveReality","FollowUp"],"picked":"ForeignInfluence+1","floor":14},{"not_picked":["Judgement+1","LessonLearned"],"picked":"Omniscience+1","floor":16},{"not_picked":["CrushJoints+1","EmptyFist"],"picked":"Consecrate+1","floor":18},{"not_picked":["FollowUp","WreathOfFlame+1"],"picked":"Evaluate+1","floor":20},{"not_picked":["Prostrate+1","SpiritShield+1"],"picked":"FlurryOfBlows+1","floor":24},{"not_picked":["Prostrate+1","WaveOfTheHand+1","CrushJoints"],"picked":"SKIP","floor":28},{"not_picked":["ClearTheMind+1","EmptyFist"],"picked":"Perseverance+1","floor":29},{"not_picked":["Study+1","LessonLearned"],"picked":"FlurryOfBlows+1","floor":30},{"not_picked":["PathToVictory+1","ForeignInfluence+1","TalkToTheHand"],"picked":"SKIP","floor":31},{"not_picked":["Judgement+1","Alpha+1"],"picked":"Scrawl+1","floor":33},{"not_picked":["Worship+1","ReachHeaven"],"picked":"Wireheading+1","floor":35},{"not_picked":["Indignation+1","CutThroughFate+1","Study+1"],"picked":"SKIP","floor":38},{"not_picked":["Vengeance+1","BowlingBash"],"picked":"Protect+1","floor":39},{"not_picked":["TalkToTheHand","Crescendo+1","BattleHymn+1"],"picked":"SKIP","floor":40},{"not_picked":["FollowUp","Evaluate+1","Perseverance+1"],"picked":"SKIP","floor":42},{"not_picked":["Prostrate+1","InnerPeace+1"],"picked":"ThirdEye+1","floor":44},{"not_picked":["Pray+1","InnerPeace+1","Evaluate+1"],"picked":"SKIP","floor":46}],"player_experience":1250674,"relics_obtained":[{"floor":7,"key":"Anchor"},{"floor":9,"key":"Gremlin Horn"},{"floor":14,"key":"Shuriken"},{"floor":21,"key":"Peace Pipe"},{"floor":24,"key":"Meat on the Bone"},{"floor":26,"key":"Pantograph"},{"floor":29,"key":"Frozen Egg 2"},{"floor":31,"key":"Pocketwatch"},{"floor":40,"key":"Unceasing Top"},{"floor":41,"key":"GoldenEye"},{"floor":43,"key":"Damaru"},{"floor":44,"key":"Calipers"}],"event_choices":[{"damage_healed":0,"gold_gain":0,"player_choice":"Donut","damage_taken":0,"max_hp_gain":5,"max_hp_loss":0,"event_name":"Big Fish","floor":2,"gold_loss":0},{"damage_healed":0,"gold_gain":0,"player_choice":"Success","damage_taken":3,"relics_obtained":["Toxic Egg 2"],"max_hp_gain":0,"max_hp_loss":0,"event_name":"Scrap Ooze","floor":10,"gold_loss":0},{"damage_healed":0,"gold_gain":0,"player_choice":"Ignored","damage_taken":0,"max_hp_gain":0,"max_hp_loss":0,"event_name":"Vampires","floor":19,"gold_loss":0},{"damage_healed":0,"gold_gain":100,"player_choice":"Pray","damage_taken":0,"max_hp_gain":0,"max_hp_loss":0,"event_name":"Golden Shrine","floor":22,"gold_loss":0},{"damage_healed":0,"gold_gain":0,"player_choice":"Paid","damage_taken":0,"relics_obtained":["Red Mask"],"max_hp_gain":0,"max_hp_loss":0,"event_name":"Tomb of Lord Red Mask","floor":37,"gold_loss":150},{"damage_healed":0,"gold_gain":0,"player_choice":"Fight","damage_taken":0,"max_hp_gain":0,"max_hp_loss":0,"event_name":"Mysterious Sphere","floor":41,"gold_loss":0},{"damage_healed":0,"gold_gain":0,"player_choice":"Bought 2 Potions","damage_taken":0,"max_hp_gain":0,"max_hp_loss":0,"event_name":"The Woman in Blue","floor":47,"gold_loss":0}],"is_beta":false,"boss_relics":[{"not_picked":["VioletLotus","Empty Cage"],"picked":"Astrolabe"},{"not_picked":["Sozu","Fusion Hammer"],"picked":"Cursed Key"}],"items_purged_floors":[36,45],"is_endless":false,"potions_floor_spawned":[5,8,11,16,18,28,30,33,35,40,42,44],"ascension_level":10}}