{"host":"7tvb1em0d2fx72q7","time":1614150603,"event":{"mods":["BaseMod","Challenge The Spire","Minty Spire (QoL Compilation)","StSLib","everything is the same but u backflip on backflip"],"gold_per_floor":[117,132,151,109,109,109,109,109,135,161,161,179,21,21,21,100,100,120,131,149,119,119,119],"floor_reached":22,"language":"ENG","playtime":1076,"items_purged":[],"score":372,"play_id":"0e2d83ea-316d-43cb-afc2-e8062b139e6a","local_time":"20210224021003","is_ascension_mode":true,"campfire_choices":[{"data":"Ball Lightning","floor":6.0,"key":"SMITH"},{"floor":11,"key":"REST"},{"data":"Hologram","floor":15,"key":"SMITH"}],"circlet_count":0,"master_deck":["AscendersBane","Strike_B","Strike_B","Strike_B","Strike_B","Defend_B","Defend_B","Defend_B","Defend_B","Zap+1","Dualcast","Gash+1","Leap","Ball Lightning+1","Leap","Hologram+1","Sunder","Self Repair","Barrage","Reboot","Capacitor","Conserve Battery+1","Coolheaded"],"relics":["Cracked Core","Orichalcum","Strawberry","Fusion Hammer"],"acts_visited":["Exordium","TheCity"],"potions_floor_usage":[10,16,18],"damage_taken":[{"damage":7.0,"enemies":"Jaw Worm","floor":1.0,"turns":3.0},{"damage":3.0,"enemies":"Small Slimes","floor":2.0,"turns":3.0},{"damage":8.0,"enemies":"2 Louse","floor":3.0,"turns":2.0},{"damage":8.0,"enemies":"Exordium Thugs","floor":4.0,"turns":5.0},{"damage":20,"enemies":"Lagavulin","floor":10,"turns":5},{"damage":0,"enemies":"Red Slaver","floor":12,"turns":2},{"damage":14,"enemies":"Slime Boss","floor":16,"turns":7},{"damage":6,"enemies":"Chosen","floor":18,"turns":5},{"damage":18,"enemies":"Spheric Guardian","floor":19,"turns":4},{"damage":36,"enemies":"Centurion and Healer","floor":20,"turns":9},{"damage":40,"enemies":"Shelled Parasite and Fungi","floor":22,"turns":3}],"seed_played":"3738407590169784893","potions_obtained":[{"floor":4.0,"key":"FearPotion"},{"floor":10,"key":"AttackPotion"},{"floor":20,"key":"FearPotion"},{"floor":21,"key":"Dexterity Potion"},{"floor":21,"key":"Dexterity Potion"}],"is_trial":false,"path_per_floor":["M","M","M","M","?","R","?","?","T","E","R","M","$","?","R","B",null,"M","M","M","?","M"],"character_chosen":"DEFECT","items_purchased":["Self Repair","Barrage","PowerPotion"],"campfire_rested":1,"item_purchase_floors":[13,13,13],"current_hp_per_floor":[64,61,53,45,22,22,22,22,22,9,34,34,34,62,62,55,78,79,68,39,39,0,0],"gold":119,"neow_bonus":"TEN_PERCENT_HP_BONUS","is_daily":false,"chose_seed":false,"campfire_upgraded":2,"win_rate":0.0,"timestamp":1614150603,"path_taken":["M","M","M","M","?","R","?","?","T","E","R","?","?","?","R","BOSS","M","M","M","?","?"],"items_purchased_type":["Card","Card","Potion"],"build_version":"2020-12-22","purchased_purges":0,"victory":false,"max_hp_per_floor":[78,78,78,78,78,78,78,78,78,85,85,85,85,85,85,85,85,85,85,85,85,85,85],"card_choices":[{"not_picked":["Stack","Force Field"],"picked":"Gash","floor":1.0},{"not_picked":["Barrage","Reinforced Body"],"picked":"Leap","floor":2.0},{"not_picked":["Steam","Streamline"],"picked":"Ball Lightning","floor":3.0},{"not_picked":["Amplify","Storm"],"picked":"Leap","floor":4.0},{"not_picked":["Rebound","Streamline"],"picked":"Hologram","floor":10},{"not_picked":["Steam","Heatsinks"],"picked":"Sunder","floor":12},{"not_picked":["Multi-Cast","Thunder Strike"],"picked":"Reboot","floor":16},{"not_picked":["Coolheaded","Leap"],"picked":"Capacitor","floor":18},{"not_picked":["Streamline","Leap"],"picked":"Conserve Battery+1","floor":19},{"not_picked":["Rainbow","Steam"],"picked":"Coolheaded","floor":20}],"player_experience":2062327,"relics_obtained":[{"floor":10,"key":"Strawberry"}],"event_choices":[{"damage_healed":0.0,"max_hp_gain":0.0,"max_hp_loss":0.0,"gold_gain":0.0,"event_name":"Shining Light","player_choice":"Entered Light","floor":5.0,"gold_loss":0.0,"damage_taken":23.0,"cards_upgraded":["Gash","Zap"]},{"damage_healed":0.0,"max_hp_gain":0.0,"max_hp_loss":0.0,"gold_gain":0.0,"event_name":"Dead Adventurer","player_choice":"Searched \u00272\u0027 times","floor":7.0,"gold_loss":0.0,"damage_taken":0.0,"relics_obtained":["Orichalcum"]},{"damage_healed":0,"gold_gain":0,"player_choice":"Leave","damage_taken":0,"max_hp_gain":0,"max_hp_loss":0,"event_name":"FaceTrader","floor":8,"gold_loss":0},{"damage_healed":28,"gold_gain":0,"player_choice":"Banana","damage_taken":0,"max_hp_gain":0,"max_hp_loss":0,"event_name":"Big Fish","floor":14,"gold_loss":0},{"damage_healed":0,"gold_gain":0,"player_choice":"Bought 2 Potions","damage_taken":0,"max_hp_gain":0,"max_hp_loss":0,"event_name":"The Woman in Blue","floor":21,"gold_loss":0}],"is_beta":false,"boss_relics":[{"not_picked":["Inserter","Runic Pyramid"],"picked":"Fusion Hammer"}],"items_purged_floors":[],"is_endless":false,"potions_floor_spawned":[4,10,20],"killed_by":"Shelled Parasite and Fungi","ascension_level":20}}