{"host":"ekyl8r8j8fco3zlk","time":1614188427,"event":{"mods":["ATMod(ªü½@Mod)","Act Like it!","Arknights","BaseMod","CapriCore","Dota2Spire","Friendly Minions","Gensokyo","GifTheSpireLib","Library of Ruina","Marisa¡]Ãú«B¡@Å]²z¨F¡^","Minty Spire (QoL Compilation)","Reimu¡]³Õ???¡^","StSLib","The Alterego","The Animator","The Immortal","TheWitcher","Waifu the Spire","WarShipGirlsR/??¤Ö¤kR mod","Yakumo Yukari mod"],"gold_per_floor":[116,130,144,158,174,174,202,219,244,244,263,64,64,117,117,287,287,351,386,456,456,522,630,112,217,217,277,321,381,474,576,576,751,751,796,246,362,404,517,517,604,604,672,765,840,900,900],"floor_reached":46,"language":"ZHS","playtime":2539,"items_purged":["Dodge","Riposte"],"score":850,"play_id":"09f296ad-cc15-43c5-b4cd-b2e4d0ae0467","local_time":"20210225014027","is_ascension_mode":false,"campfire_choices":[{"data":"BayonetCombat","floor":6.0,"key":"SMITH"},{"data":"InnerArdor","floor":10.0,"key":"SMITH"},{"data":"FocusFire","floor":13.0,"key":"SMITH"},{"data":"FleetFootsteps","floor":15.0,"key":"SMITH"},{"data":"FrontalAssault","floor":32.0,"key":"SMITH"},{"data":"SuppressingShot","floor":40.0,"key":"SMITH"},{"data":"Reload","floor":42.0,"key":"SMITH"}],"circlet_count":0,"master_deck":["LightAttack+1","LightAttack+1","LightAttack+1","LightDefense+1","LightDefense+1","LightDefense+1","ChargeAndCover+1","FocusedStrikes+1","BayonetCombat+1","InnerArdor+1","HandlingWork","FocusFire+1","Reload+1","FleetFootsteps+1","Outburst","SuppressingShot+1","FrontalAssault+1","SummaryJudgment","StayCalm+1","ForTheFamily+1","Parasite"],"relics":["PageOfLibrarian","AT_ATBox","WingedGreaves","Nunchaku","AT_MibuBalloonWealth","RuthlessExorcism:ReiMu","Dota2Spire:Bloodstone","Lantern","Dota2Spire:AssaultCuirass","Bronze Scales","Dota2Spire:MagicBottle","PageOfForsakenMurderer","HornCleat","Mastiff:ReiMu","Black Star","Dota2Spire:HandOfMidas","Potion Belt","Sling","Meat on the Bone","Regal Pillow"],"acts_visited":["Exordium","TheCity","TheBeyond"],"potions_floor_usage":[46,46],"damage_taken":[{"damage":0.0,"enemies":"Small Slimes","floor":1.0,"turns":3.0},{"damage":0.0,"enemies":"2 Louse","floor":2.0,"turns":2.0},{"damage":0.0,"enemies":"Jaw Worm","floor":3.0,"turns":4.0},{"damage":3.0,"enemies":"Large Slime","floor":4.0,"turns":5.0},{"damage":10.0,"enemies":"Exordium Thugs","floor":5.0,"turns":6.0},{"damage":6.0,"enemies":"Lagavulin","floor":7.0,"turns":5.0},{"damage":0.0,"enemies":"Exordium Wildlife","floor":8.0,"turns":2.0},{"damage":0.0,"enemies":"Gremlin Gang","floor":11.0,"turns":3.0},{"damage":0.0,"enemies":"Gremlin Nob","floor":14.0,"turns":2.0},{"damage":0.0,"enemies":"Slime Boss","floor":16.0,"turns":7.0},{"damage":3.0,"enemies":"2 Thieves","floor":18.0,"turns":3.0},{"damage":0.0,"enemies":"Chosen","floor":19.0,"turns":2.0},{"damage":12.0,"enemies":"Centurion and Healer","floor":20.0,"turns":4.0},{"damage":0.0,"enemies":"Shelled Parasite and Fungi","floor":22.0,"turns":2.0},{"damage":2.0,"enemies":"Slavers","floor":23.0,"turns":4.0},{"damage":0.0,"enemies":"Gremlin Leader","floor":25.0,"turns":3.0},{"damage":0.0,"enemies":"Sentry and Sphere","floor":27.0,"turns":2.0},{"damage":11.0,"enemies":"Snecko","floor":28.0,"turns":2.0},{"damage":0.0,"enemies":"Book of Stabbing","floor":29.0,"turns":2.0},{"damage":0.0,"enemies":"3 Cultists","floor":30.0,"turns":3.0},{"damage":0.0,"enemies":"Slavers","floor":31.0,"turns":2.0},{"damage":0.0,"enemies":"Automaton","floor":33.0,"turns":6.0},{"damage":0.0,"enemies":"Orb Walker","floor":35.0,"turns":2.0},{"damage":0.0,"enemies":"3 Shapes","floor":37.0,"turns":1.0},{"damage":0.0,"enemies":"Spire Growth","floor":38.0,"turns":2.0},{"damage":0.0,"enemies":"4 Shapes","floor":39.0,"turns":2.0},{"damage":0.0,"enemies":"Giant Head","floor":41.0,"turns":5.0},{"damage":0,"enemies":"Sphere and 2 Shapes","floor":44,"turns":3},{"damage":0,"enemies":"Writhing Mass","floor":45,"turns":3},{"damage":87,"enemies":"Writhing Mass","floor":46,"turns":12}],"seed_played":"8244681574595496576","potions_obtained":[{"floor":1.0,"key":"SteroidPotion"},{"floor":3.0,"key":"Fruit Juice"},{"floor":14.0,"key":"GamblersBrew"},{"floor":18.0,"key":"FearPotion"},{"floor":22.0,"key":"SteroidPotion"},{"floor":23.0,"key":"PowerPotion"},{"floor":25.0,"key":"Weak Potion"},{"floor":39.0,"key":"DuplicationPotion"},{"floor":41.0,"key":"Dexterity Potion"},{"floor":45,"key":"Explosive Potion"}],"is_trial":false,"path_per_floor":["M","M","M","M","M","R","E","M","T","R","M","$","R","E","R","B",null,"M","M","M","?","M","E","$","E","T","M","M","E","M","E","R","B",null,"M","$","M","M","M","R","E","R","T","M","M","?"],"character_chosen":"Librarian","items_purchased":["Reload","AT_MibuBalloonWealth","Dota2Spire:AssaultCuirass","Bronze Scales","Dota2Spire:HandOfMidas","Potion Belt","Sling"],"campfire_rested":0,"item_purchase_floors":[12,12,24,24,36,36,36],"current_hp_per_floor":[60,60,65,62,52,52,46,46,46,46,46,46,46,46,46,46,94,87,87,75,75,75,75,75,75,75,75,64,64,64,64,64,64,87,87,87,87,87,87,87,87,87,87,87,87,0,0],"gold":900,"neow_bonus":"REMOVE_CARD","is_daily":false,"chose_seed":false,"campfire_upgraded":7,"win_rate":0.0,"timestamp":1614188427,"path_taken":["M","M","M","M","M","R","E","M","T","R","M","$","R","E","R","BOSS","M","M","M","?","M","E","$","E","T","M","M","E","M","E","R","BOSS","M","$","M","M","M","R","E","R","T","M","M","?"],"items_purchased_type":["Card","Relic","Relic","Relic","Relic","Relic","Relic"],"build_version":"2020-12-22","purchased_purges":2,"victory":false,"max_hp_per_floor":[89,89,94,94,94,94,94,94,94,94,94,94,94,94,94,94,94,87,87,87,87,87,87,87,87,87,87,87,87,87,87,87,87,87,87,87,87,87,87,87,87,87,87,87,87,87,87],"card_choices":[{"not_picked":["LeRegole","SparkingSpear","SuppressingShot"],"picked":"BayonetCombat","floor":1.0},{"not_picked":["FleetFootsteps","ClassAndRespect","TrashDisposal"],"picked":"InnerArdor","floor":2.0},{"not_picked":["FleetEdge","GuardingStance","CombatPreparation"],"picked":"HandlingWork","floor":3.0},{"not_picked":["SunsetBlade","StrikeDown","MindPrepared","VenomousFangs"],"picked":"SKIP","floor":4.0},{"not_picked":["GuardingStance","SetFire","SharpenedBlade"],"picked":"Riposte","floor":5.0},{"not_picked":["Parry2","MirageStorm","HighSpeedStabbing","ShockingBlow"],"picked":"SKIP","floor":7.0},{"not_picked":["CutIn","StrikeDown","GuardingStance"],"picked":"FocusFire","floor":8.0},{"not_picked":["MindPrepared","GuardingStance","Parry2","DestructiveImpact"],"picked":"SKIP","floor":11.0},{"not_picked":["GuidanceOfTheGears","SharpSwipe","IllEndYou"],"picked":"FleetFootsteps","floor":14.0},{"not_picked":["SunsetBlade","Bvapour","SilentMist"],"picked":"Outburst","floor":18.0},{"not_picked":["GuidanceOfTheGears","StrikeDown","MindPrepared","RushDown"],"picked":"SKIP","floor":19.0},{"not_picked":["ViolentFlame","FocusFire","DarkCloud+1","GuidanceOfTheGears"],"picked":"SKIP","floor":20.0},{"not_picked":["Laceration+1","Parry2","ViolentFlame","GreatSerpentsImpact"],"picked":"SKIP","floor":22.0},{"not_picked":["DefenseOrder+1","IllEndYou+1","GatherIntel","ViolentFlame"],"picked":"SKIP","floor":23.0},{"not_picked":["Riposte","BayonetCombat","IdentifyWeakpoint","Outburst"],"picked":"SKIP","floor":25.0},{"not_picked":["DarkCloud","Diversion+1","ScratchThat"],"picked":"SuppressingShot","floor":27.0},{"not_picked":["Outburst","Diversion","SharpSwipe","ClassAndRespect"],"picked":"SKIP","floor":28.0},{"not_picked":["Riposte","SteelKnuckles+1","TasteMyFlamingBat"],"picked":"FrontalAssault","floor":29.0},{"not_picked":["HandlingWork","FierceOnslaught","NightInTheBackstreets","GuardingStance+1"],"picked":"SKIP","floor":30.0},{"not_picked":["StrikeDown+1","FlowOfTheSword","FleetFootsteps+1"],"picked":"SummaryJudgment","floor":31.0},{"not_picked":["SerpentSwordTechnique","SummaryJudgment+1","SharpSwipe+1","FleetFootsteps+1"],"picked":"SKIP","floor":35.0},{"not_picked":["SerpentSwordTechnique","BackAttack","SummaryJudgment","FrontalAssault"],"picked":"SKIP","floor":37.0},{"not_picked":["FleetFootsteps","SnakesPrey","Diversion+1","StartinOutLightly"],"picked":"SKIP","floor":38.0},{"not_picked":["FleetFootsteps+1","DefenseOrder+1","Laceration+1","SnakeSlit+1"],"picked":"SKIP","floor":39.0},{"not_picked":["ViolentFlame","Outburst","SuppressingShot+1"],"picked":"StayCalm+1","floor":41.0},{"not_picked":["Outburst","Riposte+1","DefenseOrder"],"picked":"ForTheFamily+1","floor":44},{"not_picked":["PreparedMind","Diversion+1","Brawl+1","SunsetBlade+1"],"picked":"SKIP","floor":45}],"player_experience":743245,"relics_obtained":[{"floor":7.0,"key":"WingedGreaves"},{"floor":9.0,"key":"Nunchaku"},{"floor":14.0,"key":"RuthlessExorcism:ReiMu"},{"floor":23.0,"key":"Lantern"},{"floor":25.0,"key":"Dota2Spire:MagicBottle"},{"floor":26.0,"key":"PageOfForsakenMurderer"},{"floor":29.0,"key":"HornCleat"},{"floor":31.0,"key":"Mastiff:ReiMu"},{"floor":41.0,"key":"Meat on the Bone"},{"floor":41.0,"key":"Regal Pillow"}],"event_choices":[{"damage_healed":0.0,"max_hp_gain":0.0,"max_hp_loss":0.0,"gold_gain":0.0,"event_name":"Back to Basics","player_choice":"Simplicity","floor":21.0,"gold_loss":0.0,"damage_taken":0.0,"cards_upgraded":["LightAttack","LightAttack","LightAttack","LightDefense","LightDefense","LightDefense","ChargeAndCover","FocusedStrikes"]}],"is_beta":false,"boss_relics":[{"not_picked":["AT_MortalBlade","Fusion Hammer"],"picked":"Dota2Spire:Bloodstone"},{"not_picked":["SacredBark","Snecko Eye"],"picked":"Black Star"}],"items_purged_floors":[24,36],"is_endless":false,"potions_floor_spawned":[1,3,5,14,18,22,23,25,29,31,39,41,44,45],"killed_by":"Writhing Mass","ascension_level":0}}