{"host":"ju1b3c4x8n2jtjm7","time":1614187370,"event":{"mods":["AchievementEnabler","BaseMod","Colored Map","Colored Powertips","Highlight Path","Minty Spire (QoL Compilation)","Quick Restart","Rare Cards Sparkle","Relic Stats","StSLib"],"gold_per_floor":[16,16,16,16,0,33,33,33,33,33,58,81,114,132,132,222,222,238,153,167,92,17,17,35,69,69,104,104,145,145,163,163,236,236,250,267,314,59,69,99,99,124,124,57,57,76,76,108,108,108,108],"floor_reached":50,"language":"ENG","playtime":2682,"items_purged":["Strike_G","Cloak And Dagger+1"],"score":1170,"play_id":"8562435c-1299-4d81-a924-84d3e4cf0e32","local_time":"20210224182250","is_ascension_mode":true,"campfire_choices":[{"data":"Cloak And Dagger","floor":8.0,"key":"SMITH"},{"data":"Terror","floor":10.0,"key":"SMITH"},{"data":"Glass Knife","floor":15.0,"key":"SMITH"},{"data":"Phantasmal Killer","floor":23.0,"key":"SMITH"},{"data":"Neutralize","floor":28.0,"key":"SMITH"},{"data":"Dagger Spray","floor":32.0,"key":"SMITH"},{"floor":49.0,"key":"RECALL"}],"circlet_count":0,"master_deck":["AscendersBane","Defend_G","Defend_G","Defend_G","Survivor","Neutralize+1","Terror+1","Acrobatics","Dagger Spray+1","Glass Knife+1","Blur","Phantasmal Killer+1","Bullet Time+1","Riddle With Holes+1","Glass Knife+1","Footwork+1","Cloak And Dagger+1","Calculated Gamble+1","Acrobatics","Phantasmal Killer","Wraith Form v2","Blur","Accuracy+1","Bullet Time+1","Eviscerate"],"relics":["Ring of the Snake","Bloody Idol","Mercury Hourglass","Singing Bowl","Ninja Scroll","Oddly Smooth Stone","Astrolabe","Question Card","InkBottle","White Beast Statue","StoneCalendar","Busted Crown","Lizard Tail","Meat on the Bone","Paper Crane","Mummified Hand","Juzu Bracelet","Ice Cream"],"acts_visited":["Exordium","TheCity","TheBeyond"],"potions_floor_usage":[50,50],"damage_taken":[{"damage":1.0,"enemies":"Cultist","floor":1.0,"turns":4.0},{"damage":22.0,"enemies":"Lagavulin","floor":6.0,"turns":8.0},{"damage":0.0,"enemies":"Small Slimes","floor":11.0,"turns":2.0},{"damage":0.0,"enemies":"2 Louse","floor":12.0,"turns":2.0},{"damage":5.0,"enemies":"3 Sentries","floor":13.0,"turns":4.0},{"damage":0.0,"enemies":"Looter","floor":14.0,"turns":3.0},{"damage":4.0,"enemies":"Hexaghost","floor":16.0,"turns":9.0},{"damage":0.0,"enemies":"3 Byrds","floor":18.0,"turns":3.0},{"damage":0.0,"enemies":"Chosen","floor":20.0,"turns":2.0},{"damage":0.0,"enemies":"Snake Plant","floor":24.0,"turns":2.0},{"damage":13.0,"enemies":"Gremlin Leader","floor":25.0,"turns":5.0},{"damage":0.0,"enemies":"Slavers","floor":27.0,"turns":4.0},{"damage":0.0,"enemies":"Gremlin Leader","floor":29.0,"turns":3.0},{"damage":0.0,"enemies":"3 Cultists","floor":31.0,"turns":3.0},{"damage":24.0,"enemies":"Automaton","floor":33.0,"turns":7.0},{"damage":0.0,"enemies":"Orb Walker","floor":35.0,"turns":3.0},{"damage":6.0,"enemies":"3 Darklings","floor":36.0,"turns":3.0},{"damage":11.0,"enemies":"2 Orb Walkers","floor":37.0,"turns":4.0},{"damage":3.0,"enemies":"Maw","floor":39.0,"turns":5.0},{"damage":23.0,"enemies":"Nemesis","floor":40.0,"turns":5.0},{"damage":0.0,"enemies":"Giant Head","floor":42.0,"turns":4.0},{"damage":9.0,"enemies":"Writhing Mass","floor":46.0,"turns":5.0},{"damage":0.0,"enemies":"Nemesis","floor":48.0,"turns":3.0},{"damage":57,"enemies":"Time Eater","floor":50,"turns":8}],"seed_played":"3005152832202070596","potions_obtained":[{"floor":11.0,"key":"ColorlessPotion"},{"floor":13.0,"key":"GamblersBrew"},{"floor":14.0,"key":"LiquidBronze"},{"floor":20.0,"key":"LiquidBronze"},{"floor":27.0,"key":"FearPotion"},{"floor":29.0,"key":"Ancient Potion"},{"floor":31.0,"key":"ColorlessPotion"},{"floor":33.0,"key":"Ancient Potion"},{"floor":35.0,"key":"Fruit Juice"},{"floor":36.0,"key":"SteroidPotion"},{"floor":37.0,"key":"PowerPotion"},{"floor":42.0,"key":"LiquidBronze"}],"is_trial":false,"path_per_floor":["M","?","?","?","?","E","$","R","T","R","M","M","E","M","R","B",null,"M","?","M","?","$","R","M","E","T","E","R","E","?","M","R","B",null,"M","M","?","$","M","E","?","E","T","$","?","M","?","E","R","B"],"character_chosen":"THE_SILENT","items_purchased":["Wraith Form v2","Accuracy"],"campfire_rested":0,"item_purchase_floors":[38,44],"current_hp_per_floor":[62,62,59,52,52,30,30,30,30,30,30,30,25,25,25,21,58,60,60,60,60,60,60,60,47,47,49,49,49,49,56,56,37,66,73,79,75,75,79,63,63,68,68,68,68,66,66,71,71,14,14],"gold":108,"neow_bonus":"REMOVE_TWO","is_daily":false,"chose_seed":false,"campfire_upgraded":6,"win_rate":0.0,"timestamp":1614187370,"path_taken":["M","?","?","?","?","E","?","R","T","R","M","M","E","?","R","BOSS","M","?","M","?","$","R","M","E","T","E","R","E","?","M","R","BOSS","M","M","?","$","M","E","?","E","T","$","?","M","?","E","R","BOSS"],"items_purchased_type":["Card","Card"],"build_version":"2020-12-22","purchased_purges":2,"victory":false,"max_hp_per_floor":[70,70,70,70,70,70,70,70,70,70,70,70,70,70,70,70,70,72,72,72,72,72,72,72,72,72,74,74,74,74,76,76,76,76,78,85,87,87,89,91,91,91,91,91,91,93,93,93,93,93,93],"relic_stats":{"Singing Bowl":18,"counters":[24,101],"Astrolabe":["Bullet Time","Riddle With Holes","Glass Knife"],"StoneCalendar":[75],"Juzu Bracelet":2,"Question Card":15,"Mercury Hourglass":[375],"Lizard Tail":0,"Busted Crown":16,"Mummified Hand":[6],"Bloody Idol":50,"obtain_stats":[{"Ice Cream":48,"Singing Bowl":6,"Golden Idol":2,"Astrolabe":17,"Oddly Smooth Stone":13,"StoneCalendar":29,"Juzu Bracelet":43,"Paper Crane":41,"Question Card":19,"White Beast Statue":27,"Mercury Hourglass":3,"Lizard Tail":37,"Busted Crown":34,"Ninja Scroll":9,"Mummified Hand":42,"Bloody Idol":30,"InkBottle":25,"Ring of the Snake":0,"Meat on the Bone":40},{"Ice Cream":23,"Singing Bowl":2,"Golden Idol":1,"Astrolabe":7,"Oddly Smooth Stone":5,"StoneCalendar":13,"Juzu Bracelet":21,"Paper Crane":20,"Question Card":8,"White Beast Statue":12,"Mercury Hourglass":1,"Lizard Tail":18,"Busted Crown":15,"Ninja Scroll":2,"Mummified Hand":21,"Bloody Idol":13,"InkBottle":11,"Ring of the Snake":0,"Meat on the Bone":20},{"Ice Cream":93,"Singing Bowl":12,"Golden Idol":4,"Astrolabe":32,"Oddly Smooth Stone":20,"StoneCalendar":51,"Juzu Bracelet":85,"Paper Crane":81,"Question Card":35,"White Beast Statue":48,"Mercury Hourglass":4,"Lizard Tail":71,"Busted Crown":61,"Ninja Scroll":12,"Mummified Hand":85,"Bloody Idol":51,"InkBottle":44,"Ring of the Snake":0,"Meat on the Bone":81}],"InkBottle":[29],"Ring of the Snake":[48],"Meat on the Bone":0},"card_choices":[{"not_picked":["Dodge and Roll","Dagger Throw"],"picked":"Terror","floor":1.0},{"not_picked":["Flying Knee","Prepared"],"picked":"Cloak And Dagger","floor":6.0},{"not_picked":["Blade Dance","Outmaneuver"],"picked":"Acrobatics","floor":11.0},{"not_picked":["Riddle With Holes","Cloak And Dagger"],"picked":"Dagger Spray","floor":12.0},{"not_picked":["PiercingWail","Sucker Punch"],"picked":"Glass Knife","floor":13.0},{"not_picked":["Crippling Poison","Backflip"],"picked":"Blur","floor":14.0},{"not_picked":["Night Terror","Unload"],"picked":"Phantasmal Killer","floor":16.0},{"not_picked":["Poisoned Stab","Crippling Poison+1","Quick Slash"],"picked":"Singing Bowl","floor":18.0},{"not_picked":["Acrobatics","Dash","All Out Attack"],"picked":"Footwork+1","floor":20.0},{"not_picked":["Deflect","Leg Sweep","Poisoned Stab"],"picked":"Cloak And Dagger+1","floor":24.0},{"not_picked":["Eviscerate","Grand Finale","Prepared"],"picked":"Calculated Gamble+1","floor":25.0},{"not_picked":["Underhanded Strike","Deflect","Endless Agony","Poisoned Stab"],"picked":"Singing Bowl","floor":27.0},{"not_picked":["Poisoned Stab","Wraith Form v2","Dagger Throw"],"picked":"Acrobatics","floor":29.0},{"not_picked":["Riddle With Holes+1","Flying Knee","Bane","Slice"],"picked":"Singing Bowl","floor":31.0},{"not_picked":["Unload","Glass Knife","Wraith Form v2"],"picked":"Phantasmal Killer","floor":33.0},{"not_picked":["Endless Agony","Slice"],"picked":"Singing Bowl","floor":35.0},{"not_picked":["Deflect","Prepared+1"],"picked":"Singing Bowl","floor":36.0},{"not_picked":["Blade Dance","Glass Knife"],"picked":"Singing Bowl","floor":37.0},{"not_picked":["Quick Slash","Deadly Poison"],"picked":"Singing Bowl","floor":39.0},{"not_picked":["Calculated Gamble","Crippling Poison"],"picked":"Singing Bowl","floor":40.0},{"not_picked":["Endless Agony"],"picked":"Blur","floor":42.0},{"not_picked":["Underhanded Strike","Catalyst"],"picked":"Singing Bowl","floor":46.0},{"not_picked":["Dagger Spray"],"picked":"Eviscerate","floor":48.0}],"player_experience":531192,"relics_obtained":[{"floor":6.0,"key":"Singing Bowl"},{"floor":9.0,"key":"Ninja Scroll"},{"floor":13.0,"key":"Oddly Smooth Stone"},{"floor":25.0,"key":"InkBottle"},{"floor":27.0,"key":"White Beast Statue"},{"floor":29.0,"key":"StoneCalendar"},{"floor":37.0,"key":"Lizard Tail"},{"floor":40.0,"key":"Meat on the Bone"},{"floor":42.0,"key":"Mummified Hand"},{"floor":43.0,"key":"Juzu Bracelet"},{"floor":48.0,"key":"Ice Cream"}],"event_choices":[{"damage_healed":0.0,"max_hp_gain":0.0,"max_hp_loss":0.0,"gold_gain":0.0,"event_name":"Golden Idol","player_choice":"Take Wound","floor":2.0,"gold_loss":0.0,"damage_taken":0.0,"relics_obtained":["Golden Idol"],"cards_obtained":["Injury"]},{"damage_healed":0.0,"max_hp_gain":0.0,"max_hp_loss":0.0,"gold_gain":0.0,"event_name":"Scrap Ooze","player_choice":"Success","floor":3.0,"gold_loss":0.0,"damage_taken":3.0,"relics_obtained":["Mercury Hourglass"]},{"cards_removed":["Injury"],"damage_healed":0.0,"max_hp_gain":0.0,"max_hp_loss":0.0,"gold_gain":0.0,"event_name":"Golden Wing","player_choice":"Card Removal","floor":4.0,"gold_loss":0.0,"damage_taken":7.0},{"damage_healed":0.0,"max_hp_gain":0.0,"max_hp_loss":0.0,"gold_gain":0.0,"event_name":"World of Goop","player_choice":"Left Gold","floor":5.0,"gold_loss":16.0,"damage_taken":0.0},{"damage_healed":0.0,"max_hp_gain":0.0,"max_hp_loss":0.0,"gold_gain":0.0,"event_name":"Addict","player_choice":"Obtained Relic","floor":19.0,"gold_loss":85.0,"damage_taken":0.0,"relics_obtained":["Question Card"]},{"cards_removed":["Strike_G"],"damage_healed":0.0,"max_hp_gain":0.0,"max_hp_loss":0.0,"gold_gain":0.0,"event_name":"Beggar","player_choice":"Gave Gold","floor":21.0,"gold_loss":75.0,"damage_taken":0.0},{"damage_healed":0.0,"max_hp_gain":0.0,"max_hp_loss":0.0,"gold_gain":0.0,"event_name":"Forgotten Altar","player_choice":"Gave Idol","floor":30.0,"relics_lost":["Golden Idol"],"gold_loss":0.0,"damage_taken":0.0,"relics_obtained":["Bloody Idol"]},{"damage_healed":0.0,"max_hp_gain":0.0,"max_hp_loss":0.0,"gold_gain":0.0,"event_name":"Mysterious Sphere","player_choice":"Fight","floor":37.0,"gold_loss":0.0,"damage_taken":0.0},{"damage_healed":0.0,"max_hp_gain":0.0,"max_hp_loss":0.0,"gold_gain":0.0,"event_name":"WeMeetAgain","player_choice":"Gave Potion","floor":41.0,"gold_loss":0.0,"damage_taken":0.0,"relics_obtained":["Paper Crane"]},{"damage_healed":0.0,"max_hp_gain":0.0,"max_hp_loss":0.0,"gold_gain":0.0,"event_name":"Accursed Blacksmith","player_choice":"Forge","floor":45.0,"gold_loss":0.0,"damage_taken":0.0,"cards_upgraded":["Accuracy"]},{"damage_healed":0.0,"max_hp_gain":0.0,"max_hp_loss":0.0,"gold_gain":0.0,"event_name":"Duplicator","player_choice":"Copied","floor":47.0,"gold_loss":0.0,"damage_taken":0.0,"cards_obtained":["Bullet Time"]}],"is_beta":false,"boss_relics":[{"not_picked":["Snecko Eye","Velvet Choker"],"picked":"Astrolabe"},{"not_picked":["Calling Bell","Fusion Hammer"],"picked":"Busted Crown"}],"items_purged_floors":[22,38],"is_endless":false,"potions_floor_spawned":[11,13,14,20,27,29,31,33,35,36,37,39,40,42,46,48],"killed_by":"Time Eater","ascension_level":13}}