{"host":"z439itq93uucuvou","time":1614128495,"event":{"mods":["BaseMod","Colored Powertips","Downfall","Jorbs\u0027s Wanderer Trilogy","Minty Spire (QoL Compilation)","StSLib"],"gold_per_floor":[149,159,259,259,272,300,300,313,331,9,25,10,10,10,30,30,30,30],"floor_reached":16,"language":"ENG","playtime":2182,"items_purged":[],"score":106,"play_id":"37d8656a-f1c5-4f07-a8d8-449a88039237","local_time":"20210223170135","is_ascension_mode":true,"campfire_choices":[{"data":"bronze:Iterate","floor":1,"key":"SMITH"},{"floor":13,"key":"REST"}],"circlet_count":0,"master_deck":["bronze:Strike","bronze:Defend","bronze:Defend","bronze:Defend","bronze:Defend+1","bronze:Replicate","bronze:Goto","bronze:Iterate+1","bronze:CloningBeam","bronze:WhirlingStrike","bronze:Safeguard","bronze:BuggyMess","bronze:BronzeArmor","bronze:Overload","bronze:Optimize+1","bronze:Shield","bronze:Verify+1","bronze:ItsAFeature+1","bronze:Iterate","bronze:FineTuning","bronze:WildBeam","bronze:Iterate"],"relics":["Tiny House","Centennial Puzzle","Frozen Egg 2","Orrery","Strange Spoon","Spirit Poop"],"acts_visited":["Exordium"],"potions_floor_usage":[9,11,16,16],"damage_taken":[{"damage":2,"enemies":"2 Louse","floor":2,"turns":3},{"damage":0,"enemies":"Cultist","floor":5,"turns":4},{"damage":18,"enemies":"3 Sentries","floor":6,"turns":4},{"damage":1,"enemies":"Jaw Worm","floor":8,"turns":4},{"damage":12,"enemies":"Gremlin Gang","floor":9,"turns":4},{"damage":5,"enemies":"downfall:FleeingMerchant","floor":10,"turns":4},{"damage":16,"enemies":"Lots of Slimes","floor":11,"turns":2},{"damage":0,"enemies":"downfall:FleeingMerchant","floor":12,"turns":4},{"damage":14,"enemies":"Exordium Thugs","floor":15,"turns":4},{"damage":30,"enemies":"IC_STATUS_ARCHETYPE","floor":16,"turns":8}],"seed_played":"7276468168681169565","potions_obtained":[{"floor":0,"key":"bronze:CleanCodePotion"},{"floor":8,"key":"Slimebound:ThreeZeroPotion"},{"floor":9,"key":"ColorlessPotion"},{"floor":15,"key":"Dexterity Potion"}],"is_trial":false,"path_per_floor":["R","M","?","?","M","E","T","M","M","$","M","$","R","?","M","B"],"character_chosen":"THE_AUTOMATON","items_purchased":["Orrery","Strange Spoon"],"campfire_rested":1,"item_purchase_floors":[10,10],"current_hp_per_floor":[75,73,73,73,73,55,55,54,42,37,21,21,43,43,29,0,0,0],"gold":30,"neow_bonus":"BOSS_RELIC","is_daily":false,"chose_seed":false,"campfire_upgraded":1,"win_rate":0.0,"timestamp":1614128495,"path_taken":["R","M","?","?","M","E","T","?","M","$","M","?","R","?","M","BOSS"],"items_purchased_type":["Relic","Relic"],"build_version":"2020-12-22","purchased_purges":0,"victory":false,"max_hp_per_floor":[75,75,75,75,75,75,75,75,75,75,75,75,75,75,75,75,75,75],"card_choices":[{"not_picked":["bronze:Deprecate","bronze:BitShift"],"picked":"bronze:Iterate","floor":0},{"not_picked":["bronze:DarkDash","bronze:Deprecate"],"picked":"bronze:CloningBeam","floor":2},{"not_picked":["bronze:BitShift","bronze:Overload"],"picked":"bronze:BronzeArmor","floor":5},{"not_picked":["bronze:DarkDash","bronze:OilSpill"],"picked":"bronze:Overload","floor":6},{"not_picked":["bronze:Separator","bronze:Deprecate"],"picked":"bronze:Optimize+1","floor":8},{"not_picked":["bronze:DelayedSlice","bronze:BitShift","bronze:Branch"],"picked":"SKIP","floor":9},{"not_picked":["bronze:Virus","bronze:Frontload"],"picked":"bronze:Shield","floor":10},{"not_picked":["bronze:Separator","bronze:Backtrace"],"picked":"bronze:Verify+1","floor":10},{"not_picked":["bronze:FineTuning","bronze:WhirlingStrike"],"picked":"bronze:ItsAFeature+1","floor":10},{"not_picked":["bronze:BugBarrage","bronze:Boost"],"picked":"bronze:Iterate","floor":10},{"not_picked":["bronze:Fortify","bronze:Turbo"],"picked":"bronze:FineTuning","floor":10},{"not_picked":["bronze:Philosophize","bronze:Shell"],"picked":"bronze:WildBeam","floor":10},{"not_picked":["bronze:GetLatest","bronze:Allocate","bronze:Shield"],"picked":"SKIP","floor":11},{"not_picked":["bronze:Constructor","bronze:BitShift","bronze:Shell"],"picked":"SKIP","floor":12},{"not_picked":["bronze:Shell","bronze:Safeguard"],"picked":"bronze:Iterate","floor":15}],"player_experience":1752348,"relics_obtained":[{"floor":6,"key":"Centennial Puzzle"},{"floor":7,"key":"Frozen Egg 2"}],"event_choices":[{"cards_removed":["stsjorbsmod:Procrastination"],"damage_healed":0,"gold_gain":0,"player_choice":"Offered Curse","damage_taken":0,"relics_obtained":["Spirit Poop"],"max_hp_gain":0,"max_hp_loss":0,"event_name":"Bonfire Elementals","floor":14,"gold_loss":0}],"is_beta":false,"boss_relics":[],"items_purged_floors":[],"is_endless":false,"potions_floor_spawned":[8,9,15],"killed_by":"IC_STATUS_ARCHETYPE","ascension_level":1}}