{"host":"92108ef2q9tm8rod","time":1614140846,"event":{"mods":["BaseMod","Defuse TimeMaze Blight","Minty Spire (QoL Compilation)","StSLib","The Jungle"],"gold_per_floor":[412,337,347,359,370,370,405,405,457,185,185,185,200,229,229,334,334,346,346,359,372,391,391,391,425,450,388,388,414,414,432,432,536,536,556,434,420,437,437,437,437,471,471,471,504,504,344,364,364,364],"floor_reached":51,"language":"ENG","playtime":2146,"items_purged":["Hologram","Jack Of All Trades","Chill"],"score":876,"play_id":"ec125141-9648-46b7-8644-94aa3eed0b80","local_time":"20210224042726","daily_mods":["SealedDeck","Colorless Cards","Heirloom","Flight"],"is_ascension_mode":false,"campfire_choices":[{"data":"Darkness","floor":6.0,"key":"SMITH"},{"data":"Tempest","floor":8.0,"key":"SMITH"},{"data":"Dramatic Entrance","floor":11.0,"key":"SMITH"},{"floor":15.0,"key":"REST"},{"data":"Conserve Battery","floor":23.0,"key":"SMITH"},{"data":"Conserve Battery","floor":24.0,"key":"SMITH"},{"floor":28.0,"key":"REST"},{"floor":32.0,"key":"REST"},{"data":"Loop","floor":40,"key":"SMITH"},{"floor":44,"key":"REST"},{"floor":46,"key":"REST"},{"floor":49,"key":"REST"}],"circlet_count":0,"master_deck":["Conserve Battery+1","Darkness+1","Dramatic Entrance+1","Conserve Battery+1","Tempest+1","Gash+1","Redo+1","Loop+1"],"relics":["Cracked Core","Old Coin","The Courier","Oddly Smooth Stone","Membership Card","Mercury Hourglass","Gambling Chip","PreservedInsect","Tiny Chest","Potion Belt","ClockworkSouvenir","Empty Cage","TheAbacus","Prayer Wheel","Emotion Chip","Bird Faced Urn","Bag of Marbles","Bronze Scales","Lee\u0027s Waffle"],"acts_visited":["Exordium","Exordium","TheBeyond"],"potions_floor_usage":[33,42,47,50,50,50],"damage_taken":[{"damage":0.0,"enemies":"Cultist","floor":1.0,"turns":3.0},{"damage":0.0,"enemies":"2 Louse","floor":3.0,"turns":2.0},{"damage":2.0,"enemies":"Jaw Worm","floor":4.0,"turns":2.0},{"damage":0.0,"enemies":"3 Louse","floor":5.0,"turns":2.0},{"damage":4.0,"enemies":"Lagavulin","floor":7.0,"turns":6.0},{"damage":0.0,"enemies":"Large Slime","floor":13.0,"turns":4.0},{"damage":11.0,"enemies":"3 Sentries","floor":14.0,"turns":5.0},{"damage":0.0,"enemies":"Hexaghost","floor":16.0,"turns":8.0},{"damage":0.0,"enemies":"Shell Parasite","floor":18.0,"turns":5.0},{"damage":0.0,"enemies":"theJungle:GiantWrat","floor":20.0,"turns":6.0},{"damage":4.0,"enemies":"theJungle:JungleHuntersEncounter","floor":21.0,"turns":6.0},{"damage":10.0,"enemies":"theJungle:SlimyTreeVines","floor":22.0,"turns":8.0},{"damage":23.0,"enemies":"theJungle:MamaSnecko","floor":25.0,"turns":7.0},{"damage":4.0,"enemies":"theJungle:Cassacara","floor":29.0,"turns":7.0},{"damage":7.0,"enemies":"theJungle:Lyon","floor":31.0,"turns":3.0},{"damage":14,"enemies":"theJungle:FunGuy","floor":33,"turns":10},{"damage":0,"enemies":"Orb Walker","floor":35,"turns":2},{"damage":6,"enemies":"3 Darklings","floor":38,"turns":4},{"damage":2,"enemies":"Reptomancer","floor":42,"turns":4},{"damage":0,"enemies":"Giant Head","floor":45,"turns":5},{"damage":0,"enemies":"Maw","floor":48,"turns":6},{"damage":32,"enemies":"Donu and Deca","floor":50,"turns":9}],"seed_played":"-1230565891160811833","potions_obtained":[{"floor":4.0,"key":"LiquidBronze"},{"floor":5.0,"key":"Swift Potion"},{"floor":7.0,"key":"Fire Potion"},{"floor":14.0,"key":"LiquidMemories"},{"floor":16.0,"key":"FearPotion"},{"floor":22.0,"key":"Energy Potion"},{"floor":25.0,"key":"EssenceOfDarkness"},{"floor":29.0,"key":"Ancient Potion"},{"floor":31.0,"key":"Block Potion"},{"floor":35,"key":"Fire Potion"},{"floor":42,"key":"GamblersBrew"},{"floor":48,"key":"Dexterity Potion"}],"is_trial":true,"path_per_floor":["M","$","M","M","M","R","E","R","T","$","R","T","M","E","R","B",null,"M","$","M","M","M","R","R","E","T","$","R","E","?","M","R","B",null,"M","$","$","M","?","R","T","E","T","R","E","R","$","M","R","B",null],"character_chosen":"DEFECT","items_purchased":["Membership Card","Mercury Hourglass","ClockworkSouvenir","TheAbacus","Loop","Bronze Scales","Fruit Juice","Lee\u0027s Waffle"],"campfire_rested":6,"item_purchase_floors":[10,10,27,36,37,47,47,47],"current_hp_per_floor":[75,75,75,73,73,73,69,69,69,69,69,69,69,58,75,75,75,75,75,75,71,66,66,66,43,43,43,65,61,61,54,75,61,75,75,75,75,69,69,69,69,67,67,75,75,75,87,87,87,55],"gold":364,"neow_bonus":"","is_daily":false,"chose_seed":false,"campfire_upgraded":6,"win_rate":0.0,"timestamp":1614140846,"path_taken":["M","$","M","M","M","R","E","R","T","$","R","?","M","E","R","BOSS","M","$","M","M","?","R","R","E","T","$","R","E","?","?","R","BOSS","M","$","$","M","?","R","?","E","T","R","E","R","$","?","R","BOSS"],"items_purchased_type":["Relic","Relic","Relic","Relic","Card","Relic","Potion","Relic"],"build_version":"2020-12-22","purchased_purges":3,"victory":true,"max_hp_per_floor":[75,75,75,75,75,75,75,75,75,75,75,75,75,75,75,75,75,75,75,75,75,75,75,75,75,75,75,75,75,75,75,75,75,75,75,75,75,75,75,75,75,75,75,75,75,75,87,87,87,87],"card_choices":[{"not_picked":["Doom and Gloom","Auto Shields"],"picked":"Chill","floor":1.0},{"not_picked":["Tempest","Self Repair","Sunder"],"picked":"SKIP","floor":3.0},{"not_picked":["Redo","Steam","Steam Power"],"picked":"SKIP","floor":4.0},{"not_picked":["Compile Driver","Sweeping Beam","Dark Shackles"],"picked":"SKIP","floor":5.0},{"not_picked":["Jack Of All Trades","Reinforced Body","Ball Lightning"],"picked":"SKIP","floor":7.0},{"not_picked":["HandOfGreed","Conserve Battery","Streamline"],"picked":"SKIP","floor":13.0},{"not_picked":["Beam Cell","Sweeping Beam","Trip"],"picked":"SKIP","floor":14.0},{"not_picked":["Conserve Battery","FTL","Sunder"],"picked":"SKIP","floor":18.0},{"not_picked":["Forethought","Panacea","Impatience"],"picked":"SKIP","floor":20.0},{"not_picked":["Steam","Redo","Stack+1"],"picked":"SKIP","floor":21.0},{"not_picked":["Ball Lightning+1","Steam Power","Beam Cell"],"picked":"SKIP","floor":22.0},{"not_picked":["Thinking Ahead","Mind Blast","Recycle+1"],"picked":"SKIP","floor":25.0},{"not_picked":["Leap+1","Enlightenment"],"picked":"Redo+1","floor":29.0},{"not_picked":["Steam","Barrage","Skim"],"picked":"SKIP","floor":31.0},{"not_picked":["Conserve Battery","Cold Snap","Consume"],"picked":"SKIP","floor":35},{"not_picked":["Sweeping Beam+1","Steam","Capacitor+1"],"picked":"SKIP","floor":38},{"not_picked":["Sunder","Beam Cell+1","Secret Weapon"],"picked":"SKIP","floor":42},{"not_picked":["Purity+1","Go for the Eyes","Enlightenment"],"picked":"SKIP","floor":45},{"not_picked":["Steam+1","Sweeping Beam","Redo"],"picked":"SKIP","floor":48},{"not_picked":["Beam Cell+1","Bandage Up","Recycle"],"picked":"SKIP","floor":48}],"player_experience":3452861,"relics_obtained":[{"floor":7.0,"key":"The Courier"},{"floor":9.0,"key":"Oddly Smooth Stone"},{"floor":12.0,"key":"Gambling Chip"},{"floor":14.0,"key":"PreservedInsect"},{"floor":25.0,"key":"Tiny Chest"},{"floor":26.0,"key":"Potion Belt"},{"floor":41,"key":"Prayer Wheel"},{"floor":42,"key":"Emotion Chip"},{"floor":43,"key":"Bird Faced Urn"},{"floor":45,"key":"Bag of Marbles"}],"event_choices":[{"damage_healed":0.0,"max_hp_gain":0.0,"max_hp_loss":0.0,"gold_gain":0.0,"event_name":"Upgrade Shrine","player_choice":"Upgraded","floor":30.0,"gold_loss":0.0,"damage_taken":0.0,"cards_upgraded":["Gash"]},{"damage_healed":0,"gold_gain":0,"player_choice":"0 cards matched","damage_taken":0,"max_hp_gain":0,"max_hp_loss":0,"event_name":"Match and Keep!","floor":39,"gold_loss":0,"cards_obtained":[]}],"is_beta":false,"boss_relics":[{"not_picked":["FrozenCore","Inserter","Snecko Eye"]},{"not_picked":["Philosopher\u0027s Stone","Runic Dome"],"picked":"Empty Cage"}],"items_purged_floors":[2,10,36],"is_endless":false,"potions_floor_spawned":[4,5,7,14,16,22,25,29,31,35,42,48],"ascension_level":0}}