{"host":"92108ef2q9tm8rod","time":1614192692,"event":{"mods":["BaseMod","Defuse TimeMaze Blight","Minty Spire (QoL Compilation)","StSLib","The Jungle"],"gold_per_floor":[117,117,117,192,203,203,203,203,203,219,219,229,254,29,29,133,133,145,145,162,177,77,109,140,167,193,68,80,80,113,133,133,231,231,243,243,243,243,253,279,310,310,310,310,341,341,191,217,217,217],"floor_reached":51,"language":"ENG","playtime":3511,"items_purged":["Backflip","Deflect","Deflect","Backflip+1"],"score":1287,"play_id":"6abcfeec-8c4a-4b7d-9a5f-f19e8a544c37","local_time":"20210224185132","daily_mods":["SealedDeck","Colorless Cards","Heirloom","Flight"],"is_ascension_mode":false,"campfire_choices":[{"data":"Finesse","floor":6.0,"key":"SMITH"},{"data":"Deflect","floor":7.0,"key":"SMITH"},{"data":"Deadly Poison","floor":8.0,"key":"SMITH"},{"data":"Backflip","floor":11.0,"key":"SMITH"},{"data":"Noxious Fumes","floor":15.0,"key":"SMITH"},{"data":"Blur","floor":29.0,"key":"SMITH"},{"data":"Bane","floor":32.0,"key":"SMITH"},{"floor":42.0,"key":"REST"},{"floor":44.0,"key":"REST"},{"floor":46.0,"key":"REST"},{"floor":49,"key":"REST"}],"circlet_count":0,"master_deck":["Masterful Stab+1","Bane+1","Deadly Poison+1","Deadly Poison+1","Backflip+1","Deflect+1","Finesse+1","Noxious Fumes+1","Blur+1"],"relics":["Ring of the Snake","Thread and Needle","Oddly Smooth Stone","Akabeko","TwistedFunnel","Busted Crown","Ice Cream","Vajra","Gremlin Horn","Blood Vial","Matryoshka","HoveringKite","Potion Belt","Dream Catcher","Orichalcum","Paper Crane","Strawberry","Art of War"],"acts_visited":["Exordium","Exordium","TheBeyond"],"potions_floor_usage":[50],"damage_taken":[{"damage":0.0,"enemies":"2 Louse","floor":1.0,"turns":2.0},{"damage":0.0,"enemies":"Jaw Worm","floor":5.0,"turns":2.0},{"damage":0.0,"enemies":"Cultist","floor":10.0,"turns":2.0},{"damage":0.0,"enemies":"3 Louse","floor":12.0,"turns":3.0},{"damage":0.0,"enemies":"Gremlin Nob","floor":13.0,"turns":3.0},{"damage":0.0,"enemies":"Slime Boss","floor":16.0,"turns":7.0},{"damage":0.0,"enemies":"theJungle:MUSHROOMGANG","floor":18.0,"turns":3.0},{"damage":0.0,"enemies":"theJungle:GiantWrat","floor":20.0,"turns":3.0},{"damage":0.0,"enemies":"theJungle:SlimyTreeVines","floor":21.0,"turns":4.0},{"damage":0.0,"enemies":"theJungle:Cassacara","floor":23.0,"turns":4.0},{"damage":0.0,"enemies":"theJungle:MamaSnecko","floor":24.0,"turns":4.0},{"damage":0.0,"enemies":"theJungle:Cassacara","floor":25.0,"turns":4.0},{"damage":0.0,"enemies":"theJungle:JungleHuntersEncounter","floor":28.0,"turns":3.0},{"damage":0.0,"enemies":"theJungle:MamaSnecko","floor":30.0,"turns":5.0},{"damage":0.0,"enemies":"theJungle:2_Snecko_Cultists","floor":31.0,"turns":3.0},{"damage":0.0,"enemies":"theJungle:QueenSpyder","floor":33.0,"turns":8.0},{"damage":0.0,"enemies":"3 Shapes","floor":35.0,"turns":3.0},{"damage":0.0,"enemies":"Orb Walker","floor":39.0,"turns":2.0},{"damage":0.0,"enemies":"Giant Head","floor":40.0,"turns":7.0},{"damage":0.0,"enemies":"Reptomancer","floor":41.0,"turns":4.0},{"damage":0.0,"enemies":"Nemesis","floor":45.0,"turns":5.0},{"damage":0,"enemies":"Giant Head","floor":48,"turns":6},{"damage":0,"enemies":"Awakened One","floor":50,"turns":11}],"seed_played":"-2415165404256437429","potions_obtained":[{"floor":5.0,"key":"ColorlessPotion"},{"floor":10.0,"key":"LiquidBronze"},{"floor":13.0,"key":"Dexterity Potion"},{"floor":16.0,"key":"Strength Potion"},{"floor":28.0,"key":"Swift Potion"},{"floor":30.0,"key":"Fruit Juice"},{"floor":33.0,"key":"DistilledChaos"},{"floor":41.0,"key":"Energy Potion"}],"is_trial":true,"path_per_floor":["M","$","?","?","M","R","R","R","T","M","R","M","E","$","R","B",null,"M","?","M","M","$","E","E","E","T","$","M","R","E","M","R","B",null,"M","$","?","$","M","E","E","R","T","R","E","R","$","E","R","B",null],"character_chosen":"THE_SILENT","items_purchased":["TwistedFunnel"],"campfire_rested":4,"item_purchase_floors":[14],"current_hp_per_floor":[70,70,56,45,45,45,45,45,45,45,45,45,45,45,45,45,70,70,70,70,70,70,70,70,70,70,70,70,70,75,75,75,75,75,75,75,75,75,75,75,75,75,75,75,82,82,82,82,82,82],"gold":217,"neow_bonus":"","is_daily":false,"chose_seed":false,"campfire_upgraded":7,"win_rate":0.0,"timestamp":1614192692,"path_taken":["M","$","?","?","M","R","R","R","T","M","R","M","E","?","R","BOSS","M","?","M","M","$","E","E","E","T","$","M","R","E","M","R","BOSS","M","$","?","$","M","E","E","R","T","R","E","R","$","E","R","BOSS"],"items_purchased_type":["Relic"],"build_version":"2020-12-22","purchased_purges":4,"victory":true,"max_hp_per_floor":[70,70,70,70,70,70,70,70,70,70,70,70,70,70,70,70,70,70,70,70,70,70,70,70,70,70,70,70,70,75,75,75,75,75,75,75,75,75,75,75,75,75,75,75,82,82,82,82,82,82],"card_choices":[{"not_picked":["Underhanded Strike","Blade Dance","Poisoned Stab"],"picked":"SKIP","floor":1.0},{"not_picked":["Poisoned Stab","Quick Slash"],"picked":"Finesse","floor":5.0},{"not_picked":["Underhanded Strike","Dagger Throw","Bane"],"picked":"SKIP","floor":10.0},{"not_picked":["Dodge and Roll","Night Terror","Cloak And Dagger"],"picked":"SKIP","floor":12.0},{"not_picked":["Backflip","Blade Dance"],"picked":"Noxious Fumes","floor":13.0},{"not_picked":["Deflect"],"picked":"SKIP","floor":18.0},{"not_picked":["Cloak And Dagger"],"picked":"SKIP","floor":20.0},{"not_picked":["Expertise+1"],"picked":"SKIP","floor":21.0},{"not_picked":["Outmaneuver+1"],"picked":"SKIP","floor":23.0},{"not_picked":["Cloak And Dagger"],"picked":"SKIP","floor":24.0},{"not_picked":[],"picked":"Blur","floor":25.0},{"not_picked":["Flechettes"],"picked":"SKIP","floor":28.0},{"not_picked":["Underhanded Strike"],"picked":"SKIP","floor":30.0},{"not_picked":["Dagger Spray"],"picked":"SKIP","floor":31.0},{"not_picked":["Slice+1"],"picked":"SKIP","floor":35.0},{"not_picked":["Skewer"],"picked":"SKIP","floor":39.0},{"not_picked":["Backstab+1"],"picked":"SKIP","floor":40.0},{"not_picked":["Flying Knee+1"],"picked":"SKIP","floor":41.0},{"not_picked":["Dagger Spray"],"picked":"SKIP","floor":45.0},{"not_picked":["Outmaneuver"],"picked":"SKIP","floor":48}],"player_experience":3455007,"relics_obtained":[{"floor":9.0,"key":"Oddly Smooth Stone"},{"floor":13.0,"key":"Akabeko"},{"floor":23.0,"key":"Ice Cream"},{"floor":24.0,"key":"Vajra"},{"floor":25.0,"key":"Gremlin Horn"},{"floor":26.0,"key":"Blood Vial"},{"floor":30.0,"key":"Matryoshka"},{"floor":40.0,"key":"Potion Belt"},{"floor":41.0,"key":"Dream Catcher"},{"floor":43.0,"key":"Orichalcum"},{"floor":43.0,"key":"Paper Crane"},{"floor":45.0,"key":"Strawberry"},{"floor":48,"key":"Art of War"}],"event_choices":[{"damage_healed":0.0,"max_hp_gain":0.0,"max_hp_loss":0.0,"gold_gain":0.0,"event_name":"Shining Light","player_choice":"Entered Light","floor":3.0,"gold_loss":0.0,"damage_taken":14.0,"cards_upgraded":["Backflip","Deadly Poison"]},{"damage_healed":0.0,"max_hp_gain":0.0,"max_hp_loss":0.0,"gold_gain":75.0,"event_name":"World of Goop","player_choice":"Gather Gold","floor":4.0,"gold_loss":0.0,"damage_taken":11.0},{"damage_healed":0.0,"max_hp_gain":0.0,"max_hp_loss":0.0,"gold_gain":0.0,"event_name":"Upgrade Shrine","player_choice":"Upgraded","floor":37.0,"gold_loss":0.0,"damage_taken":0.0,"cards_upgraded":["Masterful Stab"]}],"is_beta":false,"boss_relics":[{"not_picked":["Calling Bell","SlaversCollar"],"picked":"Busted Crown"},{"not_picked":["WristBlade","Sozu"],"picked":"HoveringKite"}],"items_purged_floors":[14,22,27,47],"is_endless":false,"potions_floor_spawned":[5,10,13,16,20,25,28,30,33,41],"ascension_level":0}}