{"host":"pqs17sqrgflf4eqa","time":1614129099,"event":{"mods":["AchievementEnabler","BaseMod","Bestiary","Better Altar","Better Match","Better Skull","BetterRewards","Block Reminder","Bossed Relics","Colored Map","Colored Powertips","Curses Come First","Dark Map","DeckTracker","Defective Defect","Displayed Cursed Tome","Emptier Cage","Googly Eyes","Highlight Path","Infinite Spire","Minty Spire (QoL Compilation)","Poor People Problems","Quick Restart","StSLib","SuperFastMode","Transform Curses","everything is the same but u backflip on backflip","slay the spire mod where everything is the same but ironclad has a cowboy hat"],"gold_per_floor":[118,118,118,133,38,38,38],"floor_reached":6,"language":"ENG","playtime":126,"items_purged":[],"score":46,"play_id":"52f638ef-d8fc-4938-8fec-b37777fe83d5","local_time":"20210223201139","is_ascension_mode":true,"campfire_choices":[],"circlet_count":0,"master_deck":["Strike_B","Strike_B","Strike_B","Defend_B","Defend_B","Defend_B","Defend_B","Zap","Dualcast","FTL","Force Field","Aggregate","Gash","Lockon","Ball Lightning","Compile Driver","Coolheaded"],"relics":["Cracked Core","Potion Belt","Golden Idol"],"acts_visited":["Exordium"],"potions_floor_usage":[1,1,4,6],"damage_taken":[{"damage":4,"enemies":"2 Louse","floor":1,"turns":2},{"damage":7,"enemies":"Small Slimes","floor":4,"turns":3},{"damage":29,"enemies":"Lagavulin","floor":6,"turns":4}],"seed_played":"141743912915173805","potions_obtained":[{"floor":4,"key":"Fruit Juice"}],"is_trial":false,"path_per_floor":["M","?","?","M","$","E"],"character_chosen":"DEFECT","items_purchased":["Glacier","FTL","EntropicBrew","Compile Driver","Coolheaded"],"campfire_rested":0,"item_purchase_floors":[0,0,0,5,5],"current_hp_per_floor":[29,29,29,27,27,0,0],"gold":38,"neow_bonus":"","is_daily":false,"chose_seed":false,"campfire_upgraded":0,"win_rate":0.0,"timestamp":1614129099,"path_taken":["M","?","?","?","$","E"],"items_purchased_type":["Card","Card","Potion","Card","Card"],"build_version":"2020-12-22","purchased_purges":0,"victory":false,"max_hp_per_floor":[75,69,69,74,74,74,74],"card_choices":[{"not_picked":["Sweeping Beam","Go for the Eyes"],"picked":"Gash","floor":1},{"not_picked":["Cold Snap","Barrage"],"picked":"Ball Lightning","floor":4}],"player_experience":156205,"relics_obtained":[],"event_choices":[{"damage_healed":0,"gold_gain":0,"player_choice":"Lose Max HP","damage_taken":0,"relics_obtained":["Golden Idol"],"max_hp_gain":0,"max_hp_loss":6,"event_name":"Golden Idol","floor":2,"gold_loss":0},{"damage_healed":0,"gold_gain":0,"cards_transformed":["Fusion"],"player_choice":"Transformed","damage_taken":0,"max_hp_gain":0,"max_hp_loss":0,"event_name":"Transmorgrifier","floor":3,"gold_loss":0,"cards_obtained":["Lockon"]}],"is_beta":false,"boss_relics":[],"items_purged_floors":[],"is_endless":false,"potions_floor_spawned":[4],"killed_by":"Lagavulin","ascension_level":7}}