{"host":"l2onoeb0kdqo1a9y","time":1614151287,"event":{"mods":["AchievementEnabler","BaseMod","Colored Powertips","Highlight Path","Minty Spire (QoL Compilation)","Quick Restart"],"gold_per_floor":[113,124,135,15,32,58,58,76,100,65,65,78,78,97,97,97,97],"floor_reached":16,"language":"ZHS","playtime":298,"items_purged":["Strike_R"],"score":104,"play_id":"6fb59130-c468-4a11-8e00-0edfb52b1e4c","local_time":"20210224152127","is_ascension_mode":false,"campfire_choices":[{"data":"Rampage","floor":7,"key":"SMITH"},{"data":"Spot Weakness","floor":13,"key":"SMITH"},{"data":"Rampage","floor":15,"key":"SMITH"}],"circlet_count":0,"master_deck":["Strike_R","Strike_R","Strike_R","Strike_R","Defend_R","Defend_R","Defend_R","Defend_R","Bash","Rampage+1","Thunderclap","Flex","Rampage+1","Spot Weakness+1","Flex"],"relics":["Burning Blood","NeowsBlessing","MealTicket","Bronze Scales"],"acts_visited":["Exordium"],"potions_floor_usage":[11,16],"damage_taken":[{"damage":0,"enemies":"Cultist","floor":1,"turns":1},{"damage":0,"enemies":"Jaw Worm","floor":2,"turns":1},{"damage":0,"enemies":"Small Slimes","floor":3,"turns":1},{"damage":21,"enemies":"Blue Slaver","floor":5,"turns":4},{"damage":43,"enemies":"3 Sentries","floor":6,"turns":8},{"damage":9,"enemies":"2 Fungi Beasts","floor":8,"turns":3},{"damage":21,"enemies":"Exordium Thugs","floor":12,"turns":3},{"damage":10,"enemies":"Looter","floor":14,"turns":2},{"damage":26,"enemies":"The Guardian","floor":16,"turns":7}],"seed_played":"8487131800180554583","potions_obtained":[{"floor":1,"key":"Fire Potion"},{"floor":2,"key":"SkillPotion"},{"floor":8,"key":"EssenceOfSteel"},{"floor":11,"key":"Fruit Juice"},{"floor":14,"key":"Explosive Potion"}],"is_trial":false,"path_per_floor":["M","M","M","$","M","E","R","M","T","?","?","M","R","M","R","B"],"character_chosen":"IRONCLAD","items_purchased":["Flex"],"campfire_rested":0,"item_purchase_floors":[4],"current_hp_per_floor":[80,80,80,80,65,28,28,25,25,45,50,35,35,31,31,5,5],"gold":97,"neow_bonus":"THREE_ENEMY_KILL","is_daily":false,"chose_seed":false,"campfire_upgraded":3,"win_rate":0.0,"timestamp":1614151287,"path_taken":["M","M","M","$","M","E","R","M","T","?","?","M","R","?","R","BOSS"],"items_purchased_type":["Card"],"build_version":"2020-12-22","purchased_purges":1,"victory":false,"max_hp_per_floor":[80,80,80,80,80,80,80,80,80,80,85,85,85,85,85,85,85],"card_choices":[{"not_picked":["Combust","Anger","Intimidate"],"picked":"SKIP","floor":1},{"not_picked":["Entrench","Sword Boomerang"],"picked":"Rampage","floor":2},{"not_picked":["Wild Strike","Havoc"],"picked":"Thunderclap","floor":3},{"not_picked":["Clothesline","Pommel Strike","Wild Strike"],"picked":"SKIP","floor":5},{"not_picked":["Juggernaut","Bloodletting"],"picked":"Rampage","floor":6},{"not_picked":["Clothesline","Anger"],"picked":"Spot Weakness","floor":8},{"not_picked":["Body Slam","Headbutt","Shrug It Off"],"picked":"SKIP","floor":12},{"not_picked":["Ghostly Armor","Carnage"],"picked":"Flex","floor":14}],"player_experience":151623,"relics_obtained":[{"floor":6,"key":"MealTicket"},{"floor":9,"key":"Bronze Scales"}],"event_choices":[{"damage_healed":20,"gold_gain":0,"player_choice":"Healed","damage_taken":0,"max_hp_gain":0,"max_hp_loss":0,"event_name":"The Cleric","floor":10,"gold_loss":35},{"damage_healed":0,"gold_gain":0,"player_choice":"Got Potions","damage_taken":0,"max_hp_gain":0,"max_hp_loss":0,"event_name":"Lab","floor":11,"gold_loss":0}],"is_beta":false,"boss_relics":[],"items_purged_floors":[4],"is_endless":false,"potions_floor_spawned":[1,2,8,14],"killed_by":"The Guardian","ascension_level":0}}