{"host":"uv5ws9rdk87e8i5k","time":1614195900,"event":{"mods":["AchievementEnabler","BaseMod","Colored Map","Minty Spire (QoL Compilation)","Permanent Neow","Quick Restart","StSLib","SuperFastMode","The Necromancer","The Saiyan"],"gold_per_floor":[365,365,0,0,24,65,65,108,156,156,191,212,228,253,253,253,253],"floor_reached":16,"language":"ENG","playtime":287,"items_purged":["Injury"],"score":204,"play_id":"0d5936c3-8385-4920-a365-ddf22cbefa52","local_time":"20210224134500","is_ascension_mode":true,"campfire_choices":[{"data":"Uppercut","floor":7.0,"key":"SMITH"},{"data":"Combust","floor":10.0,"key":"SMITH"},{"data":"Brutality","floor":15,"key":"SMITH"}],"circlet_count":0,"master_deck":["AscendersBane","Strike_R","Strike_R","Strike_R","Strike_R","Strike_R","Defend_R","Defend_R+1","Defend_R","Defend_R+1","Bash","Anger","Combust+1","Pommel Strike","Infernal Blade","Uppercut+1","Pummel","Shrug It Off","Brutality+1","Iron Wave"],"relics":["Burning Blood","Golden Idol","War Paint","Dream Catcher","Lantern","Ancient Tea Set","Du-Vu Doll"],"acts_visited":["Exordium"],"potions_floor_usage":[16,16],"damage_taken":[{"damage":6.0,"enemies":"Cultist","floor":1.0,"turns":4.0},{"damage":3.0,"enemies":"Small Slimes","floor":5.0,"turns":3.0},{"damage":31.0,"enemies":"Gremlin Nob","floor":6.0,"turns":5.0},{"damage":5.0,"enemies":"3 Sentries","floor":8.0,"turns":3.0},{"damage":17.0,"enemies":"Lagavulin","floor":11.0,"turns":3.0},{"damage":0,"enemies":"Jaw Worm","floor":12,"turns":1},{"damage":0,"enemies":"Exordium Thugs","floor":13,"turns":3},{"damage":5,"enemies":"2 Fungi Beasts","floor":14,"turns":3},{"damage":47,"enemies":"Slime Boss","floor":16,"turns":6}],"seed_played":"-7614578152550671058","potions_obtained":[{"floor":4.0,"key":"Block Potion"},{"floor":8.0,"key":"LiquidMemories"},{"floor":11.0,"key":"Fire Potion"},{"floor":13,"key":"DuplicationPotion"}],"is_trial":false,"path_per_floor":["M","?","$","?","M","E","R","E","T","R","E","M","M","M","R","B"],"character_chosen":"IRONCLAD","items_purchased":["Combust","Pommel Strike","War Paint","PowerPotion"],"campfire_rested":0,"item_purchase_floors":[3,3,3,3],"current_hp_per_floor":[68,68,68,68,68,43,43,44,44,44,33,39,45,46,46,0,0],"gold":253,"neow_bonus":"TWO_FIFTY_GOLD","is_daily":false,"chose_seed":false,"campfire_upgraded":3,"win_rate":0.0,"timestamp":1614195900,"path_taken":["M","?","$","?","M","E","R","E","T","R","E","M","M","?","R","BOSS"],"items_purchased_type":["Card","Card","Relic","Potion"],"build_version":"2020-12-22","purchased_purges":1,"victory":false,"max_hp_per_floor":[68,68,68,68,68,68,68,68,68,68,68,68,68,68,68,68,68],"card_choices":[{"not_picked":["Warcry","True Grit"],"picked":"Anger","floor":1.0},{"not_picked":["Armaments","Iron Wave"],"picked":"Infernal Blade","floor":5.0},{"not_picked":["Intimidate","Bloodletting"],"picked":"Uppercut","floor":6.0},{"not_picked":["Headbutt","Limit Break"],"picked":"Pummel","floor":8.0},{"not_picked":["Feel No Pain","Intimidate","Hemokinesis"],"picked":"SKIP","floor":11.0},{"not_picked":["Wild Strike","Armaments"],"picked":"Shrug It Off","floor":12},{"not_picked":["Clothesline","Hemokinesis"],"picked":"Brutality","floor":13},{"not_picked":["Anger","Body Slam"],"picked":"Iron Wave","floor":14}],"player_experience":235353,"relics_obtained":[{"floor":6.0,"key":"Dream Catcher"},{"floor":8.0,"key":"Lantern"},{"floor":9.0,"key":"Ancient Tea Set"},{"floor":11.0,"key":"Du-Vu Doll"}],"event_choices":[{"damage_healed":0.0,"max_hp_gain":0.0,"max_hp_loss":0.0,"gold_gain":0.0,"event_name":"Golden Idol","player_choice":"Take Wound","floor":2.0,"gold_loss":0.0,"damage_taken":0.0,"relics_obtained":["Golden Idol"],"cards_obtained":["Injury"]},{"damage_healed":0.0,"max_hp_gain":0.0,"max_hp_loss":0.0,"gold_gain":0.0,"event_name":"Lab","player_choice":"Got Potions","floor":4.0,"gold_loss":0.0,"damage_taken":0.0}],"is_beta":false,"boss_relics":[],"items_purged_floors":[3],"is_endless":false,"potions_floor_spawned":[5,8,11,13],"killed_by":"Slime Boss","ascension_level":14}}