{"host":"ecvfachamqf62ewl","time":1614205881,"event":{"mods":["AchievementEnabler","BaseMod","Colored Map","Colored Powertips","Minty Spire (QoL Compilation)","Rare Cards Sparkle","Relic Stats","StSLib","SuperFastMode"],"gold_per_floor":[117,135,150,161,61,92,92,167,167,193,212,212,212],"floor_reached":12,"language":"ENG","playtime":626,"items_purged":["Strike_P"],"score":113,"play_id":"1bf1c50d-7eb4-41b8-a6f1-3de923c7855e","local_time":"20210224173121","is_ascension_mode":true,"campfire_choices":[{"data":"DevaForm","floor":7,"key":"SMITH"}],"circlet_count":0,"master_deck":["Strike_P","Strike_P","Strike_P","Defend_P","Defend_P","Defend_P","Defend_P","Eruption","Vigilance","Blasphemy","LikeWater","DevaForm+1","Meditate","EmptyFist","FearNoEvil","CrushJoints","ForeignInfluence"],"relics":["PureWater","Omamori","Bag of Preparation","Bottled Flame"],"acts_visited":["Exordium"],"potions_floor_usage":[6,12,12],"damage_taken":[{"damage":0,"enemies":"2 Louse","floor":1,"turns":2},{"damage":0,"enemies":"Small Slimes","floor":2,"turns":2},{"damage":0,"enemies":"Cultist","floor":3,"turns":1},{"damage":8,"enemies":"Blue Slaver","floor":4,"turns":5},{"damage":7,"enemies":"Lagavulin","floor":6,"turns":8},{"damage":15,"enemies":"Gremlin Nob","floor":10,"turns":4},{"damage":15,"enemies":"Exordium Thugs","floor":11,"turns":3},{"damage":30,"enemies":"3 Sentries","floor":12,"turns":6}],"seed_played":"7242851164371949936","potions_obtained":[{"floor":1,"key":"Fruit Juice"},{"floor":2,"key":"AttackPotion"},{"floor":3,"key":"Regen Potion"}],"is_trial":false,"path_per_floor":["M","M","M","M","$","E","R","?","T","E","M","E"],"character_chosen":"WATCHER","items_purchased":["EmptyFist"],"campfire_rested":0,"item_purchase_floors":[5],"current_hp_per_floor":[72,72,72,64,64,57,57,46,46,31,16,5,5],"gold":212,"neow_bonus":"ONE_RANDOM_RARE_CARD","is_daily":false,"chose_seed":false,"campfire_upgraded":1,"win_rate":0.0,"timestamp":1614205881,"path_taken":["M","M","M","M","$","E","R","?","T","E","M","E"],"items_purchased_type":["Card"],"build_version":"2020-12-22","purchased_purges":1,"victory":false,"max_hp_per_floor":[72,72,72,72,72,72,72,72,72,72,72,77,77],"relic_stats":{"counters":[8,31],"Bag of Preparation":[6],"obtain_stats":[{"Bottled Flame":10,"Omamori":6,"Bag of Preparation":9,"PureWater":0},{"Bottled Flame":6,"Omamori":5,"Bag of Preparation":5,"PureWater":0},{"Bottled Flame":22,"Omamori":18,"Bag of Preparation":18,"PureWater":0}]},"card_choices":[{"not_picked":["SashWhip","Prostrate"],"picked":"LikeWater","floor":1},{"not_picked":["Halt","JustLucky"],"picked":"DevaForm","floor":2},{"not_picked":["EmptyMind","FollowUp"],"picked":"Meditate","floor":3},{"not_picked":["SashWhip","Fasting2","Swivel"],"picked":"SKIP","floor":4},{"not_picked":["BowlingBash","Consecrate"],"picked":"FearNoEvil","floor":6},{"not_picked":["Evaluate","EmptyBody"],"picked":"CrushJoints","floor":10},{"not_picked":["FlyingSleeves","EmptyFist"],"picked":"ForeignInfluence","floor":11}],"player_experience":446245,"relics_obtained":[{"floor":6,"key":"Omamori"},{"floor":9,"key":"Bag of Preparation"},{"floor":10,"key":"Bottled Flame"}],"event_choices":[{"damage_healed":0,"gold_gain":75,"player_choice":"Gather Gold","damage_taken":11,"max_hp_gain":0,"max_hp_loss":0,"event_name":"World of Goop","floor":8,"gold_loss":0}],"is_beta":false,"boss_relics":[],"items_purged_floors":[5],"is_endless":false,"potions_floor_spawned":[1,2,3],"killed_by":"3 Sentries","ascension_level":5}}