{"host":"mp4nw1ahnxiisuiw","time":1614126462,"event":{"mods":["AchievementEnabler","BaseMod","Better Note","Block Reminder","Colored Map","Colored Powertips","Curses Come First","DeckTracker","Dio Mod","Hero for Fun","Highlight Path","Koishi","Marisa????????","Minty Spire (QoL Compilation)","Permanent Neow","Quick Restart","Rare Cards Sparkle","Relic Sorter","Relic Stats","Remilia??????","Small Relic Pack","Spikes Relics","StSLib","Td1madao Mod","The Animator","The Bug Knight","Waifu the Spire"],"gold_per_floor":[117,134,59,69,89,89,124,124,150,150,150,181,194,208,208,310,310,328,328,328,342,342,342],"floor_reached":22,"language":"ENG","playtime":987,"items_purged":["Strike_R"],"score":225,"play_id":"c8a65294-55a6-4034-aec4-2fca740d1867","local_time":"20210224012742","is_ascension_mode":true,"campfire_choices":[{"data":"Armaments","floor":6,"key":"SMITH"},{"floor":8,"key":"REST"},{"floor":10,"key":"REST"},{"floor":15,"key":"REST"}],"circlet_count":0,"master_deck":["Strike_R","Defend_R","Defend_R","Defend_R","Defend_R","Body Slam","Searing Blow","Heavy Blade","Whirlwind","Rampage","Entrench","relicPack:TruthCard","Koishi:MentalBreakdown","Serious_Side_Hops","Immolate","Armaments"],"relics":["Philosopher\u0027s Stone","Regal Pillow","Bronze Scales","SlaversCollar","relicPack:EdsArm"],"acts_visited":["Exordium","TheCity"],"potions_floor_usage":[12,12,12,16,16,16],"damage_taken":[{"damage":1,"enemies":"Cultist","floor":1,"turns":4},{"damage":3,"enemies":"Jaw Worm","floor":2,"turns":4},{"damage":7,"enemies":"2 Louse","floor":4,"turns":3},{"damage":1,"enemies":"Blue Slaver","floor":5,"turns":4},{"damage":46,"enemies":"Lagavulin","floor":7,"turns":7},{"damage":46,"enemies":"3 Sentries","floor":12,"turns":9},{"damage":3,"enemies":"Exordium Thugs","floor":13,"turns":5},{"damage":13,"enemies":"Large Slime","floor":14,"turns":4},{"damage":19,"enemies":"Slime Boss","floor":16,"turns":8},{"damage":8,"enemies":"Chosen","floor":18,"turns":4},{"damage":48,"enemies":"Shell Parasite","floor":21,"turns":6},{"damage":24,"enemies":"Sentry and Sphere","floor":22,"turns":4}],"seed_played":"1988737665080878213","potions_obtained":[{"floor":1,"key":"FearPotion"},{"floor":5,"key":"SneckoOil"},{"floor":7,"key":"SteroidPotion"},{"floor":12,"key":"AttackPotion"},{"floor":13,"key":"Energy Potion"},{"floor":14,"key":"Regen Potion"},{"floor":21,"key":"Swift Potion"}],"is_trial":false,"path_per_floor":["M","M","$","M","M","R","E","R","T","R","?","E","M","M","R","B",null,"M","$","?","M","M"],"character_chosen":"IRONCLAD","items_purchased":[],"campfire_rested":3,"item_purchase_floors":[],"current_hp_per_floor":[79,76,76,69,68,68,22,61,61,80,80,34,31,18,57,53,80,72,72,72,24,0,0],"gold":342,"neow_bonus":"BOSS_RELIC","is_daily":false,"chose_seed":false,"campfire_upgraded":1,"win_rate":0.0,"timestamp":1614126462,"path_taken":["M","M","$","M","?","R","E","R","T","R","?","E","M","M","R","BOSS","M","$","?","M","M"],"items_purchased_type":[],"build_version":"2020-12-22","purchased_purges":1,"victory":false,"max_hp_per_floor":[80,80,80,80,80,80,80,80,80,80,80,80,80,80,80,80,80,80,80,75,75,75,75],"relic_stats":{"Regal Pillow":30,"counters":[12,62],"Bronze Scales":[58],"obtain_stats":[{"relicPack:EdsArm":20,"SlaversCollar":17,"Regal Pillow":7,"Bronze Scales":12,"Philosopher\u0027s Stone":0,"Burning Blood":0},{"relicPack:EdsArm":10,"SlaversCollar":9,"Regal Pillow":5,"Bronze Scales":6,"Philosopher\u0027s Stone":0,"Burning Blood":0},{"relicPack:EdsArm":52,"SlaversCollar":48,"Regal Pillow":22,"Bronze Scales":31,"Philosopher\u0027s Stone":0,"Burning Blood":0}]},"card_choices":[{"not_picked":["Pommel Strike","Evolve"],"picked":"Body Slam","floor":1},{"not_picked":["Inflame","Clash"],"picked":"Searing Blow","floor":2},{"not_picked":["Dropkick","Rage"],"picked":"Armaments","floor":4},{"not_picked":["Thunderclap","Armaments","Clothesline"],"picked":"SKIP","floor":5},{"not_picked":["Pommel Strike","Brutality","Clash"],"picked":"SKIP","floor":7},{"not_picked":["Blood for Blood","True Grit"],"picked":"Heavy Blade","floor":12},{"not_picked":["Wild Strike","Warcry"],"picked":"Whirlwind","floor":13},{"not_picked":["Power Through","Combust"],"picked":"Rampage","floor":14},{"not_picked":["Limit Break","Exhume"],"picked":"Demon Form","floor":16},{"not_picked":["Wild Strike","Shockwave"],"picked":"Entrench","floor":18},{"not_picked":["Wild Strike+1","Flex"],"picked":"Armaments","floor":21}],"player_experience":121529,"relics_obtained":[{"floor":7,"key":"Regal Pillow"},{"floor":12,"key":"Bronze Scales"}],"event_choices":[{"damage_healed":0,"gold_gain":0,"player_choice":"Ignored","damage_taken":0,"max_hp_gain":0,"max_hp_loss":0,"event_name":"Shining Light","floor":11,"gold_loss":0}],"is_beta":false,"boss_relics":[{"not_picked":["Busted Crown","HailfireSword"],"picked":"SlaversCollar"}],"items_purged_floors":[3],"is_endless":false,"potions_floor_spawned":[1,5,7,12,13,14,21],"killed_by":"Sentry and Sphere","ascension_level":3}}