{"host":"e4udrxcgdvpx3wcj","time":1614210589,"event":{"mods":["Act Like it!","Aspiration","Astrologer","BaseMod","Gensokyo","Highlight Path","Infinite Spire","Koishi","Marisa????????","Minty Spire (QoL Compilation)","Replay The Spire","StSLib","SuperFastMode","The Bug Knight","The Construct","The Jungle","The Runesmith","The Servant 0.9.4","TheBandit"],"gold_per_floor":[113,38,58,58,74,112,112,166,166,205,205,205,33,33,33,132,132,156,506,522,522,543,543,543,543],"floor_reached":24,"language":"ENG","playtime":1042,"items_purged":["Hallucinations"],"score":504,"play_id":"86b4161e-dbf9-477a-b96d-31c2fa9486aa","local_time":"20210224184949","is_ascension_mode":true,"campfire_choices":[{"data":"Cloak And Dagger","floor":7.0,"key":"SMITH"},{"data":"Bouncing Flask","floor":11.0,"key":"SMITH"},{"data":"Expertise","floor":15.0,"key":"SMITH"},{"data":"ReplayTheSpireMod:??????????????????????","floor":23,"key":"SMITH"}],"circlet_count":0,"master_deck":["AscendersBane","Strike_G","Strike_G","Strike_G","Strike_G","Defend_G","Defend_G","Defend_G","Defend_G","Defend_G","Survivor","Neutralize+1","Bouncing Flask+1","Slice","Cloak And Dagger+1","Expertise+1","Hidden Blade","Burst","Backflip+1","Doubt","CommonCold","Noxious Fumes","ReplayTheSpireMod:??????????????????????+1","Amnesia","Normality","Injury","Parasite","Malaise"],"relics":["Ring of the Snake","aspiration:Nostalgia","Koishi:ImaginaryFriend","Golden Idol","StoneCalendar","Happy Flower","Bottled Flame","construct:BoolHorns","Gremlin Food","Replay:Fungal Core","ReplayTheSpireMod:Ring of Exchange","Ring of Greed","Membership Card","Old Coin","Blood Vial"],"acts_visited":["Exordium","TheCity"],"potions_floor_usage":[24],"damage_taken":[{"damage":0.0,"enemies":"2 Louse","floor":1.0,"turns":5.0},{"damage":0.0,"enemies":"Small Slimes","floor":3.0,"turns":4.0},{"damage":2.0,"enemies":"Jaw Worm","floor":5.0,"turns":6.0},{"damage":13.0,"enemies":"Replay:BlueRogue","floor":6.0,"turns":7.0},{"damage":5.0,"enemies":"HollowMod:MossKnight","floor":10.0,"turns":7.0},{"damage":12.0,"enemies":"The Guardian","floor":16.0,"turns":7.0},{"damage":8.0,"enemies":"2 Thieves","floor":18.0,"turns":4.0},{"damage":7.0,"enemies":"Shell Parasite","floor":20.0,"turns":6.0},{"damage":7.0,"enemies":"Centurion and Healer","floor":22.0,"turns":7.0},{"damage":44,"enemies":"Gremlin Leader","floor":24,"turns":3}],"seed_played":"-6497052058895821092","potions_obtained":[{"floor":1.0,"key":"Block Potion"},{"floor":6.0,"key":"Dexterity Potion"},{"floor":16.0,"key":"CunningPotion"},{"floor":22,"key":"Fire Potion"}],"is_trial":false,"path_per_floor":["M","?","M","?","M","E","R","T","T","E","R","?","$","?","R","B",null,"M","?","M","AVR","M","R","E"],"character_chosen":"THE_SILENT","items_purchased":["Gremlin Food"],"campfire_rested":0,"item_purchase_floors":[13],"current_hp_per_floor":[59,59,59,36,34,21,21,21,21,16,16,35,35,35,35,23,55,47,47,40,40,35,35,0,0],"gold":543,"neow_bonus":"NOSTALGIA","is_daily":false,"chose_seed":false,"campfire_upgraded":4,"win_rate":0.0,"timestamp":1614210589,"path_taken":["M","?","M","?","M","E","R","?","T","E","R","?","$","?","R","BOSS","M","?","M","AVR","M","R","E"],"items_purchased_type":["Relic"],"build_version":"2020-12-22","purchased_purges":1,"victory":false,"max_hp_per_floor":[66,66,66,66,66,66,66,66,66,66,66,66,66,66,66,66,66,66,66,66,66,66,66,66,66],"card_choices":[{"not_picked":["ReplayTheSpireMod:The Works","Catalyst"],"picked":"Bouncing Flask","floor":1.0},{"not_picked":["Concentrate","Quick Slash"],"picked":"Slice","floor":3.0},{"not_picked":["Underhanded Strike","Dagger Spray"],"picked":"Cloak And Dagger","floor":5.0},{"not_picked":["Underhanded Strike","Dodge and Roll"],"picked":"Expertise","floor":6.0},{"not_picked":["Outmaneuver","aspiration:Lunge"],"picked":"Hidden Blade","floor":10.0},{"not_picked":["aspiration:Lunge","Phantasmal Killer"],"picked":"Burst","floor":16.0},{"not_picked":["Deadly Poison","Terror"],"picked":"Backflip+1","floor":18.0},{"not_picked":["Blade Dance","Bane"],"picked":"Noxious Fumes","floor":20.0},{"not_picked":["Hidden Blade","All Out Attack"],"picked":"Malaise","floor":22}],"player_experience":2464152,"relics_obtained":[{"floor":6.0,"key":"StoneCalendar"},{"floor":8.0,"key":"Happy Flower"},{"floor":9.0,"key":"Bottled Flame"},{"floor":10.0,"key":"construct:BoolHorns"},{"floor":19.0,"key":"ReplayTheSpireMod:Ring of Exchange"},{"floor":19.0,"key":"Ring of Greed"},{"floor":19.0,"key":"Membership Card"},{"floor":19.0,"key":"Old Coin"}],"event_choices":[{"cards_removed":["Strike_G"],"damage_healed":0.0,"max_hp_gain":0.0,"max_hp_loss":0.0,"gold_gain":0.0,"event_name":"The Cleric","player_choice":"Card Removal","floor":2.0,"gold_loss":75.0,"damage_taken":0.0},{"damage_healed":0.0,"max_hp_gain":0.0,"max_hp_loss":0.0,"gold_gain":0.0,"event_name":"Golden Idol","player_choice":"Take Damage","floor":4.0,"gold_loss":0.0,"damage_taken":23.0,"relics_obtained":["Golden Idol"]},{"damage_healed":0.0,"max_hp_gain":0.0,"max_hp_loss":0.0,"gold_gain":0.0,"event_name":"Living Wall","player_choice":"Grow","floor":14.0,"gold_loss":0.0,"damage_taken":0.0,"cards_upgraded":["Neutralize"]}],"is_beta":false,"boss_relics":[{"not_picked":["Busted Crown","Snecko Scales"],"picked":"Replay:Fungal Core"}],"items_purged_floors":[21],"is_endless":false,"potions_floor_spawned":[1,6,16,22],"killed_by":"Gremlin Leader","ascension_level":20}}