{"host":"avybiddlniqinkgc","time":1614139094,"event":{"mods":["AchievementEnabler","BaseMod","Colored Map","DeckTracker","Highlight Path","KOR Keyword Fix","Keyboard Shortcuts","Minty Spire (QoL Compilation)","Permanent Neow","Quick Restart","Random Character Button","Rare Cards Sparkle","StSLib","SuperFastMode"],"gold_per_floor":[116,133,143,160,178,178,103,123,123,47,66,83,95,151,151,256,256,273,288,387,403,403,403,420,437,437,437,437],"floor_reached":27,"language":"KOR","playtime":616,"items_purged":["Strike_G"],"score":224,"play_id":"b4921b52-0bbc-4821-a6a0-1e2e5771196c","local_time":"20210224125814","is_ascension_mode":true,"campfire_choices":[{"data":"Infinite Blades","floor":6,"key":"SMITH"},{"floor":15,"key":"REST"},{"floor":23,"key":"REST"}],"circlet_count":0,"master_deck":["Strike_G","Strike_G","Strike_G","Strike_G","Defend_G","Defend_G","Defend_G","Defend_G","Defend_G","Survivor","Neutralize","Dagger Spray","Blade Dance","Terror+1","Infinite Blades+1","Acrobatics","Well Laid Plans","Finisher","Dagger Spray","Backflip","Blade Dance","Choke","Wraith Form v2"],"relics":["Ring of the Snake","Ginger","Vajra","Philosopher\u0027s Stone","Sundial"],"acts_visited":["Exordium","TheCity"],"potions_floor_usage":[8,11,12,14,14,24,27],"damage_taken":[{"damage":0,"enemies":"Cultist","floor":1,"turns":3},{"damage":4,"enemies":"Jaw Worm","floor":2,"turns":4},{"damage":0,"enemies":"2 Louse","floor":3,"turns":2},{"damage":3,"enemies":"2 Fungi Beasts","floor":4,"turns":4},{"damage":16,"enemies":"Exordium Thugs","floor":5,"turns":4},{"damage":3,"enemies":"Lots of Slimes","floor":8,"turns":3},{"damage":1,"enemies":"Looter","floor":11,"turns":2},{"damage":10,"enemies":"Large Slime","floor":12,"turns":5},{"damage":2,"enemies":"2 Fungi Beasts","floor":13,"turns":4},{"damage":26,"enemies":"Lagavulin Event","floor":14,"turns":4},{"damage":24,"enemies":"Hexaghost","floor":16,"turns":7},{"damage":0,"enemies":"Chosen","floor":18,"turns":4},{"damage":23,"enemies":"Shell Parasite","floor":19,"turns":5},{"damage":14,"enemies":"Snecko","floor":21,"turns":4},{"damage":14,"enemies":"Snake Plant","floor":24,"turns":3},{"damage":26,"enemies":"Sentry and Sphere","floor":25,"turns":6},{"damage":15,"enemies":"Shelled Parasite and Fungi","floor":27,"turns":4}],"seed_played":"-1791529705924054217","potions_obtained":[{"floor":2,"key":"Fire Potion"},{"floor":4,"key":"EssenceOfSteel"},{"floor":11,"key":"Regen Potion"},{"floor":12,"key":"Weak Potion"},{"floor":13,"key":"LiquidMemories"},{"floor":19,"key":"Block Potion"},{"floor":21,"key":"LiquidMemories"},{"floor":24,"key":"Ancient Potion"},{"floor":25,"key":"BlessingOfTheForge"}],"is_trial":false,"path_per_floor":["M","M","M","M","M","R","$","M","T","$","M","M","M","?","R","B",null,"M","M","?","M","?","R","M","M","T","M"],"character_chosen":"THE_SILENT","items_purchased":["Finisher"],"campfire_rested":2,"item_purchase_floors":[10],"current_hp_per_floor":[70,66,66,63,47,47,47,44,44,44,43,47,45,19,40,16,70,70,47,47,33,33,54,40,14,14,0,0],"gold":437,"neow_bonus":"THREE_CARDS","is_daily":false,"chose_seed":false,"campfire_upgraded":1,"win_rate":0.0,"timestamp":1614139094,"path_taken":["M","M","?","M","M","R","$","?","T","?","?","M","M","?","R","BOSS","M","M","?","M","?","R","?","M","T","?"],"items_purchased_type":["Card"],"build_version":"2020-12-22","purchased_purges":1,"victory":false,"max_hp_per_floor":[70,70,70,70,70,70,70,70,70,70,70,70,70,70,70,70,70,70,70,70,70,70,70,70,70,70,70,70],"card_choices":[{"not_picked":["Escape Plan","Calculated Gamble"],"picked":"Dagger Spray","floor":0},{"not_picked":["Outmaneuver","Bane"],"picked":"Blade Dance","floor":1},{"not_picked":["Flying Knee","Skewer"],"picked":"Terror","floor":2},{"not_picked":["Dodge and Roll","Backflip"],"picked":"Infinite Blades","floor":3},{"not_picked":["Riddle With Holes","Blade Dance"],"picked":"Acrobatics","floor":4},{"not_picked":["Quick Slash","Dagger Spray"],"picked":"Well Laid Plans","floor":5},{"not_picked":["Slice","Glass Knife","Noxious Fumes"],"picked":"SKIP","floor":8},{"not_picked":["Terror","Poisoned Stab"],"picked":"Dagger Spray","floor":11},{"not_picked":["Predator","Terror","Underhanded Strike"],"picked":"SKIP","floor":12},{"not_picked":["Deflect","Deadly Poison"],"picked":"Backflip","floor":13},{"not_picked":["Distraction","Outmaneuver"],"picked":"Blade Dance","floor":14},{"not_picked":["Noxious Fumes","Underhanded Strike+1","Deflect"],"picked":"SKIP","floor":18},{"not_picked":["Underhanded Strike","Catalyst","Deflect+1"],"picked":"SKIP","floor":19},{"not_picked":["Dodge and Roll","Deflect"],"picked":"Choke","floor":21},{"not_picked":["Bouncing Flask+1","Dagger Throw+1"],"picked":"Wraith Form v2","floor":24},{"not_picked":["Outmaneuver","Skewer+1","Flechettes"],"picked":"SKIP","floor":25}],"player_experience":13077,"relics_obtained":[{"floor":9,"key":"Ginger"},{"floor":14,"key":"Vajra"},{"floor":26,"key":"Sundial"}],"event_choices":[{"damage_healed":0,"gold_gain":30,"player_choice":"Searched \u00272\u0027 times","damage_taken":0,"max_hp_gain":0,"max_hp_loss":0,"event_name":"Dead Adventurer","floor":14,"gold_loss":0},{"damage_healed":0,"gold_gain":99,"player_choice":"Stole From Cult","damage_taken":0,"max_hp_gain":0,"max_hp_loss":0,"event_name":"Nest","floor":20,"gold_loss":0},{"damage_healed":0,"gold_gain":0,"player_choice":"Upgraded","damage_taken":0,"max_hp_gain":0,"max_hp_loss":0,"event_name":"Upgrade Shrine","floor":22,"gold_loss":0,"cards_upgraded":["Terror"]}],"is_beta":false,"boss_relics":[{"not_picked":["Runic Pyramid","Calling Bell"],"picked":"Philosopher\u0027s Stone"}],"items_purged_floors":[7],"is_endless":false,"potions_floor_spawned":[2,4,11,12,13,19,21,24,25],"killed_by":"Shelled Parasite and Fungi","ascension_level":1}}