{"host":"bikm2o78umlg9iwk","time":1614161172,"event":{"mods":["AchievementEnabler","BaseMod","Colored Map","Colored Powertips","Googly Eyes","Highlight Path","Minty Spire (QoL Compilation)","Quick Restart","StSLib"],"gold_per_floor":[114,11,28,48,48,83,83,108,182,200,200,134,152,166,166,166,166],"floor_reached":16,"language":"ENG","playtime":1123,"items_purged":["Strike_G"],"score":224,"play_id":"8b0ec69c-403c-4243-8b73-c694b2de10c9","local_time":"20210224110612","is_ascension_mode":true,"campfire_choices":[{"floor":7,"key":"REST"},{"floor":15,"key":"REST"}],"circlet_count":0,"master_deck":["AscendersBane","Strike_G","Strike_G","Strike_G","Strike_G","Defend_G","Defend_G","Defend_G","Defend_G","Defend_G","Survivor","Neutralize","Predator","Dagger Throw","Poisoned Stab","PiercingWail","Blade Dance","Well Laid Plans","Slice","Acrobatics+1"],"relics":["Ring of the Snake","Bird Faced Urn","Unceasing Top","PreservedInsect","Ornamental Fan","Toxic Egg 2","Darkstone Periapt"],"acts_visited":[],"potions_floor_usage":[6,8,10,16,16],"damage_taken":[{"damage":1.0,"enemies":"Small Slimes","floor":1.0,"turns":5.0},{"damage":1.0,"enemies":"2 Louse","floor":3.0,"turns":3.0},{"damage":0,"enemies":"Cultist","floor":4,"turns":3},{"damage":19,"enemies":"Gremlin Nob","floor":6,"turns":4},{"damage":21,"enemies":"3 Sentries","floor":8,"turns":9},{"damage":12,"enemies":"Gremlin Gang","floor":10,"turns":5},{"damage":0,"enemies":"Lots of Slimes","floor":13,"turns":5},{"damage":6,"enemies":"Large Slime","floor":14,"turns":7},{"damage":43,"enemies":"Slime Boss","floor":16,"turns":10}],"seed_played":"3433998911746986158","potions_obtained":[{"floor":1.0,"key":"Weak Potion"},{"floor":3,"key":"Swift Potion"},{"floor":10,"key":"EntropicBrew"}],"is_trial":false,"path_per_floor":["M","$","M","M","?","E","R","E","T","M","?","?","M","M","R","B"],"character_chosen":"THE_SILENT","items_purchased":["Dagger Throw"],"campfire_rested":2,"item_purchase_floors":[2],"current_hp_per_floor":[58,58,57,57,52,33,51,30,30,18,18,18,20,16,34,0,0],"gold":166,"neow_bonus":"ONE_RARE_RELIC","is_daily":false,"chose_seed":false,"campfire_upgraded":0,"win_rate":0.0,"timestamp":1614161172,"path_taken":["M","$","M","M","?","E","R","E","T","M","?","?","M","M","R","BOSS"],"items_purchased_type":["Card"],"build_version":"2020-12-22","purchased_purges":1,"victory":false,"max_hp_per_floor":[60,60,60,60,60,60,60,60,60,60,60,60,60,60,60,60,60],"card_choices":[{"not_picked":["Prepared","Slice"],"picked":"Predator","floor":1.0},{"not_picked":["Reflex","Acrobatics","Deadly Poison"],"picked":"SKIP","floor":3},{"not_picked":["Deadly Poison","Slice"],"picked":"Poisoned Stab","floor":4},{"not_picked":["Dodge and Roll","Poisoned Stab"],"picked":"PiercingWail","floor":6},{"not_picked":["Accuracy","Backstab"],"picked":"Blade Dance","floor":8},{"not_picked":["Outmaneuver+1","Quick Slash"],"picked":"Well Laid Plans","floor":10},{"not_picked":["Flechettes","Heel Hook"],"picked":"Slice","floor":13},{"not_picked":["Expertise+1","All Out Attack"],"picked":"Acrobatics+1","floor":14}],"player_experience":1669624,"relics_obtained":[{"floor":6,"key":"PreservedInsect"},{"floor":8,"key":"Ornamental Fan"},{"floor":9,"key":"Toxic Egg 2"}],"event_choices":[{"damage_healed":0,"gold_gain":0,"player_choice":"Success","damage_taken":5,"relics_obtained":["Unceasing Top"],"max_hp_gain":0,"max_hp_loss":0,"event_name":"Scrap Ooze","floor":5,"gold_loss":0},{"damage_healed":0,"gold_gain":0,"player_choice":"Searched \u00270\u0027 times","damage_taken":0,"max_hp_gain":0,"max_hp_loss":0,"event_name":"Dead Adventurer","floor":11,"gold_loss":0},{"damage_healed":0,"gold_gain":0,"player_choice":"Paid Gold","damage_taken":0,"relics_obtained":["Darkstone Periapt"],"max_hp_gain":0,"max_hp_loss":0,"event_name":"WeMeetAgain","floor":12,"gold_loss":66}],"is_beta":false,"boss_relics":[],"items_purged_floors":[2],"is_endless":false,"potions_floor_spawned":[1,3,10],"killed_by":"Slime Boss","ascension_level":20}}