{"host":"ufhw4cf0hh51lveu","time":1614149606,"event":{"mods":["BaseMod","DeckTracker","Lobotomy","Minty Spire (QoL Compilation)","SuperFastMode"],"gold_per_floor":[113,113,123,10,24,24,42,42,42,58,77,103,81,81,81,179,179,190,223,46,65,65,65,95,95,95,95,110,110,120,139,139,139,139],"floor_reached":33,"language":"KOR","playtime":850,"items_purged":["Strike_G","Strike_G"],"score":267,"play_id":"a621f79d-d3c7-4602-b1a1-9bcc81119237","local_time":"20210224155326","is_ascension_mode":false,"campfire_choices":[{"data":"Neutralize","floor":6,"key":"SMITH"},{"data":"Bullet Time","floor":8,"key":"SMITH"},{"data":"Terror","floor":15,"key":"SMITH"},{"data":"PiercingWail","floor":23,"key":"SMITH"},{"data":"Dagger Spray","floor":27,"key":"SMITH"},{"floor":29,"key":"REST"},{"data":"Poisoned Stab","floor":32,"key":"SMITH"}],"circlet_count":0,"master_deck":["Strike_G","Strike_G","Defend_G","Defend_G","Defend_G","Defend_G","Defend_G","Survivor","Neutralize+1","Deadly Poison","Poisoned Stab+1","Terror+1","PiercingWail+1","Bullet Time+1","Backflip","Dagger Spray+1","Flechettes","Reflex","Noxious Fumes"],"relics":["Ring of the Snake","Mercury Hourglass","Torii","HoveringKite","Red Mask","MealTicket","Dead Branch"],"acts_visited":["Exordium","TheCity"],"potions_floor_usage":[7,11,19,24,24,28],"damage_taken":[{"damage":2,"enemies":"Small Slimes","floor":1,"turns":4},{"damage":1,"enemies":"Cultist","floor":3,"turns":3},{"damage":0,"enemies":"2 Louse","floor":5,"turns":2},{"damage":2,"enemies":"Large Slime","floor":7,"turns":5},{"damage":2,"enemies":"2 Fungi Beasts","floor":10,"turns":3},{"damage":0,"enemies":"Exordium Thugs","floor":11,"turns":5},{"damage":22,"enemies":"Gremlin Nob","floor":12,"turns":4},{"damage":15,"enemies":"Hexaghost","floor":16,"turns":9},{"damage":1,"enemies":"Chosen","floor":18,"turns":4},{"damage":10,"enemies":"Masked Bandits","floor":19,"turns":4},{"damage":2,"enemies":"Shell Parasite","floor":21,"turns":4},{"damage":22,"enemies":"Gremlin Leader","floor":24,"turns":10},{"damage":11,"enemies":"Cultist and Chosen","floor":28,"turns":5},{"damage":9,"enemies":"Centurion and Healer","floor":30,"turns":7},{"damage":1,"enemies":"Snecko","floor":31,"turns":4},{"damage":47,"enemies":"Automaton","floor":33,"turns":8}],"seed_played":"-9013179016243420441","potions_obtained":[{"floor":3,"key":"BlessingOfTheForge"},{"floor":5,"key":"CunningPotion"},{"floor":11,"key":"SpeedPotion"},{"floor":16,"key":"PowerPotion"},{"floor":18,"key":"SpeedPotion"},{"floor":24,"key":"EssenceOfSteel"}],"is_trial":false,"path_per_floor":["M","?","M","$","M","R","M","R","T","M","M","E","$","?","R","B",null,"M","?","$","M","?","R","E","?","T","R","M","R","M","M","R","B"],"character_chosen":"THE_SILENT","items_purchased":["Terror","Dagger Spray","Noxious Fumes"],"campfire_rested":1,"item_purchase_floors":[4,13,20],"current_hp_per_floor":[75,75,74,74,74,74,72,72,72,70,70,48,48,48,48,33,77,76,66,66,64,64,64,42,42,42,42,31,54,45,44,44,0,0],"gold":139,"neow_bonus":"TEN_PERCENT_HP_BONUS","is_daily":false,"chose_seed":false,"campfire_upgraded":6,"win_rate":0.0,"timestamp":1614149606,"path_taken":["M","?","?","$","M","R","M","R","T","M","M","E","$","?","R","BOSS","M","?","$","M","?","R","E","?","T","R","?","R","M","M","R","BOSS"],"items_purchased_type":["Card","Card","Card"],"build_version":"2020-12-22","purchased_purges":2,"victory":false,"max_hp_per_floor":[77,77,77,77,77,77,77,77,77,77,77,77,77,77,77,77,77,77,77,77,77,77,77,77,77,77,77,77,77,77,77,77,77,77],"card_choices":[{"not_picked":["Predator","Masterful Stab"],"picked":"Deadly Poison","floor":1},{"not_picked":["Blade Dance","Backflip"],"picked":"Poisoned Stab","floor":3},{"not_picked":["Prepared","Outmaneuver"],"picked":"PiercingWail","floor":5},{"not_picked":["Terror","Underhanded Strike"],"picked":"Bullet Time","floor":7},{"not_picked":["Riddle With Holes","Terror","Skewer"],"picked":"SKIP","floor":10},{"not_picked":["PiercingWail","Flying Knee","Outmaneuver"],"picked":"SKIP","floor":11},{"not_picked":["Expertise","PiercingWail"],"picked":"Backflip","floor":12},{"not_picked":["Dagger Spray","Dagger Throw"],"picked":"Reflex","floor":18},{"not_picked":["PiercingWail","Sucker Punch+1","Reflex"],"picked":"SKIP","floor":21},{"not_picked":["Accuracy+1","Outmaneuver+1","Flying Knee"],"picked":"SKIP","floor":24},{"not_picked":["Predator","Terror","Endless Agony"],"picked":"SKIP","floor":28},{"not_picked":["Deflect","Infinite Blades","Slice"],"picked":"SKIP","floor":30},{"not_picked":["Prepared","Die Die Die","Dodge and Roll"],"picked":"SKIP","floor":31}],"player_experience":78476,"relics_obtained":[{"floor":9,"key":"Mercury Hourglass"},{"floor":12,"key":"Torii"},{"floor":19,"key":"Red Mask"},{"floor":24,"key":"Dead Branch"}],"event_choices":[{"damage_healed":0,"gold_gain":0,"player_choice":"Ignored","damage_taken":0,"max_hp_gain":0,"max_hp_loss":0,"event_name":"NoteForYourself","floor":2,"gold_loss":0},{"damage_healed":0,"gold_gain":0,"cards_transformed":["Strike_G"],"player_choice":"Change","damage_taken":0,"max_hp_gain":0,"max_hp_loss":0,"event_name":"Living Wall","floor":14,"gold_loss":0,"cards_obtained":["Flechettes"]},{"damage_healed":0,"gold_gain":0,"player_choice":"Fought Bandits","damage_taken":0,"max_hp_gain":0,"max_hp_loss":0,"event_name":"Masked Bandits","floor":19,"gold_loss":0},{"damage_healed":0,"gold_gain":0,"player_choice":"Stole Relic","damage_taken":0,"relics_obtained":["MealTicket"],"max_hp_gain":0,"max_hp_loss":0,"event_name":"Addict","floor":22,"gold_loss":0,"cards_obtained":["Shame"]},{"cards_removed":["Shame"],"damage_healed":0,"gold_gain":0,"player_choice":"Purged","damage_taken":0,"max_hp_gain":0,"max_hp_loss":0,"event_name":"Purifier","floor":25,"gold_loss":0}],"is_beta":false,"boss_relics":[{"not_picked":["Fusion Hammer","Sozu"],"picked":"HoveringKite"}],"items_purged_floors":[4,20],"is_endless":false,"potions_floor_spawned":[3,5,11,16,18,24],"killed_by":"Automaton","ascension_level":0}}