{"host":"strpjp9enjjpooof","time":1614150063,"event":{"mods":["Aspiration","BaseMod","Better Altar","Better Match","Better Note","Better Sensory Stone","Better Skull","Better Third Choice","Colored Powertips","Conspire","Duelist Mod","Energized Spire","Force Act Four","GifTheSpireLib","Halation","Hubris","Lobotomy","Minty Spire (QoL Compilation)","Relic Filter Mod","Reliquary","Replay The Spire","Spicy Shops","Spikes Relics","StSLib","Stuff the Spire","The Blue Laboratory","Together in Spire"],"gold_per_floor":[143,160,7,7,7,7,32,46,46,81,95,123,110,123,123,123,123],"floor_reached":16,"language":"ENG","playtime":763,"items_purged":[],"score":147,"play_id":"e1bb1e86-d6dc-46e8-9c41-c0a382257468","local_time":"20210223220103","is_ascension_mode":false,"campfire_choices":[{"data":"theDuelist:ScrapFactory","floor":6,"key":"SMITH"},{"floor":15,"key":"REST"}],"circlet_count":0,"master_deck":["theDuelist:RainbowOverdragon","theDuelist:BeaverWarrior","theDuelist:CastleWalls","theDuelist:Sparks","theDuelist:FinalFlame","theDuelist:MagnumShield","theDuelist:Sparks","theDuelist:GiantSoldier","theDuelist:KamionTimelord","theDuelist:GiantSoldier","theDuelist:CastleWalls","theDuelist:CoreBlaster","theDuelist:LegendHeart","theDuelist:ClearKuriboh","theDuelist:BeaverWarrior","theDuelist:ScrapFactory+1","theDuelist:MythicalBeast","theDuelist:LightningVortex","theDuelist:MeteorDestruction"],"relics":["theDuelist:MillenniumPuzzle","theDuelist:CardPoolRelic","theDuelist:CardPoolBasicRelic","theDuelist:BoosterPackPoolRelic","theDuelist:CardPoolAddRelic","theDuelist:CardPoolMinusRelic","theDuelist:CardPoolSaveRelic","theDuelist:CardPoolOptionsRelic","NeowsBlessing","Replay:Wax Seal","StuffTheSpire:GrapeVine","Replay:Kaleidoscope","theDuelist:MillenniumRing","Blue Doll"],"acts_visited":["Exordium"],"potions_floor_usage":[10,10,10,12,16],"damage_taken":[{"damage":0,"enemies":"2 Louse","floor":1,"turns":1},{"damage":0,"enemies":"Small Slimes","floor":2,"turns":2},{"damage":0,"enemies":"Gremlin Nob","floor":7,"turns":1},{"damage":0,"enemies":"Cultist","floor":8,"turns":4},{"damage":7,"enemies":"Replay:BlueRogue","floor":10,"turns":5},{"damage":9,"enemies":"Blue Slaver","floor":11,"turns":3},{"damage":25,"enemies":"Lagavulin","floor":12,"turns":8},{"damage":18,"enemies":"Exordium Thugs","floor":13,"turns":4},{"damage":0,"enemies":"Large Slime","floor":14,"turns":3},{"damage":47,"enemies":"The Guardian","floor":16,"turns":9}],"seed_played":"-1834681525584462260","potions_obtained":[{"floor":7,"key":"theDuelist:StunPotion"},{"floor":8,"key":"theDuelist:VampireVial"},{"floor":11,"key":"Block Potion"},{"floor":14,"key":"SteroidPotion"}],"is_trial":false,"path_per_floor":["M","M","$","?","?","R","E","M","T","E","M","E","M","M","R","B"],"character_chosen":"THE_DUELIST","items_purchased":["Replay:Wax Seal","Adrenaline Potion"],"campfire_rested":1,"item_purchase_floors":[3,3],"current_hp_per_floor":[80,80,80,80,80,80,80,80,80,73,64,39,21,21,45,0,0],"gold":123,"neow_bonus":"THREE_ENEMY_KILL","is_daily":false,"chose_seed":false,"campfire_upgraded":1,"win_rate":0.0,"timestamp":1614150063,"path_taken":["M","M","$","?","?","R","E","M","T","E","M","E","?","M","R","BOSS"],"items_purchased_type":["Relic","Potion"],"build_version":"2020-12-22","purchased_purges":0,"victory":false,"max_hp_per_floor":[80,80,80,80,80,80,80,80,80,80,80,80,80,80,80,80,80],"card_choices":[{"not_picked":["theDuelist:PsychicShockwave","theDuelist:BreakDraw"],"picked":"theDuelist:MythicalBeast","floor":1},{"not_picked":["theDuelist:CombinationAttack","theDuelist:FairyBox","theDuelist:Eva","theDuelist:EgoBoost"],"picked":"theDuelist:MagnumShield","floor":2},{"not_picked":["theDuelist:BattleOx","theDuelist:EarthquakeGiant","theDuelist:EvilswarmHeliotrope","theDuelist:Mathematician"],"picked":"theDuelist:ClearKuriboh","floor":7},{"not_picked":["theDuelist:SpellShatteringArrow","theDuelist:CombinationAttack","theDuelist:BigFire","theDuelist:InfernoFireBlast"],"picked":"theDuelist:CoreBlaster","floor":8},{"not_picked":["theDuelist:SparkBlaster","theDuelist:HappyLover","theDuelist:Sangan","theDuelist:MiraculousDescent"],"picked":"theDuelist:LegendHeart","floor":10},{"not_picked":["theDuelist:RainbowNeos","theDuelist:HappyLover","theDuelist:Eva","theDuelist:RainbowKuriboh"],"picked":"theDuelist:KamionTimelord","floor":11},{"not_picked":["theDuelist:HappyLover","theDuelist:GreyGreedOni","theDuelist:PurplePainOni","theDuelist:RainbowKuriboh"],"picked":"theDuelist:RainbowOverdragon","floor":12},{"not_picked":["theDuelist:DarkFactory","theDuelist:CastleDarkIllusions","theDuelist:GiantTrapHole","theDuelist:PurplePainOni"],"picked":"theDuelist:LightningVortex","floor":13},{"not_picked":["theDuelist:Hinotama","theDuelist:CombinationAttack","theDuelist:RainbowNeos","theDuelist:BigFire"],"picked":"theDuelist:MeteorDestruction","floor":14}],"player_experience":182746,"relics_obtained":[{"floor":7,"key":"StuffTheSpire:GrapeVine"},{"floor":9,"key":"Replay:Kaleidoscope"},{"floor":10,"key":"theDuelist:MillenniumRing"},{"floor":12,"key":"Blue Doll"}],"event_choices":[{"damage_healed":0,"gold_gain":0,"player_choice":"Scored: 2043","duelist":true,"damage_taken":0,"max_hp_gain":0,"max_hp_loss":0,"event_name":"Visit from Anubis","floor":5,"gold_loss":0}],"is_beta":false,"boss_relics":[],"items_purged_floors":[],"is_endless":false,"potions_floor_spawned":[7,8,11,14],"killed_by":"The Guardian","ascension_level":0}}