{"host":"uv5ws9rdk87e8i5k","time":1614193775,"event":{"mods":["AchievementEnabler","BaseMod","Colored Map","Minty Spire (QoL Compilation)","Permanent Neow","Quick Restart","StSLib","SuperFastMode","The Necromancer","The Saiyan"],"gold_per_floor":[20,20,34,34,52,86,86,129,129,142,155,184,227,227,227,350,350,365,365,365],"floor_reached":19,"language":"ENG","playtime":462,"items_purged":[],"score":297,"play_id":"4178d96a-5c63-45ec-bf69-32e72a6c5bf3","local_time":"20210224130935","is_ascension_mode":true,"campfire_choices":[{"data":"Streamline","floor":7,"key":"SMITH"},{"data":"Dualcast","floor":15,"key":"SMITH"}],"circlet_count":0,"master_deck":["Strike_B","Strike_B","Strike_B","Strike_B","Defend_B","Defend_B","Defend_B","Defend_B","Zap","Dualcast+1","Streamline+1","Glacier","Rainbow+1","Barrage","Ball Lightning","FTL","FTL","Creative AI","Tempest"],"relics":["Cracked Core","FossilizedHelix","Golden Idol","Juzu Bracelet","Matryoshka","Bottled Lightning","Potion Belt","Odd Mushroom","Eternal Feather","Inserter"],"acts_visited":["Exordium","TheCity"],"potions_floor_usage":[13,16],"damage_taken":[{"damage":0,"enemies":"Small Slimes","floor":1,"turns":2},{"damage":0,"enemies":"2 Louse","floor":3,"turns":2},{"damage":0,"enemies":"Cultist","floor":5,"turns":3},{"damage":23,"enemies":"3 Sentries","floor":6,"turns":10},{"damage":0,"enemies":"Lagavulin","floor":8,"turns":5},{"damage":0,"enemies":"2 Fungi Beasts","floor":10,"turns":4},{"damage":0,"enemies":"3 Louse","floor":11,"turns":3},{"damage":12,"enemies":"The Mushroom Lair","floor":12,"turns":4},{"damage":8,"enemies":"3 Sentries","floor":13,"turns":5},{"damage":32,"enemies":"The Guardian","floor":16,"turns":9},{"damage":9,"enemies":"Shell Parasite","floor":18,"turns":7}],"seed_played":"181950643101100793","potions_obtained":[{"floor":10,"key":"GamblersBrew"},{"floor":11,"key":"PowerPotion"},{"floor":12,"key":"FearPotion"},{"floor":13,"key":"PowerPotion"},{"floor":16,"key":"Block Potion"},{"floor":18,"key":"Fire Potion"}],"is_trial":false,"path_per_floor":["M","?","M","?","M","E","R","E","T","M","M","?","E","?","R","B",null,"M","$"],"character_chosen":"DEFECT","items_purchased":[],"campfire_rested":0,"item_purchase_floors":[],"current_hp_per_floor":[68,68,68,73,73,50,50,50,50,50,50,38,30,30,39,7,57,48,48,48],"gold":365,"neow_bonus":"ONE_RARE_RELIC","is_daily":false,"chose_seed":false,"campfire_upgraded":2,"win_rate":0.0,"timestamp":1614193775,"path_taken":["M","?","M","?","M","E","R","E","T","M","M","?","E","?","R","BOSS","M","$"],"items_purchased_type":[],"build_version":"2020-12-22","purchased_purges":0,"victory":false,"max_hp_per_floor":[75,69,69,74,74,74,74,74,74,74,74,74,74,74,74,74,74,74,74,74],"card_choices":[{"not_picked":["Redo","Gash"],"picked":"Streamline","floor":1},{"not_picked":["Steam","Go for the Eyes","Lockon"],"picked":"SKIP","floor":3},{"not_picked":["Loop","Tempest"],"picked":"Glacier","floor":5},{"not_picked":["Force Field","Redo"],"picked":"Rainbow","floor":6},{"not_picked":["Genetic Algorithm","Redo"],"picked":"Barrage","floor":8},{"not_picked":["Redo","Lockon"],"picked":"Ball Lightning","floor":10},{"not_picked":["Barrage","Multi-Cast"],"picked":"FTL","floor":11},{"not_picked":["Genetic Algorithm","Go for the Eyes"],"picked":"FTL","floor":13},{"not_picked":["Rainbow","Core Surge"],"picked":"Creative AI","floor":16},{"not_picked":["Steam","Chill+1"],"picked":"Tempest","floor":18}],"player_experience":233938,"relics_obtained":[{"floor":6,"key":"Juzu Bracelet"},{"floor":8,"key":"Matryoshka"},{"floor":9,"key":"Bottled Lightning"},{"floor":9,"key":"Potion Belt"},{"floor":12,"key":"Odd Mushroom"},{"floor":13,"key":"Eternal Feather"}],"event_choices":[{"damage_healed":0,"gold_gain":0,"player_choice":"Lose Max HP","damage_taken":0,"relics_obtained":["Golden Idol"],"max_hp_gain":0,"max_hp_loss":6,"event_name":"Golden Idol","floor":2,"gold_loss":0},{"damage_healed":0,"gold_gain":0,"player_choice":"Donut","damage_taken":0,"max_hp_gain":5,"max_hp_loss":0,"event_name":"Big Fish","floor":4,"gold_loss":0},{"damage_healed":0,"gold_gain":0,"player_choice":"Fought Mushrooms","damage_taken":0,"max_hp_gain":0,"max_hp_loss":0,"event_name":"Mushrooms","floor":12,"gold_loss":0},{"damage_healed":0,"gold_gain":0,"player_choice":"Upgraded","damage_taken":0,"max_hp_gain":0,"max_hp_loss":0,"event_name":"Upgrade Shrine","floor":14,"gold_loss":0,"cards_upgraded":["Rainbow"]}],"is_beta":false,"boss_relics":[{"not_picked":["Runic Pyramid","Ectoplasm"],"picked":"Inserter"}],"items_purged_floors":[],"is_endless":false,"potions_floor_spawned":[10,11,12,13,16,18],"ascension_level":8}}