{"host":"9gd2vfcpq4ax5tj2","time":1614163811,"event":{"mods":["BaseMod","Colored Map","Minty Spire (QoL Compilation)","StSLib"],"gold_per_floor":[117,91,91,91,106,106,120,120,120,120,152,327,356,368,368,467,467,482,509,509,509,183,183,10,25,25,25,38,38,50,149,149,246,246,258,258,258,8,8,43,58,58,84,103,162,173,173,191,191,191],"floor_reached":51,"language":"ENG","playtime":1931,"items_purged":["Doubt","Strike_R"],"score":854,"play_id":"20f0fa7e-79f1-4166-84c2-6f0ca9bd387c","local_time":"20210224212011","is_ascension_mode":false,"campfire_choices":[{"data":"Perfected Strike","floor":6,"key":"SMITH"},{"data":"Bash","floor":8,"key":"SMITH"},{"floor":10,"key":"DIG"},{"floor":15,"key":"DIG"},{"floor":23,"key":"DIG"},{"data":"Offering","floor":27,"key":"SMITH"},{"floor":32,"key":"DIG"},{"floor":42,"key":"DIG"},{"floor":47,"key":"DIG"},{"floor":49,"key":"DIG"}],"circlet_count":0,"master_deck":["Strike_R","Strike_R","Strike_R","Strike_R","Defend_R","Defend_R+1","Defend_R+1","Bash+1","Pommel Strike","Perfected Strike+1","Combust","Perfected Strike","Flex","Wild Strike","Cleave","Offering+1","Perfected Strike","True Grit","Wild Strike","Twin Strike","Iron Wave+1","Cleave+1","Double Tap+1","CurseOfTheBell","Shrug It Off+1","Twin Strike+1","Twin Strike+1","Madness","Madness"],"relics":["Burning Blood","Pen Nib","Nunchaku","Shovel","Gremlin Horn","Juzu Bracelet","Lantern","Akabeko","Coffee Dripper","Red Mask","HornCleat","Bag of Marbles","Frozen Eye","Molten Egg 2","Lizard Tail","Calling Bell","Blood Vial","Pantograph","Dead Branch","War Paint","Red Skull","Darkstone Periapt","Frozen Egg 2","CeramicFish","StoneCalendar","Calipers","Bottled Flame"],"acts_visited":["Exordium","TheCity","TheBeyond"],"potions_floor_usage":[16,33,50,50,50],"damage_taken":[{"damage":6,"enemies":"Cultist","floor":1,"turns":3},{"damage":0,"enemies":"Small Slimes","floor":5,"turns":2},{"damage":1,"enemies":"Jaw Worm","floor":7,"turns":3},{"damage":21,"enemies":"Lagavulin","floor":11,"turns":4},{"damage":26,"enemies":"3 Sentries","floor":13,"turns":5},{"damage":5,"enemies":"Looter","floor":14,"turns":2},{"damage":3,"enemies":"Slime Boss","floor":16,"turns":4},{"damage":19,"enemies":"Shell Parasite","floor":18,"turns":3},{"damage":5,"enemies":"Masked Bandits","floor":19,"turns":2},{"damage":1,"enemies":"Chosen","floor":25,"turns":2},{"damage":6,"enemies":"Snecko","floor":28,"turns":3},{"damage":1,"enemies":"Centurion and Healer","floor":30,"turns":2},{"damage":90,"enemies":"Champ","floor":33,"turns":9},{"damage":0,"enemies":"Orb Walker","floor":35,"turns":1},{"damage":6,"enemies":"Nemesis","floor":40,"turns":3},{"damage":3,"enemies":"3 Shapes","floor":41,"turns":3},{"damage":6,"enemies":"Maw","floor":44,"turns":3},{"damage":6,"enemies":"2 Orb Walkers","floor":45,"turns":2},{"damage":0,"enemies":"Jaw Worm Horde","floor":46,"turns":1},{"damage":66,"enemies":"Donu and Deca","floor":50,"turns":6}],"seed_played":"3966181399049443445","potions_obtained":[{"floor":5,"key":"DuplicationPotion"},{"floor":14,"key":"FearPotion"},{"floor":18,"key":"SneckoOil"},{"floor":30,"key":"Swift Potion"},{"floor":33,"key":"Weak Potion"},{"floor":40,"key":"Explosive Potion"},{"floor":45,"key":"DistilledChaos"}],"is_trial":false,"path_per_floor":["M","$","?","?","M","R","M","R","T","R","E","?","E","M","R","B",null,"M","?","?","?","$","R","$","M","T","R","M","?","M","?","R","B",null,"M","?","?","$","?","E","M","R","T","M","?","M","R","?","R","B",null],"character_chosen":"IRONCLAD","items_purchased":["Perfected Strike","HornCleat","Wild Strike","Frozen Eye","War Paint"],"campfire_rested":0,"item_purchase_floors":[2,22,24,24,38],"current_hp_per_floor":[80,80,62,62,68,68,73,73,73,73,58,58,38,39,39,42,80,67,68,53,53,53,53,53,58,58,58,58,58,63,63,63,34,85,85,85,85,85,85,85,85,85,85,85,85,85,85,74,74,25],"gold":191,"neow_bonus":"RANDOM_COMMON_RELIC","is_daily":false,"chose_seed":false,"campfire_upgraded":3,"win_rate":0.0,"timestamp":1614163811,"path_taken":["M","?","?","?","M","R","?","R","T","R","E","?","E","M","R","BOSS","M","?","?","?","?","R","$","M","T","R","M","?","M","?","R","BOSS","M","?","?","$","?","E","M","R","T","M","?","M","R","?","R","BOSS"],"items_purchased_type":["Card","Relic","Card","Relic","Relic"],"build_version":"2020-12-22","purchased_purges":2,"victory":true,"max_hp_per_floor":[80,80,80,80,80,80,80,80,80,80,80,80,80,80,80,80,80,80,80,85,85,85,85,85,85,85,85,85,85,85,85,85,85,85,85,85,85,85,85,85,85,85,85,85,85,85,85,85,85,85],"card_choices":[{"not_picked":["Twin Strike","Warcry"],"picked":"Pommel Strike","floor":1},{"not_picked":["Flame Barrier","Sentinel"],"picked":"Combust","floor":5},{"not_picked":["Infernal Blade","Twin Strike"],"picked":"Perfected Strike","floor":7},{"not_picked":["Disarm","Second Wind"],"picked":"Flex","floor":11},{"not_picked":["Sword Boomerang","Entrench"],"picked":"Wild Strike","floor":13},{"not_picked":["Body Slam","Clothesline"],"picked":"Cleave","floor":14},{"not_picked":["Corruption","Fiend Fire"],"picked":"Offering","floor":16},{"not_picked":["Cleave","Heavy Blade"],"picked":"Perfected Strike","floor":18},{"not_picked":["Sword Boomerang+1","Infernal Blade"],"picked":"True Grit","floor":19},{"not_picked":["Bloodletting","Armaments"],"picked":"Twin Strike","floor":25},{"not_picked":["Rupture","Clothesline+1"],"picked":"Iron Wave+1","floor":28},{"not_picked":["Flex+1","Body Slam+1"],"picked":"Cleave+1","floor":30},{"not_picked":["Offering","Juggernaut"],"picked":"Double Tap","floor":33},{"not_picked":["Flex+1","Rupture"],"picked":"Shrug It Off+1","floor":35},{"not_picked":["Shockwave+1","Bludgeon+1","Shrug It Off"],"picked":"SKIP","floor":40},{"not_picked":["Metallicize+1","Sword Boomerang+1"],"picked":"Twin Strike+1","floor":41},{"not_picked":["Sword Boomerang+1","True Grit","Anger+1"],"picked":"SKIP","floor":44},{"not_picked":["Warcry","Spot Weakness"],"picked":"Twin Strike+1","floor":45},{"not_picked":["Clash+1","Warcry","Dark Embrace+1"],"picked":"SKIP","floor":46}],"player_experience":119096,"relics_obtained":[{"floor":9,"key":"Shovel"},{"floor":10,"key":"Gremlin Horn"},{"floor":11,"key":"Juzu Bracelet"},{"floor":13,"key":"Lantern"},{"floor":15,"key":"Akabeko"},{"floor":19,"key":"Red Mask"},{"floor":23,"key":"Bag of Marbles"},{"floor":26,"key":"Molten Egg 2"},{"floor":32,"key":"Lizard Tail"},{"floor":34,"key":"Blood Vial"},{"floor":34,"key":"Pantograph"},{"floor":34,"key":"Dead Branch"},{"floor":40,"key":"Darkstone Periapt"},{"floor":42,"key":"Frozen Egg 2"},{"floor":43,"key":"CeramicFish"},{"floor":45,"key":"StoneCalendar"},{"floor":47,"key":"Calipers"},{"floor":49,"key":"Bottled Flame"}],"event_choices":[{"damage_healed":0,"gold_gain":0,"player_choice":"Success","damage_taken":18,"relics_obtained":["Nunchaku"],"max_hp_gain":0,"max_hp_loss":0,"event_name":"Scrap Ooze","floor":3,"gold_loss":0},{"damage_healed":0,"gold_gain":0,"player_choice":"Ignored","damage_taken":0,"max_hp_gain":0,"max_hp_loss":0,"event_name":"Golden Wing","floor":4,"gold_loss":0},{"damage_healed":0,"gold_gain":175,"player_choice":"AGREE","damage_taken":0,"max_hp_gain":0,"max_hp_loss":0,"event_name":"Liars Game","floor":12,"gold_loss":0,"cards_obtained":["Doubt"]},{"damage_healed":0,"gold_gain":0,"player_choice":"Fought Bandits","damage_taken":0,"max_hp_gain":0,"max_hp_loss":0,"event_name":"Masked Bandits","floor":19,"gold_loss":0},{"damage_healed":0,"gold_gain":0,"player_choice":"Shed Blood","damage_taken":20,"max_hp_gain":5,"max_hp_loss":0,"event_name":"Forgotten Altar","floor":20,"gold_loss":0},{"damage_healed":0,"gold_gain":0,"player_choice":"Ignored","damage_taken":0,"max_hp_gain":0,"max_hp_loss":0,"event_name":"Ghosts","floor":21,"gold_loss":0},{"damage_healed":0,"gold_gain":0,"player_choice":"Ignored","damage_taken":0,"max_hp_gain":0,"max_hp_loss":0,"event_name":"Cursed Tome","floor":29,"gold_loss":0},{"damage_healed":0,"gold_gain":99,"player_choice":"Stole From Cult","damage_taken":0,"max_hp_gain":0,"max_hp_loss":0,"event_name":"Nest","floor":31,"gold_loss":0},{"cards_removed":["Defend_R"],"damage_healed":0,"gold_gain":0,"player_choice":"Removed Skill","damage_taken":0,"max_hp_gain":0,"max_hp_loss":0,"event_name":"Falling","floor":36,"gold_loss":0},{"damage_healed":0,"gold_gain":0,"player_choice":"Upgraded","damage_taken":0,"max_hp_gain":0,"max_hp_loss":0,"event_name":"Upgrade Shrine","floor":37,"gold_loss":0,"cards_upgraded":["Double Tap"]},{"damage_healed":0,"gold_gain":0,"player_choice":"Gave Potion","damage_taken":0,"relics_obtained":["Red Skull"],"max_hp_gain":0,"max_hp_loss":0,"event_name":"WeMeetAgain","floor":39,"gold_loss":0},{"damage_healed":0,"gold_gain":0,"player_choice":"Fight","damage_taken":0,"max_hp_gain":0,"max_hp_loss":0,"event_name":"Mysterious Sphere","floor":45,"gold_loss":0},{"damage_healed":0,"gold_gain":0,"player_choice":"Embrace Madness","damage_taken":11,"max_hp_gain":0,"max_hp_loss":0,"event_name":"Winding Halls","floor":48,"gold_loss":0,"cards_obtained":["Madness","Madness"]}],"is_beta":false,"boss_relics":[{"not_picked":["Empty Cage","Busted Crown"],"picked":"Coffee Dripper"},{"not_picked":["SacredBark","Runic Pyramid"],"picked":"Calling Bell"}],"items_purged_floors":[22,38],"is_endless":false,"potions_floor_spawned":[5,14,18,30,33,40,45],"ascension_level":0}}