{"host":"cfv8orgc8997ql4r","time":1614143486,"event":{"mods":["AchievementEnabler","BaseMod","DeckTracker","Keyboard Shortcuts","Minty Spire (QoL Compilation)"],"gold_per_floor":[117,132,58,233,4,30,30,58,58,58,70,86,86,98,98,203,203,218,190,203,118,118,118],"floor_reached":22,"language":"KOR","playtime":599,"items_purged":["Doubt"],"score":298,"play_id":"adad6cef-571b-42a2-a9ef-a6a4328b930d","local_time":"20210224141126","is_ascension_mode":true,"campfire_choices":[{"floor":7,"key":"DIG"},{"floor":10,"key":"DIG"},{"floor":15,"key":"REST"}],"circlet_count":0,"master_deck":["Strike_G","Strike_G","Strike_G","Strike_G","Strike_G","Defend_G","Defend_G","Defend_G","Defend_G","Defend_G","Survivor","Neutralize","Acrobatics","Cloak And Dagger","Accuracy","Accuracy","Envenom+1","Blade Dance","Deflect","PiercingWail","Burst","Blade Dance+1","Cloak And Dagger"],"relics":["Ring of the Snake","NeowsBlessing","DollysMirror","Shovel","Strawberry","The Courier","Sundial","Bag of Marbles","Black Star","Bird Faced Urn"],"acts_visited":["Exordium","TheCity"],"potions_floor_usage":[8,16,18],"damage_taken":[{"damage":0,"enemies":"Cultist","floor":1,"turns":1},{"damage":0,"enemies":"Jaw Worm","floor":2,"turns":1},{"damage":0,"enemies":"3 Sentries","floor":6,"turns":1},{"damage":47,"enemies":"Lagavulin","floor":8,"turns":14},{"damage":2,"enemies":"Small Slimes","floor":11,"turns":5},{"damage":5,"enemies":"Blue Slaver","floor":12,"turns":5},{"damage":0,"enemies":"Exordium Wildlife","floor":14,"turns":3},{"damage":25,"enemies":"Slime Boss","floor":16,"turns":8},{"damage":25,"enemies":"Shell Parasite","floor":18,"turns":8},{"damage":37,"enemies":"2 Thieves","floor":19,"turns":5},{"damage":22,"enemies":"Centurion and Healer","floor":20,"turns":6},{"damage":0,"enemies":"Shelled Parasite and Fungi","floor":22,"turns":2}],"seed_played":"300742725037873202","potions_obtained":[{"floor":2,"key":"PowerPotion"},{"floor":11,"key":"Weak Potion"},{"floor":14,"key":"FairyPotion"},{"floor":16,"key":"SkillPotion"}],"is_trial":false,"path_per_floor":["M","M","$","?","$","E","R","E","T","R","M","M","?","M","R","B",null,"M","M","M","?","M"],"character_chosen":"THE_SILENT","items_purchased":["Accuracy","DollysMirror"],"campfire_rested":1,"item_purchase_floors":[3,5],"current_hp_per_floor":[63,63,63,63,63,63,70,23,23,23,21,16,16,16,39,14,61,36,23,1,1,1,1],"gold":118,"neow_bonus":"THREE_ENEMY_KILL","is_daily":false,"chose_seed":false,"campfire_upgraded":0,"win_rate":0.0,"timestamp":1614143486,"path_taken":["M","?","$","?","$","E","R","E","T","R","M","M","?","M","R","BOSS","M","M","M","?","M"],"items_purchased_type":["Card","Relic"],"build_version":"2020-12-22","purchased_purges":1,"victory":false,"max_hp_per_floor":[70,70,70,70,70,70,77,77,77,77,77,77,77,77,77,77,77,77,77,77,77,77,77],"card_choices":[{"not_picked":["Finisher","Distraction"],"picked":"Acrobatics","floor":1},{"not_picked":["Poisoned Stab","Bane"],"picked":"Cloak And Dagger","floor":2},{"not_picked":["Deadly Poison","Dodge and Roll","Underhanded Strike"],"picked":"SKIP","floor":6},{"not_picked":["Malaise","Sucker Punch"],"picked":"Envenom","floor":8},{"not_picked":["Dagger Throw","Deflect"],"picked":"Blade Dance","floor":11},{"not_picked":["Escape Plan","Masterful Stab"],"picked":"Deflect","floor":12},{"not_picked":["Flechettes","Calculated Gamble"],"picked":"PiercingWail","floor":14},{"not_picked":["Die Die Die","Venomology"],"picked":"Burst","floor":16},{"not_picked":["Bane","Sucker Punch"],"picked":"Blade Dance+1","floor":18},{"not_picked":["Eviscerate","Setup","Dash+1"],"picked":"SKIP","floor":19},{"not_picked":["Dagger Spray+1","Poisoned Stab+1"],"picked":"Cloak And Dagger","floor":20}],"player_experience":213389,"relics_obtained":[{"floor":6,"key":"Shovel"},{"floor":7,"key":"Strawberry"},{"floor":8,"key":"The Courier"},{"floor":9,"key":"Sundial"},{"floor":10,"key":"Bag of Marbles"}],"event_choices":[{"damage_healed":0,"gold_gain":175,"player_choice":"AGREE","damage_taken":0,"max_hp_gain":0,"max_hp_loss":0,"event_name":"Liars Game","floor":4,"gold_loss":0,"cards_obtained":["Doubt"]},{"damage_healed":0,"gold_gain":0,"player_choice":"Grow","damage_taken":0,"max_hp_gain":0,"max_hp_loss":0,"event_name":"Living Wall","floor":13,"gold_loss":0,"cards_upgraded":["Envenom"]},{"damage_healed":0,"gold_gain":0,"player_choice":"Obtained Relic","damage_taken":0,"relics_obtained":["Bird Faced Urn"],"max_hp_gain":0,"max_hp_loss":0,"event_name":"Addict","floor":21,"gold_loss":85}],"is_beta":false,"boss_relics":[{"not_picked":["Calling Bell","Ring of the Serpent"],"picked":"Black Star"}],"items_purged_floors":[5],"is_endless":false,"potions_floor_spawned":[2,11,14,16],"killed_by":"Shelled Parasite and Fungi","ascension_level":7}}