{"host":"r4aerl4ckfvw1dw3","time":1614155386,"event":{"mods":["BaseMod","BetterRewards","Minty Spire (QoL Compilation)","Quick Restart","StSLib"],"gold_per_floor":[213,213,57,75,0,32,32,66,89,89,102,117,117,17,17,118,118,132,132,132,151,166,166,185,215,215,215,215],"floor_reached":27,"language":"ENG","playtime":1061,"items_purged":["Strike_B","Strike_B"],"score":349,"play_id":"71aa1cff-5399-4780-9d86-b0a067296162","local_time":"20210224002946","is_ascension_mode":true,"campfire_choices":[{"data":"Sweeping Beam","floor":7.0,"key":"SMITH"},{"floor":10.0,"key":"REST"},{"floor":13.0,"key":"REST"},{"data":"White Noise","floor":15.0,"key":"SMITH"},{"floor":23.0,"key":"REST"}],"circlet_count":0,"master_deck":["Strike_B","Defend_B","Defend_B","Defend_B","Defend_B","Zap","Dualcast+1","Cold Snap","Ball Lightning","Sweeping Beam+1","Conserve Battery","Skim","Streamline","Heatsinks","Steam","White Noise+1","Biased Cognition","Cold Snap+1","Hologram","Glacier+1","Self Repair+1"],"relics":["Cracked Core","Orrery","Lantern","Du-Vu Doll","Art of War","Inserter","Toy Ornithopter","Boot"],"acts_visited":["Exordium","TheCity"],"potions_floor_usage":[25,25,27],"damage_taken":[{"damage":2.0,"enemies":"Jaw Worm","floor":1.0,"turns":4.0},{"damage":9.0,"enemies":"2 Louse","floor":4.0,"turns":3.0},{"damage":18.0,"enemies":"Gremlin Nob","floor":6.0,"turns":4.0},{"damage":14.0,"enemies":"3 Sentries","floor":8.0,"turns":5.0},{"damage":0.0,"enemies":"Small Slimes","floor":11.0,"turns":2.0},{"damage":25.0,"enemies":"Exordium Thugs","floor":12.0,"turns":4.0},{"damage":25.0,"enemies":"The Guardian","floor":16.0,"turns":12.0},{"damage":1.0,"enemies":"Chosen","floor":18.0,"turns":4.0},{"damage":0.0,"enemies":"Shell Parasite","floor":21.0,"turns":5.0},{"damage":21.0,"enemies":"Snake Plant","floor":22.0,"turns":4.0},{"damage":0.0,"enemies":"Centurion and Healer","floor":24.0,"turns":5.0},{"damage":33,"enemies":"Book of Stabbing","floor":25,"turns":6},{"damage":26,"enemies":"Gremlin Leader","floor":27,"turns":3}],"seed_played":"-8379244941848515346","potions_obtained":[{"floor":8.0,"key":"SkillPotion"},{"floor":11.0,"key":"PowerPotion"},{"floor":12.0,"key":"GamblersBrew"},{"floor":24.0,"key":"Fire Potion"}],"is_trial":false,"path_per_floor":["M","?","$","M","$","E","R","E","T","R","M","M","R","$","R","B",null,"M","?","?","M","M","R","M","E","T","E"],"character_chosen":"DEFECT","items_purchased":["Orrery"],"campfire_rested":3,"item_purchase_floors":[3],"current_hp_per_floor":[66,66,66,57,57,39,39,25,25,47,47,22,44,44,44,19,61,60,46,46,46,25,49,49,16,16,0,0],"gold":215,"neow_bonus":"HUNDRED_GOLD","is_daily":false,"chose_seed":false,"campfire_upgraded":2,"win_rate":0.0,"timestamp":1614155386,"path_taken":["M","?","$","M","$","E","R","E","T","R","M","M","R","$","R","BOSS","M","?","?","?","M","R","M","E","T","E"],"items_purchased_type":["Relic"],"build_version":"2020-12-22","purchased_purges":2,"victory":false,"max_hp_per_floor":[75,75,75,75,75,75,75,75,75,75,75,75,75,75,75,75,75,75,80,80,80,80,80,80,80,80,80,80],"card_choices":[{"not_picked":["Scrape","Conserve Battery"],"picked":"Cold Snap","floor":1.0},{"not_picked":["Steam","Amplify"],"picked":"Ball Lightning","floor":3.0},{"not_picked":["Reboot","Rebound"],"picked":"Sweeping Beam","floor":3.0},{"not_picked":["Barrage","Streamline"],"picked":"Conserve Battery","floor":3.0},{"not_picked":["Steam","Gash"],"picked":"Skim","floor":3.0},{"not_picked":["Sweeping Beam","Steam"],"picked":"Streamline","floor":4.0},{"not_picked":["Melter","Storm"],"picked":"Heatsinks","floor":6.0},{"not_picked":["Compile Driver","Force Field","Aggregate"],"picked":"SKIP","floor":8.0},{"not_picked":["Barrage","Streamline"],"picked":"Steam","floor":11.0},{"not_picked":["Barrage","Compile Driver"],"picked":"White Noise","floor":12.0},{"not_picked":["Hyperbeam","Multi-Cast"],"picked":"Biased Cognition","floor":16.0},{"not_picked":["Hologram","Chaos"],"picked":"Cold Snap+1","floor":18.0},{"not_picked":["Steam Power+1","Heatsinks","Rebound"],"picked":"SKIP","floor":21.0},{"not_picked":["Steam+1","Auto Shields"],"picked":"Hologram","floor":22.0},{"not_picked":["Compile Driver","Sunder"],"picked":"Glacier+1","floor":24.0},{"not_picked":["Scrape","Compile Driver"],"picked":"Self Repair+1","floor":25}],"player_experience":698479,"relics_obtained":[{"floor":6.0,"key":"Lantern"},{"floor":8.0,"key":"Du-Vu Doll"},{"floor":9.0,"key":"Art of War"},{"floor":25,"key":"Toy Ornithopter"},{"floor":26,"key":"Boot"}],"event_choices":[{"damage_healed":0.0,"max_hp_gain":0.0,"max_hp_loss":0.0,"gold_gain":0.0,"event_name":"Living Wall","player_choice":"Grow","floor":2.0,"gold_loss":0.0,"damage_taken":0.0,"cards_upgraded":["Dualcast"]},{"damage_healed":0.0,"max_hp_gain":5.0,"max_hp_loss":0.0,"gold_gain":0.0,"event_name":"Forgotten Altar","player_choice":"Shed Blood","floor":19.0,"gold_loss":0.0,"damage_taken":19.0},{"cards_removed":["Strike_B"],"damage_healed":0.0,"max_hp_gain":0.0,"max_hp_loss":0.0,"gold_gain":0.0,"event_name":"Purifier","player_choice":"Purged","floor":20.0,"gold_loss":0.0,"damage_taken":0.0}],"is_beta":false,"boss_relics":[{"not_picked":["Busted Crown","Cursed Key"],"picked":"Inserter"}],"items_purged_floors":[5,14],"is_endless":false,"potions_floor_spawned":[8,11,12,24],"killed_by":"Gremlin Leader","ascension_level":9}}