{"host":"dh4nu8nelr2izibb","time":1614193711,"event":{"mods":["BaseMod","Better Skull","Better Third Choice","Card Filter","Card Forge","Curses Come First","Displayed Cursed Tome","Extra Virgin Snecko Oil","HololiveMod","Marisa????????","Minty Spire (QoL Compilation)","Poor People Problems","Quick Restart","Relic Filter","Reliquary","StSLib","The Servant 0.9.4","WarShipGirlsR/????R mod","Yakumo Yukari mod"],"gold_per_floor":[118,118,137,153,228,228,238,250,250,277,332,332,362,382,382,453,453,463,463,479,479,52,52,85,98,124,124,135,161,161,161],"floor_reached":30,"language":"ENG","playtime":1220,"items_purged":["Strike_G"],"score":532,"play_id":"b22f90da-d3b9-488c-ae4b-052afff9e997","local_time":"20210224140831","is_ascension_mode":true,"campfire_choices":[{"data":"Predator","floor":6.0,"key":"SMITH"},{"floor":12.0,"key":"REST"},{"floor":15.0,"key":"REST"},{"data":"Envenom","floor":23.0,"key":"SMITH"}],"circlet_count":0,"master_deck":["AscendersBane","Strike_G","Defend_G","Defend_G","Defend_G","Defend_G","Survivor","Neutralize+1","Sucker Punch+1","Dagger Throw","Predator+1","Well Laid Plans","All Out Attack","Dagger Throw","Leg Sweep","Noxious Fumes+1","Backstab","Envenom+1","Cloak And Dagger","Catalyst","Footwork+1","Blur","Poisoned Stab","Eviscerate+1","Footwork","Ghostly","Ghostly","Ghostly","Ghostly","Ghostly"],"relics":["Ring of the Snake","Hammer of Thor","Seething Fire","Anvil of the Gods","Happy Flower","reliquary:QuartzCube","Mercury Hourglass","reliquary:Boomerang","reliquary:NewFriend","Empty Cage","MutagenicStrength","reliquary:Spinner","reliquary:Aerogel","Nunchaku","reliquary:SilkGlove"],"acts_visited":["Exordium","TheCity"],"potions_floor_usage":[30],"damage_taken":[{"damage":1.0,"enemies":"Jaw Worm","floor":1.0,"turns":4.0},{"damage":4.0,"enemies":"Small Slimes","floor":3.0,"turns":3.0},{"damage":0.0,"enemies":"2 Louse","floor":4.0,"turns":2.0},{"damage":10.0,"enemies":"Exordium Thugs","floor":7.0,"turns":3.0},{"damage":4.0,"enemies":"Blue Slaver","floor":8.0,"turns":4.0},{"damage":17.0,"enemies":"Lagavulin","floor":10.0,"turns":5.0},{"damage":12.0,"enemies":"3 Sentries","floor":11.0,"turns":6.0},{"damage":9.0,"enemies":"3 Sentries","floor":13.0,"turns":4.0},{"damage":0.0,"enemies":"2 Fungi Beasts","floor":14.0,"turns":3.0},{"damage":25.0,"enemies":"Hexaghost","floor":16.0,"turns":9.0},{"damage":16.0,"enemies":"Spheric Guardian","floor":18.0,"turns":4.0},{"damage":2.0,"enemies":"3 Byrds","floor":20.0,"turns":5.0},{"damage":20.0,"enemies":"Slavers","floor":24.0,"turns":7.0},{"damage":6.0,"enemies":"Cultist and Chosen","floor":25.0,"turns":5.0},{"damage":11.0,"enemies":"Snecko","floor":28.0,"turns":5.0},{"damage":0,"enemies":"Book of Stabbing","floor":30,"turns":5}],"seed_played":"-3169117493095241710","potions_obtained":[{"floor":3.0,"key":"Weak Potion"},{"floor":4.0,"key":"PanachePotion"},{"floor":7.0,"key":"DistilledChaos"},{"floor":10.0,"key":"LiquidMemories"},{"floor":13.0,"key":"SteroidPotion"},{"floor":20.0,"key":"PowerPotion"}],"is_trial":false,"path_per_floor":["M","?","M","M","?","R","M","M","T","E","?","R","E","M","R","B",null,"M","?","M","?","$","R","E","M","T","?","M","T","E"],"character_chosen":"THE_SILENT","items_purchased":["Footwork","reliquary:Spinner","Blur","Poisoned Stab"],"campfire_rested":2,"item_purchase_floors":[22,22,22,22],"current_hp_per_floor":[58,63,59,59,48,48,38,34,34,17,5,26,17,17,38,13,57,41,41,39,53,53,53,33,27,27,27,16,16,16,16],"gold":161,"neow_bonus":"RANDOM_COMMON_RELIC","is_daily":false,"chose_seed":false,"campfire_upgraded":2,"win_rate":0.0,"timestamp":1614193711,"path_taken":["M","?","M","M","?","R","?","M","T","E","?","R","E","M","R","BOSS","M","?","M","?","$","R","E","M","T","?","M","?","E"],"items_purchased_type":["Card","Relic","Card","Card"],"build_version":"2020-12-22","purchased_purges":1,"victory":false,"max_hp_per_floor":[66,71,71,71,71,71,71,71,71,71,71,71,71,71,71,71,71,71,71,71,71,71,71,71,71,71,35,35,35,35,35],"card_choices":[{"not_picked":["Underhanded Strike","PiercingWail"],"picked":"Sucker Punch","floor":1.0},{"not_picked":["Well Laid Plans","Expertise"],"picked":"Dagger Throw","floor":3.0},{"not_picked":["Catalyst","Dodge and Roll"],"picked":"Predator","floor":4.0},{"not_picked":["Poisoned Stab","Masterful Stab"],"picked":"Well Laid Plans","floor":7.0},{"not_picked":["Blur","Prepared"],"picked":"All Out Attack","floor":8.0},{"not_picked":["Deadly Poison","Crippling Poison"],"picked":"Dagger Throw","floor":10.0},{"not_picked":["Well Laid Plans","Deadly Poison"],"picked":"Leg Sweep","floor":11.0},{"not_picked":["Accuracy","Acrobatics"],"picked":"Noxious Fumes","floor":13.0},{"not_picked":["Setup","Well Laid Plans"],"picked":"Backstab","floor":14.0},{"not_picked":["Malaise","Wraith Form v2"],"picked":"Envenom","floor":16.0},{"not_picked":["Prepared","Backflip"],"picked":"Cloak And Dagger","floor":18.0},{"not_picked":["Outmaneuver","Finisher+1"],"picked":"Catalyst","floor":20.0},{"not_picked":["Masterful Stab","Backstab"],"picked":"Eviscerate+1","floor":24.0},{"not_picked":["Concentrate","Deadly Poison"],"picked":"Footwork","floor":25.0},{"not_picked":["All Out Attack","Caltrops","Dagger Spray"],"picked":"SKIP","floor":28.0}],"player_experience":1207416,"relics_obtained":[{"floor":9.0,"key":"reliquary:QuartzCube"},{"floor":10.0,"key":"Mercury Hourglass"},{"floor":11.0,"key":"reliquary:Boomerang"},{"floor":13.0,"key":"reliquary:NewFriend"},{"floor":24.0,"key":"reliquary:Aerogel"},{"floor":26.0,"key":"Nunchaku"},{"floor":29.0,"key":"reliquary:SilkGlove"}],"event_choices":[{"damage_healed":0.0,"max_hp_gain":5.0,"max_hp_loss":0.0,"gold_gain":0.0,"event_name":"Big Fish","player_choice":"Donut","floor":2.0,"gold_loss":0.0,"damage_taken":0.0},{"damage_healed":0.0,"max_hp_gain":0.0,"max_hp_loss":0.0,"gold_gain":75.0,"event_name":"betterThird:BetterGoop","player_choice":"Gold","floor":5.0,"gold_loss":0.0,"damage_taken":11.0},{"damage_healed":0.0,"max_hp_gain":0.0,"max_hp_loss":0.0,"gold_gain":0.0,"event_name":"Dead Adventurer","player_choice":"Searched \u00271\u0027 times","floor":11.0,"gold_loss":0.0,"damage_taken":0.0},{"damage_healed":0.0,"max_hp_gain":0.0,"max_hp_loss":0.0,"gold_gain":0.0,"event_name":"Drug Dealer","player_choice":"Inject Mutagens","floor":19.0,"gold_loss":0.0,"damage_taken":0.0,"relics_obtained":["MutagenicStrength"]},{"damage_healed":14.0,"max_hp_gain":0.0,"max_hp_loss":0.0,"gold_gain":0.0,"event_name":"The Library","player_choice":"Heal","floor":21.0,"gold_loss":0.0,"damage_taken":0.0},{"damage_healed":0.0,"max_hp_gain":0.0,"max_hp_loss":36.0,"gold_gain":0.0,"event_name":"Ghosts","player_choice":"Became a Ghost","floor":27.0,"gold_loss":0.0,"damage_taken":0.0,"cards_obtained":["Ghostly","Ghostly","Ghostly"]}],"is_beta":false,"boss_relics":[{"not_picked":["Runic Dome","SacredBark"],"picked":"Empty Cage"}],"items_purged_floors":[22],"is_endless":false,"potions_floor_spawned":[3,4,7,10,13,14,20],"killed_by":"Book of Stabbing","ascension_level":19}}