{"host":"6lme9gmrtv3g6npf","time":1614210155,"event":{"mods":["BaseMod","Better Third Choice","Hubris","Infinite Spire","Minty Spire (QoL Compilation)","Reliquary","Replay The Spire","StSLib","The Cursed","egg"],"gold_per_floor":[119,119,132,151,151,184,184,209,209,219,246,246,100,100,100,198,198,209,244,264,264,264,284,284,284,284],"floor_reached":25,"language":"ENG","playtime":1720,"items_purged":["Strike_R"],"score":296,"play_id":"f3a5b32e-6b1c-4d35-9bb6-14486b9ee983","local_time":"20210224204235","is_ascension_mode":true,"campfire_choices":[{"data":"Limit Break","floor":7,"key":"SMITH"},{"data":"Infernal Blade","floor":15,"key":"SMITH"}],"circlet_count":0,"master_deck":["Strike_R","Strike_R","Strike_R","Strike_R","Defend_R","Defend_R","Defend_R","Defend_R","Bash","Limit Break+1","Infernal Blade+1","Metallicize","Replay:Undeath\u0027s Touch","Disarm","Seeing Red","Inflame+1","Self Repair+1","Demon Form+1","Massacre","Run Through+1"],"relics":["Strawberry","Replay:Rubber Ducky","ReplayTheSpireMod:Lightbulb","Golden Egg","Iron Core","reliquary:RustamsPendant","Red Mask"],"acts_visited":["Exordium","TheCity"],"potions_floor_usage":[11,16,20],"damage_taken":[{"damage":3,"enemies":"Small Slimes","floor":1,"turns":3},{"damage":12,"enemies":"2 Louse","floor":3,"turns":3},{"damage":6,"enemies":"Jaw Worm","floor":4,"turns":4},{"damage":14,"enemies":"Replay:BlueRogue","floor":6,"turns":6},{"damage":22,"enemies":"3 Sentries","floor":8,"turns":10},{"damage":18,"enemies":"3 Louse","floor":10,"turns":4},{"damage":22,"enemies":"Gremlin Nob","floor":11,"turns":3},{"damage":0,"enemies":"The Guardian","floor":16,"turns":10},{"damage":0,"enemies":"Spheric Guardian","floor":18,"turns":3},{"damage":55,"enemies":"Masked Bandits","floor":19,"turns":4},{"damage":1,"enemies":"Chosen","floor":20,"turns":5},{"damage":47,"enemies":"3 Cultists","floor":23,"turns":5},{"damage":27,"enemies":"Gremlin Leader","floor":25,"turns":6}],"seed_played":"-8516277714381243339","potions_obtained":[{"floor":4,"key":"Death Potion"},{"floor":6,"key":"EssenceOfSteel"},{"floor":16,"key":"Languid Potion"},{"floor":20,"key":"Swift Potion"}],"is_trial":false,"path_per_floor":["M","?","M","M","?","E","R","E","T","M","E","?","$","?","R","B",null,"M","?","M","PTL","PTL","M","?","E"],"character_chosen":"IRONCLAD","items_purchased":["Inflame"],"campfire_rested":0,"item_purchase_floors":[13],"current_hp_per_floor":[80,85,79,79,72,71,71,55,55,43,27,27,27,27,27,37,92,92,47,56,56,56,19,19,0,0],"gold":284,"neow_bonus":"THREE_RARE_CARDS","is_daily":false,"chose_seed":false,"campfire_upgraded":2,"win_rate":0.0,"timestamp":1614210155,"path_taken":["M","?","M","M","?","E","R","E","T","M","E","?","$","?","R","BOSS","M","?","M","PTL","PTL","M","?","E"],"items_purchased_type":["Card"],"build_version":"2020-12-22","purchased_purges":1,"victory":false,"max_hp_per_floor":[80,85,85,85,85,92,92,92,92,92,92,92,92,92,92,92,92,92,92,92,92,92,92,92,92,92],"card_choices":[{"not_picked":["Fiend Fire","Exhume"],"picked":"Limit Break","floor":0},{"not_picked":["Perfected Strike","Anger"],"picked":"Infernal Blade","floor":1},{"not_picked":["Rage","Perfected Strike"],"picked":"Metallicize","floor":3},{"not_picked":["hubris:CleavingFinish","Second Wind"],"picked":"Replay:Undeath\u0027s Touch","floor":4},{"not_picked":["Rage","Bludgeon"],"picked":"Disarm","floor":6},{"not_picked":["Eclipse","Feel No Pain","Run Through"],"picked":"SKIP","floor":8},{"not_picked":["Reckless Charge","hubris:ReadiedAction"],"picked":"Seeing Red","floor":10},{"not_picked":["hubris:CleavingFinish","Havoc","Perfected Strike"],"picked":"SKIP","floor":11},{"not_picked":["Bludgeon","Offering"],"picked":"Demon Form","floor":16},{"not_picked":["Run Through","Perfected Strike"],"picked":"Massacre","floor":18},{"not_picked":["Twin Strike","Pommel Strike","Dropkick+1"],"picked":"SKIP","floor":20},{"not_picked":["Flame Barrier","Body Slam+1"],"picked":"Run Through+1","floor":23}],"player_experience":170278,"relics_obtained":[{"floor":6,"key":"Strawberry"},{"floor":8,"key":"Replay:Rubber Ducky"},{"floor":9,"key":"ReplayTheSpireMod:Lightbulb"},{"floor":11,"key":"Golden Egg"},{"floor":19,"key":"Red Mask"}],"event_choices":[{"damage_healed":0,"gold_gain":0,"player_choice":"Donut","damage_taken":0,"max_hp_gain":5,"max_hp_loss":0,"event_name":"Big Fish","floor":2,"gold_loss":0},{"cards_removed":["ReplayTheSpireMod:Restless Dread"],"damage_healed":0,"gold_gain":0,"player_choice":"Card Removal","damage_taken":7,"max_hp_gain":0,"max_hp_loss":0,"event_name":"Golden Wing","floor":5,"gold_loss":0},{"damage_healed":27,"gold_gain":0,"player_choice":"Leave","damage_taken":0,"max_hp_gain":0,"max_hp_loss":92,"event_name":"betterThird:BetterShining","floor":12,"gold_loss":0},{"damage_healed":0,"gold_gain":0,"player_choice":"Fought Bandits","damage_taken":0,"max_hp_gain":0,"max_hp_loss":0,"event_name":"Masked Bandits","floor":19,"gold_loss":0},{"damage_healed":0,"gold_gain":0,"player_choice":"Ignored","damage_taken":0,"max_hp_gain":0,"max_hp_loss":0,"event_name":"Ghosts","floor":24,"gold_loss":0}],"is_beta":false,"boss_relics":[{"not_picked":["Runic Dome","hubris:RunicObelisk"],"picked":"reliquary:RustamsPendant"}],"items_purged_floors":[13],"is_endless":false,"potions_floor_spawned":[4,6,16,20],"killed_by":"Gremlin Leader","ascension_level":2}}