{"host":"o88u0awh8mkwl1l8","time":1614152696,"event":{"mods":["BaseMod","Colored Map","Highlight Path","Minty Spire (QoL Compilation)","Relic Sorter"],"gold_per_floor":[116,133,33,43,56,83,83,101,101,135,145,145,164,191,191,269,269,286,300,317,267,82,82,82],"floor_reached":23,"language":"JPN","playtime":1360,"items_purged":["Strike_P","Strike_P"],"score":480,"play_id":"3b71adb0-199d-4496-8cb0-39810e112d72","local_time":"20210224164456","is_ascension_mode":true,"campfire_choices":[{"data":"ConjureBlade","floor":7.0,"key":"SMITH"},{"data":"LessonLearned","floor":12.0,"key":"SMITH"},{"data":"SandsOfTime","floor":15.0,"key":"SMITH"}],"circlet_count":0,"master_deck":["AscendersBane","Strike_P","Strike_P","Defend_P","Defend_P","Defend_P+1","Defend_P","Eruption+1","Vigilance","Consecrate","ClearTheMind","CrushJoints+1","ConjureBlade+1","CutThroughFate","ForeignInfluence+1","LessonLearned+1","SandsOfTime+1","Halt+1","Collect+1","SpiritShield+1","InnerPeace+1"],"relics":["PureWater","Toxic Egg 2","Pantograph","Matryoshka","Bottled Flame","Busted Crown"],"acts_visited":["Exordium","TheCity"],"potions_floor_usage":[23],"damage_taken":[{"damage":1.0,"enemies":"Cultist","floor":1.0,"turns":4.0},{"damage":2.0,"enemies":"Jaw Worm","floor":2.0,"turns":4.0},{"damage":4.0,"enemies":"Small Slimes","floor":4.0,"turns":3.0},{"damage":4.0,"enemies":"Looter","floor":5.0,"turns":3.0},{"damage":0.0,"enemies":"Lagavulin","floor":6.0,"turns":4.0},{"damage":9.0,"enemies":"Red Slaver","floor":8.0,"turns":2.0},{"damage":10.0,"enemies":"3 Sentries","floor":10.0,"turns":4.0},{"damage":2.0,"enemies":"Exordium Wildlife","floor":11.0,"turns":3.0},{"damage":2.0,"enemies":"2 Fungi Beasts","floor":13.0,"turns":3.0},{"damage":8.0,"enemies":"Gremlin Nob","floor":14.0,"turns":3.0},{"damage":20.0,"enemies":"The Guardian","floor":16.0,"turns":6.0},{"damage":0.0,"enemies":"Chosen","floor":18.0,"turns":2.0},{"damage":21.0,"enemies":"3 Byrds","floor":19.0,"turns":9.0},{"damage":19.0,"enemies":"Snake Plant","floor":20.0,"turns":4.0},{"damage":22,"enemies":"Book of Stabbing","floor":23,"turns":5}],"seed_played":"7665504637879612958","potions_obtained":[{"floor":8.0,"key":"Energy Potion"},{"floor":10.0,"key":"Swift Potion"},{"floor":11.0,"key":"Regen Potion"},{"floor":19.0,"key":"LiquidMemories"}],"is_trial":false,"path_per_floor":["M","M","$","M","M","E","R","M","T","E","M","R","M","E","R","B",null,"M","M","M","?","$","E"],"character_chosen":"WATCHER","items_purchased":["CrushJoints","InnerPeace+1"],"campfire_rested":0,"item_purchase_floors":[3,22],"current_hp_per_floor":[60,58,58,54,50,50,50,41,41,31,29,29,27,19,19,24,57,57,36,29,29,29,7,7],"gold":82,"neow_bonus":"UPGRADE_CARD","is_daily":false,"chose_seed":false,"campfire_upgraded":3,"win_rate":0.0,"timestamp":1614152696,"path_taken":["M","M","?","M","M","E","R","?","T","E","M","R","M","E","R","BOSS","M","M","M","?","$","E"],"items_purchased_type":["Card","Card"],"build_version":"2020-12-22","purchased_purges":2,"victory":false,"max_hp_per_floor":[68,68,68,68,68,68,68,68,68,68,68,68,68,68,68,68,68,68,68,68,68,68,68,68],"card_choices":[{"not_picked":["JustLucky","Evaluate"],"picked":"Consecrate","floor":1.0},{"not_picked":["Prostrate","EmptyFist"],"picked":"ClearTheMind","floor":2.0},{"not_picked":["Indignation","SashWhip"],"picked":"ConjureBlade","floor":4.0},{"not_picked":["CrushJoints","Fasting2"],"picked":"CutThroughFate","floor":5.0},{"not_picked":["Pray+1","FlurryOfBlows"],"picked":"ForeignInfluence+1","floor":6.0},{"not_picked":["FlyingSleeves","ReachHeaven","Prostrate+1"],"picked":"SKIP","floor":8.0},{"not_picked":["FlyingSleeves","ReachHeaven","Prostrate+1"],"picked":"SKIP","floor":8.0},{"not_picked":["ThirdEye+1","SignatureMove"],"picked":"LessonLearned","floor":10.0},{"not_picked":["JustLucky","PathToVictory+1"],"picked":"SandsOfTime","floor":11.0},{"not_picked":["Wallop","JustLucky"],"picked":"Halt+1","floor":13.0},{"not_picked":["Halt+1","BowlingBash"],"picked":"Collect+1","floor":14.0},{"not_picked":["Vault+1","DeusExMachina+1"],"picked":"SpiritShield+1","floor":16.0},{"not_picked":["PathToVictory+1"],"picked":"SKIP","floor":18.0},{"not_picked":["FlurryOfBlows"],"picked":"SKIP","floor":19.0},{"not_picked":["Consecrate"],"picked":"SKIP","floor":20.0}],"player_experience":1339483,"relics_obtained":[{"floor":6.0,"key":"Toxic Egg 2"},{"floor":9.0,"key":"Pantograph"},{"floor":10.0,"key":"Matryoshka"},{"floor":14.0,"key":"Bottled Flame"}],"event_choices":[{"damage_healed":0.0,"max_hp_gain":0.0,"max_hp_loss":0.0,"gold_gain":0.0,"event_name":"The Joust","player_choice":"Bet on Murderer","floor":21.0,"gold_loss":50.0,"damage_taken":0.0}],"is_beta":false,"boss_relics":[{"not_picked":["Coffee Dripper","Black Star"],"picked":"Busted Crown"}],"items_purged_floors":[3,22],"is_endless":false,"potions_floor_spawned":[8,10,11,14,19],"killed_by":"Book of Stabbing","ascension_level":20}}