{"host":"vjwvi3nm5utkw15v","time":1614169816,"event":{"mods":["BaseMod","Custom Start","Hermit","Minty Spire (QoL Compilation)","Remove Card Discount Mod","Replay The Spire","StSLib","UnlockEverythingMod","[IsaacMod]ÒÔÈö¼âËþ"],"gold_per_floor":[115,126,126,142,142,172,10,40,118,136,156,190,190,202,202,305,305,322,332,425,524,542,542,542],"floor_reached":23,"language":"ZHS","playtime":1683,"items_purged":["Strike_G","Strike_G","Defend_G","Defend_G","Strike_G","Defend_G"],"score":338,"play_id":"3f9f451b-f463-48b8-b111-e1379dc505a9","local_time":"20210224203016","is_ascension_mode":false,"campfire_choices":[{"data":"Replay:Bag of Tricks","floor":13.0,"key":"SMITH"},{"data":"Accuracy","floor":15.0,"key":"SMITH"}],"circlet_count":0,"master_deck":["Strike_G","Strike_G+1","Defend_G","Defend_G+1","Survivor","Neutralize","SuicideKing","Infinite Blades","Infinite Blades","Flying Knee","Violence","Acrobatics","Backflip","Well Laid Plans","Accuracy+1","Poisoned Stab","Regret","Replay:Bag of Tricks+1","Phantasmal Killer","Toxin Wave","Toxin Wave","ReplayTheSpireMod:Shiv Toss","Corpse Explosion","Burst","Backflip","Hidden Blade+1","Accuracy+1","Blur+1"],"relics":["Ring of the Snake","HushsDoor","TheAbacus","BelialBook","Prayer Wheel","Void","Bag of Marbles","HowToJump","Simple Rune","Philosopher\u0027s Stone","GuppysCollar"],"acts_visited":["Exordium","TheCity"],"potions_floor_usage":[23],"damage_taken":[{"damage":0.0,"enemies":"Cultist","floor":1.0,"turns":3.0},{"damage":0.0,"enemies":"Small Slimes","floor":2.0,"turns":3.0},{"damage":5.0,"enemies":"2 Louse","floor":4.0,"turns":3.0},{"damage":0.0,"enemies":"Lagavulin","floor":6.0,"turns":4.0},{"damage":13.0,"enemies":"Gremlin Nob","floor":8.0,"turns":3.0},{"damage":0.0,"enemies":"Large Slime","floor":10.0,"turns":4.0},{"damage":0.0,"enemies":"Looter","floor":11.0,"turns":3.0},{"damage":0.0,"enemies":"3 Sentries","floor":12.0,"turns":5.0},{"damage":0.0,"enemies":"Exordium Thugs","floor":14.0,"turns":4.0},{"damage":0.0,"enemies":"Slime Boss","floor":16.0,"turns":6.0},{"damage":0.0,"enemies":"3 Byrds","floor":18.0,"turns":4.0},{"damage":0.0,"enemies":"Shell Parasite","floor":19.0,"turns":4.0},{"damage":13.0,"enemies":"Centurion and Healer","floor":22.0,"turns":5.0},{"damage":29,"enemies":"Gremlin Leader","floor":23,"turns":2}],"seed_played":"-2457014867885850656","potions_obtained":[{"floor":2.0,"key":"Poison Potion"},{"floor":6.0,"key":"FearPotion"},{"floor":8.0,"key":"AttackPotion"},{"floor":22.0,"key":"SteroidPotion"}],"is_trial":false,"path_per_floor":["M","M","?","M","?","E","$","E","T","M","M","E","R","M","R","B",null,"M","M","?","?","M","E"],"character_chosen":"THE_SILENT","items_purchased":["Infinite Blades","TheAbacus","Flying Knee","Violence","Replay:Bag of Tricks","GuppysCollar"],"campfire_rested":0,"item_purchase_floors":[0,0,0,0,7,17],"current_hp_per_floor":[46,46,46,41,41,41,41,70,70,70,70,70,70,70,70,70,57,57,57,42,42,29,0,0],"gold":542,"neow_bonus":"","is_daily":false,"chose_seed":false,"campfire_upgraded":2,"win_rate":0.0,"timestamp":1614169816,"path_taken":["M","M","?","M","?","E","$","E","T","?","M","E","R","M","R","BOSS","M","M","?","?","?","E"],"items_purchased_type":["Card","Relic","Card","Card","Card","Relic"],"build_version":"2020-12-22","purchased_purges":6,"victory":false,"max_hp_per_floor":[70,70,70,70,70,70,70,70,70,70,70,70,70,70,70,70,57,57,57,57,57,57,57,57],"card_choices":[{"not_picked":[],"picked":"SuicideKing","floor":0.0},{"not_picked":["Underhanded Strike","Blur"],"picked":"Acrobatics","floor":1.0},{"not_picked":["Deflect","Flying Knee","Underhanded Strike"],"picked":"SKIP","floor":1.0},{"not_picked":["Blade Dance","Prepared"],"picked":"Backflip","floor":2.0},{"not_picked":["Replay:Poison Smokescreen","ReplayTheSpireMod:Scrap Shanks"],"picked":"Well Laid Plans","floor":2.0},{"not_picked":["Leg Sweep","Flying Knee"],"picked":"Accuracy","floor":4.0},{"not_picked":["PiercingWail","Outmaneuver"],"picked":"Poisoned Stab","floor":4.0},{"not_picked":["Well Laid Plans","Draining Mist","Dagger Spray"],"picked":"SKIP","floor":6.0},{"not_picked":["Slice","Dagger Throw"],"picked":"Phantasmal Killer","floor":8.0},{"not_picked":["Dagger Spray","PiercingWail"],"picked":"Toxin Wave","floor":10.0},{"not_picked":["Slice","Calculated Gamble"],"picked":"Toxin Wave","floor":10.0},{"not_picked":["Blade Dance","Dash"],"picked":"ReplayTheSpireMod:Shiv Toss","floor":11.0},{"not_picked":["Replay:Poison Smokescreen","Well Laid Plans","Deadly Poison"],"picked":"SKIP","floor":11.0},{"not_picked":["Deadly Poison","Outmaneuver"],"picked":"Corpse Explosion","floor":12.0},{"not_picked":["Dodge and Roll","Outmaneuver","Deflect"],"picked":"SKIP","floor":14.0},{"not_picked":["Tactician","All Out Attack","Infinite Blades"],"picked":"SKIP","floor":14.0},{"not_picked":["Replay:Bag of Tricks","Tools of the Trade"],"picked":"Burst","floor":16.0},{"not_picked":["Caltrops","Cloak And Dagger"],"picked":"Backflip","floor":18.0},{"not_picked":["Prepared","Quick Slash+1","Outmaneuver"],"picked":"SKIP","floor":18.0},{"not_picked":["Dodge and Roll","Outmaneuver"],"picked":"Hidden Blade+1","floor":19.0},{"not_picked":["Well Laid Plans","Noxious Fumes","Toxin Wave+1"],"picked":"SKIP","floor":19.0},{"not_picked":["Deadly Poison+1","Cloak And Dagger+1"],"picked":"Accuracy+1","floor":22.0},{"not_picked":["Acrobatics","Heel Hook"],"picked":"Blur+1","floor":22.0}],"player_experience":41395,"relics_obtained":[{"floor":6.0,"key":"Bag of Marbles"},{"floor":8.0,"key":"HowToJump"},{"floor":12.0,"key":"Simple Rune"}],"event_choices":[{"damage_healed":0.0,"max_hp_gain":0.0,"max_hp_loss":0.0,"gold_gain":0.0,"event_name":"Big Fish","player_choice":"Box","floor":5.0,"gold_loss":0.0,"damage_taken":0.0,"relics_obtained":["Void"],"cards_obtained":["Regret"]},{"damage_healed":0.0,"max_hp_gain":0.0,"max_hp_loss":0.0,"gold_gain":99.0,"event_name":"Nest","player_choice":"Stole From Cult","floor":21.0,"gold_loss":0.0,"damage_taken":0.0}],"is_beta":false,"boss_relics":[{"not_picked":["Replay:Wanted Poster","Ring of the Serpent"],"picked":"Philosopher\u0027s Stone"},{"not_picked":[]}],"items_purged_floors":[0,0,0,0,0,0],"is_endless":false,"potions_floor_spawned":[2,6,8,14,16,18,22],"killed_by":"Gremlin Leader","ascension_level":0}}