{"host":"Slaske","time":1614201695,"event":{"mods":["AchievementEnabler","BaseMod","Colored Map","Colored Powertips","Minty Spire (QoL Compilation)","Random Character Button","Relic Stats","slay the spire mod where everything is the same but ironclad has a cowboy hat"],"gold_per_floor":[110,110,70,87,87,87,87,37,89,89,119,166,166,126,126,265,265,295,295,295,319,341,341,341],"floor_reached":23,"language":"ENG","playtime":3425,"items_purged":[],"score":234,"play_id":"2af179cf-04d2-41fb-8f33-d09c62978722","local_time":"20210224222135","is_ascension_mode":true,"campfire_choices":[{"data":"Outmaneuver","floor":6,"key":"SMITH"},{"data":"Eviscerate","floor":10,"key":"SMITH"},{"data":"Bullet Time","floor":13,"key":"SMITH"},{"data":"Prepared","floor":15,"key":"SMITH"}],"circlet_count":0,"master_deck":["Strike_G","Strike_G","Strike_G","Defend_G","Defend_G+1","Defend_G","Defend_G+1","Survivor","Neutralize","Outmaneuver+1","Eviscerate+1","Bullet Time+1","Underhanded Strike","Dagger Throw","Prepared+1","A Thousand Cuts","Leg Sweep","Prepared","Prepared"],"relics":["Runic Pyramid","Golden Idol","CeramicFish","HornCleat","Philosopher\u0027s Stone","Enchiridion"],"acts_visited":["Exordium","TheCity"],"potions_floor_usage":[12,16,16,16,16,18,18,23],"damage_taken":[{"damage":4,"enemies":"2 Louse","floor":1,"turns":3},{"damage":0,"enemies":"Cultist","floor":4,"turns":4},{"damage":0,"enemies":"Jaw Worm","floor":11,"turns":2},{"damage":3,"enemies":"Gremlin Nob","floor":12,"turns":4},{"damage":27,"enemies":"Slime Boss","floor":16,"turns":4},{"damage":0,"enemies":"Spheric Guardian","floor":18,"turns":3},{"damage":28,"enemies":"3 Byrds","floor":21,"turns":2},{"damage":6,"enemies":"Snecko","floor":22,"turns":5},{"damage":5,"enemies":"Gremlin Leader","floor":23,"turns":1}],"seed_played":"-4207776305427871001","potions_obtained":[{"floor":3,"key":"SneckoOil"},{"floor":3,"key":"EntropicBrew"},{"floor":3,"key":"SneckoOil"},{"floor":4,"key":"BlessingOfTheForge"},{"floor":16,"key":"ColorlessPotion"},{"floor":18,"key":"Ancient Potion"},{"floor":22,"key":"CultistPotion"}],"is_trial":false,"path_per_floor":["M","?","?","M","?","R","?","?","T","R","M","E","R","$","R","B",null,"M","?","?","M","M","E"],"character_chosen":"THE_SILENT","items_purchased":["Prepared"],"campfire_rested":0,"item_purchase_floors":[14],"current_hp_per_floor":[66,52,52,52,52,52,52,52,52,52,52,49,49,49,49,22,54,54,38,38,10,4,0,0],"gold":341,"neow_bonus":"BOSS_RELIC","is_daily":false,"chose_seed":false,"campfire_upgraded":4,"win_rate":0.0,"timestamp":1614201695,"path_taken":["M","?","?","?","?","R","?","?","T","R","M","E","R","$","R","BOSS","M","?","?","M","?","E"],"items_purchased_type":["Card"],"build_version":"2020-12-18","purchased_purges":0,"victory":false,"max_hp_per_floor":[70,70,70,70,70,70,65,65,65,65,65,65,65,65,65,65,65,65,65,65,65,65,65,65],"relic_stats":{"counters":[9,28],"Golden Idol":48,"CeramicFish":63,"obtain_stats":[{"HornCleat":12,"Golden Idol":7,"CeramicFish":9,"Enchiridion":19,"Philosopher\u0027s Stone":17,"Ring of the Snake":0,"Runic Pyramid":0},{"HornCleat":4,"Golden Idol":2,"CeramicFish":2,"Enchiridion":6,"Philosopher\u0027s Stone":5,"Ring of the Snake":0,"Runic Pyramid":0},{"HornCleat":13,"Golden Idol":7,"CeramicFish":7,"Enchiridion":20,"Philosopher\u0027s Stone":17,"Ring of the Snake":0,"Runic Pyramid":0}]},"card_choices":[{"not_picked":["Dagger Spray","Deflect"],"picked":"Outmaneuver","floor":1},{"not_picked":["Bane","Outmaneuver"],"picked":"Eviscerate","floor":4},{"not_picked":["Crippling Poison","Cloak And Dagger"],"picked":"Underhanded Strike","floor":11},{"not_picked":["Flying Knee","Quick Slash"],"picked":"Dagger Throw","floor":12},{"not_picked":["Grand Finale","Night Terror"],"picked":"A Thousand Cuts","floor":16},{"not_picked":["Setup","Heel Hook"],"picked":"Leg Sweep","floor":18},{"not_picked":["Catalyst","Blade Dance+1"],"picked":"Prepared","floor":21},{"not_picked":["Sucker Punch","Backflip+1"],"picked":"Prepared","floor":22}],"player_experience":555265,"relics_obtained":[{"floor":9,"key":"CeramicFish"},{"floor":12,"key":"HornCleat"},{"floor":19,"key":"Enchiridion"}],"event_choices":[{"damage_healed":0,"gold_gain":0,"player_choice":"Entered Light","damage_taken":14,"max_hp_gain":0,"max_hp_loss":0,"event_name":"Shining Light","floor":2,"gold_loss":0,"cards_upgraded":["Defend_G","Defend_G"]},{"damage_healed":0,"gold_gain":0,"player_choice":"Bought 3 Potions","damage_taken":0,"max_hp_gain":0,"max_hp_loss":0,"event_name":"The Woman in Blue","floor":3,"gold_loss":0},{"damage_healed":0,"gold_gain":0,"cards_transformed":["Strike_G"],"player_choice":"Change","damage_taken":0,"max_hp_gain":0,"max_hp_loss":0,"event_name":"Living Wall","floor":5,"gold_loss":0,"cards_obtained":["Bullet Time"]},{"damage_healed":0,"gold_gain":0,"player_choice":"Lose Max HP","damage_taken":0,"relics_obtained":["Golden Idol"],"max_hp_gain":0,"max_hp_loss":5,"event_name":"Golden Idol","floor":7,"gold_loss":0},{"cards_removed":["Strike_G"],"damage_healed":0,"gold_gain":0,"player_choice":"Card Removal","damage_taken":0,"max_hp_gain":0,"max_hp_loss":0,"event_name":"The Cleric","floor":8,"gold_loss":50},{"damage_healed":0,"gold_gain":0,"player_choice":"Obtained Book","damage_taken":16,"max_hp_gain":0,"max_hp_loss":0,"event_name":"Cursed Tome","floor":19,"gold_loss":0},{"cards_removed":["Defend_G"],"damage_healed":0,"gold_gain":0,"player_choice":"Purged","damage_taken":0,"max_hp_gain":0,"max_hp_loss":0,"event_name":"Purifier","floor":20,"gold_loss":0}],"is_beta":true,"boss_relics":[{"not_picked":["Pandora\u0027s Box","Sozu"],"picked":"Philosopher\u0027s Stone"}],"items_purged_floors":[],"is_endless":false,"potions_floor_spawned":[4,16,18,22],"killed_by":"Gremlin Leader","ascension_level":5}}