{"host":"bf5upntvbdompq33","time":1614195935,"event":{"mods":["BaseMod","Bestiary","Colored Map","Colored Powertips","Curses Come First","Highlight Path","Minty Spire (QoL Compilation)","StSLib","ojb\u0027s Info Mod"],"gold_per_floor":[99,99,99,99,49,49,49,49,49,49,3,3,3,3,3,3,3,3,3,3,3,3,3,3,3,3,3,3,3,3,3,3,3,3,3,3,3,3,3],"floor_reached":38,"language":"ENG","playtime":6821,"items_purged":[],"score":552,"play_id":"e2af3d83-f50e-458a-b4e3-e4c71edb5bdd","local_time":"20210224124535","is_ascension_mode":true,"campfire_choices":[{"data":"Eruption","floor":13,"key":"SMITH"},{"data":"Vigilance","floor":15,"key":"SMITH"},{"data":"ClearTheMind","floor":23,"key":"SMITH"},{"data":"DevaForm","floor":27,"key":"SMITH"},{"floor":32,"key":"REST"}],"circlet_count":0,"master_deck":["Eruption+1","Vigilance+1","CrushJoints","CarveReality","Judgement","Study","Vengeance","BowlingBash","InnerPeace","EmptyFist","CutThroughFate","SpiritShield","Protect+1","Halt+1","MentalFortress","EmptyBody","ClearTheMind+1","WaveOfTheHand","DevaForm+1","Crescendo","SashWhip","WreathOfFlame+1","ConjureBlade","Wish","BowlingBash","Establishment","JustLucky","Nirvana","SashWhip","Meditate+1","FlurryOfBlows"],"relics":["Ectoplasm","TungstenRod","FossilizedHelix","Question Card","VioletLotus","Omamori","Strawberry","Mercury Hourglass","MutagenicStrength","Pandora\u0027s Box"],"acts_visited":["Exordium","TheCity","TheBeyond"],"potions_floor_usage":[6,8,10,16,18,29,29,33,38],"damage_taken":[{"damage":0,"enemies":"2 Louse","floor":1,"turns":1},{"damage":7,"enemies":"Cultist","floor":3,"turns":3},{"damage":0,"enemies":"Small Slimes","floor":4,"turns":2},{"damage":12,"enemies":"Lagavulin","floor":6,"turns":4},{"damage":5,"enemies":"3 Louse","floor":7,"turns":2},{"damage":0,"enemies":"Gremlin Nob","floor":8,"turns":2},{"damage":0,"enemies":"Lots of Slimes","floor":10,"turns":3},{"damage":0,"enemies":"Exordium Thugs","floor":14,"turns":3},{"damage":27,"enemies":"Hexaghost","floor":16,"turns":5},{"damage":13,"enemies":"Shell Parasite","floor":18,"turns":2},{"damage":0,"enemies":"Chosen","floor":19,"turns":4},{"damage":8,"enemies":"Centurion and Healer","floor":20,"turns":4},{"damage":0,"enemies":"Cultist and Chosen","floor":21,"turns":4},{"damage":0,"enemies":"Sentry and Sphere","floor":22,"turns":3},{"damage":2,"enemies":"Snecko","floor":24,"turns":5},{"damage":0,"enemies":"Gremlin Leader","floor":25,"turns":7},{"damage":10,"enemies":"Book of Stabbing","floor":29,"turns":8},{"damage":8,"enemies":"Shelled Parasite and Fungi","floor":30,"turns":3},{"damage":56,"enemies":"Collector","floor":33,"turns":10},{"damage":0,"enemies":"3 Shapes","floor":35,"turns":3},{"damage":28,"enemies":"Orb Walker","floor":37,"turns":4},{"damage":81,"enemies":"2 Orb Walkers","floor":38,"turns":5}],"seed_played":"6094278324029739239","potions_obtained":[{"floor":1,"key":"GamblersBrew"},{"floor":6,"key":"LiquidMemories"},{"floor":7,"key":"StancePotion"},{"floor":12,"key":"LiquidBronze"},{"floor":12,"key":"DuplicationPotion"},{"floor":12,"key":"FearPotion"},{"floor":16,"key":"SteroidPotion"},{"floor":18,"key":"DuplicationPotion"},{"floor":19,"key":"DuplicationPotion"},{"floor":24,"key":"BottledMiracle"},{"floor":30,"key":"Energy Potion"},{"floor":33,"key":"ColorlessPotion"},{"floor":35,"key":"Strength Potion"}],"is_trial":false,"path_per_floor":["M","?","M","M","?","E","M","E","T","M","$","?","R","M","R","B",null,"M","M","M","M","M","R","M","E","T","R","?","E","M","?","R","B",null,"M","?","M","?"],"character_chosen":"WATCHER","items_purchased":["EmptyFist"],"campfire_rested":1,"item_purchase_floors":[11],"current_hp_per_floor":[72,72,65,65,65,53,48,48,48,48,48,48,48,48,48,21,72,59,59,51,51,51,51,49,49,56,56,56,46,38,38,61,5,79,79,79,51,0,0],"gold":3,"neow_bonus":"BOSS_RELIC","is_daily":false,"chose_seed":false,"campfire_upgraded":4,"win_rate":0.0,"timestamp":1614195935,"path_taken":["M","?","?","?","?","E","M","E","T","M","$","?","R","?","R","BOSS","M","M","M","M","M","R","M","E","T","R","?","E","M","?","R","BOSS","M","?","?","?"],"items_purchased_type":["Card"],"build_version":"2020-12-22","purchased_purges":0,"victory":false,"max_hp_per_floor":[72,72,72,72,72,72,72,72,72,72,72,72,72,72,72,72,72,72,72,72,72,72,72,72,72,79,79,79,79,79,79,79,79,79,79,79,79,79,79],"card_choices":[{"not_picked":["SignatureMove","Protect"],"picked":"CrushJoints","floor":1},{"not_picked":["CutThroughFate","FlyingSleeves"],"picked":"CarveReality","floor":3},{"not_picked":["FlyingSleeves","Protect"],"picked":"Judgement","floor":4},{"not_picked":["EmptyBody","PathToVictory"],"picked":"Study","floor":6},{"not_picked":["CutThroughFate","Study"],"picked":"Vengeance","floor":7},{"not_picked":["Collect","FollowUp"],"picked":"BowlingBash","floor":8},{"not_picked":["Evaluate","CutThroughFate","SandsOfTime"],"picked":"InnerPeace","floor":10},{"not_picked":["JustLucky","Consecrate","Alpha"],"picked":"CutThroughFate","floor":14},{"not_picked":["Brilliance","MasterReality","Establishment"],"picked":"SpiritShield","floor":16},{"not_picked":["Consecrate","Evaluate","CutThroughFate"],"picked":"Protect+1","floor":18},{"not_picked":["PathToVictory","Study+1","Consecrate"],"picked":"Halt+1","floor":19},{"not_picked":["Omniscience","FlyingSleeves","Weave+1"],"picked":"MentalFortress","floor":20},{"not_picked":["BowlingBash+1","Prostrate","Nirvana+1"],"picked":"EmptyBody","floor":21},{"not_picked":["CutThroughFate","FlurryOfBlows","Protect"],"picked":"ClearTheMind","floor":22},{"not_picked":["ClearTheMind","PathToVictory","Pray"],"picked":"WaveOfTheHand","floor":24},{"not_picked":["JustLucky","EmptyMind","Omniscience"],"picked":"DevaForm","floor":25},{"not_picked":["JustLucky","Protect+1","Prostrate"],"picked":"SashWhip","floor":29},{"not_picked":["Study","WindmillStrike","Prostrate"],"picked":"WreathOfFlame+1","floor":30},{"not_picked":["Devotion","Brilliance","Judgement"],"picked":"ConjureBlade","floor":33},{"not_picked":["BowlingBash","EmptyBody+1","Collect"],"picked":"Meditate","floor":35},{"not_picked":["Vengeance+1","FollowUp","FlyingSleeves"],"picked":"FlurryOfBlows","floor":37}],"player_experience":1728403,"relics_obtained":[{"floor":6,"key":"TungstenRod"},{"floor":8,"key":"FossilizedHelix"},{"floor":9,"key":"Question Card"},{"floor":25,"key":"Omamori"},{"floor":26,"key":"Strawberry"},{"floor":29,"key":"Mercury Hourglass"}],"event_choices":[{"cards_removed":["Strike_P"],"damage_healed":0,"gold_gain":0,"player_choice":"Purged","damage_taken":0,"max_hp_gain":0,"max_hp_loss":0,"event_name":"Purifier","floor":2,"gold_loss":0},{"cards_removed":["Strike_P"],"damage_healed":0,"gold_gain":0,"player_choice":"Card Removal","damage_taken":0,"max_hp_gain":0,"max_hp_loss":0,"event_name":"The Cleric","floor":5,"gold_loss":50},{"damage_healed":0,"gold_gain":0,"player_choice":"Got Potions","damage_taken":0,"max_hp_gain":0,"max_hp_loss":0,"event_name":"Lab","floor":12,"gold_loss":0},{"damage_healed":0,"gold_gain":0,"player_choice":"Read","damage_taken":0,"max_hp_gain":0,"max_hp_loss":0,"event_name":"The Library","floor":28,"gold_loss":0,"cards_obtained":["Crescendo"]},{"damage_healed":0,"gold_gain":0,"player_choice":"Inject Mutagens","damage_taken":0,"relics_obtained":["MutagenicStrength"],"max_hp_gain":0,"max_hp_loss":0,"event_name":"Drug Dealer","floor":31,"gold_loss":0},{"damage_healed":0,"gold_gain":0,"player_choice":"Upgraded","damage_taken":0,"max_hp_gain":0,"max_hp_loss":0,"event_name":"Upgrade Shrine","floor":36,"gold_loss":0,"cards_upgraded":["Meditate"]},{"damage_healed":0,"gold_gain":0,"player_choice":"Fight","damage_taken":0,"max_hp_gain":0,"max_hp_loss":0,"event_name":"Mysterious Sphere","floor":38,"gold_loss":0}],"is_beta":false,"boss_relics":[{"not_picked":["SacredBark","Busted Crown"],"picked":"VioletLotus"},{"not_picked":["SlaversCollar","Coffee Dripper"],"picked":"Pandora\u0027s Box"}],"items_purged_floors":[],"is_endless":false,"potions_floor_spawned":[1,6,7,16,18,19,21,24,30,33,35],"killed_by":"2 Orb Walkers","ascension_level":3}}