{"host":"fbdlh90rovbiajun","time":1614139653,"event":{"mods":["AchievementEnabler","BaseMod","Colored Map","Keyboard Shortcuts","Minty Spire (QoL Compilation)","SuperFastMode"],"gold_per_floor":[110,110,121,121,138,170,170,170,170,170,170,41,41,41,41,180,180,199,149,149,149,99,99,138,138,161,161,161,200,200,299,299,425,425,448,249,249,11,11,54,117,160,160,195,528,283,283,309,309,309,309,309,91,119,119],"floor_reached":56,"language":"KOR","playtime":1514,"items_purged":["Strike_P","Defend_P","Defend_P","Strike_P+1","Strike_P+1"],"score":2151,"play_id":"64b0962d-3b6c-49b8-89f8-852926ec4749","local_time":"20210224130733","is_ascension_mode":true,"campfire_choices":[{"data":"FearNoEvil","floor":7,"key":"SMITH"},{"data":"Vigilance","floor":8,"key":"SMITH"},{"floor":13,"key":"REST"},{"data":"MentalFortress","floor":15,"key":"SMITH"},{"data":"Adaptation","floor":23,"key":"SMITH"},{"data":"Scrawl","floor":28,"key":"SMITH"},{"floor":30,"key":"RECALL"},{"data":"Strike_P","floor":32,"key":"SMITH"},{"data":"InnerPeace","floor":47,"key":"SMITH"}],"circlet_count":0,"master_deck":["Eruption+1","Vigilance+1","FearNoEvil+1","MentalFortress+1","Scrawl+1","Adaptation+1","InnerPeace+1"],"relics":["PureWater","WingedGreaves","Gambling Chip","Smiling Mask","Coffee Dripper","Juzu Bracelet","Omamori","Red Mask","Empty Cage","Anchor","Matryoshka","Lantern","Thread and Needle","Bag of Preparation","Bag of Marbles","Vajra","Medical Kit","PreservedInsect","Oddly Smooth Stone","OrangePellets","Orichalcum"],"acts_visited":["Exordium","TheCity","TheBeyond","TheEnding"],"potions_floor_usage":[16,16,55],"damage_taken":[{"damage":0,"enemies":"Small Slimes","floor":1,"turns":2},{"damage":0,"enemies":"2 Louse","floor":3,"turns":3},{"damage":0,"enemies":"Cultist","floor":5,"turns":3},{"damage":12,"enemies":"3 Sentries","floor":6,"turns":7},{"damage":23,"enemies":"The Guardian","floor":16,"turns":11},{"damage":0,"enemies":"3 Byrds","floor":18,"turns":5},{"damage":0,"enemies":"Slavers","floor":24,"turns":1},{"damage":0,"enemies":"Masked Bandits","floor":29,"turns":2},{"damage":0,"enemies":"Champ","floor":33,"turns":1},{"damage":0,"enemies":"Orb Walker","floor":35,"turns":1},{"damage":0,"enemies":"Reptomancer","floor":40,"turns":2},{"damage":3,"enemies":"Mind Bloom Boss Battle","floor":41,"turns":2},{"damage":0,"enemies":"Giant Head","floor":42,"turns":3},{"damage":0,"enemies":"Reptomancer","floor":44,"turns":1},{"damage":0,"enemies":"Awakened One","floor":50,"turns":2},{"damage":0,"enemies":"Shield and Spear","floor":54,"turns":1},{"damage":0,"enemies":"The Heart","floor":55,"turns":3}],"seed_played":"-6399022023946304738","potions_obtained":[{"floor":1,"key":"ColorlessPotion"},{"floor":5,"key":"Swift Potion"},{"floor":16,"key":"LiquidMemories"},{"floor":29,"key":"BlessingOfTheForge"},{"floor":33,"key":"BottledMiracle"},{"floor":40,"key":"BlessingOfTheForge"}],"is_trial":false,"path_per_floor":["M","?","M","?","M","E","R","R","T","?","?","$","R","$","R","B",null,"M","$","?","?","$","R","E","?","T","?","R","?","R","?","R","B",null,"M","$","?","$","?","E","?","E","T","E","?","$","R","T","R","B",null,"R","$","E","B",null],"character_chosen":"WATCHER","items_purchased":["MentalFortress","Anchor","Matryoshka","Medical Kit","SkillPotion","GamblersBrew","OrangePellets"],"campfire_rested":1,"item_purchase_floors":[12,36,38,46,46,53,53],"current_hp_per_floor":[65,51,51,44,44,32,32,32,32,25,7,7,28,28,28,5,55,55,55,55,55,55,55,55,55,55,55,55,55,55,55,55,55,68,68,68,68,68,68,68,65,65,65,65,65,65,65,65,65,65,70,70,70,70,70],"gold":119,"neow_bonus":"UPGRADE_CARD","is_daily":false,"chose_seed":false,"campfire_upgraded":7,"win_rate":0.0,"timestamp":1614139653,"path_taken":["M","?","M","?","?","E","R","R","T","?","?","$","R","?","R","BOSS","M","$","?","?","$","R","E","?","T","?","R","?","R","?","R","BOSS","M","$","?","$","?","E","?","E","T","E","?","$","R","?","R","BOSS","R","$","E","BOSS"],"items_purchased_type":["Card","Relic","Relic","Relic","Potion","Potion","Relic"],"build_version":"2020-12-22","purchased_purges":5,"victory":true,"max_hp_per_floor":[72,72,72,72,72,72,72,72,72,72,72,72,72,72,72,72,72,72,72,72,72,72,72,72,72,72,72,72,72,72,72,72,72,72,72,72,72,72,72,72,72,72,72,72,72,72,72,72,72,72,72,72,72,72,72],"card_choices":[{"not_picked":["CutThroughFate","EmptyFist","EmptyBody"],"picked":"SKIP","floor":1},{"not_picked":["Tantrum","PathToVictory"],"picked":"FearNoEvil","floor":3},{"not_picked":["ForeignInfluence","Evaluate","WaveOfTheHand"],"picked":"SKIP","floor":5},{"not_picked":["BowlingBash","Ragnarok","FlyingSleeves"],"picked":"SKIP","floor":6},{"not_picked":["BowlingBash","Ragnarok","FlyingSleeves"],"picked":"SKIP","floor":6},{"not_picked":["MasterReality","Brilliance"],"picked":"Scrawl","floor":16},{"not_picked":["CrushJoints","BowlingBash","Conclude+1"],"picked":"SKIP","floor":18},{"not_picked":["ConjureBlade","DeusExMachina","EmptyFist"],"picked":"SKIP","floor":24},{"not_picked":["ConjureBlade","DeusExMachina","EmptyFist"],"picked":"SKIP","floor":24},{"not_picked":["ConjureBlade","DeusExMachina","EmptyFist"],"picked":"SKIP","floor":24},{"not_picked":["ConjureBlade","DeusExMachina","EmptyFist"],"picked":"SKIP","floor":24},{"not_picked":["ConjureBlade","DeusExMachina","EmptyFist"],"picked":"SKIP","floor":24},{"not_picked":["Consecrate","Adaptation+1","WindmillStrike"],"picked":"SKIP","floor":35},{"not_picked":["ThirdEye","Evaluate","SashWhip+1"],"picked":"SKIP","floor":40},{"not_picked":["ThirdEye","Evaluate","SashWhip+1"],"picked":"SKIP","floor":40},{"not_picked":["ThirdEye","Evaluate","SashWhip+1"],"picked":"SKIP","floor":40},{"not_picked":["Protect+1","Halt"],"picked":"InnerPeace","floor":42},{"not_picked":["ForeignInfluence","CutThroughFate","Pray+1"],"picked":"SKIP","floor":44},{"not_picked":["ClearTheMind","Protect","Vault"],"picked":"SKIP","floor":54}],"player_experience":126564,"relics_obtained":[{"floor":6,"key":"WingedGreaves"},{"floor":9,"key":"Gambling Chip"},{"floor":24,"key":"Juzu Bracelet"},{"floor":26,"key":"Omamori"},{"floor":29,"key":"Red Mask"},{"floor":40,"key":"Lantern"},{"floor":41,"key":"Thread and Needle"},{"floor":42,"key":"Bag of Preparation"},{"floor":43,"key":"Bag of Marbles"},{"floor":44,"key":"Vajra"},{"floor":48,"key":"PreservedInsect"},{"floor":48,"key":"Oddly Smooth Stone"},{"floor":54,"key":"Orichalcum"}],"event_choices":[{"damage_healed":0,"gold_gain":0,"player_choice":"Entered Light","damage_taken":14,"max_hp_gain":0,"max_hp_loss":0,"event_name":"Shining Light","floor":2,"gold_loss":0,"cards_upgraded":["Strike_P","Strike_P"]},{"damage_healed":0,"gold_gain":0,"player_choice":"Damaged","damage_taken":7,"max_hp_gain":0,"max_hp_loss":0,"event_name":"Wheel of Change","floor":4,"gold_loss":0},{"damage_healed":0,"gold_gain":0,"player_choice":"Success","damage_taken":7,"relics_obtained":["Smiling Mask"],"max_hp_gain":0,"max_hp_loss":0,"event_name":"Scrap Ooze","floor":10,"gold_loss":0},{"damage_healed":0,"gold_gain":0,"player_choice":"Take Damage","damage_taken":18,"relics_obtained":["Golden Idol"],"max_hp_gain":0,"max_hp_loss":0,"event_name":"Golden Idol","floor":11,"gold_loss":0},{"damage_healed":0,"gold_gain":0,"player_choice":"Ignored","damage_taken":0,"max_hp_gain":0,"max_hp_loss":0,"event_name":"Vampires","floor":20,"gold_loss":0},{"damage_healed":0,"gold_gain":0,"player_choice":"Read","damage_taken":0,"max_hp_gain":0,"max_hp_loss":0,"event_name":"The Library","floor":21,"gold_loss":0,"cards_obtained":["Adaptation"]},{"damage_healed":0,"gold_gain":0,"player_choice":"Ignored","damage_taken":0,"max_hp_gain":0,"max_hp_loss":0,"event_name":"The Mausoleum","floor":25,"gold_loss":0},{"damage_healed":0,"gold_gain":0,"player_choice":"Bought 0 Potions","damage_taken":0,"max_hp_gain":0,"max_hp_loss":0,"event_name":"The Woman in Blue","floor":27,"gold_loss":0},{"damage_healed":0,"gold_gain":0,"player_choice":"Fought Bandits","damage_taken":0,"max_hp_gain":0,"max_hp_loss":0,"event_name":"Masked Bandits","floor":29,"gold_loss":0},{"damage_healed":0,"gold_gain":99,"player_choice":"Stole From Cult","damage_taken":0,"max_hp_gain":0,"max_hp_loss":0,"event_name":"Nest","floor":31,"gold_loss":0},{"cards_removed":["Strike_P"],"damage_healed":0,"gold_gain":0,"player_choice":"Purged","damage_taken":0,"max_hp_gain":0,"max_hp_loss":0,"event_name":"Purifier","floor":37,"gold_loss":0},{"damage_healed":0,"gold_gain":0,"player_choice":"Memory 1","damage_taken":0,"max_hp_gain":0,"max_hp_loss":0,"event_name":"SensoryStone","floor":39,"gold_loss":0},{"damage_healed":0,"gold_gain":0,"player_choice":"Fight","damage_taken":0,"max_hp_gain":0,"max_hp_loss":0,"event_name":"MindBloom","floor":41,"gold_loss":0},{"damage_healed":0,"gold_gain":333,"player_choice":"Gave Idol","damage_taken":0,"max_hp_gain":0,"max_hp_loss":0,"event_name":"The Moai Head","floor":45,"relics_lost":["Golden Idol"],"gold_loss":0}],"is_beta":false,"boss_relics":[{"not_picked":["Cursed Key","Busted Crown"],"picked":"Coffee Dripper"},{"not_picked":["Sozu","Snecko Eye"],"picked":"Empty Cage"}],"items_purged_floors":[12,19,22,36,46],"is_endless":false,"potions_floor_spawned":[1,5,16,29,33,40,44],"ascension_level":7}}