{"host":"43wsnxh97mgjl5zw","time":1614188193,"event":{"mods":["Aspiration","BaseMod","Colored Map","Colored Powertips","Conspire","Downfall","Halation","Hubris","Minty Spire (QoL Compilation)","Quick Restart","Rare Cards Sparkle","Relic Sorter","Reliquary","Replay The Spire","StSLib"],"gold_per_floor":[114,114,114,124,124,149,149,163,190,190,90,90,49,77,77,156,156,173,173,187,187,137,137,152,23,70,16,32,48,81,94,94,94,94],"floor_reached":33,"language":"ENG","playtime":1415,"items_purged":[],"score":546,"play_id":"00fb303e-8b09-40fc-81d6-532adf0de9c0","local_time":"20210224193633","is_ascension_mode":true,"campfire_choices":[{"data":"Armaments","floor":10.0,"key":"SMITH"},{"data":"Ghostly","floor":15.0,"key":"SMITH"},{"data":"Pummel","floor":23.0,"key":"SMITH"},{"data":"Armaments","floor":32,"key":"SMITH"}],"circlet_count":0,"master_deck":["AscendersBane","Strike_R+1","Strike_R+1","Strike_R+1","Strike_R+1","Strike_R+1","Defend_R","Defend_R","Defend_R","Defend_R","Bash+1","Dramatic Entrance+1","Armaments+1","Flame Barrier","ReplayTheSpireMod:Limb From Limb","Perfected Strike","Ghostly+1","Fire Breathing","Battle Trance","Demon Form+1","Shrug It Off","Pummel+1","Headbutt","Warcry","Metallicize","Armaments+1","Survey Options","Reaper","ThirdEye"],"relics":["Burning Blood","Regal Pillow","Lantern","Blood Vial","reliquary:PrincelyHelmet","Replay:Grab Bag","conspire:SlowCooker","Coffee Dripper","hubris:Backtick","conspire:InfiniteJournal","PrismaticShard","Bag of Preparation","reliquary:NewFriend"],"acts_visited":["Exordium","TheCity"],"potions_floor_usage":[],"damage_taken":[{"damage":2.0,"enemies":"Jaw Worm","floor":1.0,"turns":3.0},{"damage":7.0,"enemies":"Small Slimes","floor":4.0,"turns":2.0},{"damage":39.0,"enemies":"Gremlin Nob","floor":6.0,"turns":5.0},{"damage":0.0,"enemies":"2 Louse","floor":8.0,"turns":1.0},{"damage":10.0,"enemies":"Lagavulin","floor":14.0,"turns":6.0},{"damage":18.0,"enemies":"The Guardian","floor":16.0,"turns":14.0},{"damage":30.0,"enemies":"Chosen","floor":18.0,"turns":5.0},{"damage":22.0,"enemies":"Spheric Guardian","floor":20.0,"turns":5.0},{"damage":8.0,"enemies":"Cultist and Chosen","floor":24.0,"turns":5.0},{"damage":15.0,"enemies":"Centurion and Healer","floor":28.0,"turns":8.0},{"damage":2.0,"enemies":"3 Cultists","floor":29.0,"turns":6.0},{"damage":7.0,"enemies":"conspire:Head Lice","floor":30.0,"turns":8.0},{"damage":23,"enemies":"Snake Plant","floor":31,"turns":7},{"damage":43,"enemies":"conspire:MysteriousRune","floor":33,"turns":7}],"seed_played":"-5805652999724714963","potions_obtained":[{"floor":1.0,"key":"PowerPotion"},{"floor":4.0,"key":"PowerPotion"},{"floor":8.0,"key":"Explosive Potion"},{"floor":20.0,"key":"Block Potion"},{"floor":28.0,"key":"AttackPotion"},{"floor":29.0,"key":"champ:CounterPotion"},{"floor":31,"key":"BlessingOfTheForge"}],"is_trial":false,"path_per_floor":["M","?","?","M","?","E","?","M","T","R","?","?","$","E","R","B",null,"M","?","M","?","?","R","M","$","T","$","M","M","E","M","R","B"],"character_chosen":"IRONCLAD","items_purchased":["Fire Breathing","Metallicize","Armaments","BloodPotion"],"campfire_rested":0,"item_purchase_floors":[13,25,25,27],"current_hp_per_floor":[72,72,65,64,64,31,13,19,19,19,19,19,19,17,17,7,58,36,36,22,10,10,10,10,10,10,10,18,24,25,24,24,0,0],"gold":94,"neow_bonus":"RANDOM_COLORLESS","is_daily":false,"chose_seed":false,"campfire_upgraded":4,"win_rate":0.0,"timestamp":1614188193,"path_taken":["M","?","?","M","?","E","?","?","T","R","?","?","$","E","R","BOSS","M","?","?","?","?","R","?","$","T","?","M","M","E","M","R","BOSS"],"items_purchased_type":["Card","Card","Card","Potion"],"build_version":"2020-12-22","purchased_purges":0,"victory":false,"max_hp_per_floor":[75,75,75,75,75,75,75,75,75,75,75,75,75,75,75,75,75,75,75,75,75,75,75,75,75,75,75,75,75,75,75,75,75,75],"card_choices":[{"not_picked":["Bandage Up","Replay:Sssssssssstrike"],"picked":"Dramatic Entrance","floor":0.0},{"not_picked":["Warcry","Reckless Charge"],"picked":"Armaments","floor":1.0},{"not_picked":["Carnage","Life Link"],"picked":"Flame Barrier","floor":4.0},{"not_picked":["Intimidate","hubris:SharpeningStone"],"picked":"ReplayTheSpireMod:Limb From Limb","floor":6.0},{"not_picked":["Sever Soul","Disarm"],"picked":"Perfected Strike","floor":8.0},{"not_picked":["Perfected Strike","Juggernaut"],"picked":"Battle Trance","floor":14.0},{"not_picked":["Brutality","Hemogenesis"],"picked":"Demon Form","floor":16.0},{"not_picked":["Clash","Wild Strike"],"picked":"Shrug It Off","floor":18.0},{"not_picked":["Perfected Strike","Burning Pact"],"picked":"Headbutt","floor":20.0},{"not_picked":["Fire Breathing","Twin Strike"],"picked":"Warcry","floor":21.0},{"not_picked":["ReplayTheSpireMod:Scrap Shanks","Power Through","Flying Knee"],"picked":"SKIP","floor":24.0},{"not_picked":["champ:Shatter","Guardian:PrismaticBeam"],"picked":"Survey Options","floor":28.0},{"not_picked":["SandsOfTime","Guardian:VentSteam","Replay:Vibes"],"picked":"SKIP","floor":29.0},{"not_picked":["Bloodletting","Intimidate"],"picked":"Reaper","floor":30.0},{"not_picked":["champ:AdrenalArmor","hexamod:NightmareStrike"],"picked":"ThirdEye","floor":31}],"player_experience":1288752,"relics_obtained":[{"floor":6.0,"key":"Regal Pillow"},{"floor":9.0,"key":"Blood Vial"},{"floor":14.0,"key":"reliquary:PrincelyHelmet"},{"floor":21.0,"key":"PrismaticShard"},{"floor":26.0,"key":"Bag of Preparation"},{"floor":30.0,"key":"reliquary:NewFriend"}],"event_choices":[{"damage_healed":0.0,"max_hp_gain":0.0,"max_hp_loss":0.0,"gold_gain":0.0,"event_name":"Big Fish","player_choice":"Box","floor":2.0,"gold_loss":0.0,"damage_taken":0.0,"relics_obtained":["MealTicket"],"cards_obtained":["Regret"]},{"cards_removed":["Regret"],"damage_healed":0.0,"max_hp_gain":0.0,"max_hp_loss":0.0,"gold_gain":0.0,"event_name":"Golden Wing","player_choice":"Card Removal","floor":3.0,"gold_loss":0.0,"damage_taken":7.0},{"damage_healed":0.0,"max_hp_gain":0.0,"max_hp_loss":0.0,"gold_gain":0.0,"event_name":"Scrap Ooze","player_choice":"Success","floor":7.0,"gold_loss":0.0,"damage_taken":18.0,"relics_obtained":["Lantern"]},{"damage_healed":0.0,"max_hp_gain":0.0,"max_hp_loss":0.0,"gold_gain":0.0,"event_name":"conspire:LoneGhost","player_choice":"Argue","floor":11.0,"gold_loss":0.0,"damage_taken":0.0},{"damage_healed":0.0,"max_hp_gain":0.0,"max_hp_loss":0.0,"gold_gain":0.0,"event_name":"Dead Adventurer","player_choice":"Searched \u00270\u0027 times","floor":12.0,"gold_loss":0.0,"damage_taken":0.0},{"damage_healed":0.0,"max_hp_gain":0.0,"max_hp_loss":0.0,"gold_gain":0.0,"event_name":"The Library","player_choice":"Read","floor":19.0,"gold_loss":0.0,"damage_taken":0.0,"cards_obtained":["Pummel"]},{"damage_healed":0.0,"max_hp_gain":0.0,"max_hp_loss":0.0,"gold_gain":0.0,"event_name":"Designer","player_choice":"Upgrade","floor":22.0,"gold_loss":50.0,"damage_taken":0.0,"cards_upgraded":["Demon Form"]}],"is_beta":false,"boss_relics":[{"not_picked":["Electric Blood","halation:PinkAlligatorPlush"],"picked":"Replay:Grab Bag"},{"not_picked":["conspire:RoyalGoblet","halation:CatFaceCupcake"],"picked":"conspire:SlowCooker"},{"not_picked":["reliquary:KinkedSpring","Abe\u0027s Treasure"],"picked":"Coffee Dripper"},{"not_picked":["halation:LoveArrow","hubris:Stopwatch"],"picked":"hubris:Backtick"}],"items_purged_floors":[],"is_endless":false,"potions_floor_spawned":[1,4,8,20,28,29,31],"killed_by":"conspire:MysteriousRune","ascension_level":20}}