{"host":"t6r1isv2bex5ovch","time":1614178857,"event":{"mods":["AchievementEnabler","Act Like it!","Aspiration","BaseMod","Better Altar","Better Match","Better Note","Better Sensory Stone","Better Skull","Better Third Choice","Better Vampires","Bossed Relics","Colored Powertips","Displayed Cursed Tome","Evolution","Fox Events","Gremlin Skip","Highlight Path","Hubris","Infinite Spire","Minty Spire (QoL Compilation)","Reliquary","Ruina","Spire Arcade","StSLib"],"gold_per_floor":[17,28,28,28,45,73,73,99,125,125,163,179,212,12,12,141,141,166,182,82,100,100,131,155,189,242,242,117,137,62,97,97,226,226,245,245,245,259,259,259,290,290,290,308,308,433,212,212,212,335,335,340,352,352,352,452,473,475,230,254,260,260,269,269,269,269,384,384,412,312,312,312,323,323,210,244,244,276,337,367,400,400,400,537,537,572,572,220,262,262,280,280,311,311,346,399,460,460,460,460,624,624,666,678,678,745,387,477,548,615,615,465,528,613,503,593,593,769,769,832,916,916,688,753,840,908,988,988,1058,1058,1153,1222,1222,1222,1401,1401,1466,1301,1366,1436,1436,1492,1492,1549,1549,1633,1633,1708,1708,1117,1117,1131,1131],"floor_reached":152,"language":"ENG","playtime":10854,"items_purged":["Defend_B","Defend_B","Defend_B","Dualcast","Ball Lightning","Ball Lightning","Ball Lightning","Ball Lightning","Adrenaline","Conserve Battery+1","Zap+1","Panacea+1","White Noise+1","hubris:EnhanceAbility+1","CutThroughFate+1"],"score":4413,"play_id":"7bf13926-2332-497c-9463-8d1b91c1f472","local_time":"20210225020057","is_ascension_mode":true,"campfire_choices":[{"floor":7.0,"key":"RECALL"},{"data":"Self Repair","floor":15.0,"key":"SMITH"},{"data":"hubris:SlightOfHand","floor":27.0,"key":"SMITH"},{"data":"Zap","floor":32.0,"key":"SMITH"},{"data":"Reboot","floor":40.0,"key":"SMITH"},{"data":"Panacea","floor":42.0,"key":"SMITH"},{"data":"Storm","floor":49.0,"key":"SMITH"},{"data":"Conserve Battery","floor":49.0,"key":"SMITH"},{"floor":62.0,"key":"REST"},{"floor":66.0,"key":"REST"},{"data":"Wish","floor":74.0,"key":"SMITH"},{"data":"Wish","floor":100,"key":"SMITH"}],"circlet_count":6,"master_deck":["hubris:SlightOfHand+1","Storm+1","Wish+1","Feed+1"],"relics":["Cracked Core","EVO:Axolotl","reliquary:OuijaBoard","Bag of Preparation","aspiration:FrozenJewel","Golden Idol","reliquary:IridiumChain","reliquary:BoilingFlask","aspiration:BursterCore","PrismaticShard","Lantern","Circlet","hubris:ToyBattleship","hubris:CrystalStatue","Inserter","hubris:Towel","hubris:Potato","InkBottle","hubris:ScarierMask","aspiration:HatOfInfinitePower","infinitespire:Lucky Rock","Bag of Marbles","infinitespire:SolderingIron","Membership Card","Potion Belt","Vajra","Coffee Dripper","hubris:Icosahedron","Singing Bowl","aspiration:AnachronicSnailShell","aspiration:IroncladSkillbook","aspiration:DSix","PreservedInsect","aspiration:SeaSaltIceCream","Burning Blood","hubris:GlazedTorus","Blood Vial","infinitespire:Golems Mask","reliquary:WritOfMandamus","DataDisk","Ice Cream","reliquary:RoseTintedGlasses","Thread and Needle","Odd Mushroom","Oddly Smooth Stone","reliquary:Vitrine","hubris:Stopwatch","Red Mask","hubris:BottledHeart","Juzu Bracelet","aspiration:ArtOfWarUpgrade","Sling","infinitespire:Bottled Soul","Molten Egg 2","infinitespire:BottledMercury","reliquary:WeakTea","Pear","infinitespire:Cupcake","hubris:MobiusCoin","infinitespire:WardingShard","Anchor","reliquary:Firecrackers","hubris:64BitClover","Unceasing Top","HandDrill","Meat on the Bone","Strawberry"],"acts_visited":["Exordium","TheCity","TheBeyond","ruina:Briah","TheBeyond","Exordium","TheCity","TheBeyond"],"potions_floor_usage":[120],"damage_taken":[{"damage":0.0,"enemies":"Cultist","floor":1.0,"turns":2.0},{"damage":2.0,"enemies":"Jaw Worm","floor":2.0,"turns":2.0},{"damage":0.0,"enemies":"Small Slimes","floor":5.0,"turns":2.0},{"damage":20.0,"enemies":"Lagavulin","floor":6.0,"turns":3.0},{"damage":13.0,"enemies":"3 Sentries","floor":8.0,"turns":5.0},{"damage":14.0,"enemies":"Lagavulin","floor":11.0,"turns":4.0},{"damage":0.0,"enemies":"Blue Slaver","floor":12.0,"turns":3.0},{"damage":3.0,"enemies":"3 Sentries","floor":13.0,"turns":6.0},{"damage":18.0,"enemies":"Hexaghost","floor":16.0,"turns":6.0},{"damage":9.0,"enemies":"3 Byrds","floor":18.0,"turns":3.0},{"damage":20.0,"enemies":"2 Thieves","floor":19.0,"turns":3.0},{"damage":3.0,"enemies":"Cultist and Chosen","floor":21.0,"turns":4.0},{"damage":57.0,"enemies":"Nightmare","floor":23.0,"turns":6.0},{"damage":24.0,"enemies":"Centurion and Healer","floor":24.0,"turns":3.0},{"damage":34.0,"enemies":"Book of Stabbing","floor":25.0,"turns":4.0},{"damage":3.0,"enemies":"Snecko","floor":29.0,"turns":3.0},{"damage":10.0,"enemies":"Slavers","floor":31.0,"turns":3.0},{"damage":0.0,"enemies":"Automaton","floor":33.0,"turns":1.0},{"damage":0.0,"enemies":"3 Shapes","floor":35.0,"turns":2.0},{"damage":0.0,"enemies":"Orb Walker","floor":36.0,"turns":1.0},{"damage":16.0,"enemies":"Sphere and 2 Shapes","floor":38.0,"turns":3.0},{"damage":0.0,"enemies":"Giant Head","floor":41.0,"turns":3.0},{"damage":0.0,"enemies":"3 Darklings","floor":44.0,"turns":3.0},{"damage":0.0,"enemies":"infinitespire:Three Voidlings","floor":46.0,"turns":1.0},{"damage":0.0,"enemies":"Nightmare_Alpha","floor":46.0,"turns":1.0},{"damage":0.0,"enemies":"infinitespire:MassOfShapes","floor":50.0,"turns":1.0},{"damage":0.0,"enemies":"Cultist","floor":52.0,"turns":1.0},{"damage":0.0,"enemies":"Small Slimes","floor":53.0,"turns":1.0},{"damage":0.0,"enemies":"Nightmare","floor":57.0,"turns":1.0},{"damage":0.0,"enemies":"2 Louse","floor":58.0,"turns":1.0},{"damage":0.0,"enemies":"2 Fungi Beasts","floor":61.0,"turns":1.0},{"damage":0.0,"enemies":"Looter","floor":63.0,"turns":1.0},{"damage":0.0,"enemies":"Slime Boss","floor":67.0,"turns":1.0},{"damage":0.0,"enemies":"ruina:BadWolf","floor":69.0,"turns":1.0},{"damage":0.0,"enemies":"ruina:3_Bats","floor":73.0,"turns":1.0},{"damage":0.0,"enemies":"ruina:Woodsman","floor":76.0,"turns":1.0},{"damage":0.0,"enemies":"ruina:KingOfGreed","floor":78.0,"turns":1.0},{"damage":0.0,"enemies":"ruina:RoadHome","floor":79.0,"turns":1.0},{"damage":0.0,"enemies":"ruina:KnightOfDespair","floor":80.0,"turns":1.0},{"damage":0.0,"enemies":"ruina:Nos_and_Bat","floor":81.0,"turns":1.0},{"damage":0.0,"enemies":"ruina:JesterOfNihil","floor":84.0,"turns":1.0},{"damage":0.0,"enemies":"Orb Walker","floor":86.0,"turns":1.0},{"damage":0,"enemies":"3 Shapes","floor":89,"turns":1},{"damage":0,"enemies":"Nightmare","floor":91,"turns":1},{"damage":0,"enemies":"Transient","floor":93,"turns":1},{"damage":0,"enemies":"Maw","floor":95,"turns":1},{"damage":0,"enemies":"Nemesis","floor":96,"turns":1},{"damage":0,"enemies":"3 Darklings","floor":97,"turns":1},{"damage":0,"enemies":"Donu and Deca","floor":101,"turns":1},{"damage":0,"enemies":"Jaw Worm","floor":103,"turns":1},{"damage":0,"enemies":"infinitespire:Voidling","floor":104,"turns":1},{"damage":0,"enemies":"Small Slimes","floor":106,"turns":1},{"damage":0,"enemies":"Gremlin Nob","floor":108,"turns":1},{"damage":0,"enemies":"Exordium Thugs","floor":109,"turns":1},{"damage":0,"enemies":"2 Fungi Beasts","floor":110,"turns":1},{"damage":0,"enemies":"Large Slime","floor":113,"turns":1},{"damage":0,"enemies":"The Mushroom Lair","floor":114,"turns":1},{"damage":0,"enemies":"Lagavulin","floor":116,"turns":1},{"damage":0,"enemies":"Slime Boss","floor":118,"turns":1},{"damage":0,"enemies":"Chosen","floor":120,"turns":1},{"damage":0,"enemies":"Masked Bandits","floor":121,"turns":1},{"damage":0,"enemies":"Spheric Guardian","floor":124,"turns":1},{"damage":0,"enemies":"Nightmare","floor":125,"turns":1},{"damage":0,"enemies":"Snecko","floor":126,"turns":1},{"damage":0,"enemies":"Gremlin Leader","floor":127,"turns":1},{"damage":0,"enemies":"Sentry and Sphere","floor":129,"turns":1},{"damage":0,"enemies":"Slavers","floor":131,"turns":1},{"damage":0,"enemies":"3 Cultists","floor":132,"turns":1},{"damage":0,"enemies":"Champ","floor":135,"turns":1},{"damage":0,"enemies":"Orb Walker","floor":137,"turns":1},{"damage":0,"enemies":"3 Shapes","floor":139,"turns":1},{"damage":0,"enemies":"Transient","floor":140,"turns":1},{"damage":0,"enemies":"Nemesis","floor":142,"turns":1},{"damage":0,"enemies":"Reptomancer","floor":144,"turns":1},{"damage":0,"enemies":"Mind Bloom Boss Battle","floor":146,"turns":1},{"damage":0,"enemies":"2 Orb Walkers","floor":148,"turns":1},{"damage":10,"enemies":"infinitespire:LordOfFortification","floor":152,"turns":2}],"seed_played":"7760735692582833130","potions_obtained":[{"floor":1.0,"key":"Explosive Potion"},{"floor":2.0,"key":"PowerPotion"},{"floor":5.0,"key":"SkillPotion"},{"floor":11.0,"key":"FairyPotion"},{"floor":21.0,"key":"Explosive Potion"},{"floor":23.0,"key":"SmokeBomb"},{"floor":24.0,"key":"CultistPotion"},{"floor":29.0,"key":"BlessingOfTheForge"},{"floor":38.0,"key":"LiquidBronze"},{"floor":50.0,"key":"SteroidPotion"},{"floor":52.0,"key":"LiquidBronze"},{"floor":63.0,"key":"DuplicationPotion"},{"floor":73.0,"key":"CultistPotion"},{"floor":84.0,"key":"BlessingOfTheForge"},{"floor":86.0,"key":"Ancient Potion"},{"floor":93,"key":"LiquidMemories"},{"floor":95,"key":"Block Potion"},{"floor":96,"key":"DistilledChaos"},{"floor":106,"key":"Explosive Potion"},{"floor":110,"key":"SmokeBomb"},{"floor":114,"key":"DuplicationPotion"},{"floor":120,"key":"Strength Potion"},{"floor":126,"key":"Fire Potion"}],"is_trial":false,"path_per_floor":["M","M","$","?","M","E","R","E","T","?","E","M","E","$","R","B",null,"M","M","$","M","AVR","NM","M","E","T","R","$","M","?","E","R","B",null,"M","M","?","M","AVR","R","E","R","T","M","?","?","$","?","R","B",null,"M","M","AVR","T","?","NM","M","$","T","M","R","M","?","?","R","B",null,"M","$","?","?","M","R","$","M","T","M","E","M","M","?","R","B",null,"M","?","$","M","?","NM","R","M","T","M","E","M","AVR","?","R","B",null,"M","M","?","M","$","E","M","M","T","$","M","?","$","E","R","B",null,"M","?","?","$","M","NM","M","E","T","M","R","E","M","AVR","R","B",null,"M","$","M","M","?","E","R","E","T","?","?","?","?","$","R","B"],"character_chosen":"DEFECT","items_purchased":["PotionOfCapacity","SkillPotion","Storm","Membership Card","aspiration:DSix","PreservedInsect","DataDisk","Ice Cream","PotionOfCapacity","Oddly Smooth Stone","Juzu Bracelet","Art of War","Sling","hubris:MobiusCoin","PotionOfCapacity","HandDrill","Meat on the Bone","Strawberry","Feed+1","LiquidMemories","Swift Potion"],"campfire_rested":2,"item_purchase_floors":[14,14,47,59,88,88,107,107,115,115,123,123,123,138,138,150,150,150,150,150,150],"current_hp_per_floor":[75,73,73,73,73,53,53,40,40,40,33,40,44,44,44,36,69,69,59,59,69,69,32,28,40,40,40,40,69,69,69,69,69,69,69,69,69,53,53,53,69,69,69,69,69,69,69,69,69,69,69,69,69,69,69,69,69,69,69,69,69,69,69,69,69,69,69,69,69,69,69,69,69,69,69,69,69,71,73,75,77,93,93,95,95,97,100,100,102,97,99,99,101,101,103,103,105,105,81,81,95,109,111,113,85,99,99,113,119,121,121,121,123,125,125,127,127,129,129,129,131,1,1,1,1,1,1,1,1,1,1,1,1,1,1,1,1,1,1,1,1,1,1,1,1,1,1,1,1,1,1,0,0],"gold":1131,"neow_bonus":"ONE_RARE_RELIC","is_daily":false,"chose_seed":false,"campfire_upgraded":9,"win_rate":0.0,"timestamp":1614178857,"path_taken":["M","M","?","?","M","E","R","E","T","?","E","M","E","$","R","BOSS","M","M","$","M","AVR","NM","M","E","T","R","$","M","?","E","R","BOSS","M","?","?","M","AVR","R","E","R","T","M","?","?","?","?","R","BOSS","M","M","AVR","?","?","NM","M","$","T","?","R","M","?","?","R","BOSS","BOSS","M","$","?","?","M","R","$","M","T","M","E","M","M","?","R","BOSS","M","?","$","M","?","NM","R","M","T","M","E","M","AVR","?","R","BOSS","M","M","?","M","$","E","M","M","T","$","M","?","?","E","R","BOSS","M","?","?","$","M","NM","M","E","T","M","R","E","M","AVR","R","BOSS","M","$","M","M","?","E","R","E","T","?","?","?","?","$","R","BOSS"],"items_purchased_type":["Potion","Potion","Card","Relic","Relic","Relic","Relic","Relic","Potion","Relic","Relic","Relic","Relic","Relic","Potion","Relic","Relic","Relic","Card","Potion","Potion"],"build_version":"2020-12-22","purchased_purges":15,"victory":false,"max_hp_per_floor":[75,75,75,75,75,75,75,75,75,69,69,69,69,69,69,69,69,69,69,69,69,69,69,69,69,69,69,69,69,69,69,69,69,69,69,69,69,69,69,69,69,69,69,69,69,69,69,69,69,69,69,69,69,69,69,69,69,69,69,69,69,69,69,69,69,69,69,69,69,69,69,69,69,69,69,69,69,71,73,75,77,93,93,95,95,97,100,100,102,97,99,99,101,101,103,103,105,105,107,107,109,109,111,113,113,115,115,117,119,121,121,121,123,125,125,127,127,129,129,129,131,1,1,1,1,1,1,1,1,1,1,1,1,1,1,1,1,1,1,1,1,1,1,1,1,1,1,1,1,1,1,1,1],"card_choices":[{"not_picked":["Chaos","Redo","Barrage"],"picked":"SKIP","floor":1.0},{"not_picked":["Gash","Steam"],"picked":"Conserve Battery","floor":2.0},{"not_picked":["Stack","Barrage","Go for the Eyes"],"picked":"SKIP","floor":5.0},{"not_picked":["Sweeping Beam","hubris:DoWhile","Double Energy"],"picked":"SKIP","floor":6.0},{"not_picked":["Sweeping Beam","hubris:DoWhile","Double Energy"],"picked":"SKIP","floor":6.0},{"not_picked":["Cold Snap","Recycle"],"picked":"Self Repair","floor":8.0},{"not_picked":["Heatsinks","Steam Power","Steam"],"picked":"SKIP","floor":11.0},{"not_picked":["Barrage","Sweeping Beam","Steam"],"picked":"SKIP","floor":12.0},{"not_picked":["Streamline","Lockon","Coolheaded"],"picked":"SKIP","floor":13.0},{"not_picked":["Rainbow","hubris:DoWhile"],"picked":"Reboot","floor":16.0},{"not_picked":["Capacitor","Stack","Cold Snap+1"],"picked":"SKIP","floor":18.0},{"not_picked":["Compile Driver","aspiration:Polymerization","Tempest+1"],"picked":"SKIP","floor":19.0},{"not_picked":["Compile Driver","Coolheaded"],"picked":"White Noise+1","floor":21.0},{"not_picked":["True Grit+1","PiercingWail","Clash"],"picked":"SKIP","floor":23.0},{"not_picked":["Envenom","Storm"],"picked":"Panacea","floor":24.0},{"not_picked":["hubris:PowerSurge","Sword Boomerang"],"picked":"hubris:SlightOfHand","floor":25.0},{"not_picked":["hubris:SharpeningStone","Reckless Charge","PathToVictory"],"picked":"SKIP","floor":29.0},{"not_picked":["Mayhem+1","Secret Weapon+1"],"picked":"hubris:EnhanceAbility+1","floor":30.0},{"not_picked":["Deep Breath","Fasting2","hubris:ReadiedAction+1"],"picked":"SKIP","floor":31.0},{"not_picked":["All Out Attack+1","Poisoned Stab","Dagger Spray"],"picked":"SKIP","floor":35.0},{"not_picked":["Tactician","Armaments","Dark Embrace+1"],"picked":"SKIP","floor":38.0},{"not_picked":["Gash+1","Halt+1","ClearTheMind"],"picked":"SKIP","floor":41.0},{"not_picked":["Entrench","Vengeance","Meteor Strike"],"picked":"SKIP","floor":44.0},{"not_picked":["Metamorphosis","Unload"],"picked":"Adrenaline","floor":50.0},{"not_picked":["infinitespire:OneForAll","Poisoned Stab","Protect"],"picked":"SKIP","floor":52.0},{"not_picked":["PathToVictory","Trip","Turbo"],"picked":"SKIP","floor":53.0},{"not_picked":["ClearTheMind","Reckless Charge","SignatureMove"],"picked":"SKIP","floor":57.0},{"not_picked":["Warcry","Leap","Sword Boomerang"],"picked":"SKIP","floor":58.0},{"not_picked":["Outmaneuver","Steam","Creative AI"],"picked":"SKIP","floor":61.0},{"not_picked":["Shrug It Off","Flying Knee","Crescendo"],"picked":"SKIP","floor":63.0},{"not_picked":["Thunder Strike","Magnetism"],"picked":"Wish","floor":67.0},{"not_picked":["WheelKick","Turbo","Wallop+1"],"picked":"SKIP","floor":69.0},{"not_picked":["Hello World","Dash","Clash+1"],"picked":"SKIP","floor":73.0},{"not_picked":["Body Slam","Fire Breathing","ForeignInfluence"],"picked":"SKIP","floor":76.0},{"not_picked":["PanicButton+1","Steam Power","Flying Knee"],"picked":"Singing Bowl","floor":78.0},{"not_picked":["Poisoned Stab","Weave","Cold Snap"],"picked":"Singing Bowl","floor":79.0},{"not_picked":["Wild Strike","Distraction","Underhanded Strike"],"picked":"Singing Bowl","floor":80.0},{"not_picked":["SashWhip","ruina:FadedMemories","Dual Wield"],"picked":"Singing Bowl","floor":81.0},{"not_picked":["Storm of Steel","MasterReality","Ragnarok"],"picked":"Singing Bowl","floor":84.0},{"not_picked":["Flex+1","Backflip","FlyingSleeves","LikeWater+1"],"picked":"Singing Bowl","floor":86.0},{"not_picked":["Armaments","Bane+1","Consecrate+1","Glacier"],"picked":"Singing Bowl","floor":89},{"not_picked":["Havoc+1","Turbo","Protect+1","Shrug It Off"],"picked":"Singing Bowl","floor":91},{"not_picked":["Blood for Blood+1","Catalyst","Flying Knee+1","Stack+1"],"picked":"Singing Bowl","floor":93},{"not_picked":["FlyingSleeves","Prepared","ruina:Nihil","ClearTheMind+1"],"picked":"Singing Bowl","floor":95},{"not_picked":["Armaments","Shockwave+1","Force Field+1"],"picked":"Wish","floor":96},{"not_picked":["Hologram+1","Prepared","Caltrops+1","Indignation"],"picked":"Singing Bowl","floor":97},{"not_picked":["infinitespire:Collect","infinitespire:SealOfDarkness+","infinitespire:TheBestDefense"],"picked":"Singing Bowl","floor":99},{"not_picked":["ruina:Nihil","Brutality","Juggernaut","ruina:Lumber"],"picked":"Singing Bowl","floor":101},{"not_picked":["Blur","ClearTheMind","Barrage","Sword Boomerang"],"picked":"Singing Bowl","floor":103},{"not_picked":["Turbo","Genetic Algorithm","Redo","Clash"],"picked":"Singing Bowl","floor":104},{"not_picked":["Warcry","Cold Snap","Finesse","FTL"],"picked":"Singing Bowl","floor":106},{"not_picked":["Havoc","Carnage","Evaluate","PiercingWail"],"picked":"Singing Bowl","floor":108},{"not_picked":["Acrobatics","PathToVictory","Indignation","Weave"],"picked":"Singing Bowl","floor":109},{"not_picked":["Heel Hook","Evaluate","Well Laid Plans","Uppercut"],"picked":"Singing Bowl","floor":110},{"not_picked":["FlyingSleeves","Heatsinks","Deflect","CarveReality"],"picked":"Singing Bowl","floor":113},{"not_picked":["Self Repair","Crippling Poison","Turbo","Armaments"],"picked":"Singing Bowl","floor":114},{"not_picked":["Fire Breathing","ThirdEye","DevaForm","Clothesline"],"picked":"Singing Bowl","floor":116},{"not_picked":["Bludgeon","ruina:FadedMemories","Multi-Cast","DeusExMachina"],"picked":"Singing Bowl","floor":118},{"not_picked":["Entrench","Wild Strike+1","hubris:SlightOfHand"],"picked":"CutThroughFate+1","floor":120},{"not_picked":["Entrench","PanicButton","Collect+1","SandsOfTime"],"picked":"Singing Bowl","floor":121},{"not_picked":["Static Discharge","Armaments","Lockon","Carnage"],"picked":"Singing Bowl","floor":124},{"not_picked":["infinitespire:SevenWalls","infinitespire:UltimateForm","infinitespire:Fortify"],"picked":"Singing Bowl","floor":125},{"not_picked":["Defragment","Body Slam","Acrobatics+1","Concentrate"],"picked":"Singing Bowl","floor":125},{"not_picked":["Turbo+1","Cleave","Perfected Strike","Protect+1"],"picked":"Singing Bowl","floor":126},{"not_picked":["Dagger Spray+1","Madness","Prepared+1","Quick Slash+1"],"picked":"Singing Bowl","floor":127},{"not_picked":["PathToVictory+1","Tactician","Quick Slash+1","Metallicize+1"],"picked":"Singing Bowl","floor":129},{"not_picked":["Reprogram","Recycle","MentalFortress+1","Sword Boomerang+1"],"picked":"Singing Bowl","floor":131},{"not_picked":["EmptyFist+1","EmptyBody","Finesse","Leap"],"picked":"Singing Bowl","floor":132},{"not_picked":["Wish","MasterReality","Juggernaut","Impervious"],"picked":"Singing Bowl","floor":135},{"not_picked":["Twin Strike+1","Heel Hook+1","WreathOfFlame+1","EmptyBody+1"],"picked":"Singing Bowl","floor":137},{"not_picked":["Clothesline+1","Enlightenment","Backflip","Sucker Punch+1"],"picked":"Singing Bowl","floor":139},{"not_picked":["Accuracy+1","Flash of Steel+1","WheelKick+1","Choke+1"],"picked":"Singing Bowl","floor":140},{"not_picked":["Tantrum+1","Consecrate+1","hubris:ReadiedAction+1","Ghostly Armor+1"],"picked":"Singing Bowl","floor":142},{"not_picked":["Acrobatics","Collect","FlyingSleeves+1","Gash+1"],"picked":"Singing Bowl","floor":144},{"not_picked":["hubris:SlightOfHand","Dropkick+1","Deflect+1","Hologram"],"picked":"Singing Bowl","floor":146},{"not_picked":["Force Field+1","Finisher+1","Gash+1","EmptyBody"],"picked":"Singing Bowl","floor":148}],"player_experience":412605,"relics_obtained":[{"floor":6.0,"key":"Bag of Preparation"},{"floor":8.0,"key":"aspiration:FrozenJewel"},{"floor":11.0,"key":"reliquary:IridiumChain"},{"floor":13.0,"key":"reliquary:BoilingFlask"},{"floor":23.0,"key":"Lantern"},{"floor":25.0,"key":"halation:LettersToHer"},{"floor":26.0,"key":"hubris:ToyBattleship"},{"floor":26.0,"key":"halation:LettersToHer"},{"floor":31.0,"key":"hubris:CrystalStatue"},{"floor":41.0,"key":"hubris:Potato"},{"floor":43.0,"key":"halation:LettersToHer"},{"floor":43.0,"key":"InkBottle"},{"floor":46.0,"key":"halation:PenCase"},{"floor":55.0,"key":"infinitespire:Lucky Rock"},{"floor":55.0,"key":"Bag of Marbles"},{"floor":57.0,"key":"infinitespire:SolderingIron"},{"floor":60.0,"key":"Potion Belt"},{"floor":60.0,"key":"Vajra"},{"floor":77.0,"key":"Singing Bowl"},{"floor":79.0,"key":"aspiration:AnachronicSnailShell"},{"floor":91,"key":"aspiration:SeaSaltIceCream"},{"floor":94,"key":"hubris:GlazedTorus"},{"floor":96,"key":"Blood Vial"},{"floor":108,"key":"reliquary:RoseTintedGlasses"},{"floor":111,"key":"Thread and Needle"},{"floor":114,"key":"Odd Mushroom"},{"floor":116,"key":"reliquary:Vitrine"},{"floor":121,"key":"Red Mask"},{"floor":125,"key":"infinitespire:Bottled Soul"},{"floor":127,"key":"Molten Egg 2"},{"floor":128,"key":"infinitespire:BottledMercury"},{"floor":131,"key":"reliquary:WeakTea"},{"floor":142,"key":"infinitespire:WardingShard"},{"floor":144,"key":"Anchor"},{"floor":145,"key":"reliquary:Firecrackers"},{"floor":146,"key":"hubris:64BitClover"},{"floor":148,"key":"Unceasing Top"}],"event_choices":[{"damage_healed":0.0,"max_hp_gain":0.0,"max_hp_loss":6.0,"gold_gain":0.0,"event_name":"Golden Idol","player_choice":"Lose Max HP","floor":10.0,"gold_loss":0.0,"damage_taken":0.0,"relics_obtained":["Golden Idol"]},{"damage_healed":0.0,"max_hp_gain":0.0,"max_hp_loss":0.0,"gold_gain":0.0,"event_name":"betterMatch:BetterMatch","player_choice":"3","floor":30.0,"gold_loss":0.0,"damage_taken":0.0,"cards_obtained":["betterMatch:ColorlessRareCard"]},{"cards_removed":["Self Repair"],"damage_healed":0.0,"max_hp_gain":0.0,"max_hp_loss":0.0,"gold_gain":0.0,"event_name":"Falling","player_choice":"Removed Power","floor":45.0,"gold_loss":0.0,"damage_taken":0.0},{"damage_healed":0.0,"max_hp_gain":0.0,"max_hp_loss":0.0,"gold_gain":100.0,"event_name":"Golden Shrine","player_choice":"Pray","floor":56.0,"gold_loss":0.0,"damage_taken":0.0},{"damage_healed":0,"gold_gain":0,"player_choice":"Max HP","damage_taken":0,"max_hp_gain":0,"max_hp_loss":5,"event_name":"Winding Halls","floor":90,"gold_loss":0},{"damage_healed":0,"gold_gain":0,"player_choice":"Take Damage","damage_taken":28,"relics_obtained":["Circlet"],"max_hp_gain":0,"max_hp_loss":0,"event_name":"Golden Idol","floor":105,"gold_loss":0},{"damage_healed":0,"gold_gain":0,"player_choice":"Fought Mushrooms","damage_taken":0,"max_hp_gain":0,"max_hp_loss":0,"event_name":"Mushrooms","floor":114,"gold_loss":0},{"damage_healed":0,"gold_gain":0,"player_choice":"Fought Bandits","damage_taken":0,"max_hp_gain":0,"max_hp_loss":0,"event_name":"Masked Bandits","floor":121,"gold_loss":0},{"cards_removed":["Wish"],"damage_healed":0,"gold_gain":0,"player_choice":"Removed Skill","damage_taken":0,"max_hp_gain":0,"max_hp_loss":0,"event_name":"Falling","floor":141,"gold_loss":0},{"damage_healed":0,"gold_gain":0,"player_choice":"Fight","damage_taken":0,"max_hp_gain":0,"max_hp_loss":0,"event_name":"MindBloom","floor":146,"gold_loss":0},{"damage_healed":0,"gold_gain":0,"player_choice":"Ignored","damage_taken":0,"max_hp_gain":0,"max_hp_loss":0,"event_name":"Purifier","floor":147,"gold_loss":0},{"damage_healed":0,"gold_gain":0,"player_choice":"Fight","damage_taken":0,"max_hp_gain":0,"max_hp_loss":0,"event_name":"Mysterious Sphere","floor":148,"gold_loss":0},{"damage_healed":1,"gold_gain":0,"player_choice":"Heal","damage_taken":0,"max_hp_gain":0,"max_hp_loss":0,"event_name":"The Moai Head","floor":149,"gold_loss":0}],"is_beta":false,"boss_relics":[{"not_picked":["halation:SmartPhone","hubris:VirtuousBlindfold"],"picked":"aspiration:BursterCore"},{"not_picked":["halation:PlatinumPhoenix","Fusion Hammer"],"picked":"Inserter"},{"not_picked":["hubris:RunicObelisk","Pandora\u0027s Box"],"picked":"hubris:ScarierMask"},{"not_picked":["halation:SmartPhone","hubris:Stopwatch"],"picked":"Coffee Dripper"},{"not_picked":["Runic Dome","Circlet"],"picked":"aspiration:IroncladSkillbook"},{"not_picked":["Sozu","reliquary:Craggleroot"],"picked":"reliquary:WritOfMandamus"},{"not_picked":["hubris:VirtuousBlindfold","Tiny House"],"picked":"hubris:Stopwatch"},{"not_picked":["Sozu","Philosopher\u0027s Stone"],"picked":"infinitespire:Cupcake"}],"items_purged_floors":[14,20,22,28,39,47,54,59,70,75,88,98,107,112,150],"is_endless":true,"potions_floor_spawned":[1,2,5,11,21,23,24,29,36,38,50,52,53,63,73,78,84,86,93,95,96,104,106,110,114,116,120,126,127,132,139,140,148],"killed_by":"infinitespire:LordOfFortification","ascension_level":4}}