{"host":"k9djwzw02bmhn5cl","time":1614204197,"event":{"mods":["AchievementEnabler","BaseMod","Colored Map","Colored Powertips","Highlight Path","Minty Spire (QoL Compilation)","Quick Restart","Rare Cards Sparkle","StSLib"],"gold_per_floor":[112,112,112,127,45,79,79,99,99,115,140,140,215,227,227,332,332,349,349,349,364,390,390,35,35,58,73,89,103,51,51,51],"floor_reached":31,"language":"JPN","playtime":26402,"items_purged":["Bite"],"score":270,"play_id":"b517df5a-4b6d-4657-9d55-86d021be325d","local_time":"20210225070317","is_ascension_mode":false,"campfire_choices":[{"data":"Double Tap","floor":12,"key":"SMITH"},{"data":"Anger","floor":15,"key":"SMITH"},{"data":"Inflame","floor":23,"key":"SMITH"}],"circlet_count":0,"master_deck":["Defend_R+1","Defend_R+1","Defend_R+1","Defend_R+1","Secret Technique+1","Headbutt","Anger+1","Bloodletting","Cleave","Inflame+1","Double Tap+1","Warcry","Flex","Immolate","Dual Wield+1","Bite","Bite","Bite","Bite","RitualDagger","Flex","Rampage","Seeing Red","Bandage Up","Cleave+1","Reaper"],"relics":["Burning Blood","Magic Flower","Darkstone Periapt","Eternal Feather","Matryoshka","Red Mask","Oddly Smooth Stone","Blue Candle","Bronze Scales"],"acts_visited":["Exordium","TheCity"],"potions_floor_usage":[6,6,6,11,16,16,22,27,27],"damage_taken":[{"damage":0,"enemies":"2 Louse","floor":1,"turns":3},{"damage":2,"enemies":"Small Slimes","floor":4,"turns":4},{"damage":22,"enemies":"Gremlin Nob","floor":6,"turns":4},{"damage":0,"enemies":"Cultist","floor":8,"turns":3},{"damage":9,"enemies":"2 Fungi Beasts","floor":10,"turns":2},{"damage":20,"enemies":"3 Sentries","floor":11,"turns":5},{"damage":14,"enemies":"Red Slaver","floor":14,"turns":3},{"damage":62,"enemies":"Slime Boss","floor":16,"turns":13},{"damage":15,"enemies":"Chosen","floor":18,"turns":4},{"damage":47,"enemies":"Shell Parasite","floor":21,"turns":6},{"damage":0,"enemies":"Masked Bandits","floor":22,"turns":2},{"damage":37,"enemies":"Snecko","floor":27,"turns":5},{"damage":39,"enemies":"Centurion and Healer","floor":28,"turns":6},{"damage":14,"enemies":"Chosen and Byrds","floor":29,"turns":4},{"damage":3,"enemies":"Snecko","floor":31,"turns":2}],"seed_played":"9077671582584750908","potions_obtained":[{"floor":1,"key":"LiquidBronze"},{"floor":3,"key":"PowerPotion"},{"floor":3,"key":"SpeedPotion"},{"floor":8,"key":"Energy Potion"},{"floor":10,"key":"AttackPotion"},{"floor":14,"key":"GamblersBrew"},{"floor":16,"key":"AttackPotion"},{"floor":21,"key":"Weak Potion"},{"floor":22,"key":"Explosive Potion"},{"floor":29,"key":"Swift Potion"}],"is_trial":false,"path_per_floor":["M","?","?","M","$","E","?","M","T","M","E","R","T","M","R","B",null,"M","?","?","M","?","R","$","?","T","M","M","M","$","M"],"character_chosen":"IRONCLAD","items_purchased":["Bloodletting","Oddly Smooth Stone","Seeing Red","Bandage Up","Block Potion"],"campfire_rested":0,"item_purchase_floors":[5,24,24,24,30],"current_hp_per_floor":[72,72,72,72,72,56,56,65,65,65,54,63,63,58,67,14,72,66,50,44,30,42,50,50,50,50,31,25,35,35,50,50],"gold":51,"neow_bonus":"RANDOM_COLORLESS_2","is_daily":false,"chose_seed":false,"campfire_upgraded":3,"win_rate":0.0,"timestamp":1614204197,"path_taken":["M","?","?","?","$","E","?","?","T","M","E","R","?","M","R","BOSS","M","?","?","M","?","R","$","?","T","M","M","M","?","M"],"items_purchased_type":["Card","Relic","Card","Card","Potion"],"build_version":"2020-12-22","purchased_purges":1,"victory":false,"max_hp_per_floor":[72,72,72,72,72,72,72,72,72,72,72,72,72,72,72,72,72,72,50,50,50,50,50,50,50,50,50,50,50,50,50,50],"card_choices":[{"not_picked":["The Bomb","Master of Strategy"],"picked":"Secret Technique","floor":0},{"not_picked":["Clothesline","Heavy Blade"],"picked":"Headbutt","floor":1},{"not_picked":["Dual Wield","Flame Barrier"],"picked":"Anger","floor":4},{"not_picked":["Pummel","Reckless Charge"],"picked":"Cleave","floor":6},{"not_picked":["Rampage","Ghostly Armor"],"picked":"Inflame","floor":8},{"not_picked":["Intimidate","Whirlwind"],"picked":"Double Tap","floor":10},{"not_picked":["Uppercut","Second Wind"],"picked":"Warcry","floor":11},{"not_picked":["Clothesline","Headbutt"],"picked":"Flex","floor":14},{"not_picked":["Juggernaut","Exhume"],"picked":"Immolate","floor":16},{"not_picked":["Infernal Blade","Clothesline"],"picked":"Dual Wield+1","floor":18},{"not_picked":["Twin Strike","Ghostly Armor"],"picked":"Flex","floor":21},{"not_picked":["Flame Barrier","Shrug It Off+1"],"picked":"Rampage","floor":22},{"not_picked":["Clash","Whirlwind","Searing Blow"],"picked":"SKIP","floor":27},{"not_picked":["Twin Strike","Feel No Pain"],"picked":"Cleave+1","floor":28},{"not_picked":["Clash","Body Slam"],"picked":"Reaper","floor":29}],"player_experience":271662,"relics_obtained":[{"floor":6,"key":"Magic Flower"},{"floor":9,"key":"Darkstone Periapt"},{"floor":11,"key":"Eternal Feather"},{"floor":13,"key":"Matryoshka"},{"floor":22,"key":"Red Mask"},{"floor":26,"key":"Blue Candle"},{"floor":26,"key":"Bronze Scales"}],"event_choices":[{"damage_healed":0,"gold_gain":0,"player_choice":"Grow","damage_taken":0,"max_hp_gain":0,"max_hp_loss":0,"event_name":"Living Wall","floor":2,"gold_loss":0,"cards_upgraded":["Secret Technique"]},{"damage_healed":0,"gold_gain":0,"player_choice":"Got Potions","damage_taken":0,"max_hp_gain":0,"max_hp_loss":0,"event_name":"Lab","floor":3,"gold_loss":0},{"cards_removed":["Bash"],"damage_healed":0,"gold_gain":0,"player_choice":"Offered Basic","damage_taken":0,"max_hp_gain":0,"max_hp_loss":0,"event_name":"Bonfire Elementals","floor":7,"gold_loss":0},{"damage_healed":0,"gold_gain":0,"player_choice":"Became a vampire","damage_taken":0,"max_hp_gain":0,"max_hp_loss":22,"event_name":"Vampires","floor":19,"gold_loss":0,"cards_obtained":["Bite","Bite","Bite","Bite","Bite"]},{"damage_healed":0,"gold_gain":0,"player_choice":"Joined the Cult","damage_taken":6,"max_hp_gain":0,"max_hp_loss":0,"event_name":"Nest","floor":20,"gold_loss":0,"cards_obtained":["RitualDagger"]},{"damage_healed":0,"gold_gain":0,"player_choice":"Fought Bandits","damage_taken":0,"max_hp_gain":0,"max_hp_loss":0,"event_name":"Masked Bandits","floor":22,"gold_loss":0},{"damage_healed":0,"gold_gain":0,"player_choice":"Simplicity","damage_taken":0,"max_hp_gain":0,"max_hp_loss":0,"event_name":"Back to Basics","floor":25,"gold_loss":0,"cards_upgraded":["Defend_R","Defend_R","Defend_R","Defend_R"]}],"is_beta":false,"boss_relics":[{"not_picked":["Ectoplasm","Velvet Choker","Philosopher\u0027s Stone"]}],"items_purged_floors":[24],"is_endless":false,"potions_floor_spawned":[1,8,10,14,16,21,22,29],"killed_by":"Snecko","ascension_level":0}}