{"host":"zxkjcgzis4pm3za5","time":1614138249,"event":{"mods":["2.2 Compatiblity","AchievementEnabler","BaseMod","Colored Map","Colored Powertips","Minty Spire (QoL Compilation)","Quick Restart","Random Character Button","Relic Filter Mod","Relic Sorter","Relic Stats","StSLib","ojb\u0027s Info Mod"],"gold_per_floor":[117,267,282,282,301,301,335,380,458,476,476,401,421,460,460,460,460],"floor_reached":16,"language":"ENG","playtime":430,"items_purged":["Doubt"],"score":220,"play_id":"11decb4d-020b-421a-b9c1-6d0a56871c02","local_time":"20210224091409","is_ascension_mode":true,"campfire_choices":[{"data":"Blood for Blood","floor":6,"key":"SMITH"},{"data":"Metallicize","floor":15,"key":"SMITH"}],"circlet_count":0,"master_deck":["AscendersBane","Strike_R","Strike_R","Strike_R","Strike_R","Strike_R","Defend_R","Defend_R","Defend_R","Defend_R","Bash","Pommel Strike","Blood for Blood+1","Evolve","Dual Wield","Metallicize+1","Combust"],"relics":["Coffee Dripper","Golden Idol","Anchor","Orichalcum","Singing Bowl","Pen Nib"],"acts_visited":[],"potions_floor_usage":[13,16,16],"damage_taken":[{"damage":1,"enemies":"Cultist","floor":1,"turns":3},{"damage":0,"enemies":"Small Slimes","floor":3,"turns":2},{"damage":2,"enemies":"Jaw Worm","floor":5,"turns":3},{"damage":20,"enemies":"3 Sentries","floor":7,"turns":6},{"damage":9,"enemies":"Lots of Slimes","floor":10,"turns":5},{"damage":5,"enemies":"Exordium Wildlife","floor":13,"turns":4},{"damage":32,"enemies":"Gremlin Nob","floor":14,"turns":5},{"damage":6,"enemies":"Hexaghost","floor":16,"turns":6}],"seed_played":"4064822134213778589","potions_obtained":[{"floor":7,"key":"BlessingOfTheForge"},{"floor":10,"key":"EntropicBrew"},{"floor":13,"key":"ElixirPotion"}],"is_trial":false,"path_per_floor":["M","?","M","?","M","R","E","T","T","M","?","$","M","E","R","B"],"character_chosen":"IRONCLAD","items_purchased":[],"campfire_rested":0,"item_purchase_floors":[],"current_hp_per_floor":[67,67,67,67,65,65,45,45,45,36,41,41,38,6,6,0,0],"gold":460,"neow_bonus":"BOSS_RELIC","is_daily":false,"chose_seed":false,"campfire_upgraded":2,"win_rate":0.0,"timestamp":1614138249,"path_taken":["M","?","M","?","M","R","E","?","T","?","?","$","M","E","R","BOSS"],"items_purchased_type":[],"build_version":"2020-12-22","purchased_purges":1,"victory":false,"max_hp_per_floor":[75,75,75,68,68,68,68,68,68,68,73,73,75,75,75,75,75],"relic_stats":{"Singing Bowl":2,"counters":[8,34],"Golden Idol":27,"Pen Nib":[1],"Orichalcum":[60],"obtain_stats":[{"Anchor":7,"Singing Bowl":9,"Golden Idol":4,"Pen Nib":14,"Coffee Dripper":0,"Orichalcum":8,"Burning Blood":0},{"Anchor":4,"Singing Bowl":4,"Golden Idol":2,"Pen Nib":7,"Coffee Dripper":0,"Orichalcum":4,"Burning Blood":0},{"Anchor":14,"Singing Bowl":14,"Golden Idol":5,"Pen Nib":28,"Coffee Dripper":0,"Orichalcum":14,"Burning Blood":0}]},"card_choices":[{"not_picked":["Warcry","Twin Strike"],"picked":"Pommel Strike","floor":1},{"not_picked":["Twin Strike","Clash"],"picked":"Blood for Blood","floor":3},{"not_picked":["Flex","Havoc"],"picked":"Evolve","floor":5},{"not_picked":["Juggernaut","Perfected Strike"],"picked":"Dual Wield","floor":7},{"not_picked":["Wild Strike","Shrug It Off"],"picked":"Metallicize","floor":10},{"not_picked":["Wild Strike","Thunderclap","Havoc"],"picked":"Singing Bowl","floor":13},{"not_picked":["Dark Embrace","Thunderclap"],"picked":"Combust","floor":14}],"player_experience":430886,"relics_obtained":[{"floor":7,"key":"Anchor"},{"floor":8,"key":"Orichalcum"},{"floor":9,"key":"Singing Bowl"},{"floor":14,"key":"Pen Nib"}],"event_choices":[{"damage_healed":0,"gold_gain":150,"player_choice":"AGREE","damage_taken":0,"max_hp_gain":0,"max_hp_loss":0,"event_name":"Liars Game","floor":2,"gold_loss":0,"cards_obtained":["Doubt"]},{"damage_healed":0,"gold_gain":0,"player_choice":"Lose Max HP","damage_taken":0,"relics_obtained":["Golden Idol"],"max_hp_gain":0,"max_hp_loss":7,"event_name":"Golden Idol","floor":4,"gold_loss":0},{"damage_healed":0,"gold_gain":0,"player_choice":"Donut","damage_taken":0,"max_hp_gain":5,"max_hp_loss":0,"event_name":"Big Fish","floor":11,"gold_loss":0}],"is_beta":false,"boss_relics":[],"items_purged_floors":[12],"is_endless":false,"potions_floor_spawned":[7,10,13],"killed_by":"Hexaghost","ascension_level":20}}