{"host":"50per11302020","time":1614152939,"event":{"mods":["AchievementEnabler","BaseMod","Colored Map","Minty Spire (QoL Compilation)","Relic Stats","StSLib"],"gold_per_floor":[109,109,121,121,121,121,121,121,146,156,123,123,123,143,143,143,143],"floor_reached":16,"language":"ENG","playtime":401,"items_purged":[],"score":92,"play_id":"09ae87c6-899a-4112-936e-6559a767c2ec","local_time":"20210223234859","is_ascension_mode":true,"campfire_choices":[{"data":"Self Repair","floor":6,"key":"SMITH"},{"data":"Zap","floor":15,"key":"SMITH"}],"circlet_count":0,"master_deck":["Strike_B","Strike_B","Strike_B","Defend_B","Defend_B","Defend_B","Zap+1","Dualcast","Conserve Battery+1","Self Repair+1","Go for the Eyes+1","Blizzard"],"relics":["Coffee Dripper","HornCleat","Happy Flower"],"acts_visited":["Exordium"],"potions_floor_usage":[],"damage_taken":[{"damage":1,"enemies":"Jaw Worm","floor":1,"turns":3},{"damage":0,"enemies":"2 Louse","floor":3,"turns":2},{"damage":0,"enemies":"Small Slimes","floor":10,"turns":3},{"damage":7,"enemies":"Blue Slaver","floor":14,"turns":5},{"damage":78,"enemies":"The Guardian","floor":16,"turns":6}],"seed_played":"2232600467486617188","potions_obtained":[{"floor":3,"key":"EssenceOfSteel"}],"is_trial":false,"path_per_floor":["M","$","M","?","?","R","?","?","T","M","$","?","$","M","R","B"],"character_chosen":"DEFECT","items_purchased":["Blizzard"],"campfire_rested":0,"item_purchase_floors":[11],"current_hp_per_floor":[74,74,74,74,79,79,72,65,65,75,75,59,59,62,62,0,0],"gold":143,"neow_bonus":"BOSS_RELIC","is_daily":false,"chose_seed":false,"campfire_upgraded":2,"win_rate":0.0,"timestamp":1614152939,"path_taken":["M","$","M","?","?","R","?","?","T","?","?","?","$","M","R","BOSS"],"items_purchased_type":["Card"],"build_version":"2020-12-18","purchased_purges":0,"victory":false,"max_hp_per_floor":[75,75,75,75,80,80,80,80,80,80,80,80,80,80,80,80,80],"relic_stats":{"Happy Flower":[4],"counters":[5,19],"obtain_stats":[{"HornCleat":7,"Happy Flower":9,"Coffee Dripper":0,"Cracked Core":0},{"HornCleat":2,"Happy Flower":2,"Coffee Dripper":0,"Cracked Core":0},{"HornCleat":5,"Happy Flower":5,"Coffee Dripper":0,"Cracked Core":0}]},"card_choices":[{"not_picked":["Lockon","Leap"],"picked":"Conserve Battery","floor":1},{"not_picked":["Leap","Beam Cell"],"picked":"Self Repair","floor":3},{"not_picked":["Sweeping Beam","Auto Shields"],"picked":"Go for the Eyes","floor":10},{"not_picked":["Stack","Coolheaded","Hologram"],"picked":"SKIP","floor":14}],"player_experience":451952,"relics_obtained":[{"floor":9,"key":"Happy Flower"}],"event_choices":[{"cards_removed":["Defend_B"],"damage_healed":0,"gold_gain":0,"player_choice":"Forget","damage_taken":0,"max_hp_gain":0,"max_hp_loss":0,"event_name":"Living Wall","floor":4,"gold_loss":0},{"damage_healed":0,"gold_gain":0,"player_choice":"Donut","damage_taken":0,"max_hp_gain":5,"max_hp_loss":0,"event_name":"Big Fish","floor":5,"gold_loss":0},{"damage_healed":0,"gold_gain":0,"player_choice":"Success","damage_taken":7,"relics_obtained":["HornCleat"],"max_hp_gain":0,"max_hp_loss":0,"event_name":"Scrap Ooze","floor":7,"gold_loss":0},{"cards_removed":["Strike_B"],"damage_healed":0,"gold_gain":0,"player_choice":"Card Removal","damage_taken":7,"max_hp_gain":0,"max_hp_loss":0,"event_name":"Golden Wing","floor":8,"gold_loss":0},{"damage_healed":0,"gold_gain":0,"player_choice":"Entered Light","damage_taken":16,"max_hp_gain":0,"max_hp_loss":0,"event_name":"Shining Light","floor":12,"gold_loss":0,"cards_upgraded":["Go for the Eyes","Conserve Battery"]}],"is_beta":true,"boss_relics":[],"items_purged_floors":[],"is_endless":false,"potions_floor_spawned":[3],"killed_by":"The Guardian","ascension_level":1}}