{"host":"nbofzmb1hl9rnais","time":1614200300,"event":{"mods":["BaseMod","Colored Map","Hermit","Minty Spire (QoL Compilation)","StSLib","The Bug Knight"],"gold_per_floor":[117,133,143,162,162,162,112,146,194,194,205,216,216,291,291,394,394,413,426,38,38,38],"floor_reached":21,"language":"ENG","playtime":1275,"items_purged":[],"score":275,"play_id":"2a454d62-3d75-4468-98fc-722b9b4e074f","local_time":"20210224125820","daily_mods":["SealedDeck","Diverse"],"is_ascension_mode":true,"campfire_choices":[{"data":"Well Laid Plans","floor":6.0,"key":"SMITH"},{"data":"Judgement","floor":10.0,"key":"SMITH"},{"data":"FearNoEvil","floor":13.0,"key":"SMITH"},{"data":"EmptyFist","floor":15.0,"key":"SMITH"}],"circlet_count":0,"master_deck":["AscendersBane","Cold Snap","Coolheaded","hermit:ItchyTrigger","hermit:FlashPowder","Prostrate","FearNoEvil+1","Well Laid Plans+1","hermit:GhostlyPresence","Fire Breathing","hermit:Deadeye","Judgement+1","EmptyFist+1","hermit:Gambit","Combust","Prostrate"],"relics":["hermit:Momento","HornCleat","Omamori","Sozu","hermit:Spyglass","DollysMirror"],"acts_visited":["Exordium","TheCity"],"potions_floor_usage":[],"damage_taken":[{"damage":0.0,"enemies":"2 Louse","floor":1.0,"turns":3.0},{"damage":0.0,"enemies":"Small Slimes","floor":2.0,"turns":4.0},{"damage":0.0,"enemies":"Cultist","floor":3.0,"turns":4.0},{"damage":3.0,"enemies":"Blue Slaver","floor":4.0,"turns":5.0},{"damage":22.0,"enemies":"Gremlin Nob","floor":8.0,"turns":4.0},{"damage":0.0,"enemies":"Exordium Wildlife","floor":11.0,"turns":4.0},{"damage":5.0,"enemies":"Looter","floor":12.0,"turns":3.0},{"damage":25.0,"enemies":"Slime Boss","floor":16.0,"turns":7.0},{"damage":3.0,"enemies":"3 Byrds","floor":18.0,"turns":5.0},{"damage":4.0,"enemies":"Shell Parasite","floor":19.0,"turns":4.0},{"damage":12.0,"enemies":"Cultist and Chosen","floor":21.0,"turns":5.0}],"seed_played":"1138564604159027235","potions_obtained":[{"floor":2.0,"key":"AttackPotion"},{"floor":8.0,"key":"Dexterity Potion"},{"floor":11.0,"key":"Explosive Potion"},{"floor":16.0,"key":"DuplicationPotion"}],"is_trial":true,"path_per_floor":["M","M","M","M","?","R","?","E","T","R","M","M","R","?","R","B",null,"M","M","$","M"],"character_chosen":"HERMIT","items_purchased":["hermit:Spyglass","DollysMirror"],"campfire_rested":0,"item_purchase_floors":[20,20],"current_hp_per_floor":[68,68,68,65,65,65,65,43,43,43,43,38,38,27,27,2,57,54,50,50,38,38],"gold":38,"neow_bonus":"","is_daily":false,"chose_seed":false,"campfire_upgraded":4,"win_rate":0.0,"timestamp":1614200300,"path_taken":["M","M","M","M","?","R","?","E","T","R","M","M","R","?","R","BOSS","M","M","$","M"],"items_purchased_type":["Relic","Relic"],"build_version":"2020-12-22","purchased_purges":0,"victory":false,"max_hp_per_floor":[75,75,75,75,75,75,75,75,75,75,75,75,75,75,75,75,75,75,75,75,75,75],"card_choices":[{"not_picked":["Dagger Spray","Crippling Poison"],"picked":"Fire Breathing","floor":1.0},{"not_picked":["Capacitor","Armaments"],"picked":"hermit:Deadeye","floor":2.0},{"not_picked":["Sentinel","Shrug It Off","Gash"],"picked":"SKIP","floor":3.0},{"not_picked":["Doom and Gloom","hermit:LoneWolf","hermit:Shortfuse"],"picked":"SKIP","floor":4.0},{"not_picked":["Bloodletting","Barrage","InnerPeace"],"picked":"SKIP","floor":8.0},{"not_picked":["Bludgeon","BowlingBash"],"picked":"EmptyFist","floor":11.0},{"not_picked":["Vengeance","hermit:Maintenance","hermit:CalledShot"],"picked":"SKIP","floor":12.0},{"not_picked":["Wraith Form v2","Die Die Die"],"picked":"hermit:Gambit","floor":16.0},{"not_picked":["Carnage","Barrage","Clothesline"],"picked":"SKIP","floor":18.0},{"not_picked":["Hologram","Thunderclap"],"picked":"Combust","floor":19.0},{"not_picked":["LikeWater","Sentinel","hermit:Glare"],"picked":"SKIP","floor":21}],"player_experience":209983,"relics_obtained":[{"floor":8.0,"key":"HornCleat"},{"floor":9.0,"key":"Omamori"}],"event_choices":[{"damage_healed":0.0,"max_hp_gain":0.0,"max_hp_loss":0.0,"gold_gain":0.0,"cards_transformed":["Body Slam"],"event_name":"Living Wall","player_choice":"Change","floor":5.0,"gold_loss":0.0,"damage_taken":0.0,"cards_obtained":["Judgement"]},{"cards_removed":["Deflect"],"damage_healed":0.0,"max_hp_gain":0.0,"max_hp_loss":0.0,"gold_gain":0.0,"event_name":"The Cleric","player_choice":"Card Removal","floor":7.0,"gold_loss":50.0,"damage_taken":0.0},{"damage_healed":0.0,"max_hp_gain":0.0,"max_hp_loss":0.0,"gold_gain":75.0,"event_name":"World of Goop","player_choice":"Gather Gold","floor":14.0,"gold_loss":0.0,"damage_taken":11.0}],"is_beta":false,"boss_relics":[{"not_picked":["Runic Pyramid","Runic Dome"],"picked":"Sozu"}],"items_purged_floors":[],"is_endless":false,"potions_floor_spawned":[2,8,11,16],"killed_by":"Cultist and Chosen","ascension_level":10}}