{"host":"7tvb1em0d2fx72q7","time":1614148239,"event":{"mods":["BaseMod","Challenge The Spire","Minty Spire (QoL Compilation)","StSLib","everything is the same but u backflip on backflip"],"gold_per_floor":[109,124,143,155,168,168,193,213,213,213,168,168,168,168],"floor_reached":13,"language":"ENG","playtime":1080,"items_purged":[],"score":178,"play_id":"37e9c33a-2c02-4fa9-b17f-fa44020aab46","local_time":"20210224013039","is_ascension_mode":true,"campfire_choices":[{"data":"Whirlwind","floor":6.0,"key":"SMITH"}],"circlet_count":0,"master_deck":["AscendersBane","Strike_R","Strike_R","Strike_R","Strike_R","Strike_R","Defend_R","Defend_R","Defend_R","Defend_R","Bash","Sword Boomerang","Evolve","Iron Wave","Whirlwind+1","Ghostly Armor","True Grit","True Grit","Headbutt"],"relics":["Burning Blood","Girya","InkBottle","Ornamental Fan","Eternal Feather"],"acts_visited":["Exordium"],"potions_floor_usage":[7,8],"damage_taken":[{"damage":13.0,"enemies":"Cultist","floor":1.0,"turns":5.0},{"damage":8.0,"enemies":"Small Slimes","floor":2.0,"turns":4.0},{"damage":7.0,"enemies":"Jaw Worm","floor":3.0,"turns":3.0},{"damage":17.0,"enemies":"Looter","floor":4.0,"turns":3.0},{"damage":0.0,"enemies":"3 Louse","floor":5.0,"turns":2.0},{"damage":43,"enemies":"Gremlin Nob","floor":7,"turns":5},{"damage":7,"enemies":"Blue Slaver","floor":8,"turns":5},{"damage":9,"enemies":"Exordium Thugs","floor":11,"turns":5},{"damage":60,"enemies":"Lagavulin","floor":13,"turns":9}],"seed_played":"-5574505136118325713","potions_obtained":[{"floor":2.0,"key":"SkillPotion"},{"floor":7,"key":"EssenceOfSteel"},{"floor":11,"key":"FairyPotion"}],"is_trial":false,"path_per_floor":["M","M","M","M","M","R","E","M","T","?","M","T","E"],"character_chosen":"IRONCLAD","items_purchased":[],"campfire_rested":0,"item_purchase_floors":[],"current_hp_per_floor":[68,66,65,54,60,60,23,22,22,22,19,19,0,0],"gold":168,"neow_bonus":"TEN_PERCENT_HP_BONUS","is_daily":false,"chose_seed":false,"campfire_upgraded":1,"win_rate":0.0,"timestamp":1614148239,"path_taken":["M","M","M","M","M","R","E","?","T","?","M","?","E"],"items_purchased_type":[],"build_version":"2020-12-22","purchased_purges":0,"victory":false,"max_hp_per_floor":[82,82,82,82,82,82,82,82,82,82,82,82,82,82],"card_choices":[{"not_picked":["Clash","Iron Wave"],"picked":"Sword Boomerang","floor":1.0},{"not_picked":["Dual Wield","Flex"],"picked":"Evolve","floor":2.0},{"not_picked":["Armaments","Thunderclap"],"picked":"Iron Wave","floor":3.0},{"not_picked":["Searing Blow","Metallicize"],"picked":"Whirlwind","floor":4.0},{"not_picked":["Thunderclap","Feel No Pain"],"picked":"Ghostly Armor","floor":5.0},{"not_picked":["Rupture","Wild Strike"],"picked":"True Grit","floor":7},{"not_picked":["Cleave","Barricade"],"picked":"True Grit","floor":8},{"not_picked":["True Grit","Shrug It Off"],"picked":"Headbutt","floor":11}],"player_experience":2060000,"relics_obtained":[{"floor":7,"key":"Girya"},{"floor":9,"key":"InkBottle"},{"floor":12,"key":"Eternal Feather"}],"event_choices":[{"damage_healed":0,"gold_gain":0,"player_choice":"Searched \u00271\u0027 times","damage_taken":0,"relics_obtained":["Ornamental Fan"],"max_hp_gain":0,"max_hp_loss":0,"event_name":"Dead Adventurer","floor":10,"gold_loss":0}],"is_beta":false,"boss_relics":[],"items_purged_floors":[],"is_endless":false,"potions_floor_spawned":[2,7,11],"killed_by":"Lagavulin","ascension_level":20}}