{"host":"8vqkh0x3c7vpgzzm","time":1614202915,"event":{"mods":["AchievementEnabler","BaseMod","Colored Map","Colored Powertips","Curses Come First","DeckTracker","Highlight Path","Minty Spire (QoL Compilation)","Permanent Neow","Quick Restart","Random Character Mod","Rare Cards Sparkle","Relic Sorter","Relic Stats","StSLib","SuperFastMode","Unceasing Turn Reminder","egg","everything is the same but u backflip on backflip"],"gold_per_floor":[113,113,128,138,154,154,186,186,211,211,77,90,106,106,106,106,106],"floor_reached":16,"language":"ENG","playtime":381,"items_purged":["Strike_B"],"score":194,"play_id":"ced0d5ea-5fa2-4b39-a284-15bdc0ea559e","local_time":"20210224224155","is_ascension_mode":true,"campfire_choices":[{"data":"Defend_B","floor":6,"key":"PURGE"},{"floor":8,"key":"REST"},{"data":"Strike_B","floor":15,"key":"PURGE"}],"circlet_count":0,"master_deck":["AscendersBane","Strike_B","Defend_B","Defend_B","Defend_B","Zap+1","Dualcast+1","Ball Lightning","Gash","Auto Shields","Steam","Scrape","Melter","Hologram","Turbo"],"relics":["Cracked Core","Peace Pipe","Omamori","Boot","Juzu Bracelet"],"acts_visited":["Exordium"],"potions_floor_usage":[7],"damage_taken":[{"damage":1,"enemies":"Cultist","floor":1,"turns":3},{"damage":0,"enemies":"Small Slimes","floor":3,"turns":3},{"damage":0,"enemies":"2 Louse","floor":4,"turns":2},{"damage":4,"enemies":"2 Fungi Beasts","floor":5,"turns":3},{"damage":30,"enemies":"Gremlin Nob","floor":7,"turns":4},{"damage":2,"enemies":"Large Slime","floor":12,"turns":4},{"damage":6,"enemies":"Looter","floor":13,"turns":2},{"damage":12,"enemies":"Hexaghost","floor":16,"turns":7}],"seed_played":"915362277178884150","potions_obtained":[{"floor":3,"key":"SpeedPotion"},{"floor":5,"key":"SteroidPotion"}],"is_trial":false,"path_per_floor":["M","?","M","M","M","R","E","R","T","?","$","M","M","?","R","B"],"character_chosen":"DEFECT","items_purchased":["Hologram"],"campfire_rested":1,"item_purchase_floors":[11],"current_hp_per_floor":[63,44,44,44,40,40,10,29,29,29,29,27,21,10,10,0,0],"gold":106,"neow_bonus":"ONE_RARE_RELIC","is_daily":false,"chose_seed":false,"campfire_upgraded":0,"win_rate":0.0,"timestamp":1614202915,"path_taken":["M","?","M","M","M","R","E","R","T","?","$","M","?","?","R","BOSS"],"items_purchased_type":["Card"],"build_version":"2020-12-22","purchased_purges":1,"victory":false,"max_hp_per_floor":[64,64,64,64,64,64,64,64,64,64,64,64,64,64,64,64,64],"relic_stats":{"Peace Pipe":2,"counters":[8,28],"Juzu Bracelet":0,"Boot":[7],"obtain_stats":[{"Peace Pipe":0,"Omamori":7,"Juzu Bracelet":14,"Cracked Core":0,"Boot":9},{"Peace Pipe":0,"Omamori":5,"Juzu Bracelet":7,"Cracked Core":0,"Boot":5},{"Peace Pipe":0,"Omamori":15,"Juzu Bracelet":21,"Cracked Core":0,"Boot":15}]},"card_choices":[{"not_picked":["Auto Shields","Barrage"],"picked":"Ball Lightning","floor":1},{"not_picked":["Beam Cell","Rebound"],"picked":"Gash","floor":3},{"not_picked":["Compile Driver","Rip and Tear"],"picked":"Auto Shields","floor":4},{"not_picked":["Stack","Sweeping Beam"],"picked":"Steam","floor":5},{"not_picked":["Leap","Gash"],"picked":"Scrape","floor":7},{"not_picked":["Rebound","Creative AI","Stack"],"picked":"SKIP","floor":12},{"not_picked":["Conserve Battery","Heatsinks"],"picked":"Turbo","floor":13}],"player_experience":654893,"relics_obtained":[{"floor":7,"key":"Omamori"},{"floor":9,"key":"Boot"}],"event_choices":[{"damage_healed":0,"gold_gain":0,"player_choice":"Entered Light","damage_taken":19,"max_hp_gain":0,"max_hp_loss":0,"event_name":"Shining Light","floor":2,"gold_loss":0,"cards_upgraded":["Dualcast","Zap"]},{"damage_healed":0,"gold_gain":0,"cards_transformed":["Strike_B"],"player_choice":"Transformed","damage_taken":0,"max_hp_gain":0,"max_hp_loss":0,"event_name":"Transmorgrifier","floor":10,"gold_loss":0,"cards_obtained":["Melter"]},{"damage_healed":0,"gold_gain":0,"player_choice":"Success","damage_taken":11,"relics_obtained":["Juzu Bracelet"],"max_hp_gain":0,"max_hp_loss":0,"event_name":"Scrap Ooze","floor":14,"gold_loss":0}],"is_beta":false,"boss_relics":[],"items_purged_floors":[11],"is_endless":false,"potions_floor_spawned":[3,5],"killed_by":"Hexaghost","ascension_level":18}}