{"host":"y2nx07t75db4hs5p","time":1614141655,"event":{"mods":["Act Like it!","BaseMod","Gensokyo","Lobotomy","LobotomyExtend","Minty Spire (QoL Compilation)","StSLib"],"gold_per_floor":[114,125,125,125,137,137,171,184,184,24,24,38,38,49,49,49,49],"floor_reached":3,"language":"ZHS","playtime":532,"items_purged":[],"score":37,"play_id":"6da15dea-3892-47da-9eb0-24d17bc7e202","local_time":"20210224124055","is_ascension_mode":false,"campfire_choices":[],"circlet_count":0,"master_deck":["SpecialBullet","SpecialBullet","SpecialBullet","SpecialBullet","SpecialBullet","SpecialBullet","SpecialBullet","SecurityCode","RecordCode","Normality","Twilight+1","CentralCode","Mercenary"],"relics":["CogitoBucket","Gensokyo:LunaticRedEyes","SolemnVow_r","InkBottle","Gensokyo:BookOfSpecters","HellTrain","LetterFromLob"],"acts_visited":["Gensokyo:Gensokyo"],"potions_floor_usage":[],"damage_taken":[{"damage":0,"enemies":"Gensokyo:Gryphon","floor":1,"turns":3},{"damage":7,"enemies":"Gensokyo:3_Fairies","floor":2,"turns":4},{"damage":13,"enemies":"Gensokyo:Python","floor":5,"turns":3},{"damage":51,"enemies":"Gensokyo:Cirno","floor":7,"turns":8},{"damage":0,"enemies":"Gensokyo:2_Rabbits","floor":8,"turns":3},{"damage":16,"enemies":"Gensokyo:LivingMonolith","floor":12,"turns":3},{"damage":0,"enemies":"Small Slimes","floor":1,"turns":1},{"damage":72,"enemies":"Cultist","floor":3,"turns":4}],"seed_played":"23361037145045516","potions_obtained":[{"floor":12,"key":"GamblersBrew"},{"floor":1,"key":"ColorlessPotion"}],"is_trial":false,"path_per_floor":["M","M","?","?","M","R","E","M","T","?","R","M","R","E","M","?","M"],"character_chosen":"Angela","items_purchased":[],"campfire_rested":0,"item_purchase_floors":[],"current_hp_per_floor":[70,70,70,70,68,68,31,46,46,46,46,45,45,70,70,0,0],"gold":49,"neow_bonus":"THREE_RARE_CARDS","is_daily":false,"chose_seed":false,"campfire_upgraded":0,"win_rate":0.0,"timestamp":1614141655,"path_taken":["M","M","?","?","M","R","E","M","T","?","R","?","R","E","M","?","M"],"items_purchased_type":[],"build_version":"2020-12-22","purchased_purges":0,"victory":false,"max_hp_per_floor":[70,70,70,70,70,70,70,70,70,70,70,70,70,70,70,70,70],"card_choices":[{"not_picked":["Adoration","GoldRush"],"picked":"Twilight","floor":0},{"not_picked":["Regret_ego","Soda"],"picked":"SKIP","floor":1},{"not_picked":["ShyLook","WallGazer"],"picked":"Funeral","floor":2},{"not_picked":["SomewhereSpear"],"picked":"Diffraction","floor":2},{"not_picked":["Loneliness","FrostShard"],"picked":"SKIP","floor":5},{"not_picked":["Regret_ego","RapturousDream"],"picked":"SKIP","floor":7},{"not_picked":["Wellcheers","HeroicMonk"],"picked":"BigBird","floor":8},{"not_picked":["Lantern","Penitence"],"picked":"SKIP","floor":8},{"not_picked":["CherryBlossom","SwordSharpenedByTears"],"picked":"SKIP","floor":12},{"not_picked":["LittlePrince","CherryBlossoms"],"picked":"Mercenary","floor":1},{"not_picked":["Lantern","FrostShard"],"picked":"SKIP","floor":1}],"player_experience":324056,"relics_obtained":[{"floor":1,"key":"LetterFromLob"},{"floor":7,"key":"InkBottle"},{"floor":1,"key":"LetterFromLob"}],"event_choices":[{"damage_healed":0,"gold_gain":0,"player_choice":"Leave","damage_taken":0,"max_hp_gain":0,"max_hp_loss":0,"event_name":"The Cleric","floor":2,"gold_loss":0}],"is_beta":false,"boss_relics":[],"items_purged_floors":[],"is_endless":false,"potions_floor_spawned":[12,1],"killed_by":"Cultist","ascension_level":0}}