{"host":"leaz4ay2evvu5l18","time":1614125667,"event":{"mods":["BaseMod","Colored Map","Downfall","Minty Spire (QoL Compilation)","StSLib"],"gold_per_floor":[17,29,48,48,48,48,72,72,88,88,107,134,134,168,168,266,266,284,302,312,151,180,21,21,21,51,63,75,94,94,108,108,209,209,223,239,250,300,22,22,75,127,127,181,193,227,227,260,260,260],"floor_reached":51,"language":"ENG","playtime":5949,"items_purged":["Slimebound:Strike_Slimebound","Slimebound:Strike_Slimebound","Slimebound:MassRepurpose"],"score":1026,"play_id":"ea6dfd81-ee9b-4c59-99fa-f7c8aad9f167","local_time":"20210224001427","is_ascension_mode":true,"campfire_choices":[{"data":"Slimebound:CorrosiveSpit","floor":8.0,"key":"SMITH"},{"data":"Slimebound:SlimeSpikes","floor":10.0,"key":"SMITH"},{"data":"Slimebound:TongueLash","floor":15.0,"key":"SMITH"},{"data":"Slimebound:PrepareCrush","floor":27.0,"key":"SMITH"},{"data":"Slimebound:TongueLash","floor":32.0,"key":"SMITH"},{"data":"Slimebound:DuplicatedForm","floor":43,"key":"SMITH"},{"data":"Slimebound:SlimeSpikes","floor":47,"key":"SMITH"},{"data":"Slimebound:Split","floor":49,"key":"SMITH"}],"circlet_count":0,"master_deck":["Slimebound:Tackle","Slimebound:Defend_Slimebound","Slimebound:Defend_Slimebound","Slimebound:Defend_Slimebound","Slimebound:Defend_Slimebound","Slimebound:Split+1","Slimebound:CorrosiveSpit+1","Slimebound:HauntingLick","Slimebound:SlimeSpikes+1","Slimebound:TongueLash+1","Slimebound:SamplingLick","Slimebound:SlimeSpikes+1","Slimebound:HauntingLick","Slimebound:MassFeed","Slimebound:HauntingLick","Slimebound:LeechEnergy+1","Slimebound:Nibble+1","Slimebound:PrepareCrush+1","Slimebound:TongueLash+1","Slimebound:SplitBruiser+1","Slimebound:HauntingLick","Slimebound:MegaLick","Slimebound:ComboTackle+1","Slimebound:SplitBruiser","Slimebound:SlimeSpikes+1","Slimebound:Prepare+1","Slimebound:DuplicatedForm+1","Slimebound:Schlurp","Slimebound:RejuvenatingLick+1","Slimebound:SlimeSpikes+1","Slimebound:SplitLeeching+1","Slimebound:Schlurp+1","Slimebound:SamplingLick"],"relics":["Slimebound:AbsorbEndCombat","Unceasing Top","Torii","downfall:ShatteredFragment","Bag of Marbles","Art of War","InkBottle","Coffee Dripper","Red Mask","ClockworkSouvenir","PreservedInsect","Mango","Philosopher\u0027s Stone","Incense Burner","DollysMirror","Ancient Tea Set","Calipers","Happy Flower","Turnip","Omamori"],"acts_visited":["Exordium","TheCity","TheBeyond"],"potions_floor_usage":[46,50,50,50],"damage_taken":[{"damage":3.0,"enemies":"Small Slimes","floor":1.0,"turns":4.0},{"damage":0.0,"enemies":"2 Louse","floor":2.0,"turns":3.0},{"damage":7.0,"enemies":"Jaw Worm","floor":3.0,"turns":6.0},{"damage":0.0,"enemies":"Exordium Wildlife","floor":9.0,"turns":3.0},{"damage":1.0,"enemies":"Large Slime","floor":11.0,"turns":5.0},{"damage":10.0,"enemies":"Gremlin Nob","floor":12.0,"turns":3.0},{"damage":1.0,"enemies":"3 Sentries","floor":14.0,"turns":4.0},{"damage":0.0,"enemies":"SI_SHIV_ARCHETYPE","floor":16.0,"turns":6.0},{"damage":0.0,"enemies":"Chosen","floor":18.0,"turns":3.0},{"damage":1.0,"enemies":"Spheric Guardian","floor":19.0,"turns":4.0},{"damage":0.0,"enemies":"Snake Plant","floor":20.0,"turns":5.0},{"damage":3.0,"enemies":"downfall:FleeingMerchant","floor":21.0,"turns":4.0},{"damage":10.0,"enemies":"Masked Bandits","floor":22.0,"turns":5.0},{"damage":3.0,"enemies":"downfall:FleeingMerchant","floor":23.0,"turns":4.0},{"damage":0.0,"enemies":"Gremlin Leader","floor":26.0,"turns":4.0},{"damage":0.0,"enemies":"3 Cultists","floor":29.0,"turns":3.0},{"damage":16.0,"enemies":"Shelled Parasite and Fungi","floor":31.0,"turns":3.0},{"damage":10.0,"enemies":"IC_MUSHROOM_ARCHETYPE","floor":33.0,"turns":4.0},{"damage":16.0,"enemies":"3 Darklings","floor":35.0,"turns":3.0},{"damage":0.0,"enemies":"Orb Walker","floor":36.0,"turns":2.0},{"damage":12.0,"enemies":"Jaw Worm Horde","floor":37.0,"turns":2.0},{"damage":3.0,"enemies":"Jaw Worm Horde","floor":38.0,"turns":5.0},{"damage":7.0,"enemies":"2 Orb Walkers","floor":42.0,"turns":3.0},{"damage":0,"enemies":"Spire Growth","floor":45,"turns":3},{"damage":0,"enemies":"Reptomancer","floor":46,"turns":2},{"damage":0,"enemies":"Nemesis","floor":48,"turns":3},{"damage":15,"enemies":"WA_ARCHETYPE_DIVINITY","floor":50,"turns":5}],"seed_played":"3855230279716009167","potions_obtained":[{"floor":3.0,"key":"AttackPotion"},{"floor":9.0,"key":"Dexterity Potion"},{"floor":12.0,"key":"Explosive Potion"},{"floor":16.0,"key":"SpeedPotion"},{"floor":18.0,"key":"Block Potion"},{"floor":20.0,"key":"GamblersBrew"},{"floor":22.0,"key":"Weak Potion"},{"floor":25.0,"key":"CultistPotion"},{"floor":33.0,"key":"CultistPotion"},{"floor":35.0,"key":"SneckoOil"},{"floor":37.0,"key":"LiquidMemories"},{"floor":45,"key":"Swift Potion"},{"floor":46,"key":"hexamod:SoulburnPotion"}],"is_trial":false,"path_per_floor":["M","M","M","?","?","?","T","R","M","R","M","E","?","E","R","B",null,"M","M","M","$","?","$","T","?","E","R","?","M","?","M","R","B",null,"M","M","M","?","$","?","T","?","R","T","M","E","R","E","R","B",null],"character_chosen":"SLIMEBOUND","items_purchased":["Slimebound:TongueLash","ClockworkSouvenir","Slimebound:MegaLick","PreservedInsect","DollysMirror"],"campfire_rested":0,"item_purchase_floors":[21,23,23,23,39],"current_hp_per_floor":[65,65,62,62,62,44,44,44,52,52,57,55,55,60,60,65,65,68,71,74,73,68,73,87,87,94,94,94,94,94,84,84,82,94,94,94,97,105,105,105,105,106,106,106,109,109,109,112,112,97],"gold":260,"neow_bonus":"ONE_RARE_RELIC","is_daily":false,"chose_seed":false,"campfire_upgraded":8,"win_rate":0.0,"timestamp":1614125667,"path_taken":["M","M","M","?","?","?","T","R","M","R","M","E","?","E","R","BOSS","M","M","M","$","?","$","T","?","E","R","?","?","?","?","R","BOSS","M","M","M","?","$","?","T","?","R","?","M","E","R","E","R","BOSS"],"items_purchased_type":["Card","Relic","Card","Relic","Relic"],"build_version":"2020-12-22","purchased_purges":3,"victory":true,"max_hp_per_floor":[65,65,65,65,65,65,65,65,65,65,65,65,65,65,65,65,65,68,71,74,74,77,77,91,91,94,94,94,94,94,94,94,94,94,94,94,103,106,106,106,106,109,109,109,109,109,109,112,112,112],"card_choices":[{"not_picked":["Slimebound:Dissolve","Slimebound:RainOfGoop"],"picked":"Slimebound:HauntingLick","floor":1.0},{"not_picked":["Slimebound:RollThrough","Slimebound:SlimeBrawl","Slimebound:GoopTackle"],"picked":"SKIP","floor":2.0},{"not_picked":["Slimebound:SplitBruiser","Slimebound:RainOfGoop"],"picked":"Slimebound:SlimeSpikes","floor":3.0},{"not_picked":["Slimebound:ServeAndProtect","Slimebound:GoopSpray"],"picked":"Slimebound:TongueLash","floor":9.0},{"not_picked":["Slimebound:SlimeSpikes","Slimebound:SlimeTap"],"picked":"Slimebound:SamplingLick","floor":11.0},{"not_picked":["Slimebound:Teamwork","Slimebound:Repurpose"],"picked":"Slimebound:SlimeSpikes","floor":12.0},{"not_picked":["Slimebound:BestDefense","Slimebound:ComboTackle"],"picked":"Slimebound:HauntingLick","floor":14.0},{"not_picked":["Slimebound:FirmFortitude","Slimebound:SlimeSlap"],"picked":"Slimebound:MassFeed","floor":16.0},{"not_picked":["Slimebound:SlimeTap","Slimebound:LevelUp"],"picked":"Slimebound:HauntingLick","floor":18.0},{"not_picked":["Slimebound:GoopTackle","Slimebound:LivingWall"],"picked":"Slimebound:LeechEnergy+1","floor":19.0},{"not_picked":["Slimebound:LevelUp+1","Slimebound:ItLooksTasty"],"picked":"Slimebound:Nibble+1","floor":20.0},{"not_picked":["Slimebound:Overexert","Slimebound:AcidTongue+1"],"picked":"Slimebound:PrepareCrush","floor":21.0},{"not_picked":["Slimebound:LeechingTouch","Slimebound:FormOfPuddle+1"],"picked":"Slimebound:SplitBruiser+1","floor":22.0},{"not_picked":["Slimebound:RollThrough","Slimebound:BestDefense"],"picked":"Slimebound:HauntingLick","floor":23.0},{"not_picked":["Slimebound:RollThrough","Slimebound:SplitAcid+1"],"picked":"Slimebound:ComboTackle+1","floor":26.0},{"not_picked":["Slimebound:LeechEnergy","Slimebound:FinishingTackle+1"],"picked":"Slimebound:SplitBruiser","floor":29.0},{"not_picked":["Slimebound:SlimeBarrage+1","Slimebound:RainOfGoop+1"],"picked":"Slimebound:Prepare+1","floor":31.0},{"not_picked":["Slimebound:MassFeed","Slimebound:DouseInSlime"],"picked":"Slimebound:DuplicatedForm","floor":33.0},{"not_picked":["Slimebound:SplitLeeching","Slimebound:SlimeBrawl+1","Slimebound:LeadByExample"],"picked":"SKIP","floor":35.0},{"not_picked":["Slimebound:SplitAcid+1","Slimebound:FinishingTackle","Slimebound:LevelUp"],"picked":"SKIP","floor":36.0},{"not_picked":["Slimebound:SlimeSpikes","Slimebound:PressTheAttack"],"picked":"Slimebound:Schlurp","floor":37.0},{"not_picked":["Slimebound:SlimeTap+1","Slimebound:SplitSpecialist"],"picked":"Slimebound:RejuvenatingLick+1","floor":38.0},{"not_picked":["Slimebound:Prepare","Slimebound:FlameTackle+1"],"picked":"Slimebound:SplitLeeching+1","floor":42.0},{"not_picked":["Slimebound:OneTwoCombo","Slimebound:SplitBruiser+1"],"picked":"Slimebound:Schlurp+1","floor":45},{"not_picked":["Slimebound:LivingWall","Slimebound:Schlurp","Slimebound:Overexert"],"picked":"SKIP","floor":46},{"not_picked":["Slimebound:SlimeTap","Slimebound:PressTheAttack+1"],"picked":"Slimebound:SamplingLick","floor":48}],"player_experience":855747,"relics_obtained":[{"floor":7.0,"key":"Bag of Marbles"},{"floor":12.0,"key":"Art of War"},{"floor":14.0,"key":"InkBottle"},{"floor":22.0,"key":"Red Mask"},{"floor":24.0,"key":"Mango"},{"floor":26.0,"key":"MawBank"},{"floor":38.0,"key":"Incense Burner"},{"floor":41.0,"key":"Ancient Tea Set"},{"floor":42.0,"key":"Calipers"},{"floor":44,"key":"Happy Flower"},{"floor":46,"key":"Turnip"},{"floor":48,"key":"Omamori"}],"event_choices":[{"damage_healed":0.0,"max_hp_gain":0.0,"max_hp_loss":0.0,"gold_gain":0.0,"event_name":"Masked Bandits","player_choice":"Fought Bandits","floor":22.0,"gold_loss":0.0,"damage_taken":0.0},{"damage_healed":0.0,"max_hp_gain":0.0,"max_hp_loss":0.0,"gold_gain":0.0,"event_name":"Mysterious Sphere","player_choice":"Fight","floor":42.0,"gold_loss":0.0,"damage_taken":0.0}],"is_beta":false,"boss_relics":[{"not_picked":["Snecko Eye","Sozu"],"picked":"Coffee Dripper"},{"not_picked":["Calling Bell","Tiny House"],"picked":"Philosopher\u0027s Stone"}],"items_purged_floors":[21,23,39],"is_endless":false,"potions_floor_spawned":[3,9,12,16,18,20,22,29,33,35,37,45,46],"ascension_level":1}}