{"host":"f1ywytio1xmbwkwz","time":1614148721,"event":{"mods":["BaseMod","Minty Spire (QoL Compilation)","Rare Cards Sparkle","Relic Stats","StSLib"],"gold_per_floor":[10,22,22,36,50,50,77,77,77,105,123,123,138,156,156,156,156],"floor_reached":16,"language":"ENG","playtime":535,"items_purged":[],"score":137,"play_id":"77dfae2a-ef59-45fc-8d26-0af7ac991ea2","local_time":"20210223233841","is_ascension_mode":true,"campfire_choices":[{"data":"FlurryOfBlows","floor":6,"key":"SMITH"},{"data":"Judgement","floor":8,"key":"SMITH"},{"floor":15,"key":"REST"}],"circlet_count":0,"master_deck":["Strike_P","Strike_P","Strike_P","Defend_P","Defend_P","Defend_P","Defend_P","Eruption+1","Vigilance","Consecrate","Worship","FollowUp","FlurryOfBlows+1","Judgement+1","TalkToTheHand","Prostrate","WaveOfTheHand","BattleHymn","Adaptation"],"relics":["PureWater","Turnip","MealTicket","Letter Opener","Matryoshka"],"acts_visited":["Exordium"],"potions_floor_usage":[10,10,13,14],"damage_taken":[{"damage":0,"enemies":"Small Slimes","floor":1,"turns":2},{"damage":0,"enemies":"2 Louse","floor":2,"turns":2},{"damage":10,"enemies":"Cultist","floor":4,"turns":4},{"damage":9,"enemies":"Looter","floor":5,"turns":3},{"damage":10,"enemies":"Gremlin Nob","floor":7,"turns":3},{"damage":15,"enemies":"Lagavulin","floor":10,"turns":5},{"damage":2,"enemies":"Blue Slaver","floor":11,"turns":3},{"damage":18,"enemies":"Gremlin Gang","floor":13,"turns":3},{"damage":1,"enemies":"Looter","floor":14,"turns":3},{"damage":67,"enemies":"Slime Boss","floor":16,"turns":3}],"seed_played":"6001190783336994144","potions_obtained":[{"floor":2,"key":"Weak Potion"},{"floor":5,"key":"SteroidPotion"},{"floor":10,"key":"SpeedPotion"},{"floor":11,"key":"Ancient Potion"}],"is_trial":false,"path_per_floor":["M","M","?","M","M","R","E","R","T","E","M","?","M","M","R","B"],"character_chosen":"WATCHER","items_purchased":[],"campfire_rested":1,"item_purchase_floors":[],"current_hp_per_floor":[72,72,72,62,53,53,43,43,43,28,26,26,8,7,28,0,0],"gold":156,"neow_bonus":"ONE_RARE_RELIC","is_daily":false,"chose_seed":false,"campfire_upgraded":2,"win_rate":0.0,"timestamp":1614148721,"path_taken":["M","M","?","M","M","R","E","R","T","E","M","?","?","M","R","BOSS"],"items_purchased_type":[],"build_version":"2020-12-22","purchased_purges":0,"victory":false,"max_hp_per_floor":[72,72,72,72,72,72,72,72,72,72,72,72,72,72,72,72,72],"relic_stats":{"counters":[10,31],"MealTicket":0,"Turnip":[1],"Letter Opener":[30],"obtain_stats":[{"Matryoshka":10,"MealTicket":7,"Turnip":0,"Letter Opener":9,"PureWater":0},{"Matryoshka":6,"MealTicket":5,"Turnip":0,"Letter Opener":5,"PureWater":0},{"Matryoshka":19,"MealTicket":14,"Turnip":0,"Letter Opener":14,"PureWater":0}]},"card_choices":[{"not_picked":["Swivel","Wireheading"],"picked":"Consecrate","floor":1},{"not_picked":["BowlingBash","Collect"],"picked":"Worship","floor":2},{"not_picked":["ReachHeaven","Crescendo"],"picked":"FollowUp","floor":4},{"not_picked":["BattleHymn","Consecrate"],"picked":"FlurryOfBlows","floor":5},{"not_picked":["Crescendo","SandsOfTime"],"picked":"Judgement","floor":7},{"not_picked":["Conclude","ThirdEye"],"picked":"TalkToTheHand","floor":10},{"not_picked":["Adaptation","Study"],"picked":"Prostrate","floor":11},{"not_picked":["SashWhip","Worship"],"picked":"BattleHymn","floor":13},{"not_picked":["DeceiveReality","PathToVictory"],"picked":"Adaptation","floor":14}],"player_experience":315905,"relics_obtained":[{"floor":7,"key":"MealTicket"},{"floor":9,"key":"Letter Opener"},{"floor":10,"key":"Matryoshka"}],"event_choices":[{"damage_healed":0,"gold_gain":0,"player_choice":"Grow","damage_taken":0,"max_hp_gain":0,"max_hp_loss":0,"event_name":"Living Wall","floor":3,"gold_loss":0,"cards_upgraded":["Eruption"]},{"damage_healed":0,"gold_gain":0,"cards_transformed":["Strike_P"],"player_choice":"Transformed","damage_taken":0,"max_hp_gain":0,"max_hp_loss":0,"event_name":"Transmorgrifier","floor":12,"gold_loss":0,"cards_obtained":["WaveOfTheHand"]}],"is_beta":false,"boss_relics":[],"items_purged_floors":[],"is_endless":false,"potions_floor_spawned":[2,5,10,11],"killed_by":"Slime Boss","ascension_level":4}}