{"host":"xwl7b08i4vco8s3a","time":1614138453,"event":{"mods":["BaseMod","Colored Powertips","Downfall","Hermit","Minty Spire (QoL Compilation)","Replay The Spire","StSLib","Wandering Minibosses"],"gold_per_floor":[99,110,110,128,147,47,47,47,61,61,89,103,121,149,163,266,266,166,176,168,168,190,190,190,190],"floor_reached":23,"language":"ENG","playtime":1376,"items_purged":[],"score":203,"play_id":"7b921cc9-c189-478b-a788-2bea0b966d25","local_time":"20210224044733","is_ascension_mode":false,"campfire_choices":[{"floor":1,"key":"RECALL"},{"data":"hexamod:FastForward","floor":6,"key":"SMITH"},{"data":"hexamod:Firestarter","floor":8,"key":"SMITH"},{"data":"hexamod:DynamicBlow","floor":10,"key":"SMITH"},{"data":"hexamod:GhostOfSpirePresent","floor":18,"key":"SMITH"}],"circlet_count":0,"master_deck":["hexamod:Strike","hexamod:Strike","hexamod:Strike","hexamod:Strike","hexamod:Defend","hexamod:Defend","hexamod:Defend","hexamod:Defend","hexamod:Sear","hexamod:Float","hexamod:Firestarter+1","hexamod:FastForward+1","hexamod:DynamicBlow+1","hexamod:FirstSeal","hexamod:HexaLevel","hexamod:EmpoweredFlame","hexamod:GhostOfSpirePresent+1","hexamod:SecondSeal","hexamod:FourthSeal","hexamod:ThirdSeal","hexamod:EmpoweredFlame","hexamod:ThermalTransfer"],"relics":["hexamod:SpiritBrand","Unceasing Top","downfall:HeartBlessingRed","Blue Doll","ReplayTheSpireMod:TigerMarble","Mercury Hourglass","Replay:Bronze Core","downfall:HeartBlessingGreen","ReplayTheSpireMod:Ring of Collecting","Ring of Fury"],"acts_visited":["Exordium","TheCity"],"potions_floor_usage":[11,23,23],"damage_taken":[{"damage":1,"enemies":"2 Louse","floor":2,"turns":3},{"damage":0,"enemies":"Cultist","floor":4,"turns":4},{"damage":0,"enemies":"Small Slimes","floor":5,"turns":3},{"damage":10,"enemies":"2 Fungi Beasts","floor":9,"turns":4},{"damage":10,"enemies":"3 Sentries","floor":11,"turns":7},{"damage":0,"enemies":"3 Louse","floor":12,"turns":2},{"damage":4,"enemies":"Exordium Wildlife","floor":13,"turns":6},{"damage":9,"enemies":"Lagavulin","floor":14,"turns":7},{"damage":8,"enemies":"2 Fungi Beasts","floor":15,"turns":3},{"damage":3,"enemies":"SI_SHIV_ARCHETYPE","floor":16,"turns":8},{"damage":22,"enemies":"3 Byrds","floor":19,"turns":5},{"damage":22,"enemies":"Chosen","floor":22,"turns":7},{"damage":41,"enemies":"Slavers","floor":23,"turns":4}],"seed_played":"-4458199689195989669","potions_obtained":[{"floor":9,"key":"Adrenaline Potion"},{"floor":11,"key":"Strength Potion"},{"floor":13,"key":"ColorlessPotion"},{"floor":15,"key":"Toxic Potion"},{"floor":22,"key":"Guardian:BlockOnCardUsePotion"}],"is_trial":false,"path_per_floor":["R","M","?","M","M","R","T","R","M","R","E","M","M","E","M","B",null,"R","M","?","?","M","E"],"character_chosen":"THE_SPIRIT","items_purchased":[],"campfire_rested":0,"item_purchase_floors":[],"current_hp_per_floor":[70,69,69,69,69,69,69,69,59,59,49,49,52,43,42,39,70,70,55,55,55,40,0,0,0],"gold":190,"neow_bonus":"ONE_RARE_RELIC","is_daily":false,"chose_seed":false,"campfire_upgraded":4,"win_rate":0.0,"timestamp":1614138453,"path_taken":["R","M","?","M","?","R","T","R","M","R","E","M","M","E","M","BOSS","R","M","?","?","M","E"],"items_purchased_type":[],"build_version":"2020-12-22","purchased_purges":0,"victory":false,"max_hp_per_floor":[70,70,70,70,70,70,70,70,70,70,70,70,70,70,70,70,70,70,70,70,70,70,70,70,70],"card_choices":[{"not_picked":["hexamod:RecurringNightmare","hexamod:Rewind"],"picked":"hexamod:Firestarter","floor":2},{"not_picked":["hexamod:Again","hexamod:Firestarter","hexamod:RainOfEmbers"],"picked":"SKIP","floor":4},{"not_picked":["hexamod:ShieldOfDarkness","hexamod:RetreatToShadows"],"picked":"hexamod:FastForward","floor":5},{"not_picked":["hexamod:SwordOfDarkness","hexamod:BurningTouch"],"picked":"hexamod:DynamicBlow","floor":9},{"not_picked":["hexamod:Incineration","hexamod:CatchUp"],"picked":"hexamod:FirstSeal","floor":11},{"not_picked":["hexamod:ThermalTransfer","hexamod:PhantomFireball"],"picked":"hexamod:HexaLevel","floor":12},{"not_picked":["hexamod:GhostOfSpirePast","hexamod:SkipABeat","hexamod:ShieldOfDarkness"],"picked":"SKIP","floor":13},{"not_picked":["hexamod:ParanormalForm","hexamod:BacktrackSmack"],"picked":"hexamod:EmpoweredFlame","floor":14},{"not_picked":["hexamod:RetreatToShadows","hexamod:GhostLash"],"picked":"hexamod:FastForward","floor":15},{"not_picked":["hexamod:UnlimitedPower","hexamod:SearingWound"],"picked":"hexamod:GhostOfSpirePresent","floor":16},{"not_picked":["hexamod:HeatShield+1","hexamod:BacktrackSmack+1","hexamod:NightmareStrike"],"picked":"SKIP","floor":19},{"not_picked":["hexamod:GhostOfSpireFuture","hexamod:Hexaguard"],"picked":"hexamod:EmpoweredFlame","floor":22},{"not_picked":["hexamod:Rewind","hexamod:HauntingEcho"],"picked":"hexamod:ThermalTransfer","floor":22}],"player_experience":478109,"relics_obtained":[{"floor":7,"key":"Blue Doll"},{"floor":11,"key":"ReplayTheSpireMod:TigerMarble"},{"floor":14,"key":"Mercury Hourglass"},{"floor":21,"key":"ReplayTheSpireMod:Ring of Collecting"},{"floor":21,"key":"Ring of Fury"}],"event_choices":[],"is_beta":false,"boss_relics":[{"not_picked":["Fusion Hammer","Velvet Choker"],"picked":"Replay:Bronze Core"}],"items_purged_floors":[],"is_endless":false,"potions_floor_spawned":[9,11,13,15,16],"killed_by":"Slavers","ascension_level":0}}