{"host":"jt67skv49snb75sm","time":1614161495,"event":{"mods":["BaseMod","Bestiary","Minty Spire (QoL Compilation)","Relic Stats"],"gold_per_floor":[111,111,111,132,52,85,85,101,101,120,120,144,178,191,191,286,286,304,329,329,329],"floor_reached":20,"language":"ENG","playtime":633,"items_purged":[],"score":422,"play_id":"5c1df469-f6b4-49b9-b422-ff42be8adf6a","local_time":"20210224111135","is_ascension_mode":true,"campfire_choices":[{"data":"Berserk","floor":7,"key":"SMITH"},{"data":"Bash","floor":15,"key":"SMITH"}],"circlet_count":0,"master_deck":["AscendersBane","Strike_R","Strike_R","Strike_R+1","Strike_R","Strike_R","Defend_R","Defend_R","Defend_R","Defend_R+1","Bash+1","Anger","Berserk+1","Clothesline","Whirlwind","Immolate","Burning Pact","Feel No Pain","Pommel Strike","Spot Weakness","Exhume","Pommel Strike"],"relics":["Burning Blood","NeowsBlessing","Golden Idol","Bottled Tornado","Paper Frog","Bottled Lightning","Black Star"],"acts_visited":["Exordium","TheCity"],"potions_floor_usage":[13,16,19],"damage_taken":[{"damage":0,"enemies":"2 Louse","floor":1,"turns":1},{"damage":0,"enemies":"Jaw Worm","floor":4,"turns":1},{"damage":0,"enemies":"Lagavulin","floor":6,"turns":1},{"damage":0,"enemies":"Cultist","floor":8,"turns":3},{"damage":12,"enemies":"Looter","floor":10,"turns":3},{"damage":9,"enemies":"Large Slime","floor":12,"turns":4},{"damage":2,"enemies":"3 Sentries","floor":13,"turns":4},{"damage":0,"enemies":"Lots of Slimes","floor":14,"turns":1},{"damage":37,"enemies":"Slime Boss","floor":16,"turns":7},{"damage":13,"enemies":"Chosen","floor":18,"turns":5},{"damage":40,"enemies":"Spheric Guardian","floor":19,"turns":5},{"damage":21,"enemies":"Snecko","floor":20,"turns":3}],"seed_played":"-6911749282194221636","potions_obtained":[{"floor":4,"key":"Block Potion"},{"floor":12,"key":"SteroidPotion"},{"floor":13,"key":"Dexterity Potion"},{"floor":16,"key":"LiquidBronze"}],"is_trial":false,"path_per_floor":["M","?","?","M","$","E","R","M","T","M","?","M","E","M","R","B",null,"M","M","M"],"character_chosen":"IRONCLAD","items_purchased":["Whirlwind"],"campfire_rested":0,"item_purchase_floors":[5],"current_hp_per_floor":[74,48,48,54,54,60,60,66,66,60,37,34,38,44,44,13,60,53,19,0,0],"gold":329,"neow_bonus":"THREE_ENEMY_KILL","is_daily":false,"chose_seed":false,"campfire_upgraded":2,"win_rate":0.0,"timestamp":1614161495,"path_taken":["M","?","?","?","$","E","R","M","T","M","?","M","E","M","R","BOSS","M","M","M"],"items_purchased_type":["Card"],"build_version":"2020-12-22","purchased_purges":0,"victory":false,"max_hp_per_floor":[75,75,75,75,75,75,75,75,75,75,75,75,75,75,75,75,75,75,75,75,75],"relic_stats":{"counters":[12,38],"Golden Idol":61,"Black Star":0,"obtain_stats":[{"NeowsBlessing":0,"Golden Idol":2,"Black Star":17,"Bottled Lightning":13,"Bottled Tornado":6,"Burning Blood":0,"Paper Frog":9},{"NeowsBlessing":0,"Golden Idol":1,"Black Star":9,"Bottled Lightning":7,"Bottled Tornado":3,"Burning Blood":0,"Paper Frog":4},{"NeowsBlessing":0,"Golden Idol":1,"Black Star":25,"Bottled Lightning":17,"Bottled Tornado":3,"Burning Blood":0,"Paper Frog":6}],"Burning Blood":66},"card_choices":[{"not_picked":["Clash","Thunderclap"],"picked":"Anger","floor":1},{"not_picked":["Rupture","Headbutt"],"picked":"Clothesline","floor":4},{"not_picked":["Heavy Blade","Clothesline","Perfected Strike"],"picked":"SKIP","floor":6},{"not_picked":["Entrench","Thunderclap"],"picked":"Immolate","floor":8},{"not_picked":["Dark Embrace","Reckless Charge"],"picked":"Burning Pact","floor":10},{"not_picked":["Havoc","Seeing Red"],"picked":"Feel No Pain","floor":12},{"not_picked":["Rampage","Evolve"],"picked":"Pommel Strike","floor":13},{"not_picked":["Metallicize","Flex"],"picked":"Spot Weakness","floor":14},{"not_picked":["Berserk","Bludgeon"],"picked":"Exhume","floor":16},{"not_picked":["Clothesline","Flex"],"picked":"Pommel Strike","floor":18},{"not_picked":["Infernal Blade","Entrench","Clothesline"],"picked":"SKIP","floor":19}],"player_experience":893900,"relics_obtained":[{"floor":6,"key":"Bottled Tornado"},{"floor":9,"key":"Paper Frog"},{"floor":13,"key":"Bottled Lightning"}],"event_choices":[{"damage_healed":0,"gold_gain":0,"player_choice":"Take Damage","damage_taken":26,"relics_obtained":["Golden Idol"],"max_hp_gain":0,"max_hp_loss":0,"event_name":"Golden Idol","floor":2,"gold_loss":0},{"damage_healed":0,"gold_gain":0,"player_choice":"1 cards matched","damage_taken":0,"max_hp_gain":0,"max_hp_loss":0,"event_name":"Match and Keep!","floor":3,"gold_loss":0,"cards_obtained":["Berserk"]},{"damage_healed":0,"gold_gain":0,"player_choice":"Entered Light","damage_taken":23,"max_hp_gain":0,"max_hp_loss":0,"event_name":"Shining Light","floor":11,"gold_loss":0,"cards_upgraded":["Strike_R","Defend_R"]}],"is_beta":false,"boss_relics":[{"not_picked":["Tiny House","SacredBark"],"picked":"Black Star"}],"items_purged_floors":[],"is_endless":false,"potions_floor_spawned":[4,12,13,14,16],"killed_by":"Snecko","ascension_level":20}}