{"host":"15dd7v8o90xso62x","time":1614178999,"event":{"mods":["BaseMod","Minty Spire (QoL Compilation)","Quick Restart","StSLib","SuperFastMode"],"gold_per_floor":[110,110,110,110,35,35,70,5,87,87,100,118,150,167,167,245,245,256,256,275,95,110,122,122,140,164,188,201,216,216,216,216,291,291,304,17,33,44,44,79,93,110,110,143,143,170,170,187,187,187,187],"floor_reached":52,"language":"KOR","playtime":1846,"items_purged":["Strike_R","Defend_R","Strike_R"],"score":1998,"play_id":"5f58f1b7-c89d-4828-ae49-dae0ef9fb056","local_time":"20210225000319","is_ascension_mode":true,"campfire_choices":[{"data":"Bash","floor":6.0,"key":"SMITH"},{"data":"Rampage","floor":10.0,"key":"SMITH"},{"data":"Battle Trance","floor":15.0,"key":"SMITH"},{"data":"Evolve","floor":24.0,"key":"SMITH"},{"floor":30.0,"key":"REST"},{"data":"Pommel Strike","floor":32.0,"key":"SMITH"},{"data":"Seeing Red","floor":45.0,"key":"SMITH"},{"data":"Madness","floor":47.0,"key":"SMITH"},{"data":"Madness","floor":49.0,"key":"SMITH"}],"circlet_count":0,"master_deck":["AscendersBane","Strike_R+1","Defend_R","Bash+1","Rampage+1","Battle Trance+1","Evolve+1","Pommel Strike+1","Burning Pact","Shrug It Off","Seeing Red+1","Second Wind","Madness+1","Madness+1"],"relics":["Burning Blood","NeowsBlessing","Charon\u0027s Ashes","CaptainsWheel","Self Forming Clay","Ornamental Fan","Mark of Pain","Dream Catcher","Happy Flower","SacredBark","Bag of Preparation","Darkstone Periapt","Mummified Hand","Frozen Egg 2","Whetstone"],"acts_visited":["Exordium","TheCity","TheBeyond"],"potions_floor_usage":[50,51],"damage_taken":[{"damage":0.0,"enemies":"Small Slimes","floor":1.0,"turns":1.0},{"damage":0.0,"enemies":"Lagavulin","floor":7.0,"turns":2.0},{"damage":0.0,"enemies":"2 Louse","floor":11.0,"turns":1.0},{"damage":12.0,"enemies":"Jaw Worm","floor":12.0,"turns":2.0},{"damage":22.0,"enemies":"3 Sentries","floor":13.0,"turns":4.0},{"damage":2.0,"enemies":"2 Fungi Beasts","floor":14.0,"turns":3.0},{"damage":17.0,"enemies":"Slime Boss","floor":16.0,"turns":8.0},{"damage":9.0,"enemies":"2 Thieves","floor":18.0,"turns":3.0},{"damage":11.0,"enemies":"3 Byrds","floor":20.0,"turns":5.0},{"damage":23.0,"enemies":"Centurion and Healer","floor":22.0,"turns":5.0},{"damage":0.0,"enemies":"Cultist and Chosen","floor":23.0,"turns":4.0},{"damage":35.0,"enemies":"Snake Plant","floor":25.0,"turns":3.0},{"damage":18.0,"enemies":"3 Cultists","floor":28.0,"turns":5.0},{"damage":3.0,"enemies":"Sentry and Sphere","floor":29.0,"turns":4.0},{"damage":32.0,"enemies":"Automaton","floor":33.0,"turns":5.0},{"damage":7.0,"enemies":"3 Shapes","floor":35.0,"turns":5.0},{"damage":11.0,"enemies":"3 Darklings","floor":37.0,"turns":3.0},{"damage":0.0,"enemies":"Sphere and 2 Shapes","floor":38.0,"turns":3.0},{"damage":10.0,"enemies":"Reptomancer","floor":40.0,"turns":3.0},{"damage":1.0,"enemies":"Maw","floor":41.0,"turns":5.0},{"damage":0.0,"enemies":"4 Shapes","floor":42.0,"turns":3.0},{"damage":0.0,"enemies":"Nemesis","floor":44.0,"turns":3.0},{"damage":13.0,"enemies":"Spire Growth","floor":48.0,"turns":3.0},{"damage":8,"enemies":"Awakened One","floor":50,"turns":5},{"damage":53,"enemies":"Time Eater","floor":51,"turns":6}],"seed_played":"-4912097185088096115","potions_obtained":[{"floor":12.0,"key":"Regen Potion"},{"floor":13.0,"key":"Block Potion"},{"floor":14.0,"key":"Block Potion"},{"floor":18.0,"key":"Fruit Juice"},{"floor":28.0,"key":"Explosive Potion"},{"floor":29.0,"key":"Regen Potion"},{"floor":33.0,"key":"EssenceOfSteel"},{"floor":37.0,"key":"EssenceOfSteel"},{"floor":38.0,"key":"FearPotion"},{"floor":42.0,"key":"SkillPotion"}],"is_trial":false,"path_per_floor":["M","?","?","?","$","R","E","?","T","R","M","M","E","M","R","B",null,"M","?","M","$","M","M","R","M","T","T","M","M","R","?","R","B",null,"M","$","M","M","?","E","M","M","T","E","R","T","R","M","R","B","B",null],"character_chosen":"IRONCLAD","items_purchased":["Burning Pact","Bag of Preparation"],"campfire_rested":1,"item_purchase_floors":[21,36],"current_hp_per_floor":[74,79,72,72,72,72,78,78,78,78,80,74,67,71,71,60,75,77,77,72,72,55,61,61,32,32,32,20,23,48,48,48,36,73,72,72,67,73,58,54,59,65,65,71,71,71,71,64,64,62,15],"gold":187,"neow_bonus":"THREE_ENEMY_KILL","is_daily":false,"chose_seed":false,"campfire_upgraded":8,"win_rate":0.0,"timestamp":1614178999,"path_taken":["M","?","?","?","?","R","E","?","T","R","M","?","E","?","R","BOSS","M","?","?","$","M","M","R","?","T","?","M","M","R","?","R","BOSS","M","$","M","M","?","E","M","M","T","E","R","?","R","M","R","BOSS","BOSS"],"items_purchased_type":["Card","Relic"],"build_version":"2020-12-22","purchased_purges":3,"victory":true,"max_hp_per_floor":[75,80,80,80,80,80,80,80,80,80,80,80,80,80,80,80,80,85,85,85,85,85,85,85,85,85,85,85,85,85,85,85,85,85,85,85,85,85,85,85,85,85,85,85,85,85,85,85,85,85,85],"card_choices":[{"not_picked":["Iron Wave","Warcry","Rupture"],"picked":"SKIP","floor":1.0},{"not_picked":["Burning Pact","Sword Boomerang"],"picked":"Rampage","floor":7.0},{"not_picked":["Inflame","Searing Blow"],"picked":"Battle Trance","floor":11.0},{"not_picked":["Twin Strike","Body Slam"],"picked":"Evolve","floor":12.0},{"not_picked":["Sword Boomerang","Armaments","Brutality"],"picked":"SKIP","floor":13.0},{"not_picked":["Perfected Strike","Headbutt"],"picked":"Pommel Strike","floor":14.0},{"not_picked":["Cleave","Flame Barrier","Ghostly Armor"],"picked":"SKIP","floor":18.0},{"not_picked":["Rage","Body Slam","Clash"],"picked":"SKIP","floor":20.0},{"not_picked":["Warcry","Wild Strike","Blood for Blood"],"picked":"SKIP","floor":22.0},{"not_picked":["Sword Boomerang","Iron Wave","Rage"],"picked":"SKIP","floor":23.0},{"not_picked":["Sword Boomerang","Fiend Fire"],"picked":"Shrug It Off","floor":25.0},{"not_picked":["Clothesline","Sword Boomerang","Thunderclap"],"picked":"SKIP","floor":28.0},{"not_picked":["Twin Strike","Thunderclap","Rage"],"picked":"SKIP","floor":29.0},{"not_picked":["Heavy Blade","Warcry"],"picked":"Seeing Red","floor":35.0},{"not_picked":["Body Slam","Combust","Twin Strike"],"picked":"SKIP","floor":37.0},{"not_picked":["Cleave","Headbutt+1"],"picked":"Second Wind","floor":38.0},{"not_picked":["Wild Strike","Demon Form","Clash"],"picked":"SKIP","floor":40.0},{"not_picked":["Wild Strike","Demon Form","Clash"],"picked":"SKIP","floor":40.0},{"not_picked":["Dropkick","Sword Boomerang","Reckless Charge+1"],"picked":"SKIP","floor":41.0},{"not_picked":["Clash","Rupture","Twin Strike+1"],"picked":"SKIP","floor":42.0},{"not_picked":["Armaments","Cleave","Clothesline"],"picked":"SKIP","floor":44.0},{"not_picked":["Shrug It Off","True Grit","Whirlwind"],"picked":"SKIP","floor":48.0}],"player_experience":971001,"relics_obtained":[{"floor":7.0,"key":"Charon\u0027s Ashes"},{"floor":9.0,"key":"Self Forming Clay"},{"floor":13.0,"key":"Ornamental Fan"},{"floor":26.0,"key":"Dream Catcher"},{"floor":27.0,"key":"Happy Flower"},{"floor":40.0,"key":"Darkstone Periapt"},{"floor":43.0,"key":"Mummified Hand"},{"floor":44.0,"key":"Frozen Egg 2"},{"floor":46.0,"key":"Whetstone"}],"event_choices":[{"damage_healed":0.0,"max_hp_gain":5.0,"max_hp_loss":0.0,"gold_gain":0.0,"event_name":"Big Fish","player_choice":"Donut","floor":2.0,"gold_loss":0.0,"damage_taken":0.0},{"cards_removed":["Strike_R"],"damage_healed":0.0,"max_hp_gain":0.0,"max_hp_loss":0.0,"gold_gain":0.0,"event_name":"Golden Wing","player_choice":"Card Removal","floor":3.0,"gold_loss":0.0,"damage_taken":7.0},{"cards_removed":["Defend_R"],"damage_healed":0.0,"max_hp_gain":0.0,"max_hp_loss":0.0,"gold_gain":0.0,"event_name":"Living Wall","player_choice":"Forget","floor":4.0,"gold_loss":0.0,"damage_taken":0.0},{"damage_healed":0.0,"max_hp_gain":0.0,"max_hp_loss":0.0,"gold_gain":0.0,"event_name":"WeMeetAgain","player_choice":"Paid Gold","floor":8.0,"gold_loss":65.0,"damage_taken":0.0,"relics_obtained":["CaptainsWheel"]},{"cards_removed":["Strike_R"],"damage_healed":0.0,"max_hp_gain":0.0,"max_hp_loss":0.0,"gold_gain":0.0,"event_name":"Bonfire Elementals","player_choice":"Offered Basic","floor":19.0,"gold_loss":0.0,"damage_taken":0.0},{"cards_removed":["Defend_R"],"damage_healed":0.0,"max_hp_gain":0.0,"max_hp_loss":0.0,"gold_gain":0.0,"event_name":"Back to Basics","player_choice":"Elegance","floor":31.0,"gold_loss":0.0,"damage_taken":0.0},{"damage_healed":0.0,"max_hp_gain":0.0,"max_hp_loss":0.0,"gold_gain":0.0,"event_name":"Winding Halls","player_choice":"Embrace Madness","floor":39.0,"gold_loss":0.0,"damage_taken":15.0,"cards_obtained":["Madness","Madness"]}],"is_beta":false,"boss_relics":[{"not_picked":["Empty Cage","Cursed Key"],"picked":"Mark of Pain"},{"not_picked":["Philosopher\u0027s Stone","Runic Dome"],"picked":"SacredBark"}],"items_purged_floors":[5,21,36],"is_endless":false,"potions_floor_spawned":[12,13,14,18,28,29,33,37,38,42],"ascension_level":20}}