{"host":"x4954lblgztusody","time":1614155000,"event":{"mods":["BaseMod","Colored Map","Curses Come First","Minty Spire (QoL Compilation)","Rare Cards Sparkle","StSLib"],"gold_per_floor":[114,64,64,82,99,99,109,109,156,24,24,40,57,57,57,152,152,170,80,93,9,9,35,35,65,112,125,125,144,171,183,183,281,281,293,309,17,17,31,57,57,85,85,85,99,99,117,0,0,0,0,0,0,29,29],"floor_reached":56,"language":"ENG","playtime":3462,"items_purged":["Strike_G","Pain","Strike_G","Bouncing Flask"],"score":1487,"play_id":"b1f43ed8-b329-406a-bf5b-9369880902fb","local_time":"20210224002320","is_ascension_mode":true,"campfire_choices":[{"data":"Neutralize","floor":6.0,"key":"SMITH"},{"data":"Footwork","floor":8.0,"key":"SMITH"},{"data":"Footwork","floor":15.0,"key":"SMITH"},{"floor":32.0,"key":"REST"},{"floor":41.0,"key":"REST"},{"floor":44.0,"key":"REST"},{"floor":49.0,"key":"RECALL"},{"data":"Wraith Form v2","floor":52.0,"key":"SMITH"}],"circlet_count":0,"master_deck":["Defend_G","Defend_G+1","Defend_G","Defend_G","Defend_G","Survivor","Neutralize+1","Catalyst","Catalyst","Footwork+1","Footwork+1","PiercingWail","Escape Plan","Corpse Explosion","Escape Plan","Deadly Poison","Bouncing Flask","Well Laid Plans","Glass Knife","Deadly Poison+1","Blade Dance+1","Wraith Form v2+1","PiercingWail","Noxious Fumes+1","Dodge and Roll","Good Instincts","Blur"],"relics":["Ring of the Snake","Smiling Mask","WarpedTongs","Regal Pillow","SlaversCollar","Strawberry","Gremlin Horn","Nunchaku","Blood Vial","FaceOfCleric","Happy Flower","HoveringKite","InkBottle","Molten Egg 2","Snake Skull","Red Mask","Vajra"],"acts_visited":["Exordium","TheCity","TheBeyond","TheEnding"],"potions_floor_usage":[55,55,55],"damage_taken":[{"damage":1.0,"enemies":"Cultist","floor":1.0,"turns":5.0},{"damage":4.0,"enemies":"2 Louse","floor":4.0,"turns":4.0},{"damage":7.0,"enemies":"Jaw Worm","floor":5.0,"turns":4.0},{"damage":23.0,"enemies":"Gremlin Gang","floor":7.0,"turns":9.0},{"damage":0.0,"enemies":"Looter","floor":12.0,"turns":4.0},{"damage":4.0,"enemies":"Red Slaver","floor":13.0,"turns":8.0},{"damage":18.0,"enemies":"The Guardian","floor":16.0,"turns":6.0},{"damage":14.0,"enemies":"3 Byrds","floor":18.0,"turns":4.0},{"damage":12.0,"enemies":"2 Thieves","floor":20.0,"turns":4.0},{"damage":5.0,"enemies":"Book of Stabbing","floor":23.0,"turns":4.0},{"damage":16.0,"enemies":"Slavers","floor":25.0,"turns":5.0},{"damage":3.0,"enemies":"Centurion and Healer","floor":27.0,"turns":6.0},{"damage":7.0,"enemies":"Cultist and Chosen","floor":29.0,"turns":5.0},{"damage":0.0,"enemies":"Book of Stabbing","floor":30.0,"turns":6.0},{"damage":8.0,"enemies":"Shelled Parasite and Fungi","floor":31.0,"turns":5.0},{"damage":0.0,"enemies":"Automaton","floor":33.0,"turns":4.0},{"damage":5.0,"enemies":"3 Darklings","floor":35.0,"turns":6.0},{"damage":6.0,"enemies":"Orb Walker","floor":36.0,"turns":5.0},{"damage":63.0,"enemies":"Transient","floor":39.0,"turns":5.0},{"damage":1.0,"enemies":"Reptomancer","floor":40.0,"turns":8.0},{"damage":41.0,"enemies":"Giant Head","floor":42.0,"turns":9.0},{"damage":10.0,"enemies":"Spire Growth","floor":45.0,"turns":6.0},{"damage":6.0,"enemies":"Maw","floor":47.0,"turns":7.0},{"damage":20.0,"enemies":"Awakened One","floor":50.0,"turns":16.0},{"damage":3.0,"enemies":"Shield and Spear","floor":54.0,"turns":5.0},{"damage":47,"enemies":"The Heart","floor":55,"turns":9}],"seed_played":"6481682879094717201","potions_obtained":[{"floor":1.0,"key":"BlessingOfTheForge"},{"floor":5.0,"key":"SpeedPotion"},{"floor":7.0,"key":"Ancient Potion"},{"floor":12.0,"key":"Weak Potion"},{"floor":23.0,"key":"Poison Potion"},{"floor":27.0,"key":"AttackPotion"},{"floor":29.0,"key":"Poison Potion"},{"floor":30.0,"key":"DuplicationPotion"},{"floor":33.0,"key":"Strength Potion"},{"floor":35.0,"key":"ColorlessPotion"},{"floor":42.0,"key":"Poison Potion"},{"floor":54.0,"key":"LiquidBronze"}],"is_trial":false,"path_per_floor":["M","$","?","M","M","R","M","R","T","$","?","M","M","?","R","B",null,"M","?","M","$","?","E","$","E","T","M","?","M","E","M","R","B",null,"M","M","$","?","M","E","R","E","T","R","M","?","M","?","R","B",null,"R","$","E","B",null],"character_chosen":"THE_SILENT","items_purchased":["Footwork","Block Potion","Bouncing Flask","InkBottle"],"campfire_rested":3,"item_purchase_floors":[10,10,21,37],"current_hp_per_floor":[69,69,69,65,58,58,35,35,35,35,35,35,31,31,31,13,70,56,56,44,44,51,46,46,30,30,29,29,25,28,23,62,65,81,77,74,74,74,14,16,55,17,17,56,49,49,46,46,46,29,85,85,85,83,39],"gold":29,"neow_bonus":"RANDOM_COMMON_RELIC","is_daily":false,"chose_seed":false,"campfire_upgraded":4,"win_rate":0.0,"timestamp":1614155000,"path_taken":["M","$","?","M","?","R","M","R","T","$","?","?","M","?","R","BOSS","M","?","M","?","?","E","$","E","T","?","?","?","E","M","R","BOSS","M","M","$","?","M","E","R","E","T","R","M","?","M","?","R","BOSS","R","$","E","BOSS"],"items_purchased_type":["Card","Potion","Card","Relic"],"build_version":"2020-12-22","purchased_purges":4,"victory":true,"max_hp_per_floor":[70,70,70,70,70,70,70,70,70,70,70,70,70,70,70,70,70,70,70,70,70,77,77,77,77,77,77,77,78,79,80,80,81,81,82,83,83,79,80,81,81,82,82,82,83,83,84,84,84,85,85,85,85,86,87],"card_choices":[{"not_picked":["Leg Sweep","Acrobatics"],"picked":"Catalyst","floor":1.0},{"not_picked":["Cloak And Dagger","Slice"],"picked":"Catalyst","floor":4.0},{"not_picked":["Eviscerate","Flying Knee","Escape Plan"],"picked":"SKIP","floor":5.0},{"not_picked":["Dagger Throw","Bane"],"picked":"Footwork","floor":7.0},{"not_picked":["Blur","Dagger Spray"],"picked":"PiercingWail","floor":12.0},{"not_picked":["Riddle With Holes","Blade Dance"],"picked":"Bouncing Flask","floor":13.0},{"not_picked":["Adrenaline","Venomology"],"picked":"Corpse Explosion","floor":16.0},{"not_picked":["Poisoned Stab","Dagger Throw"],"picked":"Escape Plan","floor":18.0},{"not_picked":["Slice","Underhanded Strike+1"],"picked":"Deadly Poison","floor":20.0},{"not_picked":["Calculated Gamble+1","Flying Knee"],"picked":"Well Laid Plans","floor":23.0},{"not_picked":["Flying Knee","Eviscerate"],"picked":"Glass Knife","floor":25.0},{"not_picked":["Accuracy","Flying Knee","Reflex+1"],"picked":"SKIP","floor":27.0},{"not_picked":["Outmaneuver","Choke","Acrobatics"],"picked":"SKIP","floor":29.0},{"not_picked":["Leg Sweep","Night Terror"],"picked":"Deadly Poison+1","floor":30.0},{"not_picked":["Underhanded Strike","Eviscerate"],"picked":"Blade Dance+1","floor":31.0},{"not_picked":["Adrenaline","Die Die Die"],"picked":"Wraith Form v2","floor":33.0},{"not_picked":["Dagger Throw+1","Cloak And Dagger","Blur+1"],"picked":"SKIP","floor":35.0},{"not_picked":["Underhanded Strike","Cloak And Dagger+1"],"picked":"PiercingWail","floor":36.0},{"not_picked":["Poisoned Stab","Riddle With Holes+1"],"picked":"Noxious Fumes+1","floor":39.0},{"not_picked":["Heel Hook+1","Bullet Time"],"picked":"Dodge and Roll","floor":40.0},{"not_picked":["Dagger Spray+1","Endless Agony+1","Poisoned Stab+1"],"picked":"SKIP","floor":42.0},{"not_picked":["Dagger Throw+1","Sucker Punch+1","Cloak And Dagger+1"],"picked":"SKIP","floor":45.0},{"not_picked":["Swift Strike+1","Flash of Steel+1"],"picked":"Good Instincts","floor":46.0},{"not_picked":["PiercingWail","Dagger Throw+1","Die Die Die+1"],"picked":"SKIP","floor":47.0},{"not_picked":["Masterful Stab+1","Flying Knee+1"],"picked":"Blur","floor":54.0}],"player_experience":57448,"relics_obtained":[{"floor":9.0,"key":"Regal Pillow"},{"floor":23.0,"key":"Gremlin Horn"},{"floor":25.0,"key":"Nunchaku"},{"floor":26.0,"key":"Blood Vial"},{"floor":30.0,"key":"Happy Flower"},{"floor":40.0,"key":"Molten Egg 2"},{"floor":42.0,"key":"Snake Skull"},{"floor":54.0,"key":"Vajra"}],"event_choices":[{"damage_healed":0.0,"max_hp_gain":0.0,"max_hp_loss":0.0,"gold_gain":0.0,"event_name":"Accursed Blacksmith","player_choice":"Rummage","floor":3.0,"gold_loss":0.0,"damage_taken":0.0,"relics_obtained":["WarpedTongs"],"cards_obtained":["Pain"]},{"cards_removed":["Strike_G"],"damage_healed":0.0,"max_hp_gain":0.0,"max_hp_loss":0.0,"gold_gain":0.0,"event_name":"Bonfire Elementals","player_choice":"Offered Basic","floor":11.0,"gold_loss":0.0,"damage_taken":0.0},{"damage_healed":0.0,"max_hp_gain":0.0,"max_hp_loss":0.0,"gold_gain":0.0,"cards_transformed":["Strike_G"],"event_name":"Living Wall","player_choice":"Change","floor":14.0,"gold_loss":0.0,"damage_taken":0.0,"cards_obtained":["Escape Plan"]},{"cards_removed":["Strike_G"],"damage_healed":0.0,"max_hp_gain":0.0,"max_hp_loss":0.0,"gold_gain":0.0,"event_name":"Designer","player_choice":"Upgrade and Remove","floor":19.0,"gold_loss":90.0,"damage_taken":0.0,"cards_upgraded":["Defend_G"]},{"damage_healed":0.0,"max_hp_gain":0.0,"max_hp_loss":0.0,"gold_gain":0.0,"event_name":"WeMeetAgain","player_choice":"Gave Potion","floor":22.0,"gold_loss":0.0,"damage_taken":0.0,"relics_obtained":["Strawberry"]},{"damage_healed":0.0,"max_hp_gain":0.0,"max_hp_loss":0.0,"gold_gain":0.0,"event_name":"FaceTrader","player_choice":"Trade","floor":28.0,"gold_loss":0.0,"damage_taken":0.0,"relics_obtained":["FaceOfCleric"]},{"damage_healed":0.0,"max_hp_gain":0.0,"max_hp_loss":4.0,"gold_gain":0.0,"event_name":"Winding Halls","player_choice":"Max HP","floor":38.0,"gold_loss":0.0,"damage_taken":0.0},{"damage_healed":0.0,"max_hp_gain":0.0,"max_hp_loss":0.0,"gold_gain":0.0,"event_name":"SensoryStone","player_choice":"Memory 1","floor":46.0,"gold_loss":0.0,"damage_taken":0.0},{"damage_healed":0.0,"max_hp_gain":0.0,"max_hp_loss":0.0,"gold_gain":0.0,"event_name":"Tomb of Lord Red Mask","player_choice":"Paid","floor":48.0,"gold_loss":117.0,"damage_taken":0.0,"relics_obtained":["Red Mask"]}],"is_beta":false,"boss_relics":[{"not_picked":["Astrolabe","Empty Cage"],"picked":"SlaversCollar"},{"not_picked":["Black Star","Runic Dome"],"picked":"HoveringKite"}],"items_purged_floors":[2,10,21,37],"is_endless":false,"potions_floor_spawned":[1,5,7,12,23,27,29,30,33,35,40,42,54],"ascension_level":3}}