{"host":"iovigr651ajk16h5","time":1614180511,"event":{"mods":["2.2 Compatiblity","AchievementEnabler","Aspiration","BaseMod","Better Altar","Better Match","Better Note","Better Sensory Stone","Better Skull","Better Third Choice","Block Reminder","CapriCore","Colored Map","Ekko","Energized Spire","GifTheSpireLib","GungeonMod","Halation","Hermit","Highlight Path","Hubris","Infinite Spire","Koishi","Luminous","Marisa????????","Minty Spire (QoL Compilation)","Nova Terra(??·??)","Onozuka Komachi Mod","Permanent Neow","Prisma Mod","Quick Restart","Railgun Mod","Remilia??????","Replay The Spire","StSLib","Stuff the Spire","Td1madao Mod","The Administrix","The Bladedancer","The Bug Knight","The Construct","The Exalted","The Immortal","The Marked","The Problem Sleuth","The Servant 0.9.4","TheFirefly","TheSwordswoman","Trackpad","Waifu the Spire","WarShipGirlsR/????R mod","everything is the same but u backflip on backflip"],"gold_per_floor":[119,119,135,2,22,22,51,68,68,18,18,18,44,54,54,153,153,167,186,186,205,105,105,29,61,140,140,151,151,151],"floor_reached":29,"language":"ENG","playtime":1494,"items_purged":["theMarked:Strike","theMarked:Strike"],"score":266,"play_id":"d12119a3-98de-469a-ae7b-5fe654959e72","local_time":"20210224102831","is_ascension_mode":true,"campfire_choices":[{"floor":6,"key":"RECALL"},{"data":"theMarked:Challenge","floor":12,"key":"SMITH"},{"floor":15,"key":"REST"},{"floor":23,"key":"REST"}],"circlet_count":0,"master_deck":["theMarked:Strike","theMarked:Strike","theMarked:Defend","theMarked:Defend","theMarked:Defend","theMarked:Defend","theMarked:SoldierOfQuellstein+1","theMarked:SwordAndMagic+1","theMarked:EmpowerWeapon","theMarked:Parry+1","theMarked:Aftermath","theMarked:Challenge+1","theMarked:HeightenedSenses","theMarked:ComboAttacks+1","theMarked:Challenge","theMarked:Challenge","Inflame+1","theMarked:Polarize+1"],"relics":["theMarked:ArtifactOfAir","Shuriken","Frozen Egg 2","trackpad:SneckoScepter","aspiration:IroncladSkillbook","StuffTheSpire:SapphireSignet","halation:QuantumPhysicsTextbook"],"acts_visited":["Exordium","TheCity"],"potions_floor_usage":[7,19,21,25],"damage_taken":[{"damage":0,"enemies":"Small Slimes","floor":1,"turns":2},{"damage":0,"enemies":"Cultist","floor":3,"turns":2},{"damage":1,"enemies":"2 Louse","floor":5,"turns":2},{"damage":6,"enemies":"Lagavulin","floor":7,"turns":5},{"damage":2,"enemies":"Blue Slaver","floor":8,"turns":3},{"damage":20,"enemies":"3 Sentries","floor":13,"turns":8},{"damage":0,"enemies":"3 Louse","floor":14,"turns":4},{"damage":33,"enemies":"The Guardian","floor":16,"turns":9},{"damage":22,"enemies":"2 Thieves","floor":18,"turns":4},{"damage":8,"enemies":"Centurion and Healer","floor":19,"turns":4},{"damage":0,"enemies":"Snake Plant","floor":21,"turns":4},{"damage":13,"enemies":"HollowMod:Nosk","floor":25,"turns":7},{"damage":28,"enemies":"Chosen and Byrds","floor":28,"turns":8},{"damage":6,"enemies":"Replay:Snechameleon","floor":29,"turns":2}],"seed_played":"-819321395471900293","potions_obtained":[{"floor":3,"key":"BlessingOfTheForge"},{"floor":5,"key":"DistilledChaos"},{"floor":16,"key":"Explosive Potion"},{"floor":18,"key":"Strength Potion"},{"floor":19,"key":"Adrenaline Potion"}],"is_trial":false,"path_per_floor":["M","?","M","$","M","R","E","M","T","?","?","R","E","M","R","B",null,"M","M","T","M","$","R","$","E","T","?","M","E"],"character_chosen":"THE_DEFAULT","items_purchased":["theMarked:Parry+1","Inflame+1"],"campfire_rested":2,"item_purchase_floors":[4,24],"current_hp_per_floor":[72,72,72,72,71,71,65,63,63,63,63,63,43,43,64,31,72,54,50,50,58,58,72,72,67,67,67,43,37,37],"gold":151,"neow_bonus":"UPGRADE_CARD","is_daily":false,"chose_seed":false,"campfire_upgraded":1,"win_rate":0.0,"timestamp":1614180511,"path_taken":["M","?","?","$","M","R","E","M","T","?","?","R","E","M","R","BOSS","M","M","?","M","$","R","$","E","T","?","M","E"],"items_purchased_type":["Card","Card"],"build_version":"2020-12-22","purchased_purges":2,"victory":false,"max_hp_per_floor":[72,72,72,72,72,72,72,72,72,72,72,72,72,72,72,72,72,72,72,72,72,72,72,72,72,72,72,72,72,72],"card_choices":[{"not_picked":["theMarked:ChainLightning","theMarked:Frustration"],"picked":"theMarked:SwordAndMagic","floor":1},{"not_picked":["theMarked:HeightenedSenses","theMarked:SelfDefenseTraining"],"picked":"theMarked:EmpowerWeapon","floor":3},{"not_picked":["theMarked:BanishingStrike","theMarked:MuscleMemory"],"picked":"theMarked:Aftermath","floor":5},{"not_picked":["theMarked:SwordAndMagic","theMarked:RogueSparks"],"picked":"theMarked:Challenge","floor":7},{"not_picked":["theMarked:ChainLightning","theMarked:Panic","theMarked:WastefulAttack"],"picked":"SKIP","floor":8},{"not_picked":[],"picked":"theMarked:HeightenedSenses","floor":10},{"not_picked":["theMarked:ShockingTouch","theMarked:KeepCalmAndFight"],"picked":"theMarked:ComboAttacks+1","floor":13},{"not_picked":["theMarked:BanishingStrike","theMarked:Memento","theMarked:TunnelVision"],"picked":"SKIP","floor":14},{"not_picked":["theMarked:MagusForm+1","theMarked:Toughness+1"],"picked":"theMarked:Challenge","floor":16},{"not_picked":["theMarked:Memento","Heavy Blade+1","Havoc+1","Twin Strike"],"picked":"SKIP","floor":18},{"not_picked":["Pommel Strike","Uppercut","Reckless Charge","Iron Wave"],"picked":"SKIP","floor":19},{"not_picked":["Twin Strike","StuffTheSpire:Pyroclast","Shrug It Off"],"picked":"theMarked:Challenge","floor":21},{"not_picked":["Wild Strike","Anger+1","Defy Death"],"picked":"theMarked:Polarize+1","floor":25},{"not_picked":["Armaments","Abandon","ReplayReversal","Carnage"],"picked":"SKIP","floor":28}],"player_experience":414004,"relics_obtained":[{"floor":7,"key":"Shuriken"},{"floor":9,"key":"Frozen Egg 2"},{"floor":13,"key":"trackpad:SneckoScepter"},{"floor":20,"key":"StuffTheSpire:SapphireSignet"},{"floor":25,"key":"halation:QuantumPhysicsTextbook"}],"event_choices":[{"damage_healed":0,"gold_gain":0,"player_choice":"Forge","damage_taken":0,"max_hp_gain":0,"max_hp_loss":0,"event_name":"Accursed Blacksmith","floor":2,"gold_loss":0,"cards_upgraded":["theMarked:SwordAndMagic"]},{"cards_removed":["theMarked:Strike"],"damage_healed":0,"gold_gain":0,"player_choice":"Purged","damage_taken":0,"max_hp_gain":0,"max_hp_loss":0,"event_name":"Purifier","floor":11,"gold_loss":0}],"is_beta":false,"boss_relics":[{"not_picked":["energizedSpire:StickyHand","Coffee Dripper"],"picked":"aspiration:IroncladSkillbook"}],"items_purged_floors":[4,22],"is_endless":false,"potions_floor_spawned":[3,5,16,18,19],"killed_by":"Replay:Snechameleon","ascension_level":1}}