{"host":"p9xedk00duaz8l9n","time":1614177553,"event":{"mods":["BaseMod","Colored Map","DeckTracker","Highlight Path","Minty Spire (QoL Compilation)","Relic Stats","SuperFastMode"],"gold_per_floor":[118,118,28,28,44,71,71,103,103,103,131,131,166,185,185,257,257,270,270,270,14,28,28,56,73,73,92,120,120,150,162,162,233,233,247,272,288,299,314,349,367,367,367,13,32,51,51,76,76,76,76,76,76,30,57,57,57],"floor_reached":56,"language":"JPN","playtime":3482,"items_purged":[],"score":2165,"play_id":"f4c8ead9-f7cf-447c-a54b-1ac6bd1885b4","local_time":"20210224233913","is_ascension_mode":true,"campfire_choices":[{"data":"Battle Trance","floor":12,"key":"SMITH"},{"data":"Disarm","floor":15,"key":"SMITH"},{"data":"Shrug It Off","floor":23,"key":"SMITH"},{"data":"Armaments","floor":29,"key":"SMITH"},{"data":"Immolate","floor":32,"key":"SMITH"},{"data":"Bash","floor":42,"key":"SMITH"},{"data":"Battle Trance","floor":47,"key":"SMITH"},{"floor":49,"key":"RECALL"},{"data":"True Grit","floor":53,"key":"SMITH"}],"circlet_count":0,"master_deck":["AscendersBane","Bash+1","Battle Trance+1","Immolate+1","Thunderclap","Shrug It Off+1","Armaments+1","Anger+1","Disarm+1","Pommel Strike+1","Corruption+1","Feel No Pain+1","Evolve+1","Anger+1","Hemokinesis+1","True Grit+1","Battle Trance+1","Infernal Blade","Cleave+1","Ghostly Armor","Shrug It Off","Dark Embrace+1","Shockwave+1","Battle Trance+1","True Grit+1","Second Wind+1","Offering+1","Warcry+1","Inflame+1","Havoc+1","Impervious+1","Inflame+1","Flame Barrier+1","Shrug It Off+1","Shrug It Off+1","Feel No Pain+1"],"relics":["Burning Blood","NeowsBlessing","Eternal Feather","Pear","Frozen Egg 2","Kunai","Molten Egg 2","The Courier","Smiling Mask","Pandora\u0027s Box","Gremlin Horn","Art of War","Toxic Egg 2","White Beast Statue","Centennial Puzzle","Busted Crown","Du-Vu Doll","Letter Opener","Happy Flower","Potion Belt","Sundial"],"acts_visited":["Exordium","TheCity","TheBeyond","TheEnding"],"potions_floor_usage":[8,16,28,33,36,38,40,40,40,45,50,51,51,55,56,56,56,56],"damage_taken":[{"damage":0,"enemies":"Small Slimes","floor":1,"turns":1},{"damage":0,"enemies":"Jaw Worm","floor":5,"turns":1},{"damage":0,"enemies":"Gremlin Nob","floor":6,"turns":1},{"damage":26,"enemies":"3 Sentries","floor":8,"turns":6},{"damage":32,"enemies":"Gremlin Nob","floor":11,"turns":4},{"damage":10,"enemies":"3 Sentries","floor":13,"turns":3},{"damage":0,"enemies":"2 Louse","floor":14,"turns":3},{"damage":43,"enemies":"The Guardian","floor":16,"turns":12},{"damage":23,"enemies":"Shell Parasite","floor":18,"turns":3},{"damage":0,"enemies":"Chosen","floor":22,"turns":4},{"damage":7,"enemies":"Gremlin Leader","floor":24,"turns":4},{"damage":5,"enemies":"Centurion and Healer","floor":25,"turns":5},{"damage":0,"enemies":"Snecko","floor":27,"turns":4},{"damage":31,"enemies":"Slavers","floor":28,"turns":5},{"damage":0,"enemies":"Gremlin Leader","floor":30,"turns":4},{"damage":18,"enemies":"3 Cultists","floor":31,"turns":3},{"damage":5,"enemies":"Collector","floor":33,"turns":6},{"damage":12,"enemies":"3 Darklings","floor":35,"turns":4},{"damage":5,"enemies":"Mind Bloom Boss Battle","floor":36,"turns":7},{"damage":10,"enemies":"3 Shapes","floor":37,"turns":3},{"damage":8,"enemies":"Spire Growth","floor":38,"turns":5},{"damage":14,"enemies":"Transient","floor":39,"turns":6},{"damage":21,"enemies":"Nemesis","floor":40,"turns":5},{"damage":6,"enemies":"Writhing Mass","floor":41,"turns":5},{"damage":0,"enemies":"4 Shapes","floor":45,"turns":1},{"damage":4,"enemies":"Maw","floor":46,"turns":6},{"damage":10,"enemies":"Giant Head","floor":48,"turns":5},{"damage":21,"enemies":"Donu and Deca","floor":50,"turns":6},{"damage":53,"enemies":"Awakened One","floor":51,"turns":11},{"damage":90,"enemies":"Shield and Spear","floor":55,"turns":9},{"damage":20,"enemies":"The Heart","floor":56,"turns":2}],"seed_played":"-7361444127081111911","potions_obtained":[{"floor":1,"key":"CultistPotion"},{"floor":14,"key":"Swift Potion"},{"floor":27,"key":"Swift Potion"},{"floor":28,"key":"Dexterity Potion"},{"floor":30,"key":"Weak Potion"},{"floor":31,"key":"DistilledChaos"},{"floor":33,"key":"Swift Potion"},{"floor":36,"key":"Strength Potion"},{"floor":38,"key":"EntropicBrew"},{"floor":40,"key":"SkillPotion"},{"floor":45,"key":"Swift Potion"},{"floor":48,"key":"SneckoOil"},{"floor":55,"key":"EntropicBrew"}],"is_trial":false,"path_per_floor":["M","?","$","?","M","E","T","E","T","?","E","R","E","M","R","B",null,"M","?","?","$","M","R","E","M","T","M","E","R","E","M","R","B",null,"M","?","M","M","M","E","M","R","T","$","M","M","R","E","R","B","B",null,"R","$","E","B"],"character_chosen":"IRONCLAD","items_purchased":["Immolate","Gremlin Horn","Shrug It Off","Havoc+1","Impervious+1","Happy Flower","Inflame+1","Shrug It Off+1"],"campfire_rested":0,"item_purchase_floors":[3,21,21,44,44,44,44,54],"current_hp_per_floor":[74,69,69,74,80,90,90,70,70,63,37,46,42,48,57,20,73,56,56,29,29,35,47,46,47,47,53,28,40,46,34,49,50,84,78,79,75,73,65,50,50,65,65,65,71,73,91,87,95,80,33,80,95,95,11,0,0],"gold":57,"neow_bonus":"THREE_ENEMY_KILL","is_daily":false,"chose_seed":false,"campfire_upgraded":8,"win_rate":0.0,"timestamp":1614177553,"path_taken":["M","?","$","?","M","E","?","E","T","?","E","R","E","M","R","BOSS","M","?","?","?","M","R","E","M","T","M","E","R","E","M","R","BOSS","M","?","M","M","M","E","M","R","T","$","M","M","R","E","R","BOSS","BOSS","R","$","E","BOSS"],"items_purchased_type":["Card","Relic","Card","Card","Card","Relic","Card","Card"],"build_version":"2020-12-22","purchased_purges":0,"victory":false,"max_hp_per_floor":[75,75,75,80,80,90,90,90,90,90,90,90,90,90,90,90,90,90,90,95,95,95,95,95,95,95,95,95,95,95,95,95,95,95,95,95,95,95,95,95,95,95,95,95,95,95,95,95,95,95,95,95,95,95,95,95,95],"relic_stats":{"Gremlin Horn":[13,24],"Happy Flower":[13],"counters":[31,144],"Eternal Feather":113,"Letter Opener":[116],"Smiling Mask":0,"Burning Blood":174,"Centennial Puzzle":[36],"Busted Crown":22,"Sundial":[0],"Pandora\u0027s Box":["Feel No Pain","Evolve","Anger","Hemokinesis","True Grit","Battle Trance","Infernal Blade","Cleave"],"Art of War":[9],"Kunai":[79],"obtain_stats":[{"Potion Belt":48,"Pear":6,"NeowsBlessing":0,"Gremlin Horn":21,"Happy Flower":44,"Eternal Feather":2,"The Courier":11,"Letter Opener":40,"Frozen Egg 2":7,"Smiling Mask":13,"Burning Blood":0,"White Beast Statue":28,"Du-Vu Doll":36,"Centennial Puzzle":30,"Busted Crown":34,"Sundial":55,"Molten Egg 2":9,"Pandora\u0027s Box":17,"Art of War":24,"Kunai":8,"Toxic Egg 2":26},{"Potion Belt":27,"Pear":3,"NeowsBlessing":0,"Gremlin Horn":9,"Happy Flower":24,"Eternal Feather":1,"The Courier":5,"Letter Opener":23,"Frozen Egg 2":3,"Smiling Mask":6,"Burning Blood":0,"White Beast Statue":14,"Du-Vu Doll":19,"Centennial Puzzle":15,"Busted Crown":17,"Sundial":30,"Molten Egg 2":4,"Pandora\u0027s Box":8,"Art of War":11,"Kunai":4,"Toxic Egg 2":12},{"Potion Belt":116,"Pear":3,"NeowsBlessing":0,"Gremlin Horn":34,"Happy Flower":104,"Eternal Feather":1,"The Courier":13,"Letter Opener":99,"Frozen Egg 2":3,"Smiling Mask":16,"Burning Blood":0,"White Beast Statue":56,"Du-Vu Doll":80,"Centennial Puzzle":60,"Busted Crown":69,"Sundial":142,"Molten Egg 2":9,"Pandora\u0027s Box":31,"Art of War":42,"Kunai":9,"Toxic Egg 2":47}]},"card_choices":[{"not_picked":["Inflame","Thunderclap"],"picked":"Battle Trance","floor":1},{"not_picked":["Heavy Blade","Flex"],"picked":"Thunderclap","floor":5},{"not_picked":["Sword Boomerang","Thunderclap"],"picked":"Shrug It Off","floor":6},{"not_picked":["Intimidate","Havoc"],"picked":"Armaments","floor":8},{"not_picked":["Entrench","Wild Strike+1"],"picked":"Anger+1","floor":11},{"not_picked":["Ghostly Armor","Headbutt+1"],"picked":"Disarm","floor":13},{"not_picked":["Iron Wave+1","Double Tap"],"picked":"Pommel Strike+1","floor":14},{"not_picked":["Juggernaut+1","Bludgeon+1"],"picked":"Corruption+1","floor":16},{"not_picked":["Wild Strike+1","Reckless Charge+1"],"picked":"Ghostly Armor","floor":18},{"not_picked":["Havoc","Clothesline+1","Thunderclap+1"],"picked":"SKIP","floor":22},{"not_picked":["Immolate+1","Headbutt+1"],"picked":"Dark Embrace+1","floor":24},{"not_picked":["Clothesline+1","Bloodletting"],"picked":"Shockwave+1","floor":25},{"not_picked":["Infernal Blade+1","Body Slam+1"],"picked":"Battle Trance+1","floor":27},{"not_picked":["Intimidate+1","Armaments+1","Demon Form+1"],"picked":"SKIP","floor":28},{"not_picked":["Dual Wield+1","Havoc+1"],"picked":"True Grit+1","floor":30},{"not_picked":["True Grit+1","Whirlwind+1"],"picked":"Second Wind+1","floor":31},{"not_picked":["Berserk+1","Brutality+1"],"picked":"Offering+1","floor":33},{"not_picked":["Rupture+1"],"picked":"SKIP","floor":35},{"not_picked":[],"picked":"Warcry+1","floor":37},{"not_picked":["Clothesline+1"],"picked":"SKIP","floor":38},{"not_picked":[],"picked":"Inflame+1","floor":39},{"not_picked":["Flex+1"],"picked":"SKIP","floor":40},{"not_picked":["Dark Embrace+1"],"picked":"SKIP","floor":41},{"not_picked":[],"picked":"Flame Barrier+1","floor":45},{"not_picked":[],"picked":"Shrug It Off+1","floor":46},{"not_picked":["Pummel+1"],"picked":"SKIP","floor":48},{"not_picked":[],"picked":"Feel No Pain+1","floor":55}],"player_experience":856039,"relics_obtained":[{"floor":6,"key":"Pear"},{"floor":7,"key":"Frozen Egg 2"},{"floor":8,"key":"Kunai"},{"floor":9,"key":"Molten Egg 2"},{"floor":11,"key":"The Courier"},{"floor":13,"key":"Smiling Mask"},{"floor":24,"key":"Art of War"},{"floor":26,"key":"Toxic Egg 2"},{"floor":28,"key":"White Beast Statue"},{"floor":30,"key":"Centennial Puzzle"},{"floor":36,"key":"Du-Vu Doll"},{"floor":40,"key":"Letter Opener"},{"floor":48,"key":"Potion Belt"},{"floor":55,"key":"Sundial"}],"event_choices":[{"damage_healed":0,"gold_gain":0,"player_choice":"Success","damage_taken":5,"relics_obtained":["Eternal Feather"],"max_hp_gain":0,"max_hp_loss":0,"event_name":"Scrap Ooze","floor":2,"gold_loss":0},{"damage_healed":0,"gold_gain":0,"player_choice":"Donut","damage_taken":0,"max_hp_gain":5,"max_hp_loss":0,"event_name":"Big Fish","floor":4,"gold_loss":0},{"cards_removed":["Defend_R"],"damage_healed":0,"gold_gain":0,"player_choice":"Card Removal","damage_taken":7,"max_hp_gain":0,"max_hp_loss":0,"event_name":"Golden Wing","floor":10,"gold_loss":0},{"damage_healed":0,"gold_gain":0,"player_choice":"Ignored","damage_taken":0,"max_hp_gain":0,"max_hp_loss":0,"event_name":"The Mausoleum","floor":19,"gold_loss":0},{"damage_healed":0,"gold_gain":0,"player_choice":"Shed Blood","damage_taken":32,"max_hp_gain":5,"max_hp_loss":0,"event_name":"Forgotten Altar","floor":20,"gold_loss":0},{"damage_healed":0,"gold_gain":0,"player_choice":"Fight","damage_taken":0,"max_hp_gain":0,"max_hp_loss":0,"event_name":"MindBloom","floor":36,"gold_loss":0}],"is_beta":false,"boss_relics":[{"not_picked":["Empty Cage","Calling Bell"],"picked":"Pandora\u0027s Box"},{"not_picked":["Coffee Dripper","Philosopher\u0027s Stone"],"picked":"Busted Crown"}],"items_purged_floors":[],"is_endless":false,"potions_floor_spawned":[1,14,27,28,30,31,33,35,36,37,38,39,40,41,45,46,48,55],"killed_by":"The Heart","ascension_level":20}}