{"host":"ja7oz5ga8zh2u8it","time":1614159890,"event":{"mods":["Aspiration","BaseMod","Downfall","Hermit","Infinite Spire","Mimic Mod","Minty Spire (QoL Compilation)","Replay The Spire","StSLib","The Jungle"],"gold_per_floor":[119,131,101,115,115,115,155,155,155,170,11,11,71,71,71,171,171,184,184,202,47,65,65,90,121,121,141,141,160,175,175,175,297,297,343,388,388,428,466,500,500,531,531,631,688,688,688,748,748,748],"floor_reached":51,"language":"ENG","playtime":2733,"items_purged":[],"score":984,"play_id":"cbef0283-534c-4781-98c1-5e3b6a80ca9d","local_time":"20210224044450","is_ascension_mode":true,"campfire_choices":[{"data":"hermit:Enervate","floor":6,"key":"SMITH"},{"data":"hermit:Shortfuse","floor":8,"key":"SMITH"},{"data":"hermit:Maintenance","floor":15,"key":"SMITH"},{"data":"hermit:TakeCover","floor":23,"key":"SMITH"},{"floor":28,"key":"REST"},{"data":"hermit:FullyLoaded","floor":32,"key":"SMITH"},{"floor":41,"key":"REST"},{"floor":46,"key":"REST"},{"floor":49,"key":"REST"}],"circlet_count":0,"master_deck":["hermit:Strike_Hermit","hermit:Strike_Hermit+1","hermit:Strike_Hermit","hermit:Strike_Hermit","hermit:Defend_Hermit","hermit:Defend_Hermit+1","hermit:Defend_Hermit","hermit:Defend_Hermit+1","hermit:Snapshot","hermit:Covet+1","Replay:Parry","hermit:Roulette","hermit:Scavenge+1","hermit:Enervate+1","hermit:Shortfuse+1","hermit:Maintenance+1","hermit:LuckOfTheDraw+1","infinitespire:Collect","hermit:Gestalt","hermit:TakeCover+1","hermit:Shortfuse","hermit:FullyLoaded+1","hermit:FlashPowder+1","Decay","hermit:Showdown+1","hermit:HeroicBravado+1","hermit:Maintenance+1","hermit:TakeCover+1","Looming Evil","hermit:Showdown","downfall:Malfunctioning","hermit:HighCaliber+1"],"relics":["hermit:Momento","aspiration:TomeofQuesting","Gremlin Food","Philosopher\u0027s Stone","Cursed Key","Letter Opener","Toxic Egg 2","infinitespire:EvilPickle","aspiration:SecretTechniqueScroll","Shuriken","Juzu Bracelet","Replay:Kaleidoscope","TungstenRod","Blue Candle"],"acts_visited":["Exordium","TheCity","TheBeyond"],"potions_floor_usage":[7,10,16,18,25,25,25,31,33,40,40,40,50,50],"damage_taken":[{"damage":9,"enemies":"Small Slimes","floor":1,"turns":4},{"damage":1,"enemies":"Cultist","floor":2,"turns":3},{"damage":6,"enemies":"2 Louse","floor":4,"turns":2},{"damage":21,"enemies":"Lagavulin","floor":7,"turns":5},{"damage":0,"enemies":"Exordium Thugs","floor":10,"turns":3},{"damage":32,"enemies":"The Guardian","floor":16,"turns":10},{"damage":30,"enemies":"3 Byrds","floor":18,"turns":4},{"damage":4,"enemies":"2 Thieves","floor":20,"turns":3},{"damage":9,"enemies":"Cultist and Chosen","floor":22,"turns":5},{"damage":2,"enemies":"3 Cultists","floor":24,"turns":5},{"damage":3,"enemies":"Slavers","floor":25,"turns":6},{"damage":8,"enemies":"Shelled Parasite and Fungi","floor":27,"turns":4},{"damage":3,"enemies":"Snake Plant","floor":29,"turns":4},{"damage":0,"enemies":"Snecko","floor":30,"turns":3},{"damage":0,"enemies":"Chosen and Byrds","floor":31,"turns":1},{"damage":8,"enemies":"Pondfish","floor":33,"turns":9},{"damage":15,"enemies":"3 Darklings","floor":35,"turns":4},{"damage":6,"enemies":"3 Shapes","floor":36,"turns":4},{"damage":9,"enemies":"Transient","floor":38,"turns":5},{"damage":8,"enemies":"Maw","floor":39,"turns":9},{"damage":47,"enemies":"Reptomancer","floor":40,"turns":6},{"damage":14,"enemies":"4 Shapes","floor":42,"turns":9},{"damage":1,"enemies":"Mind Bloom Boss Battle","floor":45,"turns":6},{"damage":0,"enemies":"4 Shapes","floor":48,"turns":5},{"damage":76,"enemies":"Donu and Deca","floor":50,"turns":10}],"seed_played":"-3889826572254940708","potions_obtained":[{"floor":2,"key":"Regen Potion"},{"floor":3,"key":"SteroidPotion"},{"floor":3,"key":"Swift Potion"},{"floor":16,"key":"hermit:BlackBile"},{"floor":22,"key":"SteroidPotion"},{"floor":24,"key":"SteroidPotion"},{"floor":25,"key":"SmokeBomb"},{"floor":30,"key":"ColorlessPotion"},{"floor":35,"key":"FearPotion"},{"floor":36,"key":"Swift Potion"},{"floor":45,"key":"Elixir"},{"floor":48,"key":"Swift Potion"}],"is_trial":false,"path_per_floor":["M","M","?","M","?","R","E","R","T","M","$","$","?","$","R","B",null,"M","AVR","M","$","M","R","M","E","T","M","R","M","M","M","R","B",null,"M","M","?","M","M","E","R","MIM","T","?","?","R","?","M","R","B",null],"character_chosen":"HERMIT","items_purchased":["hermit:Maintenance","Explosive Potion","Elixir","hermit:TakeCover","hermit:Shortfuse"],"campfire_rested":4,"item_purchase_floors":[11,11,11,21,21],"current_hp_per_floor":[66,65,65,59,59,59,38,38,38,38,38,38,38,38,38,21,75,45,45,41,41,32,32,30,27,27,19,41,38,38,38,38,30,75,60,54,85,76,68,21,46,32,32,32,31,56,52,52,77,1],"gold":748,"neow_bonus":"RANDOM_COLORLESS","is_daily":false,"chose_seed":false,"campfire_upgraded":5,"win_rate":0.0,"timestamp":1614159890,"path_taken":["M","M","?","?","?","R","E","R","T","M","?","$","?","$","R","BOSS","M","AVR","M","$","M","R","M","E","T","M","R","M","M","M","R","BOSS","M","M","?","?","M","E","R","?","T","?","?","R","?","M","R","BOSS"],"items_purchased_type":["Card","Potion","Potion","Card","Card"],"build_version":"2020-12-22","purchased_purges":0,"victory":true,"max_hp_per_floor":[75,75,75,75,75,75,75,75,75,75,75,75,75,75,75,75,75,75,75,75,75,75,75,75,75,75,75,75,75,75,75,75,75,75,75,75,85,85,85,85,85,85,85,85,85,85,85,85,85,85],"card_choices":[{"not_picked":["Jack Of All Trades","Madness"],"picked":"Replay:Parry","floor":0},{"not_picked":["hermit:EyeOfTheStorm","hermit:SprayPray"],"picked":"hermit:Roulette","floor":1},{"not_picked":["hermit:Ricochet","hermit:Coalescence"],"picked":"hermit:Scavenge","floor":2},{"not_picked":["hermit:WideOpen","hermit:Horror"],"picked":"hermit:Enervate","floor":4},{"not_picked":["hermit:EyeOfTheStorm","hermit:Misfire"],"picked":"hermit:Shortfuse","floor":7},{"not_picked":["hermit:Misfire","hermit:TrackingShot","hermit:WideOpen"],"picked":"SKIP","floor":10},{"not_picked":["hermit:OverwhelmingPower","hermit:Reprieve"],"picked":"hermit:HeroicBravado","floor":16},{"not_picked":["hermit:TrackingShot+1","hermit:Combo"],"picked":"hermit:LuckOfTheDraw+1","floor":18},{"not_picked":["hermit:Vantage","hermit:Scavenge"],"picked":"hermit:Gestalt","floor":20},{"not_picked":["hermit:Headshot","hermit:BlackWind"],"picked":"hermit:FullyLoaded","floor":22},{"not_picked":["hermit:GhostlyPresence","hermit:BodyArmor","hermit:Desperado"],"picked":"SKIP","floor":24},{"not_picked":["hermit:GhostlyPresence","hermit:Glare+1"],"picked":"hermit:FlashPowder+1","floor":25},{"not_picked":["hermit:HighCaliber","hermit:SprayPray"],"picked":"hermit:Showdown+1","floor":27},{"not_picked":["hermit:Quickdraw+1","hermit:Ricochet","hermit:Feint+1"],"picked":"SKIP","floor":29},{"not_picked":["hermit:HoleUp+1","hermit:TakeAim+1","hermit:Enervate"],"picked":"SKIP","floor":30},{"not_picked":["hermit:OverwhelmingPower","hermit:RoundhouseKick"],"picked":"hermit:HeroicBravado+1","floor":33},{"not_picked":["hermit:FullyLoaded+1","hermit:TrackingShot","hermit:WideOpen+1"],"picked":"SKIP","floor":35},{"not_picked":["hermit:TakeCover+1","hermit:Horror+1"],"picked":"hermit:Maintenance+1","floor":36},{"not_picked":["hermit:Glare+1","hermit:SprayPray+1"],"picked":"hermit:TakeCover+1","floor":38},{"not_picked":["hermit:Feint+1","hermit:Glare+1","hermit:Scavenge+1"],"picked":"SKIP","floor":39},{"not_picked":["hermit:TakeCover+1","hermit:SprayPray+1","hermit:LoneWolf+1"],"picked":"SKIP","floor":40},{"not_picked":["hermit:Manifest+1","hermit:TakeCover+1"],"picked":"hermit:Showdown","floor":42},{"not_picked":["hermit:Desperado+1","hermit:Dissolve+1"],"picked":"hermit:HighCaliber+1","floor":45},{"not_picked":["hermit:LoneWolf+1","hermit:Quickdraw","hermit:Snipe+1"],"picked":"SKIP","floor":48}],"player_experience":364182,"relics_obtained":[{"floor":7,"key":"aspiration:TomeofQuesting"},{"floor":9,"key":"Gremlin Food"},{"floor":25,"key":"Letter Opener"},{"floor":26,"key":"Toxic Egg 2"},{"floor":40,"key":"Shuriken"},{"floor":42,"key":"Juzu Bracelet"},{"floor":43,"key":"Replay:Kaleidoscope"},{"floor":45,"key":"TungstenRod"}],"event_choices":[{"damage_healed":0,"gold_gain":0,"player_choice":"Bought 2 Potions","damage_taken":0,"max_hp_gain":0,"max_hp_loss":0,"event_name":"The Woman in Blue","floor":3,"gold_loss":0},{"damage_healed":0,"gold_gain":0,"player_choice":"Upgraded","damage_taken":0,"max_hp_gain":0,"max_hp_loss":0,"event_name":"Upgrade Shrine","floor":5,"gold_loss":0,"cards_upgraded":["hermit:Scavenge"]},{"damage_healed":0,"gold_gain":60,"player_choice":"Gained Gold","damage_taken":0,"max_hp_gain":0,"max_hp_loss":0,"event_name":"Golden Wing","floor":13,"gold_loss":0},{"cards_removed":["hermit:HeroicBravado"],"damage_healed":21,"gold_gain":0,"player_choice":"Offered Rare","damage_taken":0,"max_hp_gain":10,"max_hp_loss":0,"event_name":"Bonfire Elementals","floor":37,"gold_loss":0},{"damage_healed":0,"gold_gain":100,"player_choice":"Pray","damage_taken":0,"max_hp_gain":0,"max_hp_loss":0,"event_name":"Golden Shrine","floor":44,"gold_loss":0},{"damage_healed":0,"gold_gain":0,"player_choice":"Fight","damage_taken":0,"max_hp_gain":0,"max_hp_loss":0,"event_name":"MindBloom","floor":45,"gold_loss":0}],"is_beta":false,"boss_relics":[{"not_picked":["Velvet Choker","bronze:MakeshiftBattery"],"picked":"Philosopher\u0027s Stone"},{"not_picked":["Abe\u0027s Treasure","Busted Crown"],"picked":"aspiration:SecretTechniqueScroll"}],"items_purged_floors":[],"is_endless":false,"potions_floor_spawned":[2,16,22,24,25,30,31,35,36,45,48],"ascension_level":2}}