{"host":"gsjtu2nhjj0xfoom","time":1614205834,"event":{"mods":["BaseMod","Colored Map","Colored Powertips","Highlight Path","Minty Spire (QoL Compilation)","Permanent Neow","StSLib"],"gold_per_floor":[116,132,207,9,20,49,49,111,136,136,136,196,214,226,226,226,226],"floor_reached":16,"language":"ENG","playtime":480,"items_purged":["Normality"],"score":105,"play_id":"19c97de4-b3bc-48fa-a8d0-42a3e0ab420e","local_time":"20210224233034","is_ascension_mode":true,"campfire_choices":[{"data":"Perfected Strike","floor":7,"key":"SMITH"},{"data":"Perfected Strike","floor":10,"key":"SMITH"},{"data":"True Grit","floor":15,"key":"SMITH"}],"circlet_count":0,"master_deck":["Strike_R","Strike_R","Strike_R","Strike_R","Strike_R","Defend_R","Defend_R","Defend_R","Defend_R+1","Bash","Pommel Strike+1","True Grit","True Grit+1","Perfected Strike+1","Dark Embrace","Perfected Strike+1","Armaments","Shrug It Off"],"relics":["Burning Blood","Du-Vu Doll","Tiny Chest","Vajra","MealTicket"],"acts_visited":["Exordium"],"potions_floor_usage":[6,16],"damage_taken":[{"damage":1.0,"enemies":"Cultist","floor":1.0,"turns":3.0},{"damage":11.0,"enemies":"Jaw Worm","floor":2.0,"turns":4.0},{"damage":0,"enemies":"2 Louse","floor":5,"turns":2},{"damage":22,"enemies":"3 Sentries","floor":6,"turns":11},{"damage":43,"enemies":"Lagavulin Event","floor":8,"turns":7},{"damage":2,"enemies":"Blue Slaver","floor":13,"turns":4},{"damage":5,"enemies":"Looter","floor":14,"turns":3},{"damage":11,"enemies":"Hexaghost","floor":16,"turns":8}],"seed_played":"8524469901156884839","potions_obtained":[{"floor":5,"key":"EntropicBrew"},{"floor":6,"key":"Weak Potion"},{"floor":14,"key":"CultistPotion"}],"is_trial":false,"path_per_floor":["M","M","?","$","M","E","R","?","T","R","?","?","M","M","R","B"],"character_chosen":"IRONCLAD","items_purchased":["True Grit","SkillPotion","Strength Potion"],"campfire_rested":0,"item_purchase_floors":[4,4,4],"current_hp_per_floor":[80,75,67,67,73,57,57,20,20,20,4,4,8,9,9,0,0],"gold":226,"neow_bonus":"ONE_RARE_RELIC","is_daily":false,"chose_seed":false,"campfire_upgraded":3,"win_rate":0.0,"timestamp":1614205834,"path_taken":["M","M","?","?","M","E","R","?","T","R","?","?","M","M","R","BOSS"],"items_purchased_type":["Card","Potion","Potion"],"build_version":"2020-12-22","purchased_purges":1,"victory":false,"max_hp_per_floor":[80,80,80,80,80,80,80,80,80,80,80,80,80,80,80,80,80],"card_choices":[{"not_picked":["Wild Strike","Feel No Pain"],"picked":"Pommel Strike","floor":1.0},{"not_picked":["Thunderclap","Seeing Red"],"picked":"True Grit","floor":2.0},{"not_picked":["Anger","Searing Blow"],"picked":"Perfected Strike","floor":5},{"not_picked":["Body Slam","Clothesline"],"picked":"Dark Embrace","floor":6},{"not_picked":["Heavy Blade","Pommel Strike"],"picked":"Perfected Strike","floor":8},{"not_picked":["Body Slam","Hemokinesis"],"picked":"Armaments","floor":13},{"not_picked":["Clash","Brutality"],"picked":"Shrug It Off","floor":14}],"player_experience":1381727,"relics_obtained":[{"floor":6,"key":"Tiny Chest"},{"floor":9,"key":"MealTicket"}],"event_choices":[{"damage_healed":0,"gold_gain":75,"player_choice":"Touch","damage_taken":8,"max_hp_gain":0,"max_hp_loss":0,"event_name":"FaceTrader","floor":3,"gold_loss":0},{"damage_healed":0,"gold_gain":30,"player_choice":"Searched \u00273\u0027 times","damage_taken":0,"relics_obtained":["Vajra"],"max_hp_gain":0,"max_hp_loss":0,"event_name":"Dead Adventurer","floor":8,"gold_loss":0},{"damage_healed":0,"gold_gain":0,"player_choice":"Entered Light","damage_taken":16,"max_hp_gain":0,"max_hp_loss":0,"event_name":"Shining Light","floor":11,"gold_loss":0,"cards_upgraded":["Defend_R","Pommel Strike"]},{"damage_healed":0,"gold_gain":60,"player_choice":"Gained Gold","damage_taken":0,"max_hp_gain":0,"max_hp_loss":0,"event_name":"Golden Wing","floor":12,"gold_loss":0}],"is_beta":false,"boss_relics":[],"items_purged_floors":[4],"is_endless":false,"potions_floor_spawned":[5,6,14],"killed_by":"Hexaghost","ascension_level":1}}