{"host":"1t0llcfp0lo7rmr4","time":1614186222,"event":{"mods":["AchievementEnabler","Aspiration","BaseMod","Beaked The Cultist","Better Note","Block Reminder","Colored Powertips","GifTheSpireLib","Hermit","Hubris","Jorbs\u0027s Wanderer Trilogy","Minty Spire (QoL Compilation)","Permanent Neow","Potionbrewer","Quick Restart","Relic Filter","Replay The Spire","StSLib","SuperFastMode","The Bladedancer","The Bug Knight","The Cursed","The Death Knight","The Druid","The Elementalist","The Exalted","The Forsaken","The Judge","The Poker Player","The Runesmith"],"gold_per_floor":[115,115,129,62,62,97,97,113,139,158,158,158,186,199,199,295,295,250,250,250,250,250,250,250,250,250,250,250,250,250,250,250,250,250,250,250,250,250,250,250,250,250,250,59,59,9,9,9,9,9,9],"floor_reached":50,"language":"ENG","playtime":8420,"items_purged":["hermit:Defend_Hermit","hermit:Defend_Hermit"],"score":472,"play_id":"491408fd-e6cd-4d5b-93b9-aa6d9eed74f3","local_time":"20210225040342","is_ascension_mode":false,"campfire_choices":[{"floor":7.0,"key":"REST"},{"floor":11.0,"key":"RECALL"},{"data":"hermit:HighNoon","floor":15.0,"key":"SMITH"},{"floor":23.0,"key":"REST"},{"floor":27.0,"key":"REST"},{"floor":32,"key":"REST"},{"floor":40,"key":"REST"},{"floor":42,"key":"REST"},{"floor":49,"key":"REST"}],"circlet_count":0,"master_deck":["hermit:Strike_Hermit","hermit:Strike_Hermit","hermit:Strike_Hermit","hermit:Defend_Hermit","hermit:Defend_Hermit","hermit:Snapshot","hermit:Covet","hermit:Quickdraw","hermit:CursedWeapon+1","hermit:GhostlyPresence","hermit:BigShot","hermit:Determination+1","Amnesia","hermit:HighNoon+1","hermit:FinalCanter+1","hermit:Manifest","hermit:GhostlyPresence+1","hermit:ShadowCloak","hermit:Cheat","Shame","hermit:Gambit+1","CurseOfTheBell","hermit:Deadeye+1","hermit:GhostlyPresence+1","Madness","Madness","hermit:Vantage","hermit:GoldenBullet+1"],"relics":["hermit:Momento","HollowMod:PaleOreRelic","Oddly Smooth Stone","Ectoplasm","Runesmith:AutoHammer","Art of War","Bronze Scales","Membership Card","Calling Bell","Replay:Wax Seal","ReplayTheSpireMod:Ninjato","Omamori","TungstenRod"],"acts_visited":["Exordium","TheCity","TheBeyond"],"potions_floor_usage":[39,39,41],"damage_taken":[{"damage":0.0,"enemies":"Small Slimes","floor":1.0,"turns":3.0},{"damage":3.0,"enemies":"Cultist","floor":3.0,"turns":3.0},{"damage":50.0,"enemies":"Gremlin Nob","floor":6.0,"turns":7.0},{"damage":6.0,"enemies":"2 Louse","floor":8.0,"turns":3.0},{"damage":3.0,"enemies":"3 Louse","floor":10.0,"turns":3.0},{"damage":6.0,"enemies":"Replay:BlueRogue","floor":13.0,"turns":6.0},{"damage":2.0,"enemies":"Large Slime","floor":14.0,"turns":5.0},{"damage":18.0,"enemies":"Fading Forest","floor":16.0,"turns":11.0},{"damage":6.0,"enemies":"2 Thieves","floor":18.0,"turns":4.0},{"damage":2.0,"enemies":"Spheric Guardian","floor":20.0,"turns":3.0},{"damage":6.0,"enemies":"Snake Plant","floor":21.0,"turns":4.0},{"damage":20.0,"enemies":"Centurion and Healer","floor":22.0,"turns":4.0},{"damage":17.0,"enemies":"Cultist and Chosen","floor":24.0,"turns":5.0},{"damage":5.0,"enemies":"Snake Plant","floor":25.0,"turns":3.0},{"damage":11.0,"enemies":"Replay:Snechameleon","floor":29.0,"turns":8.0},{"damage":48,"enemies":"hubris:MusketHawk","floor":33,"turns":10},{"damage":25,"enemies":"3 Darklings","floor":35,"turns":7},{"damage":7,"enemies":"Orb Walker","floor":37,"turns":2},{"damage":3,"enemies":"4 Shapes","floor":39,"turns":4},{"damage":2,"enemies":"Sphere and 2 Shapes","floor":41,"turns":3},{"damage":31,"enemies":"Transient","floor":47,"turns":5},{"damage":50,"enemies":"Awakened One","floor":50,"turns":4}],"seed_played":"9019540365272689261","potions_obtained":[{"floor":1.0,"key":"Elixir"},{"floor":3.0,"key":"SkillPotion"},{"floor":13.0,"key":"DeathKnight:RimePotion"},{"floor":14.0,"key":"hermit:Tonic"},{"floor":22.0,"key":"Block Potion"},{"floor":25.0,"key":"Fire Potion"},{"floor":29.0,"key":"DistilledChaos"},{"floor":41,"key":"Elixir"},{"floor":47,"key":"SmokeBomb"}],"is_trial":false,"path_per_floor":["M","?","M","$","?","E","R","M","T","M","R","?","E","M","R","B",null,"M","?","M","M","M","R","M","M","T","R","?","E","$","?","R","B",null,"M","?","M","?","M","R","M","R","T","$","R","$","M","$","R","B"],"character_chosen":"HERMIT","items_purchased":["hermit:BigShot","Bronze Scales","Membership Card","TungstenRod"],"campfire_rested":7,"item_purchase_floors":[4,30,30,44],"current_hp_per_floor":[75,75,72,72,72,22,44,38,38,35,35,75,69,67,67,49,75,69,69,67,61,41,63,46,41,41,63,63,52,32,32,54,6,75,50,28,21,12,9,31,29,51,51,51,51,51,20,20,42,0,0],"gold":9,"neow_bonus":"THREE_CARDS","is_daily":false,"chose_seed":false,"campfire_upgraded":1,"win_rate":0.0,"timestamp":1614186222,"path_taken":["M","?","M","?","?","E","R","?","T","M","R","?","E","M","R","BOSS","M","?","M","M","M","R","M","M","T","R","?","E","?","?","R","BOSS","M","?","M","?","M","R","M","R","T","$","R","$","M","?","R","BOSS"],"items_purchased_type":["Card","Relic","Relic","Relic"],"build_version":"2020-12-22","purchased_purges":2,"victory":false,"max_hp_per_floor":[75,75,75,75,75,75,75,75,75,75,75,75,75,75,75,75,75,75,75,75,75,75,75,75,75,75,75,75,75,75,75,75,75,75,75,75,75,75,75,75,75,75,75,75,75,75,75,75,75,75,75],"card_choices":[{"not_picked":["hermit:Roulette","hermit:Dive"],"picked":"hermit:Quickdraw","floor":0.0},{"not_picked":["hermit:Brawl","hermit:BodyArmor"],"picked":"hermit:CursedWeapon","floor":1.0},{"not_picked":["hermit:Dive","hermit:CalledShot"],"picked":"hermit:GhostlyPresence","floor":3.0},{"not_picked":["hermit:BigShot","hermit:Spite"],"picked":"hermit:Determination","floor":6.0},{"not_picked":["hermit:Grudge","hermit:Vantage","hermit:Roulette"],"picked":"SKIP","floor":8.0},{"not_picked":["hermit:Grudge","hermit:Feint","hermit:WideOpen"],"picked":"SKIP","floor":10.0},{"not_picked":["hermit:BigShot","hermit:EyeOfTheStorm"],"picked":"hermit:HighNoon","floor":13.0},{"not_picked":["hermit:LuckOfTheDraw","hermit:DeadMansHand","hermit:Headshot"],"picked":"SKIP","floor":14.0},{"not_picked":["hermit:OverwhelmingPower","hermit:BlackWind"],"picked":"hermit:FinalCanter","floor":16.0},{"not_picked":["hermit:DeadMansHand","hermit:Feint","hermit:Roulette"],"picked":"SKIP","floor":18.0},{"not_picked":["hermit:Glare","hermit:Feint"],"picked":"hermit:Manifest","floor":20.0},{"not_picked":["hermit:TakeCover","hermit:Desperado","hermit:Manifest"],"picked":"SKIP","floor":21.0},{"not_picked":["hermit:Misfire","hermit:Glare"],"picked":"hermit:GhostlyPresence+1","floor":22.0},{"not_picked":["hermit:Gestalt","hermit:Grudge"],"picked":"hermit:ShadowCloak","floor":24.0},{"not_picked":["hermit:Headshot","hermit:Feint+1","hermit:BigShot"],"picked":"SKIP","floor":25.0},{"not_picked":["hermit:HighCaliber","hermit:NoHoldsBarred"],"picked":"hermit:Cheat","floor":29.0},{"not_picked":["hermit:DeadOrAlive","hermit:Roughhouse"],"picked":"hermit:Gambit","floor":33},{"not_picked":["hermit:Malice+1","hermit:Glare+1"],"picked":"hermit:Deadeye+1","floor":35},{"not_picked":["hermit:Ricochet+1","hermit:PistolWhip+1"],"picked":"hermit:GhostlyPresence+1","floor":37},{"not_picked":["hermit:HoleUp+1","hermit:SprayPray+1"],"picked":"hermit:Vantage","floor":39},{"not_picked":["hermit:LoneWolf","hermit:Feint","hermit:Dive"],"picked":"SKIP","floor":41},{"not_picked":["hermit:Feint","hermit:TakeCover+1"],"picked":"hermit:GoldenBullet+1","floor":47}],"player_experience":878479,"relics_obtained":[{"floor":6.0,"key":"HollowMod:PaleOreRelic"},{"floor":13.0,"key":"Oddly Smooth Stone"},{"floor":26.0,"key":"Runesmith:AutoHammer"},{"floor":29.0,"key":"Art of War"},{"floor":34,"key":"Replay:Wax Seal"},{"floor":34,"key":"ReplayTheSpireMod:Ninjato"},{"floor":43,"key":"Omamori"}],"event_choices":[{"cards_removed":["hermit:Strike_Hermit"],"damage_healed":0.0,"max_hp_gain":0.0,"max_hp_loss":0.0,"gold_gain":0.0,"event_name":"Bonfire Elementals","player_choice":"Offered Basic","floor":2.0,"gold_loss":0.0,"damage_taken":0.0},{"damage_healed":0.0,"max_hp_gain":0.0,"max_hp_loss":0.0,"gold_gain":0.0,"event_name":"Upgrade Shrine","player_choice":"Upgraded","floor":5.0,"gold_loss":0.0,"damage_taken":0.0,"cards_upgraded":["hermit:CursedWeapon"]},{"cards_removed":["hermit:Defend_Hermit"],"damage_healed":0.0,"max_hp_gain":0.0,"max_hp_loss":0.0,"gold_gain":0.0,"event_name":"betterNote:BetterNote","player_choice":"Give","floor":19.0,"gold_loss":0.0,"damage_taken":0.0,"cards_obtained":["theDruid:Defend_O"]},{"damage_healed":0,"gold_gain":0,"player_choice":"Embrace Madness","damage_taken":9,"max_hp_gain":0,"max_hp_loss":0,"event_name":"Winding Halls","floor":38,"gold_loss":0,"cards_obtained":["Madness","Madness"]}],"is_beta":false,"boss_relics":[{"not_picked":["hermit:DentedPlate","Velvet Choker"],"picked":"Ectoplasm"},{"not_picked":["hubris:RunicObelisk","Empty Cage"],"picked":"Calling Bell"}],"items_purged_floors":[44,46],"is_endless":false,"potions_floor_spawned":[1,3,13,14,20,22,25,29,41,47],"killed_by":"Awakened One","ascension_level":0}}