{"host":"0o4jkshs65tojivq","time":1614142872,"event":{"mods":["AchievementEnabler","BaseMod","Downfall","Minty Spire (QoL Compilation)","Quick Restart","Relic Stats","Slay the Relics Exporter","StSLib","Wide Potions"],"gold_per_floor":[99,99,99,99,99,133,160,185,204,237,137,47,47,75,88,88,88,88],"floor_reached":16,"language":"ENG","playtime":2153,"items_purged":["champ:Strike"],"score":156,"play_id":"f7c367d9-d071-41ae-bd6e-02bf90b26045","local_time":"20210223210112","is_ascension_mode":true,"campfire_choices":[{"floor":1,"key":"RECALL"},{"floor":11,"key":"REST"},{"floor":13,"key":"REST"}],"circlet_count":0,"master_deck":["champ:Strike","champ:Strike","champ:Strike","champ:Defend","champ:Defend","champ:Defend","champ:Defend","champ:Execute","champ:Taunt+1","champ:DeathBlow","champ:StanceDance","champ:BerserkersShout","champ:GladiatorForm","champ:FanOfKnives","champ:GutPunch"],"relics":["champ:ChampionCrown","downfall:HeartsMalice","Mummified Hand","Bottled Lightning","Potion Belt","Strawberry","Tiny Chest","downfall:HeartBlessingRed","White Beast Statue"],"acts_visited":["Exordium"],"potions_floor_usage":[10,16,16,16],"damage_taken":[{"damage":0,"enemies":"Cultist","floor":2,"turns":1},{"damage":0,"enemies":"Jaw Worm","floor":3,"turns":1},{"damage":0,"enemies":"Gremlin Nob","floor":6,"turns":1},{"damage":99,"enemies":"Lagavulin","floor":8,"turns":7},{"damage":10,"enemies":"2 Louse","floor":9,"turns":2},{"damage":62,"enemies":"Gremlin Nob","floor":10,"turns":4},{"damage":20,"enemies":"downfall:FleeingMerchant","floor":12,"turns":4},{"damage":58,"enemies":"Lagavulin","floor":14,"turns":6},{"damage":27,"enemies":"Blue Slaver","floor":15,"turns":4},{"damage":127,"enemies":"IC_STATUS_ARCHETYPE","floor":16,"turns":10}],"seed_played":"-8749452696755247341","potions_obtained":[{"floor":6,"key":"sneckomod:MuddlingPotion"},{"floor":9,"key":"Fire Potion"},{"floor":10,"key":"Swift Potion"},{"floor":14,"key":"SpeedPotion"},{"floor":15,"key":"Dexterity Potion"}],"is_trial":false,"path_per_floor":["R","M","M","T","?","E","T","E","M","E","R","$","R","E","M","B"],"character_chosen":"THE_CHAMP","items_purchased":[],"campfire_rested":2,"item_purchase_floors":[],"current_hp_per_floor":[90,90,90,90,90,90,90,48,48,16,45,45,74,56,44,0,0,0],"gold":88,"neow_bonus":"THREE_ENEMY_KILL","is_daily":false,"chose_seed":false,"campfire_upgraded":0,"win_rate":0.0,"timestamp":1614142872,"path_taken":["R","M","M","?","?","E","T","E","M","E","R","$","R","E","M","BOSS"],"items_purchased_type":[],"build_version":"2020-12-22","purchased_purges":1,"victory":false,"max_hp_per_floor":[90,90,90,90,90,90,90,97,97,97,97,97,97,97,97,97,97,97],"relic_stats":{"counters":[10,37],"Mummified Hand":[1],"Tiny Chest":0,"obtain_stats":[{"Potion Belt":7,"downfall:HeartBlessingRed":11,"Mummified Hand":4,"Strawberry":8,"champ:ChampionCrown":0,"downfall:HeartsMalice":0,"Tiny Chest":10,"Bottled Lightning":6,"White Beast Statue":14},{"Potion Belt":3,"downfall:HeartBlessingRed":6,"Mummified Hand":2,"Strawberry":4,"champ:ChampionCrown":0,"downfall:HeartsMalice":0,"Tiny Chest":6,"Bottled Lightning":3,"White Beast Statue":8},{"Potion Belt":0,"downfall:HeartBlessingRed":13,"Mummified Hand":0,"Strawberry":7,"champ:ChampionCrown":0,"downfall:HeartsMalice":0,"Tiny Chest":13,"Bottled Lightning":0,"White Beast Statue":23}]},"card_choices":[{"not_picked":["champ:ViciousMockery","champ:Haymaker"],"picked":"champ:DeathBlow","floor":2},{"not_picked":["champ:CalledShot","champ:Haymaker"],"picked":"champ:StanceDance","floor":3},{"not_picked":["champ:Lariat","champ:GutPunch"],"picked":"champ:BerserkersShout","floor":6},{"not_picked":["champ:PreemptiveStrike","champ:BringItOn"],"picked":"champ:GladiatorForm","floor":8},{"not_picked":["champ:DefensiveStyle","champ:SkillfulDodge","champ:StanceDance"],"picked":"SKIP","floor":9},{"not_picked":["champ:Circumvent","champ:DeathBlow","champ:StanceDance"],"picked":"SKIP","floor":10},{"not_picked":["champ:BladeFlurry","champ:SetATrap"],"picked":"champ:FanOfKnives","floor":12},{"not_picked":["champ:PerfectedStrike","champ:CrownThrow"],"picked":"champ:GutPunch","floor":14},{"not_picked":["champ:FlashCut","champ:Duel","champ:FancyFootwork"],"picked":"SKIP","floor":15}],"player_experience":1241634,"relics_obtained":[{"floor":4,"key":"Mummified Hand"},{"floor":6,"key":"Bottled Lightning"},{"floor":7,"key":"Potion Belt"},{"floor":8,"key":"Strawberry"},{"floor":10,"key":"Tiny Chest"},{"floor":14,"key":"White Beast Statue"}],"event_choices":[],"is_beta":false,"boss_relics":[],"items_purged_floors":[12],"is_endless":false,"potions_floor_spawned":[6,9,10,14,15],"killed_by":"IC_STATUS_ARCHETYPE","ascension_level":1}}