{"host":"zksvs3x2ysy9npnz","time":1614199049,"event":{"mods":["Aspiration","BaseMod","Beaked The Cultist","BetterRewards","Clockwork Mod","Colored Map","Conspire","Downfall","Halation","Highlight Path","Hubris","Infinite Spire","Jedi Mod","Magitek Elite","Minty Spire (QoL Compilation)","Permanent Neow","Quick Restart","Relic Stats","Shop Mod","StSLib","The Runesmith","The Witch"],"gold_per_floor":[110,110,60,97,107,107,135,135,186,23,37,37,67,67,67,165,165,185,1,1,15,35,35,134,8,8,34,45,45,88,104,104,202,202,220,240,240,240,255,255,255,255,255,255,274,274,294,328,328,328],"floor_reached":51,"language":"FRA","playtime":7153,"items_purged":["sneckomod:Strike","sneckomod:Unknown1Cost","sneckomod:Strike"],"score":866,"play_id":"d0ee72e8-dfb5-4d39-92a2-7cff71a9d50d","local_time":"20210224213728","is_ascension_mode":true,"campfire_choices":[{"floor":12,"key":"REST"},{"floor":23,"key":"REST"},{"data":"Minerva_Bustier","floor":32,"key":"SMITH"},{"data":"infinitespire:TheBestDefense","floor":40,"key":"SMITH"},{"data":"sneckomod:MorePower","floor":42,"key":"SMITH"},{"data":"sneckomod:UnknownRarePower","floor":44,"key":"SMITH"},{"data":"Clockwork:TimeWalk","floor":49,"key":"SMITH"}],"circlet_count":0,"master_deck":["sneckomod:Defend","sneckomod:Defend","sneckomod:Defend","sneckomod:TailWhip","sneckomod:SnekBite","sneckomod:UnknownCommonAttack+1","Pommel Strike","sneckomod:UnknownBlock","hubris:Insight","sneckomod:IronFang+1","sneckomod:IronFang","Minerva_Bustier+1","sneckomod:MorePower+1","sneckomod:UnknownClassLAVENDER+1","sneckomod:UnknownCommonAttack+1","sneckomod:RainOfDice","Bandage Up","PanicButton","Finesse","sneckomod:UnknownBlock+1","sneckomod:ImprovisedAttack","sneckomod:UnknownClassLAVENDER+1","sneckomod:IronFang","sneckomod:UnknownColorless+1","Enlightenment+1","sneckomod:UnknownRarePower+1","sneckomod:ImprovisedAttack+1","sneckomod:ImprovisedGuard+1","sneckomod:SoulRoll+1","infinitespire:Gouge","infinitespire:TheBestDefense+1","sneckomod:UnknownClassLAVENDER+1","Juggernaut+1","jedi:harder+1","Blood_Hilt+1","sneckomod:UnknownBoss+1","sneckomod:UnendingSupply","Deep Breath","sneckomod:UnknownRarePower+1","sneckomod:UnknownClassLAVENDER+1","Clockwork:TimeWalk+1","Juggernaut+1"],"relics":["sneckomod:SneckoSoul","aspiration:Nostalgia","Clockwork:MomentumEngine","hubris:64BitClover","Potion Belt","hexamod:BolsterEngine","hubris:Metronome","jedi:paperlyon","Membership Card","Whetstone","jedi:HeartOfTheCards","MealTicket","infinitespire:Satchel","aspiration:PoetsPen_weak","halation:EternalFortune","halation:Diary","sneckomod:SuperSneckoSoul","Pantograph","jedi:shrinkray","hubris:Zylophone"],"acts_visited":["Exordium","TheCity","TheBeyond"],"potions_floor_usage":[7,27,27,45,50,50,50,50],"damage_taken":[{"damage":4,"enemies":"Cultist","floor":1,"turns":3},{"damage":14,"enemies":"conspire:MimicChest","floor":4,"turns":6},{"damage":0,"enemies":"2 Louse","floor":5,"turns":2},{"damage":24,"enemies":"Gremlin Nob","floor":7,"turns":4},{"damage":24,"enemies":"Jaw Worm","floor":11,"turns":9},{"damage":2,"enemies":"3 Sentries","floor":13,"turns":7},{"damage":9,"enemies":"Slime Boss","floor":16,"turns":8},{"damage":10,"enemies":"conspire:FuzzyDice","floor":18,"turns":6},{"damage":6,"enemies":"Shell Parasite","floor":21,"turns":3},{"damage":10,"enemies":"3 Cultists","floor":22,"turns":6},{"damage":0,"enemies":"Gremlin Leader","floor":27,"turns":5},{"damage":1,"enemies":"Centurion and Healer","floor":28,"turns":5},{"damage":2,"enemies":"Snecko","floor":30,"turns":3},{"damage":4,"enemies":"3 Cultists","floor":31,"turns":6},{"damage":20,"enemies":"hubris:MusketHawk","floor":33,"turns":8},{"damage":29,"enemies":"3 Shapes","floor":35,"turns":4},{"damage":0,"enemies":"Orb Walker","floor":36,"turns":3},{"damage":0,"enemies":"Jaw Worm Horde","floor":39,"turns":3},{"damage":6,"enemies":"Writhing Mass","floor":45,"turns":4},{"damage":0,"enemies":"Transient","floor":47,"turns":5},{"damage":3,"enemies":"Giant Head","floor":48,"turns":4},{"damage":27,"enemies":"Donu and Deca","floor":50,"turns":4}],"seed_played":"15508015596041678","potions_obtained":[{"floor":5,"key":"PowerPotion"},{"floor":11,"key":"DistilledChaos"},{"floor":16,"key":"GamblersBrew"},{"floor":22,"key":"ColorlessPotion"},{"floor":28,"key":"Strength Potion"},{"floor":31,"key":"SkillPotion"},{"floor":36,"key":"jedi:mysterypotion"},{"floor":39,"key":"Strength Potion"},{"floor":45,"key":"Regen Potion"}],"is_trial":false,"path_per_floor":["M","?","?","?","M","R","E","R","T","$","M","R","E","?","R","B",null,"M","$","?","M","M","R","?","$","T","E","M","R","M","M","R","B",null,"M","M","?","AVR","M","R","?","R","T","R","M","?","M","E","R","B",null],"character_chosen":"THE_SNECKO","items_purchased":["hubris:Insight","Membership Card","sneckomod:UnknownDraw","sneckomod:RainOfDice","Whetstone"],"campfire_rested":2,"item_purchase_floors":[10,19,19,19,25],"current_hp_per_floor":[86,86,86,72,72,72,48,48,48,48,24,51,49,49,49,40,90,80,80,53,47,41,68,68,68,68,72,75,75,77,77,77,67,90,73,77,80,80,84,84,84,84,84,84,86,86,86,87,87,66],"gold":328,"neow_bonus":"NOSTALGIA","is_daily":false,"chose_seed":false,"campfire_upgraded":5,"win_rate":0.0,"timestamp":1614199048,"path_taken":["M","?","?","?","?","R","E","R","T","$","M","R","E","?","R","BOSS","M","$","?","?","M","R","?","?","T","E","M","R","?","?","R","BOSS","M","M","?","AVR","M","R","?","R","T","R","?","?","?","E","R","BOSS"],"items_purchased_type":["Card","Relic","Card","Card","Relic"],"build_version":"2020-12-22","purchased_purges":3,"victory":true,"max_hp_per_floor":[90,90,90,90,90,90,90,90,90,90,90,90,90,90,90,90,90,90,90,90,90,90,90,90,90,90,90,90,90,90,90,90,90,90,90,90,93,93,93,93,93,93,93,93,93,93,93,93,93,93],"relic_stats":{"counters":[22,107],"Pantograph":6,"MealTicket":0,"Whetstone":["sneckomod:UnknownCommonAttack","sneckomod:UnknownCommonAttack"],"obtain_stats":[{"Potion Belt":7,"halation:Diary":38,"hubris:Metronome":13,"aspiration:Nostalgia":0,"hubris:64BitClover":4,"aspiration:PoetsPen_weak":34,"Whetstone":25,"sneckomod:SneckoSoul":0,"jedi:HeartOfTheCards":26,"jedi:shrinkray":45,"Clockwork:MomentumEngine":0,"hubris:Zylophone":48,"sneckomod:SuperSneckoSoul":38,"jedi:paperlyon":17,"Pantograph":43,"infinitespire:Satchel":28,"halation:EternalFortune":37,"MealTicket":27,"Membership Card":19,"hexamod:BolsterEngine":9},{"Potion Belt":4,"halation:Diary":17,"hubris:Metronome":6,"aspiration:Nostalgia":0,"hubris:64BitClover":2,"aspiration:PoetsPen_weak":15,"Whetstone":10,"sneckomod:SneckoSoul":0,"jedi:HeartOfTheCards":10,"jedi:shrinkray":19,"Clockwork:MomentumEngine":0,"hubris:Zylophone":21,"sneckomod:SuperSneckoSoul":17,"jedi:paperlyon":7,"Pantograph":18,"infinitespire:Satchel":12,"halation:EternalFortune":17,"MealTicket":11,"Membership Card":8,"hexamod:BolsterEngine":4},{"Potion Belt":15,"halation:Diary":87,"hubris:Metronome":31,"aspiration:Nostalgia":0,"hubris:64BitClover":9,"aspiration:PoetsPen_weak":80,"Whetstone":54,"sneckomod:SneckoSoul":0,"jedi:HeartOfTheCards":54,"jedi:shrinkray":94,"Clockwork:MomentumEngine":0,"hubris:Zylophone":103,"sneckomod:SuperSneckoSoul":87,"jedi:paperlyon":39,"Pantograph":90,"infinitespire:Satchel":64,"halation:EternalFortune":87,"MealTicket":59,"Membership Card":45,"hexamod:BolsterEngine":15}]},"card_choices":[{"not_picked":["sneckomod:DiceCrush","sneckomod:Unknown1Cost"],"picked":"sneckomod:UnknownDraw","floor":1},{"not_picked":["sneckomod:UnknownX","sneckomod:DiceBlock"],"picked":"sneckomod:Unknown1Cost","floor":4},{"not_picked":["sneckomod:Memorize","sneckomod:Cheat"],"picked":"sneckomod:UnknownCommonAttack","floor":5},{"not_picked":["sneckomod:ImprovisedGuard","sneckomod:RainOfDice"],"picked":"sneckomod:UnknownBlock","floor":7},{"not_picked":["sneckomod:UnknownDexterity","sneckomod:UnknownBlock"],"picked":"sneckomod:IronFang","floor":11},{"not_picked":["sneckomod:UnknownCommonSkill","sneckomod:UnknownX"],"picked":"sneckomod:IronFang","floor":13},{"not_picked":["sneckomod:Restock","sneckomod:DangerNoodle"],"picked":"sneckomod:MorePower","floor":16},{"not_picked":["sneckomod:Unknown1Cost+1","sneckomod:UnknownRareAttack+1"],"picked":"sneckomod:UnknownClassLAVENDER+1","floor":18},{"not_picked":["sneckomod:MasterEye","sneckomod:Unknown1Cost"],"picked":"sneckomod:UnknownCommonAttack","floor":18},{"not_picked":["sneckomod:UnknownVulnerable+1","sneckomod:Unknown3Cost+1"],"picked":"sneckomod:UnknownBlock+1","floor":21},{"not_picked":["sneckomod:SerpentMind","sneckomod:UnknownClassRED"],"picked":"sneckomod:ImprovisedAttack","floor":21},{"not_picked":["sneckomod:UnknownWeak+1","sneckomod:UnknownRareAttack+1"],"picked":"sneckomod:UnknownColorless+1","floor":22},{"not_picked":["sneckomod:WideSting","sneckomod:SlitherStrike"],"picked":"sneckomod:UnknownClassLAVENDER+1","floor":22},{"not_picked":["sneckomod:SoulRoll","sneckomod:UnknownDraw+1"],"picked":"sneckomod:IronFang","floor":27},{"not_picked":["sneckomod:UnknownDraw+1","sneckomod:UnknownColorless+1"],"picked":"sneckomod:UnknownRarePower+1","floor":28},{"not_picked":["sneckomod:SlitherStrike","sneckomod:DiceCrush"],"picked":"sneckomod:UnknownColorless+1","floor":28},{"not_picked":["sneckomod:UnknownClassRED+1","sneckomod:UnknownUncommonAttack+1"],"picked":"sneckomod:UnknownRarePower+1","floor":30},{"not_picked":["sneckomod:UnknownClassLAVENDER","sneckomod:MasterEye","sneckomod:UnknownStrike+1"],"picked":"SKIP","floor":30},{"not_picked":["sneckomod:Unknown0Cost+1","sneckomod:Unknown3Cost+1"],"picked":"sneckomod:UnknownRareSkill+1","floor":31},{"not_picked":["sneckomod:UnknownWeak","sneckomod:UnknownExhaust"],"picked":"sneckomod:ImprovisedAttack+1","floor":31},{"not_picked":["sneckomod:UnknownClassCLOCKWORK+1","sneckomod:UnknownDexterity+1"],"picked":"sneckomod:UnknownUncommonPower+1","floor":33},{"not_picked":["sneckomod:DangerNoodle","sneckomod:Cheat"],"picked":"sneckomod:UnknownRarePower","floor":33},{"not_picked":["sneckomod:DiceCrush+1","sneckomod:UnknownDraw+1"],"picked":"sneckomod:ImprovisedGuard+1","floor":35},{"not_picked":["sneckomod:UnknownCommonSkill+1","sneckomod:QuickMove+1"],"picked":"sneckomod:SoulRoll+1","floor":36},{"not_picked":["sneckomod:Unknown1Cost+1","sneckomod:Unknown2Cost+1"],"picked":"sneckomod:UnknownClassLAVENDER+1","floor":39},{"not_picked":["sneckomod:SoulRoll","sneckomod:UnknownDexterity"],"picked":"sneckomod:Memorize+1","floor":39},{"not_picked":["sneckomod:UnknownStrength+1","sneckomod:Unknown3Cost+1"],"picked":"sneckomod:UnknownBoss+1","floor":45},{"not_picked":["sneckomod:Unknown2Cost+1","sneckomod:Unknown1Cost+1"],"picked":"sneckomod:UnendingSupply","floor":45},{"not_picked":["sneckomod:Unknown2Cost+1","sneckomod:UnknownCommonAttack+1"],"picked":"sneckomod:UnknownRarePower+1","floor":47},{"not_picked":["sneckomod:UnknownClassRED","sneckomod:WideSting","sneckomod:SoulExchange"],"picked":"SKIP","floor":47},{"not_picked":["sneckomod:UnknownWeak+1","sneckomod:QuickBite"],"picked":"sneckomod:UnknownClassLAVENDER+1","floor":48}],"player_experience":1932017,"relics_obtained":[{"floor":4,"key":"hubris:64BitClover"},{"floor":7,"key":"Potion Belt"},{"floor":9,"key":"hexamod:BolsterEngine"},{"floor":13,"key":"hubris:Metronome"},{"floor":26,"key":"jedi:HeartOfTheCards"},{"floor":27,"key":"MealTicket"},{"floor":28,"key":"infinitespire:Satchel"},{"floor":43,"key":"Pantograph"},{"floor":45,"key":"jedi:shrinkray"},{"floor":48,"key":"hubris:Zylophone"}],"event_choices":[{"damage_healed":0,"gold_gain":0,"player_choice":"Disagree","damage_taken":0,"max_hp_gain":0,"max_hp_loss":0,"event_name":"conspire:LoneGhost","floor":2,"gold_loss":0},{"cards_removed":["sneckomod:Strike"],"damage_healed":0,"gold_gain":0,"player_choice":"Card Removal","damage_taken":0,"max_hp_gain":0,"max_hp_loss":0,"event_name":"The Cleric","floor":3,"gold_loss":50},{"damage_healed":0,"gold_gain":0,"player_choice":"Upgraded","damage_taken":0,"max_hp_gain":0,"max_hp_loss":0,"event_name":"Upgrade Shrine","floor":14,"gold_loss":0,"cards_upgraded":["sneckomod:IronFang"]},{"damage_healed":0,"gold_gain":0,"player_choice":"CARD CARD CARD ","damage_taken":27,"max_hp_gain":0,"max_hp_loss":0,"event_name":"Knowing Skull","floor":20,"potions_obtained":[],"gold_loss":0,"cards_obtained":["Bandage Up","PanicButton","Finesse"]},{"damage_healed":0,"gold_gain":99,"player_choice":"Stole From Cult","damage_taken":0,"max_hp_gain":0,"max_hp_loss":0,"event_name":"Nest","floor":24,"gold_loss":0},{"damage_healed":0,"gold_gain":0,"player_choice":"Ignored","damage_taken":0,"max_hp_gain":0,"max_hp_loss":0,"event_name":"SecretPortal","floor":41,"gold_loss":0},{"damage_healed":0,"gold_gain":0,"player_choice":"1 cards matched","damage_taken":0,"max_hp_gain":0,"max_hp_loss":0,"event_name":"Match and Keep!","floor":46,"gold_loss":0,"cards_obtained":["Deep Breath"]}],"is_beta":false,"boss_relics":[{"not_picked":["halation:Prosthetics","hubris:RunicObelisk"],"picked":"jedi:paperlyon"},{"not_picked":["hubris:BlackHole","Astrolabe"],"picked":"aspiration:PoetsPen_weak"}],"items_purged_floors":[10,25,38],"is_endless":false,"potions_floor_spawned":[5,11,16,22,28,31,36,39,45],"ascension_level":1}}