{"host":"gk5m6v7zec9neb0j","time":1614145702,"event":{"mods":["AchievementEnabler","AlwaysNeverKeys","BaseMod","BetterRewards","Block Reminder","Minty Spire (QoL Compilation)","RNG Fix","Rare Cards Sparkle","Relic Stats","StSLib"],"gold_per_floor":[119,119,13,88,88,88,88,88,88,106,106,118,118,68,68,168,168,156,156,56,70,70,70,70,88,167,186,186,203,237,250,250,346,346,361,361,204,204,219,219,219,219,242,242,255,269,319,351,351,351,351,351,31,61,61],"floor_reached":56,"language":"ENG","playtime":2160,"items_purged":["Strike_R","Writhe","Strike_R"],"score":1531,"play_id":"3ee01a9b-7c5c-45c5-9c19-f7db35622d34","local_time":"20210224004822","is_ascension_mode":false,"campfire_choices":[{"floor":6,"key":"REST"},{"data":"Bash","floor":7,"key":"SMITH"},{"data":"Body Slam","floor":13,"key":"SMITH"},{"data":"Dark Embrace","floor":15,"key":"SMITH"},{"data":"Power Through","floor":23,"key":"SMITH"},{"data":"The Bomb","floor":24,"key":"SMITH"},{"data":"Evolve","floor":32,"key":"SMITH"},{"data":"Feel No Pain","floor":40,"key":"SMITH"},{"data":"Metallicize","floor":42,"key":"SMITH"},{"data":"Wild Strike","floor":44,"key":"SMITH"},{"data":"Reckless Charge","floor":49,"key":"SMITH"},{"data":"Reckless Charge","floor":52,"key":"SMITH"}],"circlet_count":0,"master_deck":["Defend_R+1","Defend_R","Defend_R+1","Bash+1","The Bomb+1","Body Slam+1","Reckless Charge+1","Dark Embrace+1","Power Through+1","Cleave+1","Wild Strike","Evolve+1","Wild Strike+1","Ghostly Armor+1","Reckless Charge+1","Metallicize+1","Feel No Pain+1","Feel No Pain+1","True Grit","Evolve+1"],"relics":["Black Blood","Blue Candle","Singing Bowl","Medical Kit","WingedGreaves","Bag of Preparation","StrikeDummy","Matryoshka","Akabeko","Strawberry","Pear","Ancient Tea Set","Runic Cube","Letter Opener","Mummified Hand","Orrery","MealTicket","Charon\u0027s Ashes","Unceasing Top","Boot","War Paint"],"acts_visited":["Exordium","TheCity","TheBeyond","TheEnding"],"potions_floor_usage":[18,30,33,48,50,50,50,50,55,55],"damage_taken":[{"damage":1,"enemies":"Cultist","floor":1,"turns":4},{"damage":1,"enemies":"Jaw Worm","floor":10,"turns":4},{"damage":2,"enemies":"Small Slimes","floor":12,"turns":4},{"damage":10,"enemies":"Hexaghost","floor":16,"turns":9},{"damage":8,"enemies":"2 Thieves","floor":18,"turns":4},{"damage":19,"enemies":"Spheric Guardian","floor":21,"turns":4},{"damage":0,"enemies":"Snecko","floor":25,"turns":4},{"damage":0,"enemies":"Snake Plant","floor":27,"turns":3},{"damage":1,"enemies":"Chosen and Byrds","floor":29,"turns":5},{"damage":33,"enemies":"Book of Stabbing","floor":30,"turns":5},{"damage":0,"enemies":"Centurion and Healer","floor":31,"turns":4},{"damage":95,"enemies":"Champ","floor":33,"turns":10},{"damage":16,"enemies":"Orb Walker","floor":35,"turns":4},{"damage":2,"enemies":"3 Shapes","floor":39,"turns":5},{"damage":0,"enemies":"3 Darklings","floor":45,"turns":4},{"damage":13,"enemies":"Sphere and 2 Shapes","floor":46,"turns":4},{"damage":0,"enemies":"Mind Bloom Boss Battle","floor":47,"turns":5},{"damage":7,"enemies":"Reptomancer","floor":48,"turns":5},{"damage":107,"enemies":"Time Eater","floor":50,"turns":14},{"damage":0,"enemies":"Shield and Spear","floor":54,"turns":5},{"damage":34,"enemies":"The Heart","floor":55,"turns":6}],"seed_played":"-2886952680499186469","potions_obtained":[{"floor":11,"key":"ElixirPotion"},{"floor":11,"key":"ColorlessPotion"},{"floor":11,"key":"EntropicBrew"},{"floor":12,"key":"Block Potion"},{"floor":21,"key":"Swift Potion"},{"floor":33,"key":"Fruit Juice"},{"floor":39,"key":"SneckoOil"},{"floor":48,"key":"Swift Potion"}],"is_trial":false,"path_per_floor":["M","?","$","?","?","R","R","T","T","M","?","M","R","?","R","B",null,"M","?","$","M","?","R","R","M","T","M","$","M","E","M","R","B",null,"M","T","$","?","M","R","$","R","T","R","M","M","?","E","R","B",null,"R","$","E","B",null],"character_chosen":"IRONCLAD","items_purchased":["Blue Candle","Singing Bowl","Medical Kit","The Bomb","Reckless Charge","Dark Embrace","Orrery","True Grit","Boot"],"campfire_rested":1,"item_purchase_floors":[0,0,0,0,3,3,37,53,53],"current_hp_per_floor":[41,38,38,27,20,44,44,44,44,51,51,55,55,55,55,53,84,84,84,84,79,79,79,79,88,105,105,105,107,86,98,98,22,114,110,110,116,116,120,120,120,120,120,120,122,123,124,126,126,56,126,126,126,126,104],"gold":61,"neow_bonus":"","is_daily":false,"chose_seed":false,"campfire_upgraded":11,"win_rate":0.0,"timestamp":1614145702,"path_taken":["M","?","$","?","?","R","R","?","T","M","?","?","R","?","R","BOSS","M","?","$","M","?","R","R","M","T","M","$","M","E","M","R","BOSS","M","?","$","?","M","R","$","R","T","R","M","M","?","E","R","BOSS","R","$","E","BOSS"],"items_purchased_type":["Relic","Relic","Relic","Card","Card","Card","Relic","Card","Relic"],"build_version":"2020-12-22","purchased_purges":3,"victory":true,"max_hp_per_floor":[80,80,80,80,80,80,80,80,80,82,82,82,82,82,82,84,84,84,84,84,86,86,86,86,88,105,105,105,107,107,107,107,114,114,114,114,120,120,120,120,120,120,120,120,122,124,124,126,126,126,126,126,126,126,126],"relic_stats":{"Singing Bowl":32,"counters":[281,1601],"Blue Candle":[0],"Black Blood":1843,"Charon\u0027s Ashes":[236],"Bag of Preparation":[40],"Letter Opener":[648],"War Paint":["Defend_R","Defend_R"],"Medical Kit":[176],"Boot":[0],"Mummified Hand":[43],"MealTicket":0,"obtain_stats":[{"Whetstone":43,"Bottled Tornado":31,"Boot":43,"Blood Vial":20,"Sundial":11,"MealTicket":9,"Kunai":10,"Runic Cube":34,"Pear":26,"Blue Candle":0,"Velvet Choker":17,"Eternal Feather":26,"Pen Nib":9,"Akabeko":19,"Runic Dome":17,"Bird Faced Urn":41,"MutagenicStrength":29,"CultistMask":27,"StrikeDummy":54,"Unceasing Top":48,"Regal Pillow":41,"Singing Bowl":0,"Torii":2,"Magic Flower":0,"StoneCalendar":22,"Bag of Preparation":54,"Ancient Tea Set":43,"Burning Blood":0,"Shovel":0,"Matryoshka":23,"Toolbox":47,"WingedGreaves":0,"Chemical X":4,"InkBottle":7,"Paper Frog":0,"Potion Belt":14,"Golden Idol":7,"Self Forming Clay":0,"PreservedInsect":28,"Frozen Egg 2":0,"MawBank":13,"Busted Crown":17,"Ornamental Fan":17,"Orrery":0,"Turnip":14,"Champion Belt":0,"Bottled Lightning":26,"Toy Ornithopter":30,"Calipers":24,"Gremlin Horn":13,"CeramicFish":6,"Vajra":0,"Sozu":34,"Lizard Tail":0,"Centennial Puzzle":4,"DollysMirror":0,"Strawberry":44,"Prayer Wheel":0,"Toxic Egg 2":43,"Happy Flower":0,"Oddly Smooth Stone":0,"Charon\u0027s Ashes":28,"Letter Opener":20,"War Paint":6,"Question Card":26,"OrangePellets":12,"Shuriken":0,"Bronze Scales":9,"Molten Egg 2":27,"Black Star":17,"Pocketwatch":17,"Meat on the Bone":13,"Darkstone Periapt":26,"SacredBark":34,"Black Blood":17,"Juzu Bracelet":25,"PrismaticShard":19,"Empty Cage":34,"ClockworkSouvenir":0,"Dream Catcher":17,"Nunchaku":23,"Mummified Hand":0,"Pantograph":9,"Tiny Chest":24,"Red Mask":47,"Runic Pyramid":34,"Odd Mushroom":8,"Orichalcum":6,"Medical Kit":0,"White Beast Statue":22,"Mercury Hourglass":26,"Calling Bell":17,"Peace Pipe":7,"Anchor":31,"Bag of Marbles":12,"Membership Card":0,"FossilizedHelix":0,"TungstenRod":23},{"Whetstone":20,"Bottled Tornado":15,"Boot":228,"Blood Vial":145,"Sundial":45,"MealTicket":3,"Kunai":45,"Runic Cube":121,"Pear":267,"Blue Candle":260,"Velvet Choker":143,"Eternal Feather":179,"Pen Nib":139,"Akabeko":265,"Runic Dome":242,"Bird Faced Urn":202,"MutagenicStrength":247,"CultistMask":65,"StrikeDummy":206,"Unceasing Top":278,"Regal Pillow":73,"Singing Bowl":0,"Torii":235,"Magic Flower":77,"StoneCalendar":50,"Bag of Preparation":104,"Ancient Tea Set":125,"Burning Blood":0,"Shovel":0,"Matryoshka":178,"Toolbox":126,"WingedGreaves":260,"Chemical X":153,"InkBottle":184,"Paper Frog":0,"Potion Belt":142,"Golden Idol":134,"Self Forming Clay":207,"PreservedInsect":195,"Frozen Egg 2":0,"MawBank":111,"Busted Crown":86,"Ornamental Fan":31,"Orrery":129,"Turnip":60,"Champion Belt":0,"Bottled Lightning":35,"Toy Ornithopter":92,"Calipers":64,"Gremlin Horn":84,"CeramicFish":155,"Vajra":0,"Sozu":249,"Lizard Tail":135,"Centennial Puzzle":137,"DollysMirror":77,"Strawberry":74,"Prayer Wheel":39,"Toxic Egg 2":74,"Happy Flower":77,"Oddly Smooth Stone":0,"Charon\u0027s Ashes":220,"Letter Opener":243,"War Paint":57,"Question Card":116,"OrangePellets":111,"Shuriken":128,"Bronze Scales":156,"Molten Egg 2":179,"Black Star":47,"Pocketwatch":31,"Meat on the Bone":171,"Darkstone Periapt":65,"SacredBark":93,"Black Blood":7,"Juzu Bracelet":35,"PrismaticShard":32,"Empty Cage":69,"ClockworkSouvenir":0,"Dream Catcher":31,"Nunchaku":90,"Mummified Hand":105,"Pantograph":28,"Tiny Chest":90,"Red Mask":101,"Runic Pyramid":198,"Odd Mushroom":45,"Orichalcum":82,"Medical Kit":165,"White Beast Statue":63,"Mercury Hourglass":13,"Calling Bell":31,"Peace Pipe":110,"Anchor":197,"Bag of Marbles":5,"Membership Card":128,"FossilizedHelix":105,"TungstenRod":148},{"Whetstone":116,"Bottled Tornado":78,"Boot":1285,"Blood Vial":788,"Sundial":234,"MealTicket":13,"Kunai":234,"Runic Cube":681,"Pear":1522,"Blue Candle":1489,"Velvet Choker":779,"Eternal Feather":969,"Pen Nib":759,"Akabeko":1514,"Runic Dome":1388,"Bird Faced Urn":1138,"MutagenicStrength":1415,"CultistMask":361,"StrikeDummy":1167,"Unceasing Top":1576,"Regal Pillow":419,"Singing Bowl":0,"Torii":1333,"Magic Flower":452,"StoneCalendar":278,"Bag of Preparation":588,"Ancient Tea Set":703,"Burning Blood":0,"Shovel":0,"Matryoshka":962,"Toolbox":710,"WingedGreaves":1489,"Chemical X":823,"InkBottle":999,"Paper Frog":0,"Potion Belt":771,"Golden Idol":744,"Self Forming Clay":1181,"PreservedInsect":1075,"Frozen Egg 2":0,"MawBank":617,"Busted Crown":491,"Ornamental Fan":170,"Orrery":721,"Turnip":328,"Champion Belt":0,"Bottled Lightning":186,"Toy Ornithopter":516,"Calipers":355,"Gremlin Horn":481,"CeramicFish":837,"Vajra":0,"Sozu":1424,"Lizard Tail":745,"Centennial Puzzle":752,"DollysMirror":452,"Strawberry":424,"Prayer Wheel":208,"Toxic Egg 2":424,"Happy Flower":452,"Oddly Smooth Stone":0,"Charon\u0027s Ashes":1235,"Letter Opener":1392,"War Paint":318,"Question Card":651,"OrangePellets":617,"Shuriken":720,"Bronze Scales":842,"Molten Egg 2":969,"Black Star":256,"Pocketwatch":170,"Meat on the Bone":923,"Darkstone Periapt":361,"SacredBark":524,"Black Blood":34,"Juzu Bracelet":186,"PrismaticShard":173,"Empty Cage":387,"ClockworkSouvenir":0,"Dream Catcher":170,"Nunchaku":508,"Mummified Hand":593,"Pantograph":155,"Tiny Chest":508,"Red Mask":569,"Runic Pyramid":1104,"Odd Mushroom":234,"Orichalcum":472,"Medical Kit":895,"White Beast Statue":347,"Mercury Hourglass":64,"Calling Bell":170,"Peace Pipe":614,"Anchor":1090,"Bag of Marbles":23,"Membership Card":720,"FossilizedHelix":593,"TungstenRod":799}],"Unceasing Top":[3],"Runic Cube":[20]},"card_choices":[{"not_picked":["Combust","Dual Wield"],"picked":"Body Slam","floor":1},{"not_picked":["Havoc","Uppercut","Rage"],"picked":"Singing Bowl","floor":10},{"not_picked":["Heavy Blade","Clothesline"],"picked":"Power Through","floor":12},{"not_picked":["Corruption","Reaper","Offering"],"picked":"Singing Bowl","floor":16},{"not_picked":["Perfected Strike","Clash"],"picked":"Cleave+1","floor":18},{"not_picked":["True Grit","Iron Wave","Perfected Strike"],"picked":"Singing Bowl","floor":21},{"not_picked":["Twin Strike+1","Body Slam","Cleave"],"picked":"Singing Bowl","floor":25},{"not_picked":["Iron Wave+1","Sword Boomerang"],"picked":"Wild Strike","floor":27},{"not_picked":["Sword Boomerang","Heavy Blade","Twin Strike+1"],"picked":"Singing Bowl","floor":29},{"not_picked":["Dual Wield","Havoc"],"picked":"Evolve","floor":30},{"not_picked":["Double Tap","Cleave"],"picked":"Wild Strike","floor":31},{"not_picked":["Limit Break","Corruption","Fiend Fire"],"picked":"Singing Bowl","floor":33},{"not_picked":["Sentinel+1","Clothesline"],"picked":"Ghostly Armor+1","floor":35},{"not_picked":["Whirlwind+1","Pummel+1"],"picked":"Reckless Charge","floor":37},{"not_picked":["Fiend Fire","True Grit"],"picked":"Metallicize","floor":37},{"not_picked":["Cleave","Headbutt+1","Sever Soul"],"picked":"Singing Bowl","floor":37},{"not_picked":["Rage","Clash","Spot Weakness"],"picked":"Singing Bowl","floor":37},{"not_picked":["Body Slam","Inflame+1","Combust"],"picked":"Singing Bowl","floor":37},{"not_picked":["Clothesline+1","Seeing Red"],"picked":"Feel No Pain","floor":39},{"not_picked":["Iron Wave","Dropkick+1","Headbutt+1"],"picked":"Singing Bowl","floor":45},{"not_picked":["Entrench","Pommel Strike+1","Anger+1"],"picked":"Singing Bowl","floor":46},{"not_picked":["True Grit+1","Havoc"],"picked":"Feel No Pain+1","floor":47},{"not_picked":["Twin Strike","Armaments+1","Immolate"],"picked":"Singing Bowl","floor":48},{"not_picked":["Body Slam","Pommel Strike"],"picked":"Evolve+1","floor":54}],"player_experience":855963,"relics_obtained":[{"floor":8,"key":"StrikeDummy"},{"floor":9,"key":"Matryoshka"},{"floor":26,"key":"Strawberry"},{"floor":26,"key":"Pear"},{"floor":30,"key":"Ancient Tea Set"},{"floor":36,"key":"Letter Opener"},{"floor":36,"key":"Mummified Hand"},{"floor":43,"key":"MealTicket"},{"floor":47,"key":"Charon\u0027s Ashes"},{"floor":48,"key":"Unceasing Top"},{"floor":54,"key":"War Paint"}],"event_choices":[{"damage_healed":0,"gold_gain":0,"player_choice":"Success","damage_taken":3,"relics_obtained":["Bag of Preparation"],"max_hp_gain":0,"max_hp_loss":0,"event_name":"Scrap Ooze","floor":2,"gold_loss":0},{"damage_healed":0,"gold_gain":75,"player_choice":"Gather Gold","damage_taken":11,"max_hp_gain":0,"max_hp_loss":0,"event_name":"World of Goop","floor":4,"gold_loss":0},{"cards_removed":["Strike_R"],"damage_healed":0,"gold_gain":0,"player_choice":"Card Removal","damage_taken":7,"max_hp_gain":0,"max_hp_loss":0,"event_name":"Golden Wing","floor":5,"gold_loss":0},{"damage_healed":0,"gold_gain":0,"player_choice":"Got Potions","damage_taken":0,"max_hp_gain":0,"max_hp_loss":0,"event_name":"Lab","floor":11,"gold_loss":0},{"cards_removed":["Strike_R"],"damage_healed":0,"gold_gain":0,"player_choice":"Card Removal","damage_taken":0,"max_hp_gain":0,"max_hp_loss":0,"event_name":"The Cleric","floor":14,"gold_loss":50},{"damage_healed":0,"gold_gain":0,"player_choice":"Opened","damage_taken":0,"relics_obtained":["Akabeko"],"max_hp_gain":0,"max_hp_loss":0,"event_name":"The Mausoleum","floor":19,"gold_loss":0,"cards_obtained":["Writhe"]},{"cards_removed":["Strike_R"],"damage_healed":0,"gold_gain":0,"player_choice":"Offered Basic","damage_taken":0,"max_hp_gain":0,"max_hp_loss":0,"event_name":"Bonfire Elementals","floor":22,"gold_loss":0},{"cards_removed":["Defend_R"],"damage_healed":0,"gold_gain":0,"player_choice":"Removed Skill","damage_taken":0,"max_hp_gain":0,"max_hp_loss":0,"event_name":"Falling","floor":38,"gold_loss":0},{"damage_healed":0,"gold_gain":0,"player_choice":"Fight","damage_taken":0,"max_hp_gain":0,"max_hp_loss":0,"event_name":"MindBloom","floor":47,"gold_loss":0}],"is_beta":false,"boss_relics":[{"not_picked":["SacredBark","Pandora\u0027s Box"],"picked":"Black Blood"},{"not_picked":["Cursed Key","Philosopher\u0027s Stone"],"picked":"Runic Cube"}],"items_purged_floors":[0,20,53],"is_endless":false,"potions_floor_spawned":[12,16,21,30,31,33,39,47,48],"ascension_level":0}}