{"host":"Alvar","time":1614206506,"event":{"mods":["AchievementEnabler","BaseMod","Minty Spire (QoL Compilation)","Relic Stats","StSLib"],"gold_per_floor":[112,112,35,110,124,152,152,187,214,226,240,240,259,288,288,364,364,408,127,127,173,196,196,207,207,232,262,303,347,46,46,46],"floor_reached":31,"language":"ENG","playtime":1299,"items_purged":["Strike_P"],"score":585,"play_id":"984a21e6-c5a5-44ff-96c8-1fdf8558bca4","local_time":"20210225054146","is_ascension_mode":true,"campfire_choices":[{"data":"SashWhip","floor":7.0,"key":"SMITH"},{"data":"TalkToTheHand","floor":12.0,"key":"SMITH"},{"data":"Wish","floor":15.0,"key":"SMITH"},{"data":"RitualDagger","floor":23,"key":"SMITH"},{"data":"Adaptation","floor":25,"key":"SMITH"}],"circlet_count":0,"master_deck":["AscendersBane","Strike_P","Strike_P","Strike_P","Defend_P+1","Defend_P","Defend_P","Defend_P","Eruption","Vigilance+1","WindmillStrike","Adaptation+1","SashWhip+1","Weave","FearNoEvil","TalkToTheHand+1","CarveReality","EmptyBody","Wish+1","Vault","FlurryOfBlows","Meditate","RitualDagger+1","Crescendo+1","ThirdEye+1","InnerPeace","SandsOfTime","ClearTheMind"],"relics":["PureWater","NeowsBlessing","Dream Catcher","Yang","War Paint","Nunchaku","Sozu","Melange","Centennial Puzzle","Happy Flower","StrikeDummy","Shuriken"],"acts_visited":["Exordium","TheCity"],"potions_floor_usage":[31,31],"damage_taken":[{"damage":0.0,"enemies":"Small Slimes","floor":1.0,"turns":1.0},{"damage":0.0,"enemies":"Jaw Worm","floor":5.0,"turns":1.0},{"damage":0.0,"enemies":"Gremlin Nob","floor":6.0,"turns":1.0},{"damage":7.0,"enemies":"Lagavulin","floor":8.0,"turns":5.0},{"damage":0.0,"enemies":"Cultist","floor":10.0,"turns":3.0},{"damage":7.0,"enemies":"Exordium Wildlife","floor":11.0,"turns":3.0},{"damage":0.0,"enemies":"2 Fungi Beasts","floor":13.0,"turns":3.0},{"damage":6.0,"enemies":"3 Sentries","floor":14.0,"turns":9.0},{"damage":24.0,"enemies":"Hexaghost","floor":16.0,"turns":10.0},{"damage":7,"enemies":"Chosen","floor":18,"turns":7},{"damage":2,"enemies":"2 Thieves","floor":21,"turns":5},{"damage":3,"enemies":"Snake Plant","floor":24,"turns":5},{"damage":19,"enemies":"Book of Stabbing","floor":27,"turns":6},{"damage":19,"enemies":"Centurion and Healer","floor":28,"turns":5},{"damage":0,"enemies":"Sentry and Sphere","floor":29,"turns":4},{"damage":5,"enemies":"Colosseum Slavers","floor":31,"turns":1}],"seed_played":"6332353969733484045","potions_obtained":[{"floor":1.0,"key":"EntropicBrew"},{"floor":5.0,"key":"SpeedPotion"},{"floor":8.0,"key":"EssenceOfSteel"},{"floor":14.0,"key":"LiquidBronze"}],"is_trial":false,"path_per_floor":["M","?","$","?","M","E","R","E","T","M","M","R","M","E","R","B",null,"M","$","?","M","T","R","M","R","T","E","M","M","$","?"],"character_chosen":"WATCHER","items_purchased":["Adaptation","Meditate","Melange","Shuriken","ClearTheMind"],"campfire_rested":0,"item_purchase_floors":[3,19,19,30,30],"current_hp_per_floor":[61,66,66,55,55,55,55,48,48,48,41,41,41,35,35,11,58,51,51,45,43,43,43,40,40,40,21,2,2,2,0,0],"gold":46,"neow_bonus":"THREE_ENEMY_KILL","is_daily":false,"chose_seed":false,"campfire_upgraded":5,"win_rate":0.0,"timestamp":1614206506,"path_taken":["M","?","$","?","M","E","R","E","T","M","M","R","M","E","R","BOSS","M","$","?","M","?","R","M","R","T","E","?","M","$","?"],"items_purchased_type":["Card","Card","Relic","Relic","Card"],"build_version":"2020-12-18","purchased_purges":1,"victory":false,"max_hp_per_floor":[68,73,73,73,73,73,73,73,73,73,73,73,73,73,73,73,73,73,73,73,73,73,73,73,73,73,73,73,73,73,73,73],"relic_stats":{"Sozu":5,"Dream Catcher":0,"Nunchaku":[11],"Centennial Puzzle":[9],"Happy Flower":[5],"counters":[16,69],"Shuriken":[0],"Melange":[12],"Yang":[156],"War Paint":["Vigilance","Defend_P"],"obtain_stats":[{"Sozu":17,"Dream Catcher":6,"Nunchaku":14,"Centennial Puzzle":22,"NeowsBlessing":0,"Happy Flower":26,"Shuriken":30,"Melange":19,"Yang":8,"PureWater":0,"War Paint":9,"StrikeDummy":27},{"Sozu":9,"Dream Catcher":3,"Nunchaku":8,"Centennial Puzzle":11,"NeowsBlessing":0,"Happy Flower":12,"Shuriken":15,"Melange":10,"Yang":4,"PureWater":0,"War Paint":4,"StrikeDummy":13},{"Sozu":36,"Dream Catcher":3,"Nunchaku":26,"Centennial Puzzle":48,"NeowsBlessing":0,"Happy Flower":53,"Shuriken":68,"Melange":43,"Yang":8,"PureWater":0,"War Paint":8,"StrikeDummy":59}]},"card_choices":[{"not_picked":["Evaluate","EmptyBody"],"picked":"WindmillStrike","floor":1.0},{"not_picked":["Wireheading","Evaluate"],"picked":"SashWhip","floor":5.0},{"not_picked":["WaveOfTheHand","ThirdEye"],"picked":"Weave","floor":6.0},{"not_picked":["Collect","Consecrate"],"picked":"FearNoEvil","floor":8.0},{"not_picked":["FlyingSleeves","ClearTheMind"],"picked":"TalkToTheHand","floor":10.0},{"not_picked":["PathToVictory","Crescendo"],"picked":"CarveReality","floor":11.0},{"not_picked":["Crescendo","PathToVictory"],"picked":"EmptyBody","floor":13.0},{"not_picked":["PathToVictory","ClearTheMind"],"picked":"Wish","floor":14.0},{"not_picked":["SpiritShield","Wish"],"picked":"Vault","floor":16.0},{"not_picked":["CutThroughFate","Perseverance"],"picked":"FlurryOfBlows","floor":18},{"not_picked":["ClearTheMind","EmptyBody"],"picked":"Crescendo+1","floor":21},{"not_picked":["Indignation","Consecrate"],"picked":"ThirdEye+1","floor":24},{"not_picked":["Weave","EmptyFist"],"picked":"InnerPeace","floor":27},{"not_picked":["Collect","EmptyBody"],"picked":"SandsOfTime","floor":28},{"not_picked":["SashWhip","WheelKick","Nirvana"],"picked":"SKIP","floor":29}],"player_experience":814516,"relics_obtained":[{"floor":6.0,"key":"Dream Catcher"},{"floor":8.0,"key":"Yang"},{"floor":9.0,"key":"War Paint"},{"floor":14.0,"key":"Nunchaku"},{"floor":22,"key":"Centennial Puzzle"},{"floor":26,"key":"Happy Flower"},{"floor":27,"key":"StrikeDummy"}],"event_choices":[{"damage_healed":0.0,"max_hp_gain":5.0,"max_hp_loss":0.0,"gold_gain":0.0,"event_name":"Big Fish","player_choice":"Donut","floor":2.0,"gold_loss":0.0,"damage_taken":0.0},{"damage_healed":0.0,"max_hp_gain":0.0,"max_hp_loss":0.0,"gold_gain":75.0,"event_name":"World of Goop","player_choice":"Gather Gold","floor":4.0,"gold_loss":0.0,"damage_taken":11.0},{"damage_healed":0,"gold_gain":0,"player_choice":"Joined the Cult","damage_taken":6,"max_hp_gain":0,"max_hp_loss":0,"event_name":"Nest","floor":20,"gold_loss":0,"cards_obtained":["RitualDagger"]},{"damage_healed":0,"gold_gain":0,"player_choice":"Fight","damage_taken":0,"max_hp_gain":0,"max_hp_loss":0,"event_name":"Colosseum","floor":31,"gold_loss":0}],"is_beta":true,"boss_relics":[{"not_picked":["Coffee Dripper","Cursed Key"],"picked":"Sozu"}],"items_purged_floors":[19],"is_endless":false,"potions_floor_spawned":[1,5,8,14,24,27,28],"killed_by":"Colosseum Slavers","ascension_level":19}}