{"host":"l4am8ae7vj09bp0g","time":1614187842,"event":{"mods":["ATMod(°¢èªMod)","Act Like it!","BaseMod","Colored Powertips","Conspire","LagranYue(À­¸ñÀÊ¡¤ÔÂ)","Minty Spire (QoL Compilation)","Quick Restart","Relic Filter","Reliquary","Replay The Spire","Shop Mod","StSLib","SuperFastMode","TestMod"],"gold_per_floor":[115,115,65,82,82,82,116,116,141,172,16,34,64,80,80,179,179,196,196,211,39,58,58,58,58],"floor_reached":24,"language":"ZHS","playtime":829,"items_purged":[],"score":275,"play_id":"c481bfbf-76a5-4ff2-9c44-e2d94b39c7f1","local_time":"20210225013042","daily_mods":["SealedDeck","Heirloom","DeadlyEvents","Elite Swarm","Uncertain Future"],"is_ascension_mode":true,"campfire_choices":[{"data":"Armaments","floor":6.0,"key":"SMITH"},{"data":"Feed","floor":8.0,"key":"SMITH"},{"data":"Body Slam","floor":15.0,"key":"SMITH"},{"data":"Feed","floor":23,"key":"SMITH"}],"circlet_count":0,"master_deck":["Entrench+1","Whirlwind","Sword Boomerang+1","Armaments+1","Body Slam+1","Shrug It Off","Battle Trance","Cleave","Sword Boomerang","Second Wind","Feed+1","Feed+1"],"relics":["Burning Blood","testmod-TestBox","AT_ATBox","LagranYue:RandomDrawCardRelic","Charon\u0027s Ashes","Counterbalance","Regal Pillow","Replay:Accelerometer","PrismaticShard","MerchantsRug","Orrery"],"acts_visited":["Exordium","TheCity"],"potions_floor_usage":[24],"damage_taken":[{"damage":2.0,"enemies":"Small Slimes","floor":1.0,"turns":2.0},{"damage":0.0,"enemies":"2 Louse","floor":4.0,"turns":2.0},{"damage":11.0,"enemies":"Lagavulin","floor":7.0,"turns":5.0},{"damage":11.0,"enemies":"3 Sentries","floor":10.0,"turns":4.0},{"damage":0.0,"enemies":"Cultist","floor":12.0,"turns":2.0},{"damage":3.0,"enemies":"Replay:BlueRogue","floor":13.0,"turns":4.0},{"damage":2.0,"enemies":"Blue Slaver","floor":14.0,"turns":4.0},{"damage":50.0,"enemies":"Slime Boss","floor":16.0,"turns":10.0},{"damage":1.0,"enemies":"3 Byrds","floor":18.0,"turns":3.0},{"damage":41,"enemies":"conspire:FuzzyDice","floor":20,"turns":5},{"damage":25,"enemies":"Cultist and Chosen","floor":22,"turns":5},{"damage":55,"enemies":"Snake Plant","floor":24,"turns":8}],"seed_played":"2513903443931061306","potions_obtained":[{"floor":4.0,"key":"Fire Potion"},{"floor":14.0,"key":"Reflective Coating"},{"floor":16.0,"key":"Venom Potion"},{"floor":22,"key":"SkillPotion"}],"is_trial":true,"path_per_floor":["M","?","?","M","?","R","E","R","T","E","$","M","E","M","R","B",null,"M","?","M","$","M","R","M"],"character_chosen":"IRONCLAD","items_purchased":["PrismaticShard","MerchantsRug","Orrery"],"campfire_rested":0,"item_purchase_floors":[11,21,21],"current_hp_per_floor":[80,80,80,80,64,64,59,59,59,58,58,68,71,79,79,39,96,100,100,72,72,61,61,6,6],"gold":58,"neow_bonus":"","is_daily":false,"chose_seed":false,"campfire_upgraded":4,"win_rate":0.0,"timestamp":1614187842,"path_taken":["M","?","?","M","?","R","E","R","T","E","$","M","E","M","R","BOSS","M","?","?","$","?","R","M"],"items_purchased_type":["Relic","Relic","Relic"],"build_version":"2020-12-22","purchased_purges":0,"victory":false,"max_hp_per_floor":[80,80,80,80,80,80,80,80,80,84,84,88,88,92,92,96,96,100,100,107,107,115,115,115,115],"card_choices":[{"not_picked":["Clash","Dual Wield","Ghostly Armor"],"picked":"SKIP","floor":1.0},{"not_picked":["Body Slam","Havoc"],"picked":"Second Wind","floor":4.0},{"not_picked":["conspire:Purge","AT_Dispersion"],"picked":"Feed","floor":7.0},{"not_picked":["Corruption","Juggernaut","Hemogenesis"],"picked":"SKIP","floor":10.0},{"not_picked":["Bloodletting","LagranYue:AttackGoldCard","Aggregate"],"picked":"SKIP","floor":12.0},{"not_picked":["LagranYue:AttackGalacticZeroCard","AT_KingSlayer","testmod-TaurusBlackCat"],"picked":"SKIP","floor":13.0},{"not_picked":["LagranYue:AttackMagicMoonCard","Deflect","testmod-HandmadeProducts"],"picked":"SKIP","floor":14.0},{"not_picked":["LagranYue:PowerGoldStartCard","Hologram","Indignation"],"picked":"SKIP","floor":18.0},{"not_picked":["testmod-Bloodthirsty","Pommel Strike+1","Skim"],"picked":"SKIP","floor":20},{"not_picked":["LagranYue:PrematureBurialCard","AT_WindRun","Perfected Strike"],"picked":"SKIP","floor":22}],"player_experience":86545,"relics_obtained":[{"floor":7.0,"key":"Counterbalance"},{"floor":9.0,"key":"Regal Pillow"},{"floor":10.0,"key":"Replay:Accelerometer"},{"floor":13.0,"key":"reliquary:Sod"}],"event_choices":[{"damage_healed":0.0,"max_hp_gain":0.0,"max_hp_loss":0.0,"gold_gain":0.0,"event_name":"conspire:LoneGhost","player_choice":"Agree","floor":2.0,"gold_loss":0.0,"damage_taken":0.0},{"cards_removed":["ReplayTheSpireMod:Muscle Training"],"damage_healed":0.0,"max_hp_gain":0.0,"max_hp_loss":0.0,"gold_gain":0.0,"event_name":"The Cleric","player_choice":"Card Removal","floor":3.0,"gold_loss":50.0,"damage_taken":0.0},{"damage_healed":0.0,"max_hp_gain":0.0,"max_hp_loss":0.0,"gold_gain":0.0,"event_name":"Shining Light","player_choice":"Entered Light","floor":5.0,"gold_loss":0.0,"damage_taken":16.0,"cards_upgraded":["Entrench","Sword Boomerang"]},{"damage_healed":0,"gold_gain":0,"player_choice":"1 cards matched","damage_taken":0,"max_hp_gain":0,"max_hp_loss":0,"event_name":"Match and Keep!","floor":19,"gold_loss":0,"cards_obtained":["Feed"]}],"is_beta":false,"boss_relics":[{"not_picked":["Runic Pyramid","conspire:SlowCooker","testmod-EnergyCheck"]}],"items_purged_floors":[],"is_endless":true,"potions_floor_spawned":[4,14,16,20,22],"killed_by":"Snake Plant","ascension_level":1}}