{"host":"xb2tau8pgi8aflss","time":1614170528,"event":{"mods":["AchievementEnabler","BaseMod","Hermit","Minty Spire (QoL Compilation)","StSLib","SuperFastMode"],"gold_per_floor":[117,133,133,151,151,181,181,211,234,254,254,287,34,48,48,152,152,169,169,183,163,175,175,188,64,64,77,90,108,128,140,140,140,140],"floor_reached":33,"language":"KOR","playtime":1002,"items_purged":["Defend_B"],"score":382,"play_id":"340d6534-9783-4f29-913b-ab8b12bde250","local_time":"20210224214208","is_ascension_mode":true,"campfire_choices":[{"data":"Biased Cognition","floor":7,"key":"SMITH"},{"data":"Aggregate","floor":15,"key":"SMITH"},{"data":"Conserve Battery","floor":23,"key":"SMITH"},{"floor":32,"key":"REST"}],"circlet_count":0,"master_deck":["Strike_B","Strike_B","Defend_B","Defend_B","Zap","Dualcast","Streamline","Chill","Biased Cognition+1","Aggregate+1","Undo","Cold Snap","Stack","Blizzard","Conserve Battery+1","Coolheaded","Electrodynamics","Barrage","Genetic Algorithm","Coolheaded","Go for the Eyes+1","Conserve Battery","Compile Driver","Fusion+1","Skim","Consume","Defragment"],"relics":["Cracked Core","NeowsBlessing","Happy Flower","Oddly Smooth Stone","Vajra","Ancient Tea Set","Runic Capacitor","Empty Cage","Letter Opener"],"acts_visited":["Exordium","TheCity"],"potions_floor_usage":[6,8,10,22,24,29,31,33],"damage_taken":[{"damage":0,"enemies":"Small Slimes","floor":1,"turns":1},{"damage":0,"enemies":"Cultist","floor":2,"turns":1},{"damage":0,"enemies":"Jaw Worm","floor":4,"turns":1},{"damage":19,"enemies":"Lagavulin","floor":6,"turns":5},{"damage":5,"enemies":"3 Sentries","floor":8,"turns":7},{"damage":7,"enemies":"Exordium Thugs","floor":10,"turns":5},{"damage":16,"enemies":"Gremlin Nob","floor":12,"turns":3},{"damage":0,"enemies":"3 Louse","floor":14,"turns":3},{"damage":4,"enemies":"The Guardian","floor":16,"turns":12},{"damage":8,"enemies":"Shell Parasite","floor":18,"turns":6},{"damage":17,"enemies":"Chosen","floor":20,"turns":5},{"damage":4,"enemies":"Sentry and Sphere","floor":22,"turns":5},{"damage":9,"enemies":"Shelled Parasite and Fungi","floor":24,"turns":6},{"damage":0,"enemies":"Cultist and Chosen","floor":27,"turns":5},{"damage":0,"enemies":"Chosen and Byrds","floor":28,"turns":5},{"damage":0,"enemies":"Snake Plant","floor":29,"turns":4},{"damage":14,"enemies":"Snecko","floor":30,"turns":5},{"damage":0,"enemies":"3 Cultists","floor":31,"turns":4},{"damage":42,"enemies":"Collector","floor":33,"turns":3}],"seed_played":"2830726255021965771","potions_obtained":[{"floor":2,"key":"EssenceOfSteel"},{"floor":6,"key":"SneckoOil"},{"floor":8,"key":"Block Potion"},{"floor":14,"key":"Weak Potion"},{"floor":16,"key":"SpeedPotion"},{"floor":21,"key":"SneckoOil"},{"floor":27,"key":"Explosive Potion"},{"floor":28,"key":"DuplicationPotion"},{"floor":30,"key":"Ancient Potion"},{"floor":31,"key":"LiquidMemories"}],"is_trial":false,"path_per_floor":["M","M","?","M","?","E","R","E","T","M","?","E","$","M","R","B",null,"M","?","M","?","M","R","M","$","T","M","M","M","M","M","R","B"],"character_chosen":"DEFECT","items_purchased":["Runic Capacitor","Conserve Battery","Coolheaded","Conserve Battery"],"campfire_rested":1,"item_purchase_floors":[13,13,13,25],"current_hp_per_floor":[68,68,68,68,73,54,54,49,49,42,35,19,19,19,19,15,64,56,56,39,39,35,35,26,26,26,26,26,26,12,12,36,0,0],"gold":140,"neow_bonus":"THREE_ENEMY_KILL","is_daily":false,"chose_seed":false,"campfire_upgraded":3,"win_rate":0.0,"timestamp":1614170528,"path_taken":["M","M","?","?","?","E","R","E","T","M","?","E","?","M","R","BOSS","M","?","M","?","M","R","M","$","T","M","M","M","?","M","R","BOSS"],"items_purchased_type":["Relic","Card","Card","Card"],"build_version":"2020-12-22","purchased_purges":1,"victory":false,"max_hp_per_floor":[75,75,75,75,80,80,80,80,80,80,80,80,80,80,80,80,80,80,80,80,80,80,80,80,80,80,80,80,80,80,80,80,80,80],"card_choices":[{"not_picked":["Go for the Eyes","Leap"],"picked":"Streamline","floor":1},{"not_picked":["Go for the Eyes","Scrape"],"picked":"Chill","floor":2},{"not_picked":["Reinforced Body","Redo"],"picked":"Aggregate","floor":4},{"not_picked":["Chaos","Doom and Gloom"],"picked":"Undo","floor":6},{"not_picked":["Steam","All For One"],"picked":"Cold Snap","floor":8},{"not_picked":["Go for the Eyes","Steam Power"],"picked":"Stack","floor":10},{"not_picked":["Barrage","Cold Snap"],"picked":"Blizzard","floor":12},{"not_picked":["Tempest","Rainbow","Streamline"],"picked":"SKIP","floor":14},{"not_picked":["Multi-Cast","Fission"],"picked":"Electrodynamics","floor":16},{"not_picked":["Compile Driver","Rip and Tear"],"picked":"Barrage","floor":18},{"not_picked":["Recycle","Force Field"],"picked":"Genetic Algorithm","floor":20},{"not_picked":["Tempest","Lockon"],"picked":"Coolheaded","floor":22},{"not_picked":["Auto Shields","Gash"],"picked":"Go for the Eyes+1","floor":24},{"not_picked":["Genetic Algorithm","Cold Snap+1"],"picked":"Compile Driver","floor":27},{"not_picked":["Chill","Barrage+1"],"picked":"Fusion+1","floor":28},{"not_picked":["Gash+1","Chill+1"],"picked":"Skim","floor":29},{"not_picked":["Compile Driver+1","Rebound"],"picked":"Consume","floor":30},{"not_picked":["Hello World","Consume"],"picked":"Defragment","floor":31}],"player_experience":854499,"relics_obtained":[{"floor":6,"key":"Happy Flower"},{"floor":8,"key":"Oddly Smooth Stone"},{"floor":9,"key":"Vajra"},{"floor":12,"key":"Ancient Tea Set"},{"floor":26,"key":"Letter Opener"}],"event_choices":[{"damage_healed":0,"gold_gain":0,"player_choice":"1 cards matched","damage_taken":0,"max_hp_gain":0,"max_hp_loss":0,"event_name":"Match and Keep!","floor":3,"gold_loss":0,"cards_obtained":["Biased Cognition"]},{"damage_healed":0,"gold_gain":0,"player_choice":"Donut","damage_taken":0,"max_hp_gain":5,"max_hp_loss":0,"event_name":"Big Fish","floor":5,"gold_loss":0},{"cards_removed":["Strike_B"],"damage_healed":0,"gold_gain":0,"player_choice":"Card Removal","damage_taken":7,"max_hp_gain":0,"max_hp_loss":0,"event_name":"Golden Wing","floor":11,"gold_loss":0},{"damage_healed":0,"gold_gain":0,"player_choice":"Ignored","damage_taken":0,"max_hp_gain":0,"max_hp_loss":0,"event_name":"Vampires","floor":19,"gold_loss":0},{"damage_healed":0,"gold_gain":0,"player_choice":"Bought 1 Potion","damage_taken":0,"max_hp_gain":0,"max_hp_loss":0,"event_name":"The Woman in Blue","floor":21,"gold_loss":0}],"is_beta":false,"boss_relics":[{"not_picked":["Sozu","Cursed Key"],"picked":"Empty Cage"}],"items_purged_floors":[25],"is_endless":false,"potions_floor_spawned":[2,6,8,14,16,27,28,30,31],"killed_by":"Collector","ascension_level":8}}