{"host":"t6r1isv2bex5ovch","time":1614155638,"event":{"mods":["AchievementEnabler","Act Like it!","Aspiration","BaseMod","Better Altar","Better Match","Better Note","Better Sensory Stone","Better Skull","Better Third Choice","Better Vampires","Bossed Relics","Colored Powertips","Displayed Cursed Tome","Evolution","Fox Events","Gremlin Skip","Halation","Highlight Path","Hubris","Infinite Spire","Minty Spire (QoL Compilation)","Reliquary","Ruina","Spire Arcade","StSLib"],"gold_per_floor":[113,113,38,38,38,63,74,107,132,143,170,170,170,170,170],"floor_reached":14,"language":"ENG","playtime":1148,"items_purged":["Strike_B"],"score":127,"play_id":"5b012d5d-de0e-426f-be80-286ff89dcc68","local_time":"20210224193358","is_ascension_mode":true,"campfire_choices":[{"floor":13.0,"key":"RECALL"}],"circlet_count":0,"master_deck":["Compile Driver","Compile Driver","Strike_B","Defend_B","Defend_B","Defend_B","Defend_B","Zap","Dualcast","Self Repair","Fusion+1","Ball Lightning"],"relics":["Cracked Core","EVO:Axolotl","aspiration:Nostalgia","Ring of the Snake","halation:StarCompass","hubris:Towel","MealTicket","Kunai","halation:PrussianBluePaint"],"acts_visited":["Exordium"],"potions_floor_usage":[],"damage_taken":[{"damage":4.0,"enemies":"Jaw Worm","floor":1.0,"turns":3.0},{"damage":40.0,"enemies":"Gremlin Nob","floor":6.0,"turns":4.0},{"damage":4.0,"enemies":"2 Louse","floor":7.0,"turns":21.0},{"damage":35.0,"enemies":"3 Sentries","floor":8.0,"turns":8.0},{"damage":0.0,"enemies":"Small Slimes","floor":10.0,"turns":2.0},{"damage":17.0,"enemies":"Gremlin Nob","floor":11.0,"turns":3.0},{"damage":25,"enemies":"3 Sentries","floor":14,"turns":4}],"seed_played":"-4697405315850177123","potions_obtained":[{"floor":7.0,"key":"DuplicationPotion"},{"floor":8.0,"key":"PowerPotion"},{"floor":10.0,"key":"SteroidPotion"}],"is_trial":false,"path_per_floor":["M","?","$","?","$","E","M","E","T","M","E","?","R","E"],"character_chosen":"DEFECT","items_purchased":[],"campfire_rested":0,"item_purchase_floors":[],"current_hp_per_floor":[71,71,71,71,71,38,41,13,13,27,17,17,17,0,0],"gold":170,"neow_bonus":"NOSTALGIA","is_daily":false,"chose_seed":false,"campfire_upgraded":0,"win_rate":0.0,"timestamp":1614155638,"path_taken":["M","?","$","?","?","E","?","E","T","M","E","?","R","E"],"items_purchased_type":[],"build_version":"2020-12-22","purchased_purges":1,"victory":false,"max_hp_per_floor":[75,75,75,75,75,75,75,75,75,75,75,75,75,75,75],"card_choices":[{"not_picked":["hubris:Ukulele","Force Field"],"picked":"Self Repair","floor":1.0},{"not_picked":["Go for the Eyes","Fission"],"picked":"Fusion","floor":6.0},{"not_picked":["Rebound","Lockon","Leap"],"picked":"SKIP","floor":7.0},{"not_picked":["Reinforced Body","Skim"],"picked":"Ball Lightning","floor":8.0},{"not_picked":["Tempest","Reprogram","Steam"],"picked":"SKIP","floor":10.0},{"not_picked":["Beam Cell","Rebound","Gash"],"picked":"SKIP","floor":11.0}],"player_experience":406981,"relics_obtained":[{"floor":6.0,"key":"MealTicket"},{"floor":8.0,"key":"Kunai"},{"floor":11.0,"key":"halation:PrussianBluePaint"}],"event_choices":[],"is_beta":false,"boss_relics":[],"items_purged_floors":[3],"is_endless":false,"potions_floor_spawned":[7,8,10],"killed_by":"3 Sentries","ascension_level":4}}