{"host":"nptej036rrbiurf5","time":1614129998,"event":{"mods":["BaseMod","Colored Map","Colored Powertips","DeckTracker","Minty Spire (QoL Compilation)","StSLib","SuperFastMode"],"gold_per_floor":[114,124,124,141,151,151,166,198,198,212,212,212,229,240,240,317,317,333,348,348,37,37,37,50,50,50,60,60,73,19,19,19,19,19],"floor_reached":33,"language":"KOR","playtime":929,"items_purged":["Strike_G"],"score":602,"play_id":"dd2e75ac-e88e-4636-ac6f-bc86745f6cfc","local_time":"20210224102638","is_ascension_mode":true,"campfire_choices":[{"data":"Sucker Punch","floor":6.0,"key":"SMITH"},{"data":"Finisher","floor":11.0,"key":"SMITH"},{"data":"Blade Dance","floor":15.0,"key":"SMITH"},{"data":"After Image","floor":23.0,"key":"SMITH"},{"floor":25.0,"key":"REST"},{"data":"Phantasmal Killer","floor":28.0,"key":"SMITH"},{"data":"Footwork","floor":32.0,"key":"SMITH"}],"circlet_count":0,"master_deck":["AscendersBane","Defend_G","Defend_G","Defend_G","Defend_G","Defend_G","Survivor","Neutralize","Finisher+1","Footwork+1","Sucker Punch+1","Blade Dance+1","Infinite Blades","Blade Dance","Phantasmal Killer+1","Blade Dance","Adrenaline","Flechettes+1","After Image+1","Tactician","Acrobatics","PiercingWail","Infinite Blades","Cloak And Dagger+1","Acrobatics","PiercingWail"],"relics":["Ring of the Snake","Turnip","Mummified Hand","Juzu Bracelet","Ancient Tea Set","Empty Cage","Orrery","Bottled Tornado"],"acts_visited":["Exordium","TheCity"],"potions_floor_usage":[33,33],"damage_taken":[{"damage":2.0,"enemies":"Small Slimes","floor":1.0,"turns":4.0},{"damage":2.0,"enemies":"Jaw Worm","floor":2.0,"turns":7.0},{"damage":0.0,"enemies":"2 Louse","floor":4.0,"turns":4.0},{"damage":1.0,"enemies":"Red Slaver","floor":5.0,"turns":6.0},{"damage":7.0,"enemies":"3 Louse","floor":7.0,"turns":5.0},{"damage":28.0,"enemies":"Gremlin Nob","floor":8.0,"turns":4.0},{"damage":0.0,"enemies":"Large Slime","floor":10.0,"turns":5.0},{"damage":0.0,"enemies":"Exordium Wildlife","floor":13.0,"turns":2.0},{"damage":0.0,"enemies":"Exordium Thugs","floor":14.0,"turns":3.0},{"damage":0.0,"enemies":"Slime Boss","floor":16.0,"turns":2.0},{"damage":10.0,"enemies":"Shell Parasite","floor":18.0,"turns":4.0},{"damage":17.0,"enemies":"2 Thieves","floor":19.0,"turns":4.0},{"damage":4.0,"enemies":"Sentry and Sphere","floor":24.0,"turns":3.0},{"damage":0.0,"enemies":"Centurion and Healer","floor":27.0,"turns":3.0},{"damage":4.0,"enemies":"Shelled Parasite and Fungi","floor":29.0,"turns":5.0},{"damage":40,"enemies":"Automaton","floor":33,"turns":6}],"seed_played":"1551112883107670418","potions_obtained":[{"floor":4.0,"key":"SteroidPotion"},{"floor":7.0,"key":"CunningPotion"},{"floor":10.0,"key":"GamblersBrew"},{"floor":13.0,"key":"BlessingOfTheForge"},{"floor":18.0,"key":"SneckoOil"},{"floor":27.0,"key":"PowerPotion"}],"is_trial":false,"path_per_floor":["M","M","?","M","M","R","M","E","T","M","R","T","M","M","R","B",null,"M","M","?","$","?","R","M","R","T","M","R","M","$","?","R","B"],"character_chosen":"THE_SILENT","items_purchased":["Orrery","Infinite Blades","Dexterity Potion"],"campfire_rested":1,"item_purchase_floors":[21,21,30],"current_hp_per_floor":[42,40,62,62,61,61,54,26,26,26,26,26,26,26,26,26,56,46,29,29,29,29,29,25,44,44,44,44,40,40,40,40,0,0],"gold":19,"neow_bonus":"ONE_RARE_RELIC","is_daily":false,"chose_seed":false,"campfire_upgraded":6,"win_rate":0.0,"timestamp":1614129998,"path_taken":["M","M","?","M","M","R","M","E","T","M","R","?","M","M","R","BOSS","M","M","?","$","?","R","M","R","T","M","R","M","?","?","R","BOSS"],"items_purchased_type":["Relic","Card","Potion"],"build_version":"2020-12-22","purchased_purges":1,"victory":false,"max_hp_per_floor":[66,66,66,66,66,66,66,66,66,66,66,66,66,66,66,66,66,66,66,66,66,66,66,66,66,66,66,66,66,66,66,66,66,66],"card_choices":[{"not_picked":["Acrobatics","Flying Knee","Outmaneuver"],"picked":"SKIP","floor":1.0},{"not_picked":["Sucker Punch","Underhanded Strike"],"picked":"Finisher","floor":2.0},{"not_picked":["Poisoned Stab","Outmaneuver"],"picked":"Footwork","floor":4.0},{"not_picked":["Bane","Footwork"],"picked":"Sucker Punch","floor":5.0},{"not_picked":["Sucker Punch","PiercingWail"],"picked":"Blade Dance","floor":7.0},{"not_picked":["Caltrops","Cloak And Dagger"],"picked":"Infinite Blades","floor":8.0},{"not_picked":["PiercingWail","Flechettes"],"picked":"Blade Dance","floor":10.0},{"not_picked":["Dagger Throw","Tactician"],"picked":"Phantasmal Killer","floor":13.0},{"not_picked":["Dodge and Roll","Dagger Throw"],"picked":"Blade Dance","floor":14.0},{"not_picked":["Phantasmal Killer","Storm of Steel"],"picked":"Adrenaline","floor":16.0},{"not_picked":["Setup","Sucker Punch"],"picked":"Flechettes+1","floor":18.0},{"not_picked":["Poisoned Stab","Deflect","Deadly Poison"],"picked":"SKIP","floor":19.0},{"not_picked":["Poisoned Stab","All Out Attack"],"picked":"Tactician","floor":21.0},{"not_picked":["Bane","PiercingWail+1"],"picked":"Acrobatics","floor":21.0},{"not_picked":["Die Die Die","Phantasmal Killer"],"picked":"PiercingWail","floor":21.0},{"not_picked":["Endless Agony","Prepared+1"],"picked":"Cloak And Dagger+1","floor":24.0},{"not_picked":["Dodge and Roll+1","Distraction"],"picked":"Acrobatics","floor":27.0},{"not_picked":["Die Die Die","Dagger Spray"],"picked":"PiercingWail","floor":29.0}],"player_experience":1017291,"relics_obtained":[{"floor":8.0,"key":"Mummified Hand"},{"floor":9.0,"key":"Juzu Bracelet"},{"floor":12.0,"key":"Ancient Tea Set"},{"floor":26.0,"key":"Bottled Tornado"}],"event_choices":[{"damage_healed":22.0,"max_hp_gain":0.0,"max_hp_loss":0.0,"gold_gain":0.0,"event_name":"Big Fish","player_choice":"Banana","floor":3.0,"gold_loss":0.0,"damage_taken":0.0},{"damage_healed":0.0,"max_hp_gain":0.0,"max_hp_loss":0.0,"gold_gain":0.0,"cards_transformed":["Strike_G"],"event_name":"Transmorgrifier","player_choice":"Transformed","floor":20.0,"gold_loss":0.0,"damage_taken":0.0,"cards_obtained":["After Image"]},{"cards_removed":["Strike_G"],"damage_healed":0.0,"max_hp_gain":0.0,"max_hp_loss":0.0,"gold_gain":0.0,"event_name":"Purifier","player_choice":"Purged","floor":22.0,"gold_loss":0.0,"damage_taken":0.0},{"damage_healed":0.0,"max_hp_gain":0.0,"max_hp_loss":0.0,"gold_gain":0.0,"event_name":"Vampires","player_choice":"Ignored","floor":31.0,"gold_loss":0.0,"damage_taken":0.0}],"is_beta":false,"boss_relics":[{"not_picked":["Philosopher\u0027s Stone","Snecko Eye"],"picked":"Empty Cage"}],"items_purged_floors":[21],"is_endless":false,"potions_floor_spawned":[4,7,10,13,14,18,27],"killed_by":"Automaton","ascension_level":20}}