{"host":"uyfpom4rlahfoee4","time":1614130631,"event":{"mods":["BaseMod","Downfall","Minty Spire (QoL Compilation)","StSLib"],"gold_per_floor":[99,114,114,114,133,47,73,73,91,117,13,78,78,97,117,216,216,216,226,241,253,264,264,264,297,297,297,312,327,341,33,50,154,154,154,173,23,41,57,67,67,67,198,210,221,241,241,251,262,262],"floor_reached":51,"language":"ENG","playtime":4562,"items_purged":["downfall:Malfunctioning"],"score":779,"play_id":"85f9d273-5698-47f1-95f8-2f049eb98167","local_time":"20210223173711","is_ascension_mode":false,"campfire_choices":[{"data":"hexamod:Float","floor":1,"key":"SMITH"},{"data":"hexamod:EmpoweredFlame","floor":8,"key":"SMITH"},{"floor":13,"key":"REST"},{"data":"hexamod:EtherealExpedition","floor":18,"key":"SMITH"},{"floor":23,"key":"REST"},{"data":"hexamod:AdvancingGuard","floor":27,"key":"SMITH"},{"data":"hexamod:BurningTouch","floor":35,"key":"SMITH"},{"data":"hexamod:Hexaguard","floor":42,"key":"SMITH"},{"floor":47,"key":"REST"}],"circlet_count":0,"master_deck":["hexamod:Strike","hexamod:Strike","hexamod:Strike","hexamod:Strike","hexamod:Defend","hexamod:Defend","hexamod:Defend","hexamod:Defend","hexamod:Sear","hexamod:Float+1","hexamod:BurningTouch+1","hexamod:Firestarter","hexamod:EmpoweredFlame+1","hexamod:PhantomFireball","hexamod:ThermalTransfer+1","hexamod:GhostOfSpirePast+1","hexamod:SkipABeat","hexamod:GhostOfSpirePast","hexamod:SwordOfDarkness","hexamod:FlamesFromBeyond+1","hexamod:AdvancingGuard+1","hexamod:EtherealExpedition+1","hexamod:WildfireWeapon+1","hexamod:BurningTouch+1","hexamod:SpectersWail+1","hexamod:NightmareStrike+1","hexamod:InspiringFlames+1","hexamod:BurningTouch","hexamod:SwordOfDarkness","hexamod:ShieldOfDarkness+1","hexamod:DynamicBlow","hexamod:SoulSteal+1","hexamod:FirstSeal","hexamod:Hexaguard+1","hexamod:SixthSeal","hexamod:FirstSeal","hexamod:ThermalTransfer+1","hexamod:ShieldOfDarkness+1","hexamod:GhostOfSpireFuture","hexamod:StepThrough","hexamod:StepThrough","TalkToTheHand+1","sneckomod:UnknownClassHEXA_GHOST_PURPLE","Slimebound:SplitAcid"],"relics":["hexamod:UnbrokenSoul","downfall:ShatteredFragment","Regal Pillow","hexamod:MatchstickCase","Happy Flower","Cursed Key","Mummified Hand","hexamod:SoulConsumer","Oddly Smooth Stone","PrismaticShard"],"acts_visited":["Exordium","TheCity","TheBeyond"],"potions_floor_usage":[14,16,29,33,33,44,45,50],"damage_taken":[{"damage":0,"enemies":"Small Slimes","floor":2,"turns":4},{"damage":0,"enemies":"Jaw Worm","floor":5,"turns":3},{"damage":0,"enemies":"downfall:FleeingMerchant","floor":6,"turns":4},{"damage":0,"enemies":"2 Louse","floor":9,"turns":2},{"damage":0,"enemies":"Gremlin Nob","floor":10,"turns":3},{"damage":0,"enemies":"downfall:FleeingMerchant","floor":11,"turns":4},{"damage":9,"enemies":"Gremlin Nob","floor":12,"turns":3},{"damage":0,"enemies":"Gremlin Gang","floor":14,"turns":3},{"damage":0,"enemies":"Lots of Slimes","floor":15,"turns":3},{"damage":34,"enemies":"IC_STATUS_ARCHETYPE","floor":16,"turns":5},{"damage":10,"enemies":"downfall:LooterAlt2","floor":19,"turns":4},{"damage":5,"enemies":"Spheric Guardian","floor":20,"turns":3},{"damage":13,"enemies":"3 Cultists","floor":21,"turns":4},{"damage":13,"enemies":"Shelled Parasite and Fungi","floor":22,"turns":4},{"damage":9,"enemies":"Book of Stabbing","floor":25,"turns":4},{"damage":2,"enemies":"Centurion and Healer","floor":28,"turns":4},{"damage":16,"enemies":"Snake Plant","floor":29,"turns":3},{"damage":0,"enemies":"Snecko","floor":30,"turns":3},{"damage":4,"enemies":"downfall:FleeingMerchant","floor":31,"turns":4},{"damage":11,"enemies":"Shelled Parasite and Fungi","floor":32,"turns":4},{"damage":8,"enemies":"WA_ARCHETYPE_CALM","floor":33,"turns":7},{"damage":12,"enemies":"3 Shapes","floor":36,"turns":3},{"damage":23,"enemies":"3 Darklings","floor":38,"turns":4},{"damage":13,"enemies":"Jaw Worm Horde","floor":39,"turns":5},{"damage":2,"enemies":"Writhing Mass","floor":40,"turns":5},{"damage":0,"enemies":"downfall:FleeingMerchant","floor":43,"turns":4},{"damage":7,"enemies":"Spire Growth","floor":44,"turns":5},{"damage":24,"enemies":"3 Darklings","floor":45,"turns":4},{"damage":21,"enemies":"4 Shapes","floor":46,"turns":4},{"damage":45,"enemies":"Jaw Worm Horde","floor":48,"turns":6},{"damage":19,"enemies":"Transient","floor":49,"turns":5},{"damage":0,"enemies":"SI_POISON_ARCHETYPE","floor":50,"turns":12}],"seed_played":"7423750523021984230","potions_obtained":[{"floor":5,"key":"hexamod:EctoCoolerPotion"},{"floor":9,"key":"Block Potion"},{"floor":15,"key":"bronze:BurnAndBuffPotion"},{"floor":16,"key":"Ancient Potion"},{"floor":20,"key":"ColorlessPotion"},{"floor":30,"key":"hexamod:DoubleChargePotion"},{"floor":32,"key":"hexamod:DoubleChargePotion"},{"floor":36,"key":"SpeedPotion"},{"floor":39,"key":"SkillPotion"},{"floor":40,"key":"LiquidBronze"},{"floor":45,"key":"SteroidPotion"},{"floor":46,"key":"SteroidPotion"},{"floor":49,"key":"hexamod:DoubleChargePotion"}],"is_trial":false,"path_per_floor":["R","M","?","?","M","$","T","R","M","E","$","?","R","M","M","B",null,"R","M","M","M","M","R","T","E","?","R","M","M","M","$","M","B",null,"R","M","?","M","M","M","T","R","$","M","M","M","R","M","M","B",null],"character_chosen":"THE_SPIRIT","items_purchased":["hexamod:PhantomFireball","hexamod:GhostOfSpirePast","hexamod:SwordOfDarkness","Oddly Smooth Stone","hexamod:FirstSeal","PrismaticShard","hexamod:StepThrough"],"campfire_rested":3,"item_purchase_floors":[6,11,11,31,31,43,43],"current_hp_per_floor":[77,77,56,61,61,61,61,61,61,61,61,52,82,82,82,48,82,82,72,67,54,41,80,80,71,71,71,73,61,65,65,58,54,82,82,81,92,80,78,92,92,92,92,89,83,66,92,58,50,61],"gold":262,"neow_bonus":"TEN_PERCENT_HP_BONUS","is_daily":false,"chose_seed":false,"campfire_upgraded":6,"win_rate":0.0,"timestamp":1614130631,"path_taken":["R","M","?","?","M","$","T","R","M","E","$","?","R","M","M","BOSS","R","M","M","M","M","R","T","E","?","R","M","M","M","$","M","BOSS","R","M","?","M","M","M","T","R","$","M","M","M","R","M","M","BOSS"],"items_purchased_type":["Card","Card","Card","Relic","Card","Relic","Card"],"build_version":"2020-12-22","purchased_purges":1,"victory":true,"max_hp_per_floor":[77,77,77,82,82,82,82,82,82,82,82,82,82,82,82,82,82,82,82,82,82,82,82,82,82,82,82,82,82,82,82,82,82,82,82,82,92,92,92,92,92,92,92,92,92,92,92,92,92,92],"card_choices":[{"not_picked":["hexamod:RadiantFlame","hexamod:HeatMetal"],"picked":"hexamod:BurningTouch","floor":2},{"not_picked":["hexamod:HeatShield","hexamod:NightmareStrike"],"picked":"hexamod:Firestarter","floor":5},{"not_picked":["hexamod:ThirdSeal","hexamod:GhostflameBarrier"],"picked":"hexamod:EmpoweredFlame","floor":6},{"not_picked":["hexamod:SuperheatedStrike","hexamod:ChargedBarrage"],"picked":"hexamod:ThermalTransfer","floor":9},{"not_picked":["hexamod:HeatMetal","hexamod:TurnItUp"],"picked":"hexamod:GhostOfSpirePast","floor":10},{"not_picked":["hexamod:StepThrough","hexamod:RecurringNightmare"],"picked":"hexamod:SkipABeat","floor":11},{"not_picked":["hexamod:GhostLash","hexamod:GhostOfSpireFuture"],"picked":"hexamod:FlamesFromBeyond","floor":12},{"not_picked":["hexamod:HeatMetal","hexamod:SuperheatedStrike"],"picked":"hexamod:AdvancingGuard","floor":14},{"not_picked":["hexamod:InspiringFlames","hexamod:FourthSeal"],"picked":"hexamod:EtherealExpedition","floor":15},{"not_picked":["hexamod:SearingWound","hexamod:UnlimitedPower"],"picked":"hexamod:WildfireWeapon","floor":16},{"not_picked":["hexamod:ThermalTransfer+1","hexamod:GhostLash"],"picked":"hexamod:BurningTouch+1","floor":19},{"not_picked":["hexamod:StepThrough","hexamod:FlamesFromBeyond"],"picked":"hexamod:SpectersWail+1","floor":20},{"not_picked":["hexamod:ThermalTransfer","hexamod:NightmareGuise"],"picked":"hexamod:NightmareStrike+1","floor":21},{"not_picked":["hexamod:SwordOfDarkness","hexamod:UnleashSpirits"],"picked":"hexamod:InspiringFlames+1","floor":22},{"not_picked":["hexamod:UnlimitedPower","hexamod:RadiantFlame"],"picked":"hexamod:BurningTouch","floor":25},{"not_picked":["hexamod:ThermalTransfer","hexamod:FlamesFromBeyond"],"picked":"hexamod:SwordOfDarkness","floor":28},{"not_picked":["hexamod:NightmareGuise","hexamod:RainOfEmbers"],"picked":"hexamod:ShieldOfDarkness","floor":29},{"not_picked":["hexamod:SwordOfDarkness","hexamod:ThermalTransfer"],"picked":"hexamod:DynamicBlow","floor":30},{"not_picked":["hexamod:InspiringFlames+1","hexamod:BacktrackSmack+1"],"picked":"hexamod:SoulSteal","floor":31},{"not_picked":["hexamod:Toasty","hexamod:SpectersWail+1"],"picked":"hexamod:Hexaguard","floor":32},{"not_picked":["hexamod:VolcanoVisage","hexamod:UnlimitedPower"],"picked":"hexamod:SixthSeal","floor":33},{"not_picked":["hexamod:ThermalTransfer+1","hexamod:FlamesFromBeyond+1"],"picked":"hexamod:FirstSeal","floor":36},{"not_picked":["hexamod:GhostLash","hexamod:InspiringFlames"],"picked":"hexamod:ThermalTransfer+1","floor":38},{"not_picked":["hexamod:GhostOfSpireFuture+1","hexamod:BacktrackSmack+1"],"picked":"hexamod:ShieldOfDarkness+1","floor":39},{"not_picked":["hexamod:HauntingEcho","hexamod:GhostShield"],"picked":"hexamod:GhostOfSpireFuture","floor":40},{"not_picked":["hexamod:GhostLash","hexamod:ForkedFlame"],"picked":"hexamod:StepThrough","floor":43},{"not_picked":["sneckomod:QuickBite","ClearTheMind","bronze:BugBarrage"],"picked":"SKIP","floor":44},{"not_picked":["PathToVictory","Guardian:Gem_Blue"],"picked":"TalkToTheHand+1","floor":45},{"not_picked":["Catalyst","sneckomod:Unknown1Cost+1"],"picked":"sneckomod:UnknownClassHEXA_GHOST_PURPLE","floor":46},{"not_picked":["Fire Breathing+1","champ:EnGarde"],"picked":"Slimebound:SplitAcid","floor":48},{"not_picked":["bronze:ItsAFeature+1","Turbo","PanicButton"],"picked":"SKIP","floor":49},{"not_picked":["bronze:ItsAFeature+1","Turbo","PanicButton"],"picked":"SKIP","floor":49}],"player_experience":150347,"relics_obtained":[{"floor":7,"key":"Regal Pillow"},{"floor":10,"key":"hexamod:MatchstickCase"},{"floor":12,"key":"Happy Flower"},{"floor":24,"key":"Mummified Hand"},{"floor":25,"key":"hexamod:SoulConsumer"}],"event_choices":[{"damage_healed":0,"gold_gain":0,"player_choice":"Donut","damage_taken":0,"max_hp_gain":5,"max_hp_loss":0,"event_name":"Big Fish","floor":4,"gold_loss":0}],"is_beta":false,"boss_relics":[{"not_picked":["Calling Bell","Snecko Eye"],"picked":"Cursed Key"},{"not_picked":["Pandora\u0027s Box","Velvet Choker"],"picked":"hexamod:UnbrokenSoul"}],"items_purged_floors":[31],"is_endless":false,"potions_floor_spawned":[5,9,15,16,20,21,28,30,32,36,39,40,45,46,49],"ascension_level":0}}