{"host":"uafoej811sw8via1","time":1614143677,"event":{"mods":["BaseMod","Minty Spire (QoL Compilation)","Relic Stats","StSLib"],"gold_per_floor":[111,124,135,135,135,169,182,182,208,226,226,241,274,274,274,370,370,416,416,460,503,548,548,561,600,671,586,630,466,516,562,562,681,681,701,741,787,828,868,907,907,951,951,1007,170,170,99,143,143,168,168,168,168,3,34,34,34],"floor_reached":56,"language":"ENG","playtime":4868,"items_purged":["Strike_P","Strike_P"],"score":2065,"play_id":"6c2aa29f-2540-47f8-a190-e4f0622fd70c","local_time":"20210224001437","is_ascension_mode":true,"campfire_choices":[{"floor":8,"key":"REST"},{"data":"Blasphemy","floor":15,"key":"SMITH"},{"data":"Worship","floor":23,"key":"SMITH"},{"floor":32,"key":"REST"},{"data":"WaveOfTheHand","floor":41,"key":"SMITH"},{"floor":49,"key":"RECALL"},{"data":"Establishment","floor":53,"key":"SMITH"}],"circlet_count":0,"master_deck":["AscendersBane","Strike_P","Strike_P+1","Defend_P","Defend_P","Defend_P","Defend_P","Eruption","Vigilance+1","Vault+1","Consecrate","FlyingSleeves","Establishment+1","Protect","CarveReality","SandsOfTime","BowlingBash","Blasphemy+1","Wish","ThirdEye","Conclude+1","Wallop","Worship+1","Protect","Ragnarok","WheelKick","Swivel","DevaForm","BattleHymn","WaveOfTheHand+1","Scrawl","Worship"],"relics":["HolyWater","Golden Idol","Vajra","Centennial Puzzle","Anchor","Snecko Eye","Nilry\u0027s Codex","Gambling Chip","Sundial","Akabeko","Happy Flower","Blood Vial","Turnip","Eternal Feather","Meat on the Bone","ClockworkSouvenir","Singing Bowl","Sling","InkBottle"],"acts_visited":["Exordium","TheCity","TheBeyond","TheEnding"],"potions_floor_usage":[25,33,37,55,55,56],"damage_taken":[{"damage":0,"enemies":"Small Slimes","floor":1,"turns":3},{"damage":7,"enemies":"2 Louse","floor":2,"turns":4},{"damage":0,"enemies":"Jaw Worm","floor":3,"turns":4},{"damage":16,"enemies":"Gremlin Nob","floor":6,"turns":3},{"damage":35,"enemies":"Exordium Wildlife","floor":7,"turns":8},{"damage":0,"enemies":"Large Slime","floor":10,"turns":3},{"damage":4,"enemies":"3 Louse","floor":12,"turns":3},{"damage":0,"enemies":"Lagavulin","floor":13,"turns":4},{"damage":14,"enemies":"Slime Boss","floor":16,"turns":6},{"damage":0,"enemies":"Chosen","floor":18,"turns":4},{"damage":0,"enemies":"Shell Parasite","floor":20,"turns":3},{"damage":0,"enemies":"Snake Plant","floor":21,"turns":3},{"damage":0,"enemies":"Snecko","floor":22,"turns":4},{"damage":0,"enemies":"Cultist and Chosen","floor":24,"turns":4},{"damage":9,"enemies":"Book of Stabbing","floor":25,"turns":4},{"damage":0,"enemies":"3 Cultists","floor":28,"turns":3},{"damage":0,"enemies":"Sentry and Sphere","floor":30,"turns":4},{"damage":0,"enemies":"Cultist and Chosen","floor":31,"turns":3},{"damage":1,"enemies":"Automaton","floor":33,"turns":6},{"damage":4,"enemies":"Orb Walker","floor":35,"turns":4},{"damage":3,"enemies":"3 Shapes","floor":36,"turns":4},{"damage":0,"enemies":"Maw","floor":37,"turns":6},{"damage":6,"enemies":"Spire Growth","floor":38,"turns":5},{"damage":18,"enemies":"3 Darklings","floor":39,"turns":7},{"damage":0,"enemies":"Nemesis","floor":40,"turns":4},{"damage":0,"enemies":"Giant Head","floor":42,"turns":4},{"damage":0,"enemies":"2 Orb Walkers","floor":44,"turns":1},{"damage":0,"enemies":"4 Shapes","floor":48,"turns":2},{"damage":43,"enemies":"Donu and Deca","floor":50,"turns":8},{"damage":8,"enemies":"Time Eater","floor":51,"turns":8},{"damage":0,"enemies":"Shield and Spear","floor":55,"turns":2},{"damage":79,"enemies":"The Heart","floor":56,"turns":7}],"seed_played":"-8623781664358398674","potions_obtained":[{"floor":3,"key":"FairyPotion"},{"floor":6,"key":"Ambrosia"},{"floor":7,"key":"Energy Potion"},{"floor":28,"key":"Strength Potion"},{"floor":33,"key":"Fruit Juice"},{"floor":37,"key":"StancePotion"},{"floor":55,"key":"ColorlessPotion"}],"is_trial":false,"path_per_floor":["M","M","M","?","?","E","M","R","T","M","?","M","E","?","R","B",null,"M","?","M","M","M","R","M","E","T","?","M","$","M","M","R","B",null,"M","M","M","M","M","E","R","E","T","?","$","?","?","M","R","B","B",null,"R","$","E","B"],"character_chosen":"WATCHER","items_purchased":["Swivel","Eternal Feather","Meat on the Bone","ClockworkSouvenir","Sling"],"campfire_rested":2,"item_purchase_floors":[29,45,45,45,54],"current_hp_per_floor":[61,54,54,54,35,19,18,36,36,36,36,32,32,37,37,23,56,56,35,35,35,35,35,35,26,26,26,26,26,26,26,46,45,62,58,55,60,54,36,36,36,36,36,38,38,28,28,44,62,33,39,65,74,74,76,0,0],"gold":34,"neow_bonus":"ONE_RANDOM_RARE_CARD","is_daily":false,"chose_seed":false,"campfire_upgraded":4,"win_rate":0.0,"timestamp":1614143677,"path_taken":["M","M","M","?","?","E","M","R","T","M","?","?","E","?","R","BOSS","M","?","M","M","M","R","M","E","T","?","M","$","M","M","R","BOSS","M","M","M","M","M","E","R","E","T","?","$","?","?","M","R","BOSS","BOSS","R","$","E","BOSS"],"items_purchased_type":["Card","Relic","Relic","Relic","Relic"],"build_version":"2020-12-22","purchased_purges":2,"victory":false,"max_hp_per_floor":[68,68,68,62,62,62,62,62,62,62,62,62,62,67,67,67,67,67,67,67,67,67,67,67,67,67,67,67,67,67,67,67,67,67,67,67,72,72,72,72,72,72,72,72,72,72,72,74,74,74,74,74,74,74,76,76,76],"relic_stats":{"Happy Flower":[10],"Singing Bowl":4,"counters":[32,138],"Golden Idol":194,"Eternal Feather":27,"Blood Vial":8,"Centennial Puzzle":[33],"Sundial":[8],"Gambling Chip":[62],"Snecko Eye":[170,195,176,187],"Turnip":[5],"obtain_stats":[{"Happy Flower":40,"Singing Bowl":47,"Golden Idol":4,"Nilry\u0027s Codex":19,"Vajra":6,"Eternal Feather":45,"Sling":54,"Akabeko":27,"ClockworkSouvenir":45,"Blood Vial":42,"Centennial Puzzle":9,"Anchor":13,"Sundial":26,"Gambling Chip":25,"Snecko Eye":17,"HolyWater":34,"Turnip":44,"PureWater":0,"InkBottle":55,"Meat on the Bone":45},{"Happy Flower":25,"Singing Bowl":27,"Golden Idol":3,"Nilry\u0027s Codex":10,"Vajra":4,"Eternal Feather":27,"Sling":30,"Akabeko":15,"ClockworkSouvenir":27,"Blood Vial":26,"Centennial Puzzle":5,"Anchor":8,"Sundial":15,"Gambling Chip":15,"Snecko Eye":9,"HolyWater":19,"Turnip":27,"PureWater":0,"InkBottle":31,"Meat on the Bone":27},{"Happy Flower":106,"Singing Bowl":111,"Golden Idol":11,"Nilry\u0027s Codex":42,"Vajra":14,"Eternal Feather":111,"Sling":129,"Akabeko":60,"ClockworkSouvenir":111,"Blood Vial":110,"Centennial Puzzle":22,"Anchor":32,"Sundial":60,"Gambling Chip":60,"Snecko Eye":38,"HolyWater":76,"Turnip":111,"PureWater":0,"InkBottle":131,"Meat on the Bone":111}],"InkBottle":[3],"Meat on the Bone":36},"card_choices":[{"not_picked":["Evaluate","TalkToTheHand"],"picked":"Consecrate","floor":1},{"not_picked":["Weave","EmptyBody"],"picked":"FlyingSleeves","floor":2},{"not_picked":["FlyingSleeves","Sanctity"],"picked":"Establishment","floor":3},{"not_picked":["Evaluate","EmptyFist"],"picked":"Protect","floor":6},{"not_picked":["ThirdEye","PathToVictory"],"picked":"CarveReality","floor":7},{"not_picked":["InnerPeace","TalkToTheHand"],"picked":"SandsOfTime","floor":10},{"not_picked":["FlyingSleeves","ThirdEye"],"picked":"BowlingBash","floor":12},{"not_picked":["EmptyBody","EmptyFist"],"picked":"Blasphemy","floor":13},{"not_picked":["Judgement","Establishment"],"picked":"Wish","floor":16},{"not_picked":["Vengeance","EmptyBody"],"picked":"ThirdEye","floor":18},{"not_picked":["Crescendo","PathToVictory"],"picked":"Conclude+1","floor":20},{"not_picked":["BowlingBash","ThirdEye"],"picked":"Wallop","floor":21},{"not_picked":["JustLucky","Prostrate"],"picked":"Worship","floor":22},{"not_picked":["FlurryOfBlows","SandsOfTime"],"picked":"Protect","floor":24},{"not_picked":["ClearTheMind","BowlingBash"],"picked":"Ragnarok","floor":25},{"not_picked":["Prostrate","SashWhip"],"picked":"WheelKick","floor":28},{"not_picked":["FlurryOfBlows+1","EmptyFist","FlyingSleeves"],"picked":"SKIP","floor":30},{"not_picked":["Crescendo","Prostrate"],"picked":"DevaForm","floor":31},{"not_picked":["Protect","Pray"],"picked":"BattleHymn","floor":35},{"not_picked":["Tantrum","BattleHymn","Prostrate+1"],"picked":"SKIP","floor":36},{"not_picked":["FlyingSleeves+1","FlurryOfBlows","ThirdEye"],"picked":"SKIP","floor":37},{"not_picked":["JustLucky","Prostrate"],"picked":"WaveOfTheHand","floor":38},{"not_picked":["Perseverance","Collect+1","Consecrate"],"picked":"SKIP","floor":39},{"not_picked":["Tantrum","Weave"],"picked":"Scrawl","floor":40},{"not_picked":["ForeignInfluence","Tantrum","Nirvana"],"picked":"SKIP","floor":42},{"not_picked":["SashWhip","FlurryOfBlows"],"picked":"Worship","floor":44},{"not_picked":["Nirvana","BattleHymn+1","BowlingBash"],"picked":"Singing Bowl","floor":48},{"not_picked":["Evaluate","Weave","Indignation"],"picked":"Singing Bowl","floor":55}],"player_experience":1104465,"relics_obtained":[{"floor":6,"key":"Vajra"},{"floor":9,"key":"Centennial Puzzle"},{"floor":13,"key":"Anchor"},{"floor":19,"key":"Nilry\u0027s Codex"},{"floor":25,"key":"Gambling Chip"},{"floor":26,"key":"Sundial"},{"floor":40,"key":"Happy Flower"},{"floor":42,"key":"Blood Vial"},{"floor":44,"key":"Turnip"},{"floor":55,"key":"InkBottle"}],"event_choices":[{"damage_healed":0,"gold_gain":0,"player_choice":"Lose Max HP","damage_taken":0,"relics_obtained":["Golden Idol"],"max_hp_gain":0,"max_hp_loss":6,"event_name":"Golden Idol","floor":4,"gold_loss":0},{"damage_healed":0,"gold_gain":0,"player_choice":"Entered Light","damage_taken":19,"max_hp_gain":0,"max_hp_loss":0,"event_name":"Shining Light","floor":5,"gold_loss":0,"cards_upgraded":["Strike_P","Vigilance"]},{"damage_healed":0,"gold_gain":0,"player_choice":"Grow","damage_taken":0,"max_hp_gain":0,"max_hp_loss":0,"event_name":"Living Wall","floor":11,"gold_loss":0,"cards_upgraded":["Vault"]},{"damage_healed":0,"gold_gain":0,"player_choice":"Donut","damage_taken":0,"max_hp_gain":5,"max_hp_loss":0,"event_name":"Big Fish","floor":14,"gold_loss":0},{"damage_healed":0,"gold_gain":0,"player_choice":"Obtained Book","damage_taken":21,"max_hp_gain":0,"max_hp_loss":0,"event_name":"Cursed Tome","floor":19,"gold_loss":0},{"damage_healed":0,"gold_gain":0,"player_choice":"Obtained Relic","damage_taken":0,"relics_obtained":["Akabeko"],"max_hp_gain":0,"max_hp_loss":0,"event_name":"Addict","floor":27,"gold_loss":85},{"damage_healed":0,"gold_gain":0,"player_choice":"Fight","damage_taken":0,"max_hp_gain":0,"max_hp_loss":0,"event_name":"Mysterious Sphere","floor":44,"gold_loss":0},{"damage_healed":0,"gold_gain":0,"player_choice":"Memory 3","damage_taken":10,"max_hp_gain":0,"max_hp_loss":0,"event_name":"SensoryStone","floor":46,"gold_loss":0},{"damage_healed":0,"gold_gain":0,"player_choice":"Paid Gold","damage_taken":0,"relics_obtained":["Singing Bowl"],"max_hp_gain":0,"max_hp_loss":0,"event_name":"WeMeetAgain","floor":47,"gold_loss":71}],"is_beta":false,"boss_relics":[{"not_picked":["Tiny House","Runic Dome"],"picked":"Snecko Eye"},{"not_picked":["Astrolabe","VioletLotus"],"picked":"HolyWater"}],"items_purged_floors":[29,45],"is_endless":false,"potions_floor_spawned":[3,6,7,12,16,21,22,24,28,31,33,35,37,42,55],"killed_by":"The Heart","ascension_level":20}}