{"host":"y0i0tbisecj7yjyn","time":1614135285,"event":{"mods":["2.2 Compatiblity","AchievementEnabler","AlwaysNeverKeys","BaseMod","Better Third Choice","BetterRewards","Colored Map","Colored Powertips","Curses Come First","Disable Question Mark Monsters","Displayed Cursed Tome","Highlight Path","Keyboard Shortcuts","Minty Spire (QoL Compilation)","Quick Restart","Random Character Button","Rare Cards Sparkle","Relic Stats","Reliquary","Smile Girya","StSLib","SuperFastMode","Transform Curses","Weighted Paths"],"gold_per_floor":[113,0,18,93,93,93,93,93,93,104,119,154,170,187,187,289,289,303,317,336,349,55,86,86,86,110,127,140,140,100,112,112,214,214,234,245,245,245,258,258,64,64,64,64,95,106,456,467,467,467,467],"floor_reached":50,"language":"ENG","playtime":3385,"items_purged":[],"score":596,"play_id":"4d840310-fd10-4a35-9fd6-9dc7188ef5f3","local_time":"20210223205445","is_ascension_mode":false,"campfire_choices":[{"data":"Enlightenment","floor":6.0,"key":"SMITH"},{"data":"Vigilance","floor":8.0,"key":"SMITH"},{"data":"SignatureMove","floor":15.0,"key":"SMITH"},{"data":"Ragnarok","floor":24.0,"key":"SMITH"},{"floor":32.0,"key":"REST"},{"floor":40,"key":"REST"},{"floor":49,"key":"REST"}],"circlet_count":0,"master_deck":["Eruption","Vigilance+1","FlurryOfBlows+1","Enlightenment+1","ReachHeaven","WaveOfTheHand+1","ClearTheMind","EmptyFist+1","SignatureMove+1","Crescendo+1","Ragnarok+1","EmptyBody+1","EmptyFist","Protect","Swivel+1","Vengeance","Consecrate","EmptyMind","Protect","SpiritShield","FollowUp+1","DevaForm","MentalFortress","Indignation+1","Wallop+1","Scrawl","Perseverance"],"relics":["PureWater","reliquary:Firecrackers","Toy Ornithopter","Runic Dome","Bag of Marbles","Lee\u0027s Waffle","reliquary:Buckler","Potion Belt","VioletLotus","Membership Card","Vajra","Bronze Scales","Old Coin"],"acts_visited":["Exordium","TheCity","TheBeyond"],"potions_floor_usage":[46,48],"damage_taken":[{"damage":2.0,"enemies":"2 Louse","floor":1.0,"turns":3.0},{"damage":1.0,"enemies":"Jaw Worm","floor":3.0,"turns":4.0},{"damage":0.0,"enemies":"Small Slimes","floor":10.0,"turns":2.0},{"damage":10.0,"enemies":"Exordium Thugs","floor":11.0,"turns":4.0},{"damage":12.0,"enemies":"Gremlin Nob","floor":12.0,"turns":3.0},{"damage":0.0,"enemies":"Gremlin Gang","floor":13.0,"turns":3.0},{"damage":0.0,"enemies":"Looter","floor":14.0,"turns":2.0},{"damage":48.0,"enemies":"The Guardian","floor":16.0,"turns":6.0},{"damage":35.0,"enemies":"3 Byrds","floor":18.0,"turns":4.0},{"damage":0.0,"enemies":"Chosen","floor":19.0,"turns":2.0},{"damage":24.0,"enemies":"3 Cultists","floor":20.0,"turns":4.0},{"damage":14.0,"enemies":"Centurion and Healer","floor":21.0,"turns":10.0},{"damage":21.0,"enemies":"Book of Stabbing","floor":23.0,"turns":3.0},{"damage":11.0,"enemies":"Snecko","floor":27.0,"turns":3.0},{"damage":21.0,"enemies":"Cultist and Chosen","floor":28.0,"turns":5.0},{"damage":20.0,"enemies":"Centurion and Healer","floor":31.0,"turns":2.0},{"damage":7.0,"enemies":"Collector","floor":33.0,"turns":5.0},{"damage":10,"enemies":"Orb Walker","floor":35,"turns":2},{"damage":9,"enemies":"3 Shapes","floor":36,"turns":3},{"damage":30,"enemies":"Writhing Mass","floor":39,"turns":3},{"damage":125,"enemies":"Nemesis","floor":45,"turns":9},{"damage":4,"enemies":"3 Darklings","floor":46,"turns":3},{"damage":0,"enemies":"Mind Bloom Boss Battle","floor":47,"turns":3},{"damage":12,"enemies":"4 Shapes","floor":48,"turns":3},{"damage":49,"enemies":"Time Eater","floor":50,"turns":9}],"seed_played":"-5490514682259020639","potions_obtained":[{"floor":3.0,"key":"LiquidBronze"},{"floor":10.0,"key":"ColorlessPotion"},{"floor":11.0,"key":"SpeedPotion"},{"floor":16.0,"key":"AttackPotion"},{"floor":18.0,"key":"Explosive Potion"},{"floor":20.0,"key":"Dexterity Potion"},{"floor":27.0,"key":"AttackPotion"},{"floor":28.0,"key":"SkillPotion"},{"floor":36,"key":"SkillPotion"},{"floor":39,"key":"FearPotion"},{"floor":46,"key":"Block Potion"},{"floor":47,"key":"Energy Potion"}],"is_trial":false,"path_per_floor":["M","?","M","?","?","R","?","R","T","M","M","E","M","M","R","B",null,"M","M","M","M","$","E","R","?","T","M","M","?","?","M","R","B",null,"M","M","?","?","M","R","$","?","T","$","E","M","?","M","R","B"],"character_chosen":"WATCHER","items_purchased":["Bag of Marbles","Lee\u0027s Waffle","Membership Card","FairyPotion"],"campfire_rested":3,"item_purchase_floors":[22,22,41,41],"current_hp_per_floor":[77,83,82,71,71,71,64,64,64,64,54,42,52,52,52,4,85,55,55,36,32,92,71,71,71,71,60,39,39,39,24,51,49,92,82,73,73,73,43,70,70,70,70,70,23,24,24,17,44,0,0],"gold":467,"neow_bonus":"TEN_PERCENT_HP_BONUS","is_daily":false,"chose_seed":false,"campfire_upgraded":4,"win_rate":0.0,"timestamp":1614135285,"path_taken":["M","?","M","?","?","R","?","R","T","M","?","E","?","M","R","BOSS","M","?","?","M","$","E","R","?","T","M","M","?","?","M","R","BOSS","M","?","?","?","?","R","$","?","T","?","E","M","?","M","R","BOSS"],"items_purchased_type":["Relic","Relic","Relic","Potion"],"build_version":"2020-12-22","purchased_purges":0,"victory":false,"max_hp_per_floor":[79,85,85,85,85,85,85,85,85,85,85,85,85,85,85,85,85,85,85,85,85,92,92,92,92,92,92,92,92,92,92,92,92,92,92,92,92,92,92,92,92,92,92,92,92,92,92,92,92,92,92],"relic_stats":{"Lee\u0027s Waffle":60,"counters":[25,100],"Bronze Scales":[72],"VioletLotus":[9],"obtain_stats":[{"Potion Belt":26,"Lee\u0027s Waffle":22,"reliquary:Firecrackers":9,"Vajra":43,"Old Coin":47,"Runic Dome":17,"Bronze Scales":45,"reliquary:Buckler":23,"VioletLotus":34,"Bag of Marbles":22,"Membership Card":41,"PureWater":0,"Toy Ornithopter":12},{"Potion Belt":13,"Lee\u0027s Waffle":12,"reliquary:Firecrackers":2,"Vajra":20,"Old Coin":23,"Runic Dome":8,"Bronze Scales":21,"reliquary:Buckler":13,"VioletLotus":17,"Bag of Marbles":12,"Membership Card":20,"PureWater":0,"Toy Ornithopter":5},{"Potion Belt":50,"Lee\u0027s Waffle":47,"reliquary:Firecrackers":7,"Vajra":73,"Old Coin":88,"Runic Dome":27,"Bronze Scales":82,"reliquary:Buckler":50,"VioletLotus":65,"Bag of Marbles":47,"Membership Card":73,"PureWater":0,"Toy Ornithopter":16}],"Toy Ornithopter":50},"card_choices":[{"not_picked":["Consecrate","CutThroughFate"],"picked":"FlurryOfBlows","floor":1.0},{"not_picked":["PathToVictory","ClearTheMind"],"picked":"ReachHeaven","floor":3.0},{"not_picked":["Study","Perseverance"],"picked":"WaveOfTheHand","floor":10.0},{"not_picked":["ReachHeaven","Crescendo"],"picked":"ClearTheMind","floor":11.0},{"not_picked":["Crescendo","ForeignInfluence"],"picked":"EmptyFist","floor":12.0},{"not_picked":["CrushJoints","TalkToTheHand"],"picked":"SignatureMove","floor":13.0},{"not_picked":["Meditate","BattleHymn"],"picked":"Crescendo","floor":14.0},{"not_picked":["Devotion","ConjureBlade"],"picked":"Ragnarok","floor":16.0},{"not_picked":["Pray","SashWhip+1"],"picked":"EmptyBody+1","floor":18.0},{"not_picked":["JustLucky","FlyingSleeves"],"picked":"EmptyFist","floor":19.0},{"not_picked":["EmptyBody","Weave"],"picked":"Protect","floor":20.0},{"not_picked":["EmptyFist+1","ClearTheMind+1"],"picked":"Swivel+1","floor":21.0},{"not_picked":["DeceiveReality","Blasphemy","LikeWater"],"picked":"SKIP","floor":23.0},{"not_picked":["ThirdEye","BowlingBash"],"picked":"Consecrate","floor":27.0},{"not_picked":["WreathOfFlame","BowlingBash"],"picked":"EmptyMind","floor":28.0},{"not_picked":["BowlingBash","SashWhip+1"],"picked":"Protect","floor":31.0},{"not_picked":["Blasphemy","Establishment"],"picked":"SpiritShield","floor":33.0},{"not_picked":["ClearTheMind+1","Prostrate+1"],"picked":"Halt","floor":35},{"not_picked":["PathToVictory","JustLucky+1"],"picked":"FollowUp+1","floor":36},{"not_picked":["ClearTheMind","EmptyBody"],"picked":"MentalFortress","floor":39},{"not_picked":["Evaluate+1","Conclude+1"],"picked":"Indignation+1","floor":45},{"not_picked":["Consecrate","Sanctity+1"],"picked":"Wallop+1","floor":46},{"not_picked":["Halt","JustLucky"],"picked":"Scrawl","floor":47},{"not_picked":["Study+1","InnerPeace+1"],"picked":"Perseverance","floor":48}],"player_experience":540897,"relics_obtained":[{"floor":9.0,"key":"reliquary:Firecrackers"},{"floor":12.0,"key":"Toy Ornithopter"},{"floor":23.0,"key":"reliquary:Buckler"},{"floor":26.0,"key":"Potion Belt"},{"floor":43,"key":"Vajra"},{"floor":45,"key":"Bronze Scales"},{"floor":47,"key":"Old Coin"}],"event_choices":[{"damage_healed":0.0,"max_hp_gain":0.0,"max_hp_loss":0.0,"gold_gain":0.0,"event_name":"betterThird:BetterSerpent","player_choice":"RENOUNCE","floor":2.0,"gold_loss":113.0,"damage_taken":113.0,"cards_obtained":["Enlightenment"]},{"damage_healed":0.0,"max_hp_gain":0.0,"max_hp_loss":0.0,"gold_gain":75.0,"event_name":"betterThird:BetterGoop","player_choice":"Gold","floor":4.0,"gold_loss":0.0,"damage_taken":11.0},{"damage_healed":71.0,"max_hp_gain":0.0,"max_hp_loss":85.0,"gold_gain":0.0,"event_name":"betterThird:BetterShining","player_choice":"Embrace Burn","floor":5.0,"gold_loss":0.0,"damage_taken":0.0},{"cards_removed":["Burn"],"damage_healed":0.0,"max_hp_gain":0.0,"max_hp_loss":0.0,"gold_gain":0.0,"event_name":"Golden Wing","player_choice":"Card Removal","floor":7.0,"gold_loss":0.0,"damage_taken":7.0},{"damage_healed":0.0,"max_hp_gain":0.0,"max_hp_loss":0.0,"gold_gain":0.0,"event_name":"The Library","player_choice":"Read","floor":25.0,"gold_loss":0.0,"damage_taken":0.0,"cards_obtained":["Vengeance"]},{"damage_healed":0.0,"max_hp_gain":0.0,"max_hp_loss":8.0,"gold_gain":0.0,"event_name":"betterThird:BetterWriting","player_choice":"Materialism","floor":29.0,"gold_loss":0.0,"damage_taken":0.0},{"damage_healed":0.0,"max_hp_gain":0.0,"max_hp_loss":0.0,"gold_gain":0.0,"event_name":"Designer","player_choice":"Upgraded Two","floor":30.0,"gold_loss":40.0,"damage_taken":0.0,"cards_upgraded":["EmptyFist","Crescendo"]},{"damage_healed":0,"gold_gain":0,"player_choice":"Ignored","damage_taken":0,"max_hp_gain":0,"max_hp_loss":0,"event_name":"Tomb of Lord Red Mask","floor":37,"gold_loss":0},{"damage_healed":0,"gold_gain":0,"player_choice":"1 cards matched","damage_taken":0,"max_hp_gain":0,"max_hp_loss":0,"event_name":"Match and Keep!","floor":38,"gold_loss":0,"cards_obtained":["DevaForm"]},{"cards_removed":["Halt"],"damage_healed":0,"gold_gain":0,"player_choice":"Removed Skill","damage_taken":0,"max_hp_gain":0,"max_hp_loss":0,"event_name":"Falling","floor":42,"gold_loss":0},{"damage_healed":0,"gold_gain":0,"player_choice":"Fight","damage_taken":0,"max_hp_gain":0,"max_hp_loss":0,"event_name":"MindBloom","floor":47,"gold_loss":0}],"is_beta":false,"boss_relics":[{"not_picked":["Pandora\u0027s Box","HolyWater"],"picked":"Runic Dome"},{"not_picked":["reliquary:RedPaperclip","Philosopher\u0027s Stone"],"picked":"VioletLotus"}],"items_purged_floors":[],"is_endless":false,"potions_floor_spawned":[3,10,11,16,18,20,27,28,36,39,46,47],"killed_by":"Time Eater","ascension_level":0}}