{"host":"pqs17sqrgflf4eqa","time":1614132411,"event":{"mods":["AchievementEnabler","BaseMod","Bestiary","Better Altar","Better Match","Better Skull","BetterRewards","Block Reminder","Bossed Relics","Colored Map","Colored Powertips","Curses Come First","Dark Map","DeckTracker","Defective Defect","Displayed Cursed Tome","Emptier Cage","Googly Eyes","Highlight Path","Infinite Spire","Minty Spire (QoL Compilation)","Poor People Problems","Quick Restart","StSLib","SuperFastMode","Transform Curses","everything is the same but u backflip on backflip","slay the spire mod where everything is the same but ironclad has a cowboy hat"],"gold_per_floor":[115,115,115,115,115,115,142,155,155,9,20,37,100,135,135,230,230,241,291,341,391,441,441,441],"floor_reached":23,"language":"ENG","playtime":474,"items_purged":[],"score":502,"play_id":"f951bf54-2d3b-4beb-ad25-1f3505739a86","local_time":"20210223210651","is_ascension_mode":true,"campfire_choices":[{"floor":6.0,"key":"REST"},{"floor":15,"key":"REST"}],"circlet_count":0,"master_deck":["Strike_B+1","Strike_B+1","Strike_B+1","Strike_B+1","Defend_B+1","Defend_B+1","Defend_B+1","Zap+1","Beam Cell","Go for the Eyes","Streamline","infinitespire:Oblivion","Sweeping Beam","Rip and Tear","Barrage","Lockon","Sweeping Beam","Buffer","Glacier"],"relics":["Lee\u0027s Waffle","infinitespire:BlackEgg","SsserpentHead","Fusion Hammer","betterAltar:BloodRelic","infinitespire:Chaos","War Paint","Blood Vial","Bloody Idol","infinitespire:SolderingIron"],"acts_visited":["Exordium","TheCity"],"potions_floor_usage":[16,16,16,18,23],"damage_taken":[{"damage":7.0,"enemies":"Small Slimes","floor":1.0,"turns":3.0},{"damage":13.0,"enemies":"Lagavulin","floor":7.0,"turns":4.0},{"damage":0.0,"enemies":"2 Louse","floor":8.0,"turns":2.0},{"damage":0.0,"enemies":"Cultist","floor":11.0,"turns":2.0},{"damage":0,"enemies":"Exordium Wildlife","floor":12,"turns":2},{"damage":10,"enemies":"Large Slime","floor":13,"turns":3},{"damage":0,"enemies":"Gremlin Nob","floor":14,"turns":2},{"damage":0,"enemies":"Slime Boss","floor":16,"turns":3},{"damage":0,"enemies":"Spheric Guardian","floor":18,"turns":2},{"damage":37,"enemies":"Slavers","floor":23,"turns":3}],"seed_played":"-8218814829480810619","potions_obtained":[{"floor":7.0,"key":"SkillPotion"},{"floor":13,"key":"LiquidMemories"},{"floor":14,"key":"SkillPotion"},{"floor":16,"key":"SkillPotion"},{"floor":18,"key":"SpeedPotion"}],"is_trial":false,"path_per_floor":["M","?","?","?","?","R","E","M","T","$","M","M","M","E","R","B",null,"M","?","?","?","T","E"],"character_chosen":"DEFECT","items_purchased":["Bag of Marbles","Block Potion","Go for the Eyes","infinitespire:Chaos"],"campfire_rested":2,"item_purchase_floors":[0,0,0,10],"current_hp_per_floor":[28,28,10,10,10,32,19,19,19,82,82,82,72,76,82,82,82,82,82,20,25,30,0,0],"gold":441,"neow_bonus":"","is_daily":false,"chose_seed":false,"campfire_upgraded":0,"win_rate":0.0,"timestamp":1614132411,"path_taken":["M","?","?","?","?","R","E","M","T","$","M","M","?","E","R","BOSS","M","?","?","?","?","E"],"items_purchased_type":["Relic","Potion","Card","Relic"],"build_version":"2020-12-22","purchased_purges":0,"victory":false,"max_hp_per_floor":[75,75,75,75,75,75,75,75,75,82,82,82,82,82,82,82,82,82,82,82,82,82,82,82],"card_choices":[{"not_picked":["Coolheaded","Redo"],"picked":"Streamline","floor":1.0},{"not_picked":["infinitespire:Punishment","infinitespire:Collect"],"picked":"infinitespire:Oblivion","floor":3.0},{"not_picked":["Beam Cell","Skim","Steam Power"],"picked":"SKIP","floor":7.0},{"not_picked":["Doom and Gloom","Hologram"],"picked":"Sweeping Beam","floor":8.0},{"not_picked":["Beam Cell","Streamline"],"picked":"Rip and Tear","floor":11.0},{"not_picked":["Compile Driver","Stack"],"picked":"Barrage","floor":12},{"not_picked":["Fusion","Redo"],"picked":"Lockon","floor":13},{"not_picked":["Beam Cell","Heatsinks"],"picked":"Sweeping Beam","floor":14},{"not_picked":["Machine Learning","Meteor Strike"],"picked":"Buffer","floor":16},{"not_picked":["Reinforced Body","Rebound"],"picked":"Glacier","floor":18}],"player_experience":156205,"relics_obtained":[{"floor":7.0,"key":"Anchor"},{"floor":9.0,"key":"infinitespire:Satchel"},{"floor":14,"key":"War Paint"},{"floor":22,"key":"infinitespire:SolderingIron"}],"event_choices":[{"cards_removed":["Defend_B"],"damage_healed":0.0,"max_hp_gain":0.0,"max_hp_loss":0.0,"gold_gain":0.0,"event_name":"Purifier","player_choice":"Purged","floor":5.0,"gold_loss":0.0,"damage_taken":0.0},{"damage_healed":0,"gold_gain":0,"player_choice":"Ignored","damage_taken":0,"max_hp_gain":0,"max_hp_loss":0,"event_name":"Ghosts","floor":19,"gold_loss":0},{"damage_healed":0,"gold_gain":0,"player_choice":" Vial Idol ","damage_taken":62,"relics_obtained":["Blood Vial","Bloody Idol"],"max_hp_gain":82,"max_hp_loss":20,"event_name":"betterAltar:BetterAltar","floor":20,"potions_obtained":[],"relics_lost":[],"gold_loss":0},{"damage_healed":0,"gold_gain":0,"player_choice":"Simplicity","damage_taken":0,"max_hp_gain":0,"max_hp_loss":0,"event_name":"Back to Basics","floor":21,"gold_loss":0,"cards_upgraded":["Strike_B","Strike_B","Strike_B","Strike_B","Defend_B"]}],"is_beta":false,"boss_relics":[{"not_picked":[]}],"items_purged_floors":[],"is_endless":false,"potions_floor_spawned":[7,13,14,16,18],"killed_by":"Slavers","ascension_level":7}}