{"host":"n2sr453jcjz6vvl4","time":1614133539,"event":{"mods":["BaseMod","Colored Map","Minty Spire (QoL Compilation)","Permanent Neow","Relic Stats","StSLib"],"gold_per_floor":[114,114,114,114,124,124,159,179,179,179,209,222,222,37,37,141,141,158,158,177,189,206,206,237,237,237,237,237,250,250,250],"floor_reached":30,"language":"ENG","playtime":1358,"items_purged":[],"score":297,"play_id":"d12fd1a5-e70f-466b-bee2-867cb13a3177","local_time":"20210223222539","is_ascension_mode":true,"campfire_choices":[{"data":"Bash","floor":6,"key":"SMITH"},{"data":"Flash of Steel","floor":13,"key":"SMITH"},{"floor":15,"key":"REST"},{"data":"Demon Form","floor":23,"key":"SMITH"},{"floor":25,"key":"REST"}],"circlet_count":0,"master_deck":["Strike_R+1","Strike_R+1","Strike_R+1","Defend_R+1","Defend_R+1","Defend_R+1","Defend_R+1","Bash+1","Flash of Steel+1","Heavy Blade+1","Carnage","Headbutt","Twin Strike","Fire Breathing","Mayhem","Armaments","Demon Form+1","Pommel Strike+1","Battle Trance","Wild Strike","Whirlwind+1","Doubt","Burning Pact","Feel No Pain"],"relics":["Burning Blood","Lizard Tail","Question Card","Cursed Key","Nloth\u0027s Gift","Potion Belt","Shuriken"],"acts_visited":["Exordium","TheCity"],"potions_floor_usage":[16,22],"damage_taken":[{"damage":1,"enemies":"Cultist","floor":1,"turns":3},{"damage":7,"enemies":"2 Louse","floor":5,"turns":3},{"damage":40,"enemies":"Lagavulin","floor":7,"turns":5},{"damage":7,"enemies":"Jaw Worm","floor":8,"turns":2},{"damage":32,"enemies":"Gremlin Nob","floor":11,"turns":4},{"damage":13,"enemies":"Red Slaver","floor":12,"turns":3},{"damage":28,"enemies":"Hexaghost","floor":16,"turns":6},{"damage":25,"enemies":"Spheric Guardian","floor":18,"turns":4},{"damage":30,"enemies":"Shell Parasite","floor":20,"turns":5},{"damage":25,"enemies":"Snake Plant","floor":21,"turns":4},{"damage":21,"enemies":"Centurion and Healer","floor":22,"turns":6},{"damage":36,"enemies":"Gremlin Leader","floor":24,"turns":5},{"damage":13,"enemies":"Snecko","floor":29,"turns":3},{"damage":38,"enemies":"Book of Stabbing","floor":30,"turns":3}],"seed_played":"8919971256106025404","potions_obtained":[{"floor":5,"key":"FairyPotion"},{"floor":8,"key":"PowerPotion"},{"floor":12,"key":"BlessingOfTheForge"},{"floor":22,"key":"SmokeBomb"},{"floor":24,"key":"ColorlessPotion"},{"floor":29,"key":"Strength Potion"}],"is_trial":false,"path_per_floor":["M","$","?","?","M","R","E","M","T","?","E","M","R","$","R","B",null,"M","?","M","M","M","R","E","R","T","?","?","M","E"],"character_chosen":"IRONCLAD","items_purchased":["Mayhem","Armaments"],"campfire_rested":2,"item_purchase_floors":[14,14],"current_hp_per_floor":[80,80,64,57,56,56,22,21,21,21,30,23,23,23,47,31,80,63,63,39,20,45,45,15,39,39,39,39,32,0,0],"gold":250,"neow_bonus":"RANDOM_COLORLESS","is_daily":false,"chose_seed":false,"campfire_upgraded":3,"win_rate":0.0,"timestamp":1614133539,"path_taken":["M","$","?","?","M","R","E","M","T","?","E","M","R","$","R","BOSS","M","?","M","?","M","R","E","R","T","?","?","M","E"],"items_purchased_type":["Card","Card"],"build_version":"2020-12-22","purchased_purges":0,"victory":false,"max_hp_per_floor":[80,80,80,80,80,80,80,80,80,80,80,80,80,80,80,80,80,80,80,80,80,80,80,80,80,80,80,80,80,80,80],"relic_stats":{"Lizard Tail":40,"counters":[14,56],"Shuriken":[1],"Nloth\u0027s Gift":2,"Question Card":8,"Cursed Key":1,"obtain_stats":[{"Potion Belt":24,"Lizard Tail":7,"Shuriken":26,"Bird Faced Urn":9,"Nloth\u0027s Gift":19,"Question Card":11,"Cursed Key":17,"Burning Blood":0},{"Potion Belt":12,"Lizard Tail":3,"Shuriken":12,"Bird Faced Urn":4,"Nloth\u0027s Gift":8,"Question Card":5,"Cursed Key":7,"Burning Blood":0},{"Potion Belt":50,"Lizard Tail":11,"Shuriken":50,"Bird Faced Urn":13,"Nloth\u0027s Gift":30,"Question Card":17,"Cursed Key":26,"Burning Blood":0}],"Burning Blood":73},"card_choices":[{"not_picked":["Trip","Good Instincts"],"picked":"Flash of Steel","floor":0},{"not_picked":["Entrench","Anger"],"picked":"Heavy Blade","floor":1},{"not_picked":["Wild Strike","Power Through"],"picked":"Carnage","floor":5},{"not_picked":["Immolate","Clash"],"picked":"Headbutt","floor":7},{"not_picked":["Heavy Blade","Clash"],"picked":"Twin Strike","floor":8},{"not_picked":["Blood for Blood","Carnage","Searing Blow"],"picked":"SKIP","floor":11},{"not_picked":["Anger","Cleave","Clothesline"],"picked":"Fire Breathing","floor":12},{"not_picked":["Brutality","Limit Break","Juggernaut"],"picked":"Demon Form","floor":16},{"not_picked":["Dark Embrace+1","Body Slam","Fire Breathing"],"picked":"Pommel Strike+1","floor":18},{"not_picked":["Second Wind+1","Sword Boomerang+1","True Grit","Dropkick+1"],"picked":"SKIP","floor":20},{"not_picked":["Heavy Blade","Clothesline","Evolve"],"picked":"Battle Trance","floor":21},{"not_picked":["Thunderclap","Body Slam+1","Cleave"],"picked":"Wild Strike","floor":22},{"not_picked":["Corruption","Double Tap","Bludgeon"],"picked":"Whirlwind+1","floor":24},{"not_picked":["Searing Blow","Clash","Dual Wield+1"],"picked":"Feel No Pain","floor":29}],"player_experience":239972,"relics_obtained":[{"floor":7,"key":"Lizard Tail"},{"floor":9,"key":"Bird Faced Urn"},{"floor":11,"key":"Question Card"},{"floor":24,"key":"Potion Belt"},{"floor":26,"key":"Shuriken"}],"event_choices":[{"damage_healed":0,"gold_gain":0,"player_choice":"Entered Light","damage_taken":16,"max_hp_gain":0,"max_hp_loss":0,"event_name":"Shining Light","floor":3,"gold_loss":0,"cards_upgraded":["Heavy Blade","Strike_R"]},{"cards_removed":["Strike_R"],"damage_healed":0,"gold_gain":0,"player_choice":"Card Removal","damage_taken":7,"max_hp_gain":0,"max_hp_loss":0,"event_name":"Golden Wing","floor":4,"gold_loss":0},{"damage_healed":0,"gold_gain":0,"player_choice":"Ignored","damage_taken":0,"max_hp_gain":0,"max_hp_loss":0,"event_name":"Liars Game","floor":10,"gold_loss":0},{"damage_healed":0,"gold_gain":0,"player_choice":"Traded Relic","damage_taken":0,"relics_obtained":["Nloth\u0027s Gift"],"max_hp_gain":0,"max_hp_loss":0,"event_name":"N\u0027loth","floor":19,"relics_lost":["Bird Faced Urn"],"gold_loss":0},{"damage_healed":0,"gold_gain":0,"player_choice":"Simplicity","damage_taken":0,"max_hp_gain":0,"max_hp_loss":0,"event_name":"Back to Basics","floor":27,"gold_loss":0,"cards_upgraded":["Strike_R","Strike_R","Strike_R","Defend_R","Defend_R","Defend_R","Defend_R"]},{"damage_healed":0,"gold_gain":0,"cards_transformed":["Regret","Strike_R"],"player_choice":"Became Test Subject","damage_taken":0,"max_hp_gain":0,"max_hp_loss":0,"event_name":"Drug Dealer","floor":28,"gold_loss":0,"cards_obtained":["Doubt","Burning Pact"]}],"is_beta":false,"boss_relics":[{"not_picked":["Coffee Dripper","Pandora\u0027s Box"],"picked":"Cursed Key"}],"items_purged_floors":[],"is_endless":false,"potions_floor_spawned":[5,8,12,22,24,29],"killed_by":"Book of Stabbing","ascension_level":3}}