{"host":"w2kjv12xyhtt0cv2","time":1614150857,"event":{"mods":["10 clothes from DAL","100% Spire Juice","Act Like it!","BaseMod","Colored Map","Friendly Minions","Gensokyo","GifTheSpireLib","Highlight Path","Hubris","Library of Ruina","Minty Spire (QoL Compilation)","Quick Restart","Relic Stats","Reliquary","Replay The Spire","Ring Of Destiny","Robot Space Explorer","Shop Mod","Spicy Shops","StSLib","The Dragon Tamer","UnlockEverythingMod","Waifu the Spire","[IsaacMod]以撒尖塔","[功能]功能增强和修复MOD","【功能Mod】Neow奖励","【功能Mod】聪明的最终Boss","【遗物卡牌】REMEMod","没有小屋子和绿帽子啦"],"gold_per_floor":[118,118,118,118,293,293,293],"floor_reached":6,"language":"ZHS","playtime":199,"items_purged":[],"score":37,"play_id":"0dde6fe3-79ff-400b-bca3-b19189de090f","local_time":"20210224151417","is_ascension_mode":true,"campfire_choices":[],"circlet_count":0,"master_deck":["RingOfDestiny:Defend_SU+1","RingOfDestiny:Defend_SU","RingOfDestiny:Defend_SU","RingOfDestiny:Strike_SU","RingOfDestiny:Strike_SU","RingOfDestiny:MaliciousBarrier","RingOfDestiny:DoomsdayStrike","RingOfDestiny:PowerOfGreed","RingOfDestiny:PowerOfEnvy","DTMod:Safeguard+1","Doubt"],"relics":["RingOfDestiny:DemonicContract","REME_ComplimentaryCards","HushsDoor","HowToJump","Oddly Smooth Stone"],"acts_visited":["Exordium"],"potions_floor_usage":[],"damage_taken":[{"damage":0,"enemies":"Cultist","floor":1,"turns":3},{"damage":7,"enemies":"Gremlin Nob","floor":6,"turns":3}],"seed_played":"-2356541778007687504","potions_obtained":[],"is_trial":false,"path_per_floor":["M","$","?","?","?","E"],"character_chosen":"Summoner","items_purchased":[],"campfire_rested":0,"item_purchase_floors":[],"current_hp_per_floor":[88,88,81,63,63,56,56],"gold":293,"neow_bonus":"RANDOM_COMMON_RELIC","is_daily":false,"chose_seed":false,"campfire_upgraded":0,"win_rate":0.0,"timestamp":1614150857,"path_taken":["M","?","?","?","?","E"],"items_purchased_type":[],"build_version":"2020-12-22","purchased_purges":0,"victory":false,"max_hp_per_floor":[88,88,88,88,88,88,88],"relic_stats":{"counters":[2,6],"obtain_stats":[{"KeepersGift":0,"HowToJump":0,"Oddly Smooth Stone":0,"RingOfDestiny:DemonicContract":0,"HushsDoor":0,"REME_ComplimentaryCards":0},{"KeepersGift":0,"HowToJump":0,"Oddly Smooth Stone":0,"RingOfDestiny:DemonicContract":0,"HushsDoor":0,"REME_ComplimentaryCards":0},{"KeepersGift":0,"HowToJump":0,"Oddly Smooth Stone":0,"RingOfDestiny:DemonicContract":0,"HushsDoor":0,"REME_ComplimentaryCards":0}]},"card_choices":[{"not_picked":[],"picked":"ChaosCard","floor":0},{"not_picked":["RingOfDestiny:GreedySummon","RingOfDestiny:EnvyNecklace","RingOfDestiny:SongOfDoomsday"],"picked":"SKIP","floor":1}],"player_experience":39501,"relics_obtained":[],"event_choices":[{"cards_removed":["RingOfDestiny:Strike_SU"],"damage_healed":0,"gold_gain":0,"player_choice":"Card Removal","damage_taken":7,"max_hp_gain":0,"max_hp_loss":0,"event_name":"Golden Wing","floor":3,"gold_loss":0},{"damage_healed":0,"gold_gain":0,"player_choice":"Entered Light","damage_taken":18,"max_hp_gain":0,"max_hp_loss":0,"event_name":"Shining Light","floor":4,"gold_loss":0,"cards_upgraded":["RingOfDestiny:Defend_SU","DTMod:Safeguard"]},{"damage_healed":0,"gold_gain":175,"player_choice":"AGREE","damage_taken":0,"max_hp_gain":0,"max_hp_loss":0,"event_name":"Liars Game","floor":5,"gold_loss":0,"cards_obtained":["Doubt"]}],"is_beta":false,"boss_relics":[],"items_purged_floors":[],"is_endless":false,"potions_floor_spawned":[],"killed_by":"Gremlin Nob","ascension_level":3}}