{"host":"hfxahm4y1ssattqc","time":1614145408,"event":{"mods":["2.2 Compatiblity","Act Like it!","Aspiration","BaseMod","Beaked The Cultist","Better Third Choice","BetterRewards","Colored Map","Colored Powertips","Custom Start","Downfall","Googly Eyes","Halation","Hallownest","Hermit","Highlight Path","Hubris","Infinite Spire","Mimic Mod","Minty Spire (QoL Compilation)","Reorder Act Four","Replay The Spire","Shop Mod","Spikes Relics","StSLib","The Bug Knight","The IronCluck","The Jungle","Unknown Chances","slay the spire mod where everything is the same but ironclad has a cowboy hat"],"gold_per_floor":[112,112,124,144,144,144,244,244,270,296,296,324,361,387,387,501,519,548,171,196,222,257,257,257],"floor_reached":23,"language":"ENG","playtime":978,"items_purged":[],"score":353,"play_id":"6105bd6a-627c-4dfb-ae2c-9a834a8ed23c","local_time":"20210223214328","is_ascension_mode":false,"campfire_choices":[{"data":"Defragment","floor":6,"key":"SMITH"},{"data":"Defragment","floor":8,"key":"SMITH"},{"floor":11,"key":"REST"},{"floor":15,"key":"REST"}],"circlet_count":0,"master_deck":["Defend_B","Defend_B","Defend_B","Zap","Dualcast","Defragment+1","Defragment+1","Hologram+1","DiskWipe","Storm","Compile Driver+1","Time Bomb+1","Leap+1","Stack+1","Ball Lightning","Biased Cognition","Injury","Regret","Ball Lightning","White Noise+1","Conserve Battery+1","Machine Learning","Conserve Battery+1"],"relics":["Cracked Core","Blood Vial","hubris:TenFootPole","Toxic Egg 2","Rawhide","Blue Candle","Lantern","CeramicFish","Pen Nib","Kintsugi","hubris:BallOfYels","MerchantsRug","Prayer Wheel"],"acts_visited":["Exordium","TheCity"],"potions_floor_usage":[16,16],"damage_taken":[{"damage":1,"enemies":"2 Louse","floor":1,"turns":3},{"damage":1,"enemies":"Jaw Worm","floor":3,"turns":3},{"damage":11,"enemies":"infinitespire:Voidling","floor":4,"turns":3},{"damage":30,"enemies":"Lagavulin","floor":10,"turns":6},{"damage":28,"enemies":"Gremlin Gang","floor":12,"turns":6},{"damage":29,"enemies":"HollowMod:MossKnight","floor":13,"turns":9},{"damage":0,"enemies":"Large Slime","floor":14,"turns":3},{"damage":0,"enemies":"Fading Forest","floor":16,"turns":11},{"damage":6,"enemies":"Chosen","floor":18,"turns":4},{"damage":13,"enemies":"Shell Parasite","floor":20,"turns":4},{"damage":9,"enemies":"Centurion and Healer","floor":21,"turns":4},{"damage":28,"enemies":"Snake Plant","floor":22,"turns":5},{"damage":33,"enemies":"Slavers","floor":23,"turns":3}],"seed_played":"-6358413732039075512","potions_obtained":[{"floor":10,"key":"Weak Potion"},{"floor":13,"key":"FocusPotion"},{"floor":16,"key":"AttackPotion"},{"floor":21,"key":"champ:CounterPotion"},{"floor":22,"key":"Elixir"}],"is_trial":false,"path_per_floor":["M","?","M","M","?","R","?","R","T","E","R","M","E","M","R","B",null,"M","$","M","M","M","E"],"character_chosen":"DEFECT","items_purchased":["Blood Vial","Defragment","hubris:TenFootPole","Toxic Egg 2","Hologram+1","DiskWipe","Rawhide","Storm","hubris:BallOfYels","White Noise+1","MerchantsRug"],"campfire_rested":2,"item_purchase_floors":[0,0,0,0,0,0,0,0,19,19,19],"current_hp_per_floor":[74,74,74,64,62,62,62,62,62,34,56,30,3,5,27,39,75,69,69,58,51,25,0,0],"gold":257,"neow_bonus":"","is_daily":false,"chose_seed":false,"campfire_upgraded":2,"win_rate":0.0,"timestamp":1614145408,"path_taken":["M","?","M","M","?","R","?","R","T","E","R","M","E","?","R","BOSS","M","$","?","M","M","E"],"items_purchased_type":["Relic","Card","Relic","Relic","Card","Card","Relic","Card","Relic","Card","Relic"],"build_version":"2020-12-22","purchased_purges":0,"victory":false,"max_hp_per_floor":[75,75,75,75,75,75,75,75,75,75,75,75,75,75,75,75,75,75,75,75,75,75,75,75],"card_choices":[{"not_picked":["Rebound","Redo+1","Beam Cell"],"picked":"SKIP","floor":1},{"not_picked":["BasicCrystalCard+1","Coolheaded+1","Skim+1"],"picked":"SKIP","floor":3},{"not_picked":["Leap+1","Rebound"],"picked":"Time Bomb+1","floor":4},{"not_picked":["Blizzard","Sweeping Beam","Steam Power+1"],"picked":"SKIP","floor":10},{"not_picked":["Reboot+1","Rebound"],"picked":"Leap+1","floor":12},{"not_picked":["Compile Driver","Turbo+1"],"picked":"Stack+1","floor":13},{"not_picked":["Go for the Eyes","hubris:Ukulele"],"picked":"Ball Lightning","floor":14},{"not_picked":["Seek+1","hubris:Prefetch+1"],"picked":"Biased Cognition","floor":16},{"not_picked":["Beam Cell","Blizzard"],"picked":"Ball Lightning","floor":18},{"not_picked":["Streamline","Beam Cell"],"picked":"Conserve Battery+1","floor":20},{"not_picked":["BasicCrystalCard+1","Melter"],"picked":"ReplayTheSpireMod:Fabricate Wheel+1","floor":21},{"not_picked":["Sweeping Beam+1","Hologram+1"],"picked":"Conserve Battery+1","floor":22},{"not_picked":["Force Field+1","Darkness+1","Sweeping Beam"],"picked":"SKIP","floor":22}],"player_experience":991478,"relics_obtained":[{"floor":9,"key":"Lantern"},{"floor":10,"key":"CeramicFish"},{"floor":13,"key":"Pen Nib"}],"event_choices":[{"damage_healed":0,"gold_gain":100,"player_choice":"Pray","damage_taken":0,"max_hp_gain":0,"max_hp_loss":0,"event_name":"Golden Shrine","floor":7,"gold_loss":0}],"is_beta":false,"boss_relics":[{"not_picked":["Runic Dome","hubris:GrandSneckoEye"],"picked":"Kintsugi"}],"items_purged_floors":[],"is_endless":false,"potions_floor_spawned":[10,13,16,21,22],"killed_by":"Slavers","ascension_level":0}}