{"host":"vms4oj7um5h6bhuu","time":1614153430,"event":{"mods":["BaseMod","Custom Start","Downfall","Hermit","Minty Spire (QoL Compilation)","READ ME - Guardian Mod","StSLib","The Cursed","The Servant 0.9.4"],"gold_per_floor":[116,196,196,207,225,260,280,305,305,333,10,49,69,141,141,243,243,260,279,279,299,331,331,373,407,431,431,469,139,139,177,177,361,361,374,414,414,144,192,259,259,321,347,31,107,107,170,216,216,408,408,438,122,149,149,149],"floor_reached":55,"language":"ZHS","playtime":7133,"items_purged":["hermit:Strike_Hermit","hermit:Strike_Hermit","hermit:Strike_Hermit"],"score":1056,"play_id":"62022820-75be-4f8d-9875-c6eb7fb10795","local_time":"20210224155710","daily_mods":["Heirloom","DeadlyEvents","Elite Swarm"],"is_ascension_mode":true,"campfire_choices":[{"data":"hermit:Scavenge","floor":15,"key":"SMITH"},{"data":"hermit:HighNoon","floor":23,"key":"SMITH"},{"data":"hermit:FatalDesire","floor":27,"key":"SMITH"},{"data":"hermit:FullyLoaded","floor":30,"key":"SMITH"},{"data":"hermit:DeadOrAlive","floor":32,"key":"SMITH"},{"data":"hermit:TakeAim","floor":46,"key":"SMITH"},{"data":"hermit:CursedWeapon","floor":49,"key":"SMITH"}],"circlet_count":0,"master_deck":["hermit:Strike_Hermit","hermit:Defend_Hermit","hermit:Defend_Hermit","hermit:Defend_Hermit","hermit:Defend_Hermit","hermit:Snapshot","hermit:Covet","hermit:CalledShot","Regret","hermit:Dissolve","hermit:Vantage","hermit:BlackWind","hermit:FullyLoaded+1","hermit:Magnum","hermit:FinalCanter","hermit:Scavenge+1","hermit:TakeAim+1","hermit:HeroicBravado","hermit:Dive+1","hermit:Combo+1","Pain","hermit:HighNoon+1","hermit:FatalDesire+1","hermit:BlackWind","hermit:BlackWind","hermit:EyeOfTheStorm+1","hermit:Brawl","hermit:DeadOrAlive+1","hermit:Gambit+1","hermit:Reprieve+1","hermit:DeadOrAlive","hermit:Dissolve+1","Madness+1","Madness+1","hermit:Reprieve+1","hermit:Scavenge+1","hermit:Magnum","hermit:FromBeyond+1","hermit:TakeAim","hermit:CursedWeapon+1","hermit:Scavenge+1","Injury"],"relics":["hermit:Momento","Thread and Needle","Singing Bowl","Eternal Feather","Unceasing Top","Ornamental Fan","Pocketwatch","Kunai","Torii","Sundial","SlaversCollar","WarpedTongs","Meat on the Bone","Incense Burner","Toxic Egg 2","Ancient Tea Set","Boot","Membership Card","Question Card","Toy Ornithopter","hermit:BartenderGlass","Anchor","Oddly Smooth Stone","hermit:RyeStalk","InkBottle","Regal Pillow","Pen Nib","Guardian:BottledAnomaly","Lizard Tail","bronze:MakeshiftBattery","hermit:PetGhost","hexamod:CandleOfCauterizing","Golden Idol"],"acts_visited":["Exordium","TheCity","TheBeyond","Exordium"],"potions_floor_usage":[8,16,19,19,22,25,35,35,36,36,36,39,39,40,42,45,45,45,47,47,47,50,50,52,52,52],"damage_taken":[{"damage":0,"enemies":"Cultist","floor":1,"turns":3},{"damage":1,"enemies":"2 Louse","floor":4,"turns":4},{"damage":0,"enemies":"Small Slimes","floor":5,"turns":4},{"damage":25,"enemies":"Gremlin Nob","floor":6,"turns":5},{"damage":3,"enemies":"2 Fungi Beasts","floor":7,"turns":5},{"damage":27,"enemies":"Lagavulin","floor":8,"turns":8},{"damage":0,"enemies":"3 Sentries","floor":10,"turns":5},{"damage":0,"enemies":"Lagavulin","floor":12,"turns":3},{"damage":0,"enemies":"Large Slime","floor":13,"turns":4},{"damage":11,"enemies":"Slime Boss","floor":16,"turns":7},{"damage":2,"enemies":"Spheric Guardian","floor":18,"turns":4},{"damage":8,"enemies":"2 Thieves","floor":19,"turns":4},{"damage":2,"enemies":"Snake Plant","floor":21,"turns":7},{"damage":1,"enemies":"Slavers","floor":22,"turns":8},{"damage":60,"enemies":"Gremlin Leader","floor":24,"turns":11},{"damage":19,"enemies":"Slavers","floor":25,"turns":5},{"damage":0,"enemies":"Book of Stabbing","floor":28,"turns":3},{"damage":14,"enemies":"Slavers","floor":31,"turns":7},{"damage":20,"enemies":"Collector","floor":33,"turns":11},{"damage":21,"enemies":"3 Darklings","floor":35,"turns":6},{"damage":7,"enemies":"Orb Walker","floor":36,"turns":3},{"damage":4,"enemies":"4 Shapes","floor":39,"turns":7},{"damage":3,"enemies":"Giant Head","floor":40,"turns":12},{"damage":47,"enemies":"Reptomancer","floor":42,"turns":5},{"damage":2,"enemies":"Nemesis","floor":45,"turns":9},{"damage":0,"enemies":"Jaw Worm Horde","floor":47,"turns":6},{"damage":0,"enemies":"Sphere and 2 Shapes","floor":48,"turns":8},{"damage":3,"enemies":"Time Eater","floor":50,"turns":13},{"damage":0,"enemies":"Jaw Worm","floor":52,"turns":1},{"damage":8,"enemies":"2 Louse","floor":54,"turns":4}],"seed_played":"174218303967063902","potions_obtained":[{"floor":4,"key":"hermit:BlackBile"},{"floor":7,"key":"GamblersBrew"},{"floor":10,"key":"CultistPotion"},{"floor":12,"key":"PowerPotion"},{"floor":16,"key":"DuplicationPotion"},{"floor":21,"key":"SkillPotion"},{"floor":22,"key":"FairyPotion"},{"floor":28,"key":"hermit:Eclipse"},{"floor":31,"key":"ColorlessPotion"},{"floor":45,"key":"LiquidBronze"},{"floor":48,"key":"champ:CounterPotion"},{"floor":52,"key":"Fire Potion"}],"is_trial":true,"path_per_floor":["M","?","?","M","M","E","M","E","T","E","$","E","M","T","R","B",null,"M","M","?","M","E","R","E","E","T","R","E","$","R","E","R","B",null,"M","M","?","$","M","E","?","E","T","$","E","R","M","M","R","B",null,"M","$","M","?"],"character_chosen":"HERMIT","items_purchased":["Kunai","hermit:Scavenge","Membership Card","Question Card","hermit:EyeOfTheStorm+1","hermit:Brawl","hermit:Reprieve+1","Anchor","Oddly Smooth Stone","hermit:Scavenge+1","Pen Nib","Guardian:BottledAnomaly","hermit:Magnum","EssenceOfSteel","hermit:PetGhost","hexamod:CandleOfCauterizing","FairyPotion"],"campfire_rested":0,"item_purchase_floors":[11,11,29,29,29,29,38,38,38,44,44,44,44,44,53,53,53],"current_hp_per_floor":[75,75,75,74,74,49,46,19,19,19,19,21,21,21,33,22,77,75,67,67,67,66,79,31,24,24,39,51,51,69,55,73,53,79,60,70,70,70,83,80,70,40,40,40,65,83,83,83,83,85,85,87,87,79,79,79],"gold":149,"neow_bonus":"","is_daily":false,"chose_seed":false,"campfire_upgraded":7,"win_rate":0.0,"timestamp":1614153430,"path_taken":["M","?","?","M","M","E","M","E","T","E","?","E","?","?","R","BOSS","M","M","?","M","?","R","E","?","T","R","E","$","R","E","R","BOSS","M","M","?","$","M","E","?","E","T","$","E","R","?","M","R","BOSS","M","$","M","?"],"items_purchased_type":["Relic","Card","Relic","Relic","Card","Card","Card","Relic","Relic","Card","Relic","Relic","Card","Potion","Relic","Relic","Potion"],"build_version":"2020-12-22","purchased_purges":3,"victory":false,"max_hp_per_floor":[75,75,75,75,75,75,75,75,75,75,75,77,77,77,77,77,77,77,77,77,79,79,79,79,79,79,79,79,79,79,79,79,79,79,81,83,83,83,83,83,83,83,83,83,83,83,83,83,83,85,85,87,87,87,87,87],"card_choices":[{"not_picked":["hermit:LowProfile","hermit:Desperado"],"picked":"hermit:CalledShot","floor":1},{"not_picked":["hermit:Roulette","hermit:Feint"],"picked":"hermit:Dissolve","floor":4},{"not_picked":["hermit:WideOpen","hermit:SprayPray"],"picked":"hermit:Vantage","floor":5},{"not_picked":["hermit:FinalCanter","hermit:HighNoon"],"picked":"hermit:BlackWind","floor":6},{"not_picked":["hermit:Gestalt","hermit:HighCaliber"],"picked":"hermit:FullyLoaded","floor":7},{"not_picked":["hermit:Roughhouse","hermit:FatalDesire"],"picked":"hermit:Magnum","floor":8},{"not_picked":["hermit:Gambit","hermit:Roughhouse"],"picked":"hermit:FinalCanter","floor":10},{"not_picked":["hermit:Gambit","hermit:EternalForm","hermit:Roughhouse"],"picked":"Singing Bowl","floor":12},{"not_picked":["hermit:LowProfile","hermit:ItchyTrigger"],"picked":"hermit:TakeAim","floor":13},{"not_picked":["hermit:EternalForm","hermit:Purgatory"],"picked":"hermit:HeroicBravado","floor":16},{"not_picked":["hermit:Vantage","hermit:Headshot+1"],"picked":"hermit:Dive+1","floor":18},{"not_picked":["hermit:Feint","hermit:Coalescence"],"picked":"hermit:Combo+1","floor":19},{"not_picked":["hermit:Glare","hermit:Snipe","hermit:Desperado"],"picked":"Singing Bowl","floor":21},{"not_picked":["hermit:EternalForm","hermit:HeroicBravado"],"picked":"hermit:HighNoon","floor":22},{"not_picked":["hermit:HeroicBravado","hermit:Adapt"],"picked":"hermit:FatalDesire","floor":24},{"not_picked":["hermit:FatalDesire","hermit:EternalForm"],"picked":"hermit:BlackWind","floor":25},{"not_picked":["hermit:Purgatory","hermit:EternalForm"],"picked":"hermit:BlackWind","floor":28},{"not_picked":["hermit:BlackWind","hermit:Magnum","hermit:Purgatory"],"picked":"hermit:DeadOrAlive","floor":31},{"not_picked":["hermit:Dissolve+1","hermit:Reprieve+1","hermit:Purgatory"],"picked":"hermit:Gambit+1","floor":33},{"not_picked":["hermit:Headshot","hermit:GoldenBullet","hermit:ItchyTrigger","hermit:CalledShot+1"],"picked":"Singing Bowl","floor":35},{"not_picked":["hermit:Dive+1","hermit:Glare+1","hermit:Quickdraw+1","hermit:Malice"],"picked":"Singing Bowl","floor":36},{"not_picked":["hermit:Feint+1","hermit:Brawl","hermit:CalledShot"],"picked":"hermit:DeadOrAlive","floor":39},{"not_picked":["hermit:FromBeyond+1","hermit:Gambit+1","hermit:Purgatory"],"picked":"hermit:Dissolve+1","floor":40},{"not_picked":["hermit:EternalForm","hermit:FinalCanter","hermit:DeadOrAlive"],"picked":"hermit:Reprieve+1","floor":42},{"not_picked":["hermit:Roughhouse","hermit:EternalForm","hermit:Dissolve+1"],"picked":"hermit:FromBeyond+1","floor":45},{"not_picked":["hermit:HoleUp+1","hermit:Grudge+1","hermit:BodyArmor+1"],"picked":"hermit:TakeAim","floor":47},{"not_picked":["hermit:Misfire+1","hermit:SprayPray","hermit:Manifest+1"],"picked":"hermit:CursedWeapon","floor":48},{"not_picked":["hermit:EternalForm","hermit:HeroicBravado+1","hermit:Dissolve+1","hermit:OverwhelmingPower"],"picked":"Singing Bowl","floor":50},{"not_picked":["hermit:BodyArmor+1","hermit:NoHoldsBarred","hermit:Vantage+1","hermit:TakeCover+1"],"picked":"Singing Bowl","floor":52},{"not_picked":["hermit:Glare+1","hermit:Virtue+1","hermit:Vantage+1"],"picked":"hermit:Scavenge+1","floor":54}],"player_experience":518756,"relics_obtained":[{"floor":6,"key":"Eternal Feather"},{"floor":8,"key":"Unceasing Top"},{"floor":9,"key":"Ornamental Fan"},{"floor":10,"key":"Pocketwatch"},{"floor":12,"key":"Torii"},{"floor":14,"key":"Sundial"},{"floor":22,"key":"Meat on the Bone"},{"floor":24,"key":"Incense Burner"},{"floor":25,"key":"Toxic Egg 2"},{"floor":26,"key":"Ancient Tea Set"},{"floor":28,"key":"Boot"},{"floor":31,"key":"Toy Ornithopter"},{"floor":40,"key":"hermit:RyeStalk"},{"floor":42,"key":"InkBottle"},{"floor":43,"key":"Regal Pillow"},{"floor":45,"key":"Lizard Tail"}],"event_choices":[{"damage_healed":0,"gold_gain":80,"player_choice":"Gained Gold","damage_taken":0,"max_hp_gain":0,"max_hp_loss":0,"event_name":"Golden Wing","floor":2,"gold_loss":0},{"damage_healed":0,"gold_gain":0,"player_choice":"Box","damage_taken":0,"relics_obtained":["Singing Bowl"],"max_hp_gain":0,"max_hp_loss":0,"event_name":"Big Fish","floor":3,"gold_loss":0,"cards_obtained":["Regret"]},{"damage_healed":0,"gold_gain":0,"player_choice":"Rummage","damage_taken":0,"relics_obtained":["WarpedTongs"],"max_hp_gain":0,"max_hp_loss":0,"event_name":"Accursed Blacksmith","floor":20,"gold_loss":0,"cards_obtained":["Pain"]},{"damage_healed":0,"gold_gain":0,"player_choice":"Ignored","damage_taken":0,"max_hp_gain":0,"max_hp_loss":0,"event_name":"Tomb of Lord Red Mask","floor":37,"gold_loss":0},{"damage_healed":0,"gold_gain":0,"player_choice":"Embrace Madness","damage_taken":10,"max_hp_gain":0,"max_hp_loss":0,"event_name":"Winding Halls","floor":41,"gold_loss":0,"cards_obtained":["Madness","Madness"]},{"damage_healed":0,"gold_gain":0,"player_choice":"Take Wound","damage_taken":0,"relics_obtained":["Golden Idol"],"max_hp_gain":0,"max_hp_loss":0,"event_name":"Golden Idol","floor":55,"gold_loss":0,"cards_obtained":["Injury"]}],"is_beta":false,"boss_relics":[{"not_picked":["Fusion Hammer","Astrolabe"],"picked":"SlaversCollar"},{"not_picked":["Snecko Eye","Tiny House"],"picked":"hermit:BartenderGlass"},{"not_picked":["Philosopher\u0027s Stone","Sozu"],"picked":"bronze:MakeshiftBattery"}],"items_purged_floors":[38,44,53],"is_endless":true,"potions_floor_spawned":[4,7,10,12,16,21,22,28,31,35,45,48,52],"ascension_level":1}}