{"host":"0awa854l6bexpjrv","time":1614141266,"event":{"mods":["BaseMod","Block Reminder","Colored Map","Colored Powertips","Downfall","Highlight Path","Minty Spire (QoL Compilation)","Quick Restart","Rare Cards Sparkle","StSLib","SuperFastMode"],"gold_per_floor":[117,17,29,47,47,47,72,92,92,92,92,102,277,342,342,443,443,443,443,458,50,50,50,0,0,25,58,88,88,88,106,106,106,106],"floor_reached":33,"language":"ENG","playtime":3238,"items_purged":["Strike_G","Strike_G"],"score":348,"play_id":"829d1908-2e48-49e1-ad0e-3cfd25e55f59","local_time":"20210223203426","is_ascension_mode":true,"campfire_choices":[{"data":"Neutralize","floor":6.0,"key":"SMITH"},{"data":"Terror","floor":11.0,"key":"SMITH"},{"floor":15.0,"key":"REST"},{"data":"Malaise","floor":23.0,"key":"SMITH"},{"data":"Bane","floor":25,"key":"SMITH"},{"data":"Leg Sweep","floor":29,"key":"SMITH"},{"data":"Footwork","floor":32,"key":"SMITH"}],"circlet_count":0,"master_deck":["Defend_G","Defend_G","Defend_G","Defend_G","Defend_G","Survivor","Neutralize+1","Poisoned Stab","PiercingWail","Bane+1","Footwork","Deadly Poison","Terror+1","Acrobatics","Heel Hook","Doubt","Malaise+1","Crippling Poison+1","Infinite Blades+1","Phantasmal Killer+1","Dash+1","Bite","Bite","Bite","Bite","Bite","Leg Sweep+1","Footwork+1"],"relics":["Ring of the Snake","Meat on the Bone","WingedGreaves","Mango","Astrolabe","Lee\u0027s Waffle","Happy Flower","Anchor","Vajra","InkBottle"],"acts_visited":["TheCity"],"potions_floor_usage":[33,33],"damage_taken":[{"damage":2.0,"enemies":"Jaw Worm","floor":1.0,"turns":4.0},{"damage":0.0,"enemies":"2 Louse","floor":3.0,"turns":2.0},{"damage":4.0,"enemies":"Cultist","floor":4.0,"turns":5.0},{"damage":13.0,"enemies":"Gremlin Nob","floor":7.0,"turns":5.0},{"damage":1.0,"enemies":"2 Fungi Beasts","floor":8.0,"turns":5.0},{"damage":0.0,"enemies":"Blue Slaver","floor":12.0,"turns":2.0},{"damage":19.0,"enemies":"Gremlin Nob","floor":14.0,"turns":4.0},{"damage":19.0,"enemies":"The Guardian","floor":16.0,"turns":11.0},{"damage":0.0,"enemies":"2 Thieves","floor":18.0,"turns":1.0},{"damage":18.0,"enemies":"Spheric Guardian","floor":20.0,"turns":5.0},{"damage":16,"enemies":"Gremlin Leader","floor":27,"turns":8},{"damage":14,"enemies":"Book of Stabbing","floor":28,"turns":5},{"damage":16,"enemies":"Centurion and Healer","floor":31,"turns":8},{"damage":91,"enemies":"Automaton","floor":33,"turns":13}],"seed_played":"7795865666387349479","potions_obtained":[{"floor":3.0,"key":"Explosive Potion"},{"floor":8.0,"key":"Weak Potion"},{"floor":10.0,"key":"Regen Potion"},{"floor":10.0,"key":"SteroidPotion"},{"floor":16.0,"key":"SmokeBomb"},{"floor":27,"key":"Slimebound:ThreeZeroPotion"},{"floor":28,"key":"SmokeBomb"},{"floor":31,"key":"BlessingOfTheForge"}],"is_trial":false,"path_per_floor":["M","$","M","M","?","R","E","M","T","?","R","M","?","?","R","B",null,"M","?","M","$","?","R","?","R","T","E","E","R","?","M","R","B"],"character_chosen":"THE_SILENT","items_purchased":["Bane","Lee\u0027s Waffle","Happy Flower"],"campfire_rested":1,"item_purchase_floors":[2,21,21],"current_hp_per_floor":[68,68,68,64,69,69,56,55,55,55,55,55,55,50,76,57,89,89,89,71,96,67,67,67,67,67,57,49,49,67,59,59,0,0],"gold":106,"neow_bonus":"THREE_CARDS","is_daily":false,"chose_seed":false,"campfire_upgraded":6,"win_rate":0.0,"timestamp":1614141266,"path_taken":["M","$","M","M","?","R","E","M","T","?","R","?","?","?","R","BOSS","M","?","M","$","?","R","?","R","T","E","E","R","?","M","R","BOSS"],"items_purchased_type":["Card","Relic","Relic"],"build_version":"2020-12-22","purchased_purges":2,"victory":false,"max_hp_per_floor":[70,70,70,70,75,75,75,75,75,75,75,75,75,89,89,89,89,89,89,89,96,67,67,67,67,67,67,67,67,67,67,67,67,67],"card_choices":[{"not_picked":["Dodge and Roll","Cloak And Dagger"],"picked":"Poisoned Stab","floor":0.0},{"not_picked":["Deflect","Dodge and Roll"],"picked":"PiercingWail","floor":1.0},{"not_picked":["Flying Knee","Poisoned Stab"],"picked":"Footwork","floor":3.0},{"not_picked":["Prepared","Deflect"],"picked":"Deadly Poison","floor":4.0},{"not_picked":["Calculated Gamble","Backflip"],"picked":"Terror","floor":7.0},{"not_picked":["Calculated Gamble","Bouncing Flask"],"picked":"Acrobatics","floor":8.0},{"not_picked":["Outmaneuver","Underhanded Strike"],"picked":"Heel Hook","floor":12.0},{"not_picked":["Doppelganger","A Thousand Cuts"],"picked":"Malaise","floor":16.0},{"not_picked":["Finisher+1","Bane"],"picked":"Dash+1","floor":20.0},{"not_picked":["Poisoned Stab","Underhanded Strike"],"picked":"Leg Sweep","floor":27},{"not_picked":["Flechettes","Dagger Throw"],"picked":"Footwork","floor":28},{"not_picked":["Bouncing Flask","Prepared","Backflip"],"picked":"SKIP","floor":31}],"player_experience":808336,"relics_obtained":[{"floor":7.0,"key":"Meat on the Bone"},{"floor":9.0,"key":"WingedGreaves"},{"floor":26,"key":"Anchor"},{"floor":27,"key":"Vajra"},{"floor":28,"key":"InkBottle"}],"event_choices":[{"damage_healed":0.0,"max_hp_gain":5.0,"max_hp_loss":0.0,"gold_gain":0.0,"event_name":"Big Fish","player_choice":"Donut","floor":5.0,"gold_loss":0.0,"damage_taken":0.0},{"damage_healed":0.0,"max_hp_gain":0.0,"max_hp_loss":0.0,"gold_gain":0.0,"event_name":"Lab","player_choice":"Got Potions","floor":10.0,"gold_loss":0.0,"damage_taken":0.0},{"damage_healed":0.0,"max_hp_gain":0.0,"max_hp_loss":0.0,"gold_gain":175.0,"event_name":"Liars Game","player_choice":"AGREE","floor":13.0,"gold_loss":0.0,"damage_taken":0.0,"cards_obtained":["Doubt"]},{"damage_healed":0.0,"max_hp_gain":0.0,"max_hp_loss":0.0,"gold_gain":30.0,"event_name":"Dead Adventurer","player_choice":"Searched \u00273\u0027 times","floor":14.0,"gold_loss":0.0,"damage_taken":0.0,"relics_obtained":["Mango"]},{"damage_healed":0.0,"max_hp_gain":0.0,"max_hp_loss":0.0,"gold_gain":0.0,"event_name":"Ghosts","player_choice":"Ignored","floor":19.0,"gold_loss":0.0,"damage_taken":0.0},{"damage_healed":0.0,"max_hp_gain":0.0,"max_hp_loss":29.0,"gold_gain":0.0,"event_name":"Vampires","player_choice":"Became a vampire","floor":22.0,"gold_loss":0.0,"damage_taken":0.0,"cards_obtained":["Bite","Bite","Bite","Bite","Bite"]},{"damage_healed":0,"gold_gain":0,"player_choice":"Paid Fearfully","damage_taken":0,"max_hp_gain":0,"max_hp_loss":0,"event_name":"Masked Bandits","floor":24,"gold_loss":50},{"damage_healed":22,"gold_gain":0,"player_choice":"Heal","damage_taken":0,"max_hp_gain":0,"max_hp_loss":0,"event_name":"The Library","floor":30,"gold_loss":0}],"is_beta":false,"boss_relics":[{"not_picked":["Empty Cage","Calling Bell"],"picked":"Astrolabe"}],"items_purged_floors":[2,21],"is_endless":false,"potions_floor_spawned":[3,8,16,27,28,31],"killed_by":"Automaton","ascension_level":3}}