{"host":"6dypmz777xraikqf","time":1614186883,"event":{"mods":["AchievementEnabler","BaseMod","BetterRewards","Colored Map","Colored Powertips","Downfall","Highlight Path","Hubris","Infinite Spire","Minty Spire (QoL Compilation)","Replay The Spire","StSLib"],"gold_per_floor":[110,110,135,154,173,173,173,173,227,227,262,286,301,325,325,445,445,466,16,16,35,10,41,41,62,110,50,50,74,74,95,95,225,225,249,264,264,264],"floor_reached":37,"language":"ENG","playtime":1951,"items_purged":["Strike_B"],"score":554,"play_id":"d7744041-c2dd-46b4-a6d6-af525551ec29","local_time":"20210224171443","is_ascension_mode":true,"campfire_choices":[{"data":"White Noise","floor":6,"key":"SMITH"},{"data":"Dualcast","floor":8,"key":"SMITH"},{"data":"Cold Snap","floor":10,"key":"SMITH"},{"floor":15,"key":"REST"},{"data":"ReplayTheSpireMod:Brewmster","floor":24,"key":"SMITH"},{"data":"Coolheaded","floor":28,"key":"SMITH"},{"floor":30,"key":"REST"},{"floor":32,"key":"REST"}],"circlet_count":0,"master_deck":["Strike_B","Defend_B","Defend_B","Defend_B","Defend_B","Zap+1","Dualcast+1","Cold Snap+1","Genetic Algorithm+1","White Noise+1","FTL","White Noise","Conserve Battery","Conserve Battery","Biased Cognition","Cold Snap","ReplayTheSpireMod:Brewmster+1","Coolheaded","Tempest","Coolheaded+1","Leap","Gash+1","BootSequence","Reboot","Chill","FIFO Queue","Electrodynamics","Steam+1","Turbo+1"],"relics":["Cracked Core","Golden Idol","Lantern","Art of War","ChewingGum","Replay:Antivirus Software","hubris:SlimyHat","Replay:Rubber Ducky","hubris:TerracottaHorce"],"acts_visited":["Exordium","TheCity","TheBeyond"],"potions_floor_usage":[14,21,21,23,23,23,25,25,25,25,29,29,31,31,31,33,33,33,33,33,33,33,33,35,35,36,36,37,37,37,37,37,37,37,37],"damage_taken":[{"damage":3,"enemies":"2 Louse","floor":1,"turns":2},{"damage":0,"enemies":"Small Slimes","floor":3,"turns":3},{"damage":1,"enemies":"Cultist","floor":4,"turns":3},{"damage":16,"enemies":"Exordium Thugs","floor":5,"turns":4},{"damage":29,"enemies":"3 Sentries","floor":11,"turns":7},{"damage":2,"enemies":"Red Slaver","floor":12,"turns":3},{"damage":0,"enemies":"2 Fungi Beasts","floor":13,"turns":2},{"damage":0,"enemies":"Lots of Slimes","floor":14,"turns":1},{"damage":7,"enemies":"The Guardian","floor":16,"turns":12},{"damage":19,"enemies":"3 Byrds","floor":18,"turns":6},{"damage":12,"enemies":"Shell Parasite","floor":21,"turns":8},{"damage":9,"enemies":"Book of Stabbing","floor":23,"turns":5},{"damage":0,"enemies":"Centurion and Healer","floor":25,"turns":8},{"damage":11,"enemies":"Snake Plant","floor":29,"turns":6},{"damage":0,"enemies":"3 Cultists","floor":31,"turns":8},{"damage":0,"enemies":"Automaton","floor":33,"turns":10},{"damage":0,"enemies":"3 Shapes","floor":35,"turns":4},{"damage":0,"enemies":"Orb Walker","floor":36,"turns":3},{"damage":0,"enemies":"infinitespire:Three Voidlings","floor":37,"turns":2},{"damage":74,"enemies":"Nightmare_Alpha","floor":37,"turns":12}],"seed_played":"-1207623649949685529","potions_obtained":[{"floor":11,"key":"Explosive Potion"},{"floor":13,"key":"Regen Potion"},{"floor":14,"key":"champ:CounterPotion"},{"floor":16,"key":"Fire Potion"},{"floor":23,"key":"Languid Potion"},{"floor":29,"key":"Elixir"},{"floor":31,"key":"Adrenaline Potion"}],"is_trial":false,"path_per_floor":["M","?","M","M","M","R","?","R","T","R","E","M","M","M","R","B",null,"M","$","?","M","$","E","R","M","T","?","R","M","R","M","R","B",null,"M","M","?"],"character_chosen":"DEFECT","items_purchased":["Replay:Antivirus Software","ReplayTheSpireMod:Brewmster","Coolheaded","Coolheaded"],"campfire_rested":3,"item_purchase_floors":[19,19,19,22],"current_hp_per_floor":[72,69,69,68,52,52,52,52,52,52,23,21,21,21,41,34,60,41,41,35,38,38,29,29,29,29,29,29,18,38,38,58,58,66,66,66,0,0],"gold":264,"neow_bonus":"UPGRADE_CARD","is_daily":false,"chose_seed":false,"campfire_upgraded":5,"win_rate":0.0,"timestamp":1614186883,"path_taken":["M","?","M","M","M","R","?","R","T","R","E","M","?","M","R","BOSS","M","$","?","?","?","E","R","?","T","?","R","?","R","M","R","BOSS","M","M","?"],"items_purchased_type":["Relic","Card","Card","Card"],"build_version":"2020-12-22","purchased_purges":1,"victory":false,"max_hp_per_floor":[75,69,69,69,69,69,69,69,69,69,69,69,69,69,69,69,69,69,69,69,69,69,69,69,69,69,69,69,69,69,69,69,69,69,69,69,69,69],"card_choices":[{"not_picked":["Sweeping Beam","Gash"],"picked":"Cold Snap","floor":1},{"not_picked":["Crystallizer","Ball Lightning"],"picked":"Genetic Algorithm","floor":3},{"not_picked":["Static Discharge","Coolheaded"],"picked":"White Noise","floor":4},{"not_picked":["Stack","Rip and Tear"],"picked":"FTL","floor":5},{"not_picked":["Go for the Eyes","Consume"],"picked":"White Noise","floor":11},{"not_picked":["Steam","Fusion"],"picked":"Conserve Battery","floor":12},{"not_picked":["Crystallizer","Compile Driver","Barrage"],"picked":"SKIP","floor":13},{"not_picked":["Scrape","BasicCrystalCard"],"picked":"Conserve Battery","floor":14},{"not_picked":["Rainbow","hubris:Prefetch"],"picked":"Biased Cognition","floor":16},{"not_picked":["ReplayTheSpireMod:GoodbyeWorld","Rebound"],"picked":"Cold Snap","floor":18},{"not_picked":["Go for the Eyes","Panic Button"],"picked":"Tempest","floor":21},{"not_picked":["Stack","Reprogram"],"picked":"Leap","floor":23},{"not_picked":["Stack","Beam Cell"],"picked":"Gash+1","floor":25},{"not_picked":["ReplayGash","Cold Snap"],"picked":"Chill","floor":29},{"not_picked":["Recycle+1","Rebound"],"picked":"FIFO Queue","floor":31},{"not_picked":["Multi-Cast","Hyperbeam"],"picked":"Electrodynamics","floor":33},{"not_picked":["Sweeping Beam","Fusion"],"picked":"Steam+1","floor":35},{"not_picked":["Coolheaded+1","Sweeping Beam"],"picked":"Turbo+1","floor":36}],"player_experience":280609,"relics_obtained":[{"floor":9,"key":"Lantern"},{"floor":11,"key":"Art of War"},{"floor":23,"key":"hubris:SlimyHat"},{"floor":26,"key":"Replay:Rubber Ducky"}],"event_choices":[{"damage_healed":0,"gold_gain":0,"player_choice":"Lose Max HP","damage_taken":0,"relics_obtained":["Golden Idol"],"max_hp_gain":0,"max_hp_loss":6,"event_name":"Golden Idol","floor":2,"gold_loss":0},{"damage_healed":0,"gold_gain":0,"player_choice":"Upgraded","damage_taken":0,"max_hp_gain":0,"max_hp_loss":0,"event_name":"Upgrade Shrine","floor":7,"gold_loss":0,"cards_upgraded":["Genetic Algorithm"]},{"damage_healed":0,"gold_gain":0,"player_choice":"Damaged","damage_taken":6,"max_hp_gain":0,"max_hp_loss":0,"event_name":"Wheel of Change","floor":20,"gold_loss":0},{"damage_healed":0,"gold_gain":0,"cards_transformed":["Strike_B","Strike_B"],"player_choice":"Transformed Cards","damage_taken":0,"max_hp_gain":0,"max_hp_loss":0,"event_name":"Designer","floor":27,"gold_loss":60,"cards_obtained":["BootSequence","Reboot"]}],"is_beta":false,"boss_relics":[{"not_picked":["hubris:Backtick","infinitespire:Cupcake"],"picked":"ChewingGum"},{"not_picked":["Painkiller Herb","hubris:CrackedHourglass"],"picked":"hubris:TerracottaHorce"}],"items_purged_floors":[19],"is_endless":false,"potions_floor_spawned":[11,13,14,16,23,29,31,37],"killed_by":"Nightmare_Alpha","ascension_level":5}}