{"host":"k7udt7atmcuzf6l0","time":1614127512,"event":{"mods":["Act Like it!","BaseMod","Colored Map","Colored Powertips","Highlight Path","Minty Spire (QoL Compilation)","Quick Restart","Rare Cards Sparkle","Relic Stats","StSLib","UnlockEverythingMod"],"gold_per_floor":[117,130,130,140,110,110,128,128,128,128,162,162,172,183,183,285,285],"floor_reached":16,"language":"ZHS","playtime":455,"items_purged":[],"score":152,"play_id":"1b15946e-23ac-4ea8-b760-265eb45a9c7a","local_time":"20210224084512","is_ascension_mode":false,"campfire_choices":[{"data":"Panache","floor":6,"key":"SMITH"},{"data":"Flex","floor":8,"key":"SMITH"},{"data":"Anger","floor":10,"key":"SMITH"},{"data":"Body Slam","floor":12,"key":"SMITH"},{"data":"Intimidate","floor":15,"key":"SMITH"}],"circlet_count":0,"master_deck":["Strike_R","Strike_R","Strike_R","Strike_R","Defend_R","Defend_R","Defend_R","Defend_R","Bash","Panache+1","Intimidate+1","Flex+1","Anger+1","Sentinel","Body Slam+1","Warcry","Warcry"],"relics":["Burning Blood","InkBottle","Bottled Tornado"],"acts_visited":["Exordium"],"potions_floor_usage":[7,7,7,14,16],"damage_taken":[{"damage":7,"enemies":"Cultist","floor":1,"turns":5},{"damage":12,"enemies":"2 Louse","floor":2,"turns":3},{"damage":0,"enemies":"Small Slimes","floor":4,"turns":3},{"damage":19,"enemies":"Gremlin Gang","floor":7,"turns":5},{"damage":35,"enemies":"3 Sentries","floor":11,"turns":8},{"damage":2,"enemies":"Looter","floor":13,"turns":3},{"damage":7,"enemies":"Blue Slaver","floor":14,"turns":3},{"damage":50,"enemies":"Hexaghost","floor":16,"turns":10}],"seed_played":"-4673259641294229595","potions_obtained":[{"floor":2,"key":"Regen Potion"},{"floor":5,"key":"Ancient Potion"},{"floor":5,"key":"FearPotion"},{"floor":11,"key":"Block Potion"},{"floor":13,"key":"BloodPotion"}],"is_trial":false,"path_per_floor":["M","M","?","M","?","R","M","R","T","R","E","R","M","M","R","B"],"character_chosen":"IRONCLAD","items_purchased":[],"campfire_rested":0,"item_purchase_floors":[],"current_hp_per_floor":[71,65,58,64,64,64,65,65,65,65,36,36,40,53,53,9,9],"gold":285,"neow_bonus":"RANDOM_COLORLESS_2","is_daily":false,"chose_seed":false,"campfire_upgraded":5,"win_rate":0.0,"timestamp":1614127512,"path_taken":["M","?","?","M","?","R","M","R","T","R","E","R","?","M","R","BOSS"],"items_purchased_type":[],"build_version":"2020-12-22","purchased_purges":0,"victory":false,"max_hp_per_floor":[72,72,72,72,72,72,72,72,72,72,72,72,72,72,72,72,72],"relic_stats":{"counters":[8,40],"obtain_stats":[{"Bottled Tornado":11,"Burning Blood":0,"InkBottle":9},{"Bottled Tornado":5,"Burning Blood":0,"InkBottle":4},{"Bottled Tornado":24,"Burning Blood":0,"InkBottle":16}],"Burning Blood":48,"InkBottle":[8]},"card_choices":[{"not_picked":["Mayhem","Chrysalis"],"picked":"Panache","floor":0},{"not_picked":["Perfected Strike","Uppercut"],"picked":"Intimidate","floor":1},{"not_picked":["Dual Wield","Iron Wave"],"picked":"Flex","floor":2},{"not_picked":["Blood for Blood","Reckless Charge"],"picked":"Anger","floor":4},{"not_picked":["Disarm","Clothesline"],"picked":"Sentinel","floor":7},{"not_picked":["Wild Strike","Feed"],"picked":"Body Slam","floor":11},{"not_picked":["Sword Boomerang","Pommel Strike"],"picked":"Warcry","floor":13},{"not_picked":["Headbutt","Shrug It Off"],"picked":"Warcry","floor":14}],"player_experience":157825,"relics_obtained":[{"floor":9,"key":"InkBottle"},{"floor":11,"key":"Bottled Tornado"}],"event_choices":[{"cards_removed":["Strike_R"],"damage_healed":0,"gold_gain":0,"player_choice":"Card Removal","damage_taken":7,"max_hp_gain":0,"max_hp_loss":0,"event_name":"Golden Wing","floor":3,"gold_loss":0},{"damage_healed":0,"gold_gain":0,"player_choice":"Bought 2 Potions","damage_taken":0,"max_hp_gain":0,"max_hp_loss":0,"event_name":"The Woman in Blue","floor":5,"gold_loss":0}],"is_beta":false,"boss_relics":[],"items_purged_floors":[],"is_endless":false,"potions_floor_spawned":[2,11,13],"killed_by":"Hexaghost","ascension_level":0}}