{"host":"6lsob4l0icwczu35","time":1614154027,"event":{"mods":["BaseMod","Curses Come First","Minty Spire (QoL Compilation)","Relic Stats","StSLib"],"gold_per_floor":[116,135,135,85,14,49,65,93,93,93,106,136,136,35,35,131,131,147,162,261,271,19,19,19,19,19],"floor_reached":25,"language":"ENG","playtime":764,"items_purged":["Strike_R"],"score":342,"play_id":"949d30f0-e89d-46b5-9506-298f41bae9d1","local_time":"20210224100707","is_ascension_mode":true,"campfire_choices":[{"floor":10,"key":"REST"},{"data":"Whirlwind","floor":13,"key":"SMITH"},{"floor":15,"key":"REST"},{"data":"Corruption","floor":23,"key":"SMITH"}],"circlet_count":0,"master_deck":["Strike_R+1","Strike_R+1","Strike_R+1","Strike_R+1","Defend_R+1","Defend_R+1","Defend_R+1","Bash","Seeing Red","Sword Boomerang","Dual Wield","Perfected Strike","Spot Weakness","Infernal Blade","Whirlwind+1","Shrug It Off","Corruption+1","Sword Boomerang+1"],"relics":["Philosopher\u0027s Stone","Ice Cream","Bottled Lightning","Pen Nib","Magic Flower","Letter Opener","Runic Pyramid","Bottled Tornado"],"acts_visited":["Exordium","TheCity"],"potions_floor_usage":[8,8],"damage_taken":[{"damage":0,"enemies":"Cultist","floor":1,"turns":3},{"damage":7,"enemies":"Small Slimes","floor":2,"turns":4},{"damage":32,"enemies":"Lagavulin","floor":6,"turns":6},{"damage":6,"enemies":"2 Louse","floor":7,"turns":2},{"damage":0,"enemies":"3 Sentries","floor":8,"turns":6},{"damage":7,"enemies":"Exordium Wildlife","floor":11,"turns":2},{"damage":16,"enemies":"Lagavulin","floor":12,"turns":5},{"damage":8,"enemies":"Slime Boss","floor":16,"turns":5},{"damage":11,"enemies":"3 Byrds","floor":18,"turns":3},{"damage":1,"enemies":"Chosen","floor":19,"turns":3},{"damage":23,"enemies":"Sentry and Sphere","floor":21,"turns":4},{"damage":32,"enemies":"Book of Stabbing","floor":25,"turns":2}],"seed_played":"5717566102290025372","potions_obtained":[{"floor":1,"key":"DistilledChaos"},{"floor":7,"key":"HeartOfIron"},{"floor":8,"key":"Strength Potion"},{"floor":19,"key":"SpeedPotion"},{"floor":21,"key":"SpeedPotion"}],"is_trial":false,"path_per_floor":["M","M","?","?","$","E","M","E","T","R","M","E","R","$","R","B",null,"M","M","?","M","$","R","?","E"],"character_chosen":"IRONCLAD","items_purchased":["Dual Wield","Shrug It Off","Bottled Tornado"],"campfire_rested":2,"item_purchase_floors":[5,14,22],"current_hp_per_floor":[72,65,47,47,47,15,9,9,9,33,26,10,10,10,34,26,67,56,55,55,32,32,32,32,0,0],"gold":19,"neow_bonus":"BOSS_RELIC","is_daily":false,"chose_seed":false,"campfire_upgraded":2,"win_rate":0.0,"timestamp":1614154027,"path_taken":["M","?","?","?","$","E","M","E","T","R","M","E","R","$","R","BOSS","M","M","?","M","$","R","?","E"],"items_purchased_type":["Card","Card","Relic"],"build_version":"2020-12-22","purchased_purges":1,"victory":false,"max_hp_per_floor":[80,80,80,80,80,80,80,80,80,80,80,80,80,80,80,80,80,80,80,80,80,80,80,80,80,80],"relic_stats":{"counters":[12,45],"Magic Flower":[0],"Pen Nib":[4],"Letter Opener":[20],"obtain_stats":[{"Ice Cream":3,"Magic Flower":9,"Philosopher\u0027s Stone":0,"Pen Nib":8,"Bottled Lightning":6,"Letter Opener":12,"Bottled Tornado":22,"Burning Blood":0,"Runic Pyramid":17},{"Ice Cream":2,"Magic Flower":5,"Philosopher\u0027s Stone":0,"Pen Nib":5,"Bottled Lightning":3,"Letter Opener":7,"Bottled Tornado":11,"Burning Blood":0,"Runic Pyramid":8},{"Ice Cream":7,"Magic Flower":21,"Philosopher\u0027s Stone":0,"Pen Nib":21,"Bottled Lightning":13,"Letter Opener":28,"Bottled Tornado":43,"Burning Blood":0,"Runic Pyramid":33}]},"card_choices":[{"not_picked":["Body Slam","Clash"],"picked":"Seeing Red","floor":1},{"not_picked":["Clothesline","Cleave"],"picked":"Sword Boomerang","floor":2},{"not_picked":["True Grit","Reckless Charge"],"picked":"Perfected Strike","floor":6},{"not_picked":["Dual Wield","Warcry"],"picked":"Spot Weakness","floor":7},{"not_picked":["Warcry","Cleave"],"picked":"Infernal Blade","floor":8},{"not_picked":["Headbutt","Twin Strike","Pommel Strike"],"picked":"SKIP","floor":11},{"not_picked":["Bludgeon","Heavy Blade"],"picked":"Whirlwind","floor":12},{"not_picked":["Barricade","Exhume"],"picked":"Corruption","floor":16},{"not_picked":["Infernal Blade+1","Flex+1"],"picked":"Sword Boomerang+1","floor":18},{"not_picked":["Perfected Strike","Rage","Pummel"],"picked":"SKIP","floor":19},{"not_picked":["True Grit","Wild Strike+1","Perfected Strike"],"picked":"SKIP","floor":21}],"player_experience":314912,"relics_obtained":[{"floor":6,"key":"Bottled Lightning"},{"floor":8,"key":"Pen Nib"},{"floor":9,"key":"Magic Flower"},{"floor":12,"key":"Letter Opener"}],"event_choices":[{"damage_healed":0,"gold_gain":0,"player_choice":"Success","damage_taken":18,"relics_obtained":["Ice Cream"],"max_hp_gain":0,"max_hp_loss":0,"event_name":"Scrap Ooze","floor":3,"gold_loss":0},{"cards_removed":["Defend_R"],"damage_healed":0,"gold_gain":0,"player_choice":"Card Removal","damage_taken":0,"max_hp_gain":0,"max_hp_loss":0,"event_name":"The Cleric","floor":4,"gold_loss":50},{"damage_healed":0,"gold_gain":99,"player_choice":"Stole From Cult","damage_taken":0,"max_hp_gain":0,"max_hp_loss":0,"event_name":"Nest","floor":20,"gold_loss":0},{"damage_healed":0,"gold_gain":0,"player_choice":"Simplicity","damage_taken":0,"max_hp_gain":0,"max_hp_loss":0,"event_name":"Back to Basics","floor":24,"gold_loss":0,"cards_upgraded":["Strike_R","Strike_R","Strike_R","Strike_R","Defend_R","Defend_R","Defend_R"]}],"is_beta":false,"boss_relics":[{"not_picked":["Tiny House","Ectoplasm"],"picked":"Runic Pyramid"}],"items_purged_floors":[14],"is_endless":false,"potions_floor_spawned":[1,7,8,19,21],"killed_by":"Book of Stabbing","ascension_level":8}}