{"host":"w14xfy17z3c5mpoi","time":1614154195,"event":{"mods":["AchievementEnabler","BaseMod","Minty Spire (QoL Compilation)","Relic Stats"],"gold_per_floor":[116,116,116,3,3,3,15,15,42,80,92,29,58,68,68,145,145,156,169,183,193,210,242,242,273,273,273,293,29,42,71,71,71,71],"floor_reached":33,"language":"ENG","playtime":1672,"items_purged":["Regret","Strike_G"],"score":629,"play_id":"79a9bc3f-e377-4d6d-b082-6330e9e329f2","local_time":"20210224030955","is_ascension_mode":true,"campfire_choices":[{"data":"Phantasmal Killer","floor":6,"key":"SMITH"},{"data":"Blade Dance","floor":8,"key":"SMITH"},{"data":"Blade Dance","floor":11,"key":"SMITH"},{"data":"Adrenaline","floor":15,"key":"SMITH"},{"floor":27,"key":"REST"},{"floor":32,"key":"REST"}],"circlet_count":0,"master_deck":["AscendersBane","Strike_G","Strike_G","Strike_G","Strike_G","Defend_G","Defend_G","Defend_G","Defend_G","Defend_G","Survivor","Neutralize+1","Phantasmal Killer+1","Leg Sweep","Blade Dance+1","Dagger Throw","Blade Dance+1","Adrenaline+1","Escape Plan","Burst","Backstab","Expertise","Well Laid Plans","Terror","Accuracy"],"relics":["Ring of the Snake","Paper Crane","MawBank","Centennial Puzzle","Strawberry","WristBlade","StoneCalendar","Dream Catcher","HornCleat","PreservedInsect","Tiny Chest"],"acts_visited":["Exordium","TheCity"],"potions_floor_usage":[10,13,16,18,18,21,23,25,28,30,33],"damage_taken":[{"damage":4,"enemies":"Small Slimes","floor":1,"turns":4},{"damage":0,"enemies":"2 Louse","floor":7,"turns":2},{"damage":5,"enemies":"Lagavulin","floor":10,"turns":6},{"damage":0,"enemies":"Gremlin Nob","floor":13,"turns":2},{"damage":4,"enemies":"Jaw Worm","floor":14,"turns":2},{"damage":14,"enemies":"Hexaghost","floor":16,"turns":6},{"damage":0,"enemies":"Chosen","floor":18,"turns":3},{"damage":1,"enemies":"Shell Parasite","floor":19,"turns":2},{"damage":0,"enemies":"Cultist and Chosen","floor":20,"turns":3},{"damage":0,"enemies":"Shelled Parasite and Fungi","floor":21,"turns":3},{"damage":6,"enemies":"Snecko","floor":22,"turns":4},{"damage":3,"enemies":"Book of Stabbing","floor":23,"turns":4},{"damage":49,"enemies":"Slavers","floor":25,"turns":7},{"damage":9,"enemies":"Snake Plant","floor":28,"turns":4},{"damage":0,"enemies":"3 Cultists","floor":30,"turns":3},{"damage":4,"enemies":"Book of Stabbing","floor":31,"turns":2},{"damage":29,"enemies":"Collector","floor":33,"turns":7}],"seed_played":"6830498241384395812","potions_obtained":[{"floor":10,"key":"GamblersBrew"},{"floor":14,"key":"Strength Potion"},{"floor":16,"key":"EntropicBrew"},{"floor":20,"key":"SkillPotion"},{"floor":23,"key":"Dexterity Potion"},{"floor":24,"key":"Poison Potion"},{"floor":25,"key":"DistilledChaos"},{"floor":28,"key":"Fire Potion"}],"is_trial":false,"path_per_floor":["M","?","?","$","?","R","M","R","T","E","R","$","E","M","R","B",null,"M","M","M","M","M","E","?","E","T","R","M","$","M","E","R","B"],"character_chosen":"THE_SILENT","items_purchased":["Blade Dance","FearPotion","PreservedInsect"],"campfire_rested":2,"item_purchase_floors":[4,4,29],"current_hp_per_floor":[55,55,55,55,55,55,55,55,55,50,50,50,57,53,53,39,60,60,59,59,59,53,50,50,1,1,21,12,12,12,8,28,0,0],"gold":71,"neow_bonus":"THREE_RARE_CARDS","is_daily":false,"chose_seed":false,"campfire_upgraded":4,"win_rate":0.0,"timestamp":1614154195,"path_taken":["M","?","?","$","?","R","M","R","T","E","R","?","E","M","R","BOSS","M","M","M","M","M","E","?","E","T","R","M","$","?","E","R","BOSS"],"items_purchased_type":["Card","Potion","Relic"],"build_version":"2020-12-22","purchased_purges":2,"victory":false,"max_hp_per_floor":[60,60,60,60,60,60,60,60,60,60,60,60,67,67,67,67,67,67,67,67,67,67,67,67,67,67,67,67,67,67,67,67,67,67],"relic_stats":{"Centennial Puzzle":[27],"Dream Catcher":2,"counters":[17,64],"StoneCalendar":[53],"Tiny Chest":0,"PreservedInsect":43,"MawBank":36,"obtain_stats":[{"Centennial Puzzle":10,"Dream Catcher":25,"HornCleat":26,"WristBlade":17,"Strawberry":13,"StoneCalendar":23,"Tiny Chest":31,"PreservedInsect":29,"Paper Crane":2,"MawBank":9,"Ring of the Snake":0},{"Centennial Puzzle":3,"Dream Catcher":13,"HornCleat":13,"WristBlade":6,"Strawberry":4,"StoneCalendar":12,"Tiny Chest":16,"PreservedInsect":14,"Paper Crane":1,"MawBank":2,"Ring of the Snake":0},{"Centennial Puzzle":12,"Dream Catcher":48,"HornCleat":48,"WristBlade":22,"Strawberry":14,"StoneCalendar":41,"Tiny Chest":57,"PreservedInsect":52,"Paper Crane":4,"MawBank":6,"Ring of the Snake":0}],"Ring of the Snake":[34]},"card_choices":[{"not_picked":["Grand Finale","A Thousand Cuts"],"picked":"Phantasmal Killer","floor":0},{"not_picked":["Dodge and Roll","Noxious Fumes"],"picked":"Leg Sweep","floor":1},{"not_picked":["Bane","Reflex"],"picked":"Dagger Throw","floor":7},{"not_picked":["Blur","Deadly Poison"],"picked":"Blade Dance","floor":10},{"not_picked":["Finisher","Dagger Throw"],"picked":"Adrenaline","floor":13},{"not_picked":["Sucker Punch","Cloak And Dagger"],"picked":"Escape Plan","floor":14},{"not_picked":["Night Terror","Adrenaline"],"picked":"Burst","floor":16},{"not_picked":["Dagger Spray","Sucker Punch"],"picked":"Backstab","floor":18},{"not_picked":["Underhanded Strike","Quick Slash"],"picked":"Expertise","floor":19},{"not_picked":["Doppelganger","Choke"],"picked":"Well Laid Plans","floor":20},{"not_picked":["Reflex","Dodge and Roll","Blur"],"picked":"SKIP","floor":21},{"not_picked":["Distraction","Backflip"],"picked":"Terror","floor":22},{"not_picked":["Outmaneuver","Cloak And Dagger","Acrobatics"],"picked":"SKIP","floor":23},{"not_picked":["Quick Slash","Crippling Poison+1","Flying Knee"],"picked":"SKIP","floor":25},{"not_picked":["Cloak And Dagger","Dagger Throw+1"],"picked":"Accuracy","floor":28},{"not_picked":["Dagger Spray","Quick Slash","Riddle With Holes"],"picked":"SKIP","floor":30},{"not_picked":["Acrobatics","Corpse Explosion","Dagger Spray"],"picked":"SKIP","floor":31}],"player_experience":802412,"relics_obtained":[{"floor":9,"key":"MawBank"},{"floor":10,"key":"Centennial Puzzle"},{"floor":13,"key":"Strawberry"},{"floor":23,"key":"StoneCalendar"},{"floor":25,"key":"Dream Catcher"},{"floor":26,"key":"HornCleat"},{"floor":31,"key":"Tiny Chest"}],"event_choices":[{"damage_healed":0,"gold_gain":0,"player_choice":"Box","damage_taken":0,"relics_obtained":["Paper Crane"],"max_hp_gain":0,"max_hp_loss":0,"event_name":"Big Fish","floor":2,"gold_loss":0,"cards_obtained":["Regret"]},{"damage_healed":0,"gold_gain":0,"player_choice":"Grow","damage_taken":0,"max_hp_gain":0,"max_hp_loss":0,"event_name":"Living Wall","floor":3,"gold_loss":0,"cards_upgraded":["Neutralize"]},{"damage_healed":0,"gold_gain":0,"player_choice":"Ignored","damage_taken":0,"max_hp_gain":0,"max_hp_loss":0,"event_name":"Liars Game","floor":5,"gold_loss":0},{"damage_healed":0,"gold_gain":0,"player_choice":"Got Potions","damage_taken":0,"max_hp_gain":0,"max_hp_loss":0,"event_name":"Lab","floor":24,"gold_loss":0}],"is_beta":false,"boss_relics":[{"not_picked":["Snecko Eye","Velvet Choker"],"picked":"WristBlade"}],"items_purged_floors":[12,29],"is_endless":false,"potions_floor_spawned":[10,14,16,20,23,25,28],"killed_by":"Collector","ascension_level":17}}