{"host":"egwexuw5uvnxf11j","time":1614136462,"event":{"mods":["2.2 Compatiblity","Aspiration","BaseMod","Better Note","Better Sensory Stone","Better Third Choice","Displayed Cursed Tome","Downfall","Hermit","Key Reminder","Koishi","Marisa????????","Minty Spire (QoL Compilation)","Quick Restart","Shade Mod","Spicy Shops","StSLib","The Construct","The Cursed","The Runesmith","The Senshi","The Servant 0.9.4","Transform Curses"],"gold_per_floor":[115,2,2,2,21,21,40,59,85,85,85,103,128,139,139,242,242,259,276,276,289,302,302,320,320,320,320,320,320,60,80,80,184,184,204,214,3,14,14,41,41,57,83,83,103,103,103,114,114,114,114],"floor_reached":50,"language":"ENG","playtime":2145,"items_purged":[],"score":526,"play_id":"fa40eea5-18c9-4bf4-a69a-ed96d51553b5","local_time":"20210223221422","is_ascension_mode":false,"campfire_choices":[{"floor":6,"key":"REST"},{"data":"theSenshi:MoonPrismPowerMakeUp","floor":10,"key":"SMITH"},{"floor":15,"key":"REST"},{"floor":23,"key":"REST"},{"floor":25,"key":"REST"},{"floor":27,"key":"REST"},{"data":"theSenshi:MoonCrisisMakeUp","floor":32,"key":"SMITH"},{"floor":41,"key":"REST"},{"floor":44,"key":"REST"},{"floor":47,"key":"REST"},{"floor":49,"key":"REST"}],"circlet_count":0,"master_deck":["theSenshi:SailorKick","theSenshi:SailorKick","theSenshi:SailorKick","theSenshi:SailorKick","theSenshi:SailorBlock+1","theSenshi:SailorBlock","theSenshi:SailorBlock","theSenshi:SailorBlock","theSenshi:RoseThrow","theSenshi:MoonPrismPowerMakeUp+1","theSenshi:MoonPunch+1","theSenshi:EncouragingSpeech","theSenshi:VenusGlamour","theSenshi:RainbowMoonHeartAche","theSenshi:TuxedoMaskAssists","theSenshi:CrisisMakeUp+1","theSenshi:MoonSpiralHeartAttack","theSenshi:SailorMercuryAssists","theSenshi:SailorMarsAssists","theSenshi:InTheNameOfTheMoon","theSenshi:YouCanTalk","theSenshi:RainbowMoonHeartAche+1","Go for the Eyes+1","Core Surge","theSenshi:SailorVenusAssists","theSenshi:MoonCrisisMakeUp+1","theSenshi:MoonKick","theSenshi:ChibiMoonsLove","theSenshi:SailorStarFighterAssists+1","theSenshi:MoonPrincessHalation+1","theSenshi:LunaWiseMentor","Defragment+1","Redo+1","Sunder+1","theSenshi:InTheNickOfTime","theSenshi:PlutosSolemnity"],"relics":["theSenshi:TransformationBroochRelic","StrikeDummy","Akabeko","theSenshi:CutieMoonRodRelic","Smiling Mask","aspiration:DefectSkillbook","Blood Vial","Lee\u0027s Waffle","aspiration:Stellarator","Sling","Toy Ornithopter","Ancient Tea Set"],"acts_visited":["Exordium","TheCity","TheBeyond"],"potions_floor_usage":[12,16,16,40,40,40,45,45,48,50],"damage_taken":[{"damage":2,"enemies":"Jaw Worm","floor":1,"turns":4},{"damage":0,"enemies":"Small Slimes","floor":5,"turns":3},{"damage":0,"enemies":"Cultist","floor":7,"turns":3},{"damage":7,"enemies":"Looter","floor":8,"turns":2},{"damage":2,"enemies":"Large Slime","floor":12,"turns":3},{"damage":27,"enemies":"3 Sentries","floor":13,"turns":6},{"damage":11,"enemies":"3 Louse","floor":14,"turns":2},{"damage":35,"enemies":"Hexaghost","floor":16,"turns":9},{"damage":4,"enemies":"Spheric Guardian","floor":18,"turns":3},{"damage":13,"enemies":"Chosen","floor":19,"turns":4},{"damage":28,"enemies":"Shelled Parasite and Fungi","floor":21,"turns":6},{"damage":19,"enemies":"Snake Plant","floor":22,"turns":3},{"damage":19,"enemies":"Centurion and Healer","floor":24,"turns":5},{"damage":0,"enemies":"Snecko","floor":31,"turns":3},{"damage":81,"enemies":"Automaton","floor":33,"turns":10},{"damage":27,"enemies":"3 Shapes","floor":35,"turns":5},{"damage":18,"enemies":"3 Darklings","floor":36,"turns":5},{"damage":16,"enemies":"4 Shapes","floor":38,"turns":4},{"damage":9,"enemies":"Giant Head","floor":40,"turns":7},{"damage":39,"enemies":"Sphere and 2 Shapes","floor":42,"turns":4},{"damage":61,"enemies":"Maw","floor":45,"turns":8},{"damage":0,"enemies":"3 Darklings","floor":48,"turns":2},{"damage":85,"enemies":"Donu and Deca","floor":50,"turns":5}],"seed_played":"-3768491895351324081","potions_obtained":[{"floor":5,"key":"GamblersBrew"},{"floor":7,"key":"DistilledChaos"},{"floor":14,"key":"Energy Potion"},{"floor":18,"key":"sneckomod:MuddlingPotion"},{"floor":36,"key":"Guardian:BlockOnCardUsePotion"},{"floor":38,"key":"EntropicBrew"},{"floor":42,"key":"Fire Potion"},{"floor":48,"key":"CultistPotion"}],"is_trial":false,"path_per_floor":["M","$","?","T","M","R","M","M","T","R","?","M","E","M","R","B",null,"M","M","?","M","M","R","M","R","T","R","?","?","$","M","R","B",null,"M","M","$","M","$","E","R","M","T","R","M","$","R","M","R","B"],"character_chosen":"THE_SENSHI","items_purchased":["theSenshi:VenusGlamour","theSenshi:MoonCrisisMakeUp","Lee\u0027s Waffle","theSenshi:LunaWiseMentor","Sling"],"campfire_rested":9,"item_purchase_floors":[2,30,30,37,37],"current_hp_per_floor":[73,73,58,58,58,75,75,68,68,68,68,66,39,28,50,15,75,71,58,58,30,11,33,14,36,36,58,58,58,82,82,82,1,82,55,39,39,35,35,28,52,15,15,39,15,15,39,46,70,0,0],"gold":114,"neow_bonus":"THREE_CARDS","is_daily":false,"chose_seed":false,"campfire_upgraded":2,"win_rate":0.0,"timestamp":1614136462,"path_taken":["M","$","?","?","M","R","M","M","T","R","?","M","E","M","R","BOSS","M","M","?","?","M","R","M","R","T","R","?","?","$","M","R","BOSS","M","M","$","M","$","E","R","?","T","R","M","?","R","M","R","BOSS"],"items_purchased_type":["Card","Card","Relic","Card","Relic"],"build_version":"2020-12-22","purchased_purges":0,"victory":false,"max_hp_per_floor":[75,75,75,75,75,75,75,75,75,75,75,75,75,75,75,75,75,75,75,75,75,75,75,75,75,75,75,75,75,82,82,82,82,82,82,82,82,82,82,82,82,82,82,82,82,82,82,82,82,82,82],"card_choices":[{"not_picked":["theSenshi:KlutzyLuck","theSenshi:LateForSchool"],"picked":"theSenshi:MoonPunch","floor":0},{"not_picked":["theSenshi:MoonPower","theSenshi:SupersonicWaves"],"picked":"theSenshi:EncouragingSpeech","floor":1},{"not_picked":["theSenshi:SailorStarMakerAssists","theSenshi:TallSilhouette"],"picked":"theSenshi:RainbowMoonHeartAche","floor":5},{"not_picked":["theSenshi:SchoolBag","theSenshi:SailorVenusAssists"],"picked":"theSenshi:TuxedoMaskAssists","floor":7},{"not_picked":["theSenshi:MoonPunch","theSenshi:SailorNeptuneAssists"],"picked":"theSenshi:CrisisMakeUp","floor":8},{"not_picked":["theSenshi:Sidestep","theSenshi:SailorMarsAssists"],"picked":"theSenshi:MoonSpiralHeartAttack","floor":12},{"not_picked":["theSenshi:MoonKick","theSenshi:SailorVenusAssists"],"picked":"theSenshi:SailorMercuryAssists","floor":13},{"not_picked":["theSenshi:LunaSensingAllies","theSenshi:SailorMercuryAssists"],"picked":"theSenshi:SailorMarsAssists","floor":14},{"not_picked":["theSenshi:LunaSensingAllies","theSenshi:JupitersPower"],"picked":"theSenshi:InTheNameOfTheMoon","floor":16},{"not_picked":["Lockon","theSenshi:LunasBite","Barrage"],"picked":"theSenshi:YouCanTalk","floor":18},{"not_picked":["theSenshi:SchoolBag+1","Scrape","Redo"],"picked":"theSenshi:RainbowMoonHeartAche+1","floor":19},{"not_picked":["Fusion","theSenshi:SailorVenusAssists","theSenshi:MoonKick"],"picked":"Go for the Eyes+1","floor":21},{"not_picked":["theSenshi:MoonSpiralHeartAttack","theSenshi:SupersonicWaves","Coolheaded"],"picked":"Core Surge","floor":22},{"not_picked":["Reinforced Body+1","Lockon+1","Glacier"],"picked":"theSenshi:SailorVenusAssists","floor":24},{"not_picked":["theSenshi:CrisisMakeUp","theSenshi:SchoolBag","Steam Power"],"picked":"theSenshi:MoonKick","floor":31},{"not_picked":["Core Surge","Biased Cognition","theSenshi:InTheNameOfTheMoon"],"picked":"theSenshi:ChibiMoonsLove","floor":33},{"not_picked":["Sweeping Beam","Go for the Eyes","Turbo"],"picked":"theSenshi:SailorStarFighterAssists+1","floor":35},{"not_picked":["theSenshi:TuxedoSmokingBomber+1","Glacier+1","BootSequence+1"],"picked":"theSenshi:MoonPrincessHalation+1","floor":36},{"not_picked":["theSenshi:MoonPunch","theSenshi:MoonPrincessHalation","theSenshi:SailorMarsAssists+1"],"picked":"Defragment+1","floor":38},{"not_picked":["theSenshi:MoonPower","Scrape","theSenshi:PlutosSolemnity+1"],"picked":"Redo+1","floor":40},{"not_picked":["theSenshi:SailorMarsAssists+1","Coolheaded","theSenshi:MoonPunch"],"picked":"Sunder+1","floor":42},{"not_picked":["Go for the Eyes","theSenshi:SailorMarsAssists+1","Machine Learning"],"picked":"theSenshi:InTheNickOfTime","floor":45},{"not_picked":["Streamline","theSenshi:SupersonicWaves","Hologram+1"],"picked":"theSenshi:PlutosSolemnity","floor":48}],"player_experience":2135264,"relics_obtained":[{"floor":4,"key":"StrikeDummy"},{"floor":9,"key":"Akabeko"},{"floor":13,"key":"Smiling Mask"},{"floor":26,"key":"Blood Vial"},{"floor":40,"key":"Toy Ornithopter"},{"floor":43,"key":"Ancient Tea Set"}],"event_choices":[{"damage_healed":73,"gold_gain":0,"player_choice":"Upgrade","damage_taken":15,"max_hp_gain":0,"max_hp_loss":75,"event_name":"betterThird:BetterShining","floor":3,"gold_loss":0,"cards_upgraded":["theSenshi:MoonPunch","theSenshi:SailorBlock"]},{"damage_healed":0,"gold_gain":0,"player_choice":"Box","damage_taken":0,"relics_obtained":["theSenshi:CutieMoonRodRelic"],"max_hp_gain":0,"max_hp_loss":0,"event_name":"Big Fish","floor":11,"gold_loss":0,"cards_obtained":["Regret"]},{"damage_healed":0,"gold_gain":0,"player_choice":"Upgraded","damage_taken":0,"max_hp_gain":0,"max_hp_loss":0,"event_name":"Upgrade Shrine","floor":20,"gold_loss":0,"cards_upgraded":["theSenshi:CrisisMakeUp"]},{"cards_removed":["Regret"],"damage_healed":0,"gold_gain":0,"player_choice":"Card Removal","damage_taken":0,"max_hp_gain":0,"max_hp_loss":0,"event_name":"Wheel of Change","floor":28,"gold_loss":0},{"damage_healed":0,"gold_gain":0,"player_choice":"Ignored","damage_taken":0,"max_hp_gain":0,"max_hp_loss":0,"event_name":"Purifier","floor":29,"gold_loss":0}],"is_beta":false,"boss_relics":[{"not_picked":["Busted Crown","aspiration:SilentSkillbook"],"picked":"aspiration:DefectSkillbook"},{"not_picked":["Runic Pyramid","aspiration:PoetsPen_weak"],"picked":"aspiration:Stellarator"}],"items_purged_floors":[],"is_endless":false,"potions_floor_spawned":[5,7,14,18,24,31,36,38,42,48],"killed_by":"Donu and Deca","ascension_level":0}}