{"host":"d02vqrhhew441p6s","time":1614142722,"event":{"mods":["BaseMod","Downfall","Hubris","Infinite Spire","Minty Spire (QoL Compilation)","StSLib","The Animator","The Death Knight","The Necromancer"],"gold_per_floor":[199,211,32,207,207,207,207,237,114,127,144,144,155,174,193,295,295,295,314,314,29,179,179,204,222,122,139,39,66,66,66,66],"floor_reached":30,"language":"ENG","playtime":1794,"items_purged":["Doubt"],"score":273,"play_id":"97f124d3-2740-4bb9-a864-e44bba63bdd3","local_time":"20210224055842","is_ascension_mode":false,"campfire_choices":[{"data":"champ:Taunt","floor":1,"key":"SMITH"},{"data":"champ:FlashCut","floor":6,"key":"SMITH"},{"data":"champ:StrikeOfGenius","floor":18,"key":"SMITH"},{"data":"champ:UltimateStance","floor":23,"key":"SMITH"},{"floor":26,"key":"RECALL"},{"data":"hubris:InfiniteBlow","floor":28,"key":"SMITH"}],"circlet_count":0,"master_deck":["champ:Strike","champ:Strike","champ:Strike","champ:Strike","champ:Defend","champ:Defend","champ:Defend","champ:Defend+1","champ:Execute","champ:Taunt+1","champ:ShieldWall","champ:Circumvent+1","champ:FlashCut+1","champ:RisingSlash","champ:ShieldWall","champ:VampiricStrike","champ:IronFortress","champ:SkillfulDodge","champ:PreciseThrust","champ:Haymaker","champ:ShieldWall","champ:HeavySlash","champ:EnGarde","champ:StrikeOfGenius+1","CurseOfTheBell","hubris:InfiniteBlow+1","champ:UltimateStance+1","champ:TornadoPunch","champ:PreciseThrust","champ:IgnorePain"],"relics":["champ:ChampionCrown","hubris:Potato","DeathKnight:SindragosasSkull","Calling Bell","PreservedInsect","Singing Bowl","Unceasing Top","Vajra","downfall:HeartBlessingBlue","downfall:HeartBlessingRed","champ:DefensiveTrainingManual"],"acts_visited":["Exordium","TheCity"],"potions_floor_usage":[14,16,16,29],"damage_taken":[{"damage":21,"enemies":"Jaw Worm","floor":2,"turns":5},{"damage":10,"enemies":"downfall:FleeingMerchant","floor":3,"turns":4},{"damage":29,"enemies":"3 Sentries","floor":8,"turns":8},{"damage":0,"enemies":"downfall:FleeingMerchant","floor":9,"turns":4},{"damage":0,"enemies":"Cultist","floor":10,"turns":4},{"damage":0,"enemies":"2 Louse","floor":11,"turns":2},{"damage":7,"enemies":"Red Slaver","floor":13,"turns":3},{"damage":0,"enemies":"Exordium Wildlife","floor":14,"turns":5},{"damage":4,"enemies":"Blue Slaver","floor":15,"turns":4},{"damage":7,"enemies":"WA_ARCHETYPE_RETAIN","floor":16,"turns":7},{"damage":22,"enemies":"3 Byrds","floor":19,"turns":6},{"damage":3,"enemies":"downfall:FleeingMerchant","floor":21,"turns":4},{"damage":30,"enemies":"downfall:LooterAlt2","floor":25,"turns":5},{"damage":3,"enemies":"3 Cultists","floor":27,"turns":6},{"damage":34,"enemies":"Slavers","floor":29,"turns":4},{"damage":27,"enemies":"Snake Plant","floor":30,"turns":3}],"seed_played":"1223115610835735170","potions_obtained":[{"floor":2,"key":"Block Potion"},{"floor":10,"key":"DistilledChaos"},{"floor":13,"key":"Block Potion"},{"floor":14,"key":"Ancient Potion"},{"floor":27,"key":"Explosive Potion"},{"floor":29,"key":"Strength Potion"}],"is_trial":false,"path_per_floor":["R","M","$","?","?","R","T","E","$","M","M","?","M","M","M","B",null,"R","M","?","$","?","R","T","M","R","M","R","E","M"],"character_chosen":"THE_CHAMP","items_purchased":["champ:FlashCut","champ:RisingSlash","champ:ShieldWall","champ:SkillfulDodge","champ:UltimateStance","champ:TornadoPunch","Vajra"],"campfire_rested":0,"item_purchase_floors":[3,3,3,9,21,21,21],"current_hp_per_floor":[90,89,89,89,64,64,64,45,65,65,75,60,53,53,49,52,90,90,80,58,57,57,57,57,37,47,54,54,22,0,0,0],"gold":66,"neow_bonus":"HUNDRED_GOLD","is_daily":false,"chose_seed":false,"campfire_upgraded":5,"win_rate":0.0,"timestamp":1614142722,"path_taken":["R","M","$","?","?","R","T","E","?","M","?","?","M","M","M","BOSS","R","M","?","$","?","R","T","M","R","M","R","E","M"],"items_purchased_type":["Card","Card","Card","Card","Card","Card","Relic"],"build_version":"2020-12-22","purchased_purges":1,"victory":false,"max_hp_per_floor":[90,90,90,90,90,90,90,90,90,90,90,90,90,90,90,90,90,90,92,92,94,94,94,94,94,104,104,104,106,106,106,106],"card_choices":[{"not_picked":["champ:FlashCut","champ:SkillfulDodge"],"picked":"champ:ShieldWall","floor":2},{"not_picked":["champ:SkillfulDodge","champ:FanOfKnives"],"picked":"champ:Circumvent","floor":3},{"not_picked":["champ:StanceDance","champ:RisingSlash"],"picked":"champ:VampiricStrike","floor":8},{"not_picked":["champ:EndlessRage","champ:EnragedBash"],"picked":"champ:IronFortress","floor":9},{"not_picked":["champ:AdrenalArmor","champ:CrownThrow"],"picked":"champ:PreciseThrust","floor":10},{"not_picked":["champ:HeartStrike","champ:BerserkersShout"],"picked":"champ:Haymaker","floor":11},{"not_picked":["champ:Circumvent","champ:ArenaPreparation"],"picked":"champ:ShieldWall","floor":13},{"not_picked":["champ:ArenaPreparation","champ:Parry"],"picked":"champ:HeavySlash","floor":14},{"not_picked":["champ:Circumvent","champ:EnragedBash"],"picked":"champ:EnGarde","floor":15},{"not_picked":["champ:Improvising","champ:Devastate"],"picked":"champ:StrikeOfGenius","floor":16},{"not_picked":["champ:RecklessLeap","champ:FanOfKnives","champ:AdrenalArmor"],"picked":"Singing Bowl","floor":19},{"not_picked":["infinitespire:Punishment","infinitespire:UltimateForm"],"picked":"hubris:InfiniteBlow","floor":20},{"not_picked":["champ:FocusedBerserking","champ:AdrenalArmor","champ:Shatter"],"picked":"Singing Bowl","floor":21},{"not_picked":["champ:FanOfKnives","champ:IronFortress+1"],"picked":"champ:PreciseThrust","floor":25},{"not_picked":["champ:FlashCut","champ:Circumvent"],"picked":"champ:IgnorePain","floor":27},{"not_picked":["champ:Circumvent","champ:AdrenalArmor","champ:SwordThrow"],"picked":"Singing Bowl","floor":29}],"player_experience":558861,"relics_obtained":[{"floor":7,"key":"hubris:Potato"},{"floor":8,"key":"DeathKnight:SindragosasSkull"},{"floor":17,"key":"PreservedInsect"},{"floor":17,"key":"Singing Bowl"},{"floor":17,"key":"Unceasing Top"},{"floor":29,"key":"champ:DefensiveTrainingManual"}],"event_choices":[{"damage_healed":0,"gold_gain":0,"player_choice":"Success","damage_taken":25,"relics_obtained":["War Paint"],"max_hp_gain":0,"max_hp_loss":0,"event_name":"Scrap Ooze","floor":5,"gold_loss":0}],"is_beta":false,"boss_relics":[{"not_picked":["hubris:RunicObelisk","Fusion Hammer"],"picked":"Calling Bell"}],"items_purged_floors":[9],"is_endless":false,"potions_floor_spawned":[2,10,13,14,15,27,29],"killed_by":"Snake Plant","ascension_level":0}}