{"host":"s0nrlal5fls38heo","time":1614171765,"event":{"mods":["AchievementEnabler","BaseMod","Colored Powertips","Dark Map","Displayed Cursed Tome","Downfall","Faster Ascension Climbing","GifTheSpireLib","Minty Spire (QoL Compilation)","Permanent Neow","Rare Cards Sparkle","Relic Filter Mod","Relic Stats","StSLib"],"gold_per_floor":[99,113,38,57,70,70,120,148,148,148],"floor_reached":8,"language":"ENG","playtime":196,"items_purged":[],"score":90,"play_id":"3425f290-a5b3-4638-a9bb-1b02d7aad03f","local_time":"20210224140245","is_ascension_mode":true,"campfire_choices":[{"data":"Slimebound:Split","floor":1,"key":"SMITH"}],"circlet_count":0,"master_deck":["AscendersBane","Slimebound:Strike_Slimebound","Slimebound:Strike_Slimebound","Slimebound:Strike_Slimebound","Slimebound:Tackle","Slimebound:Defend_Slimebound","Slimebound:Defend_Slimebound","Slimebound:Defend_Slimebound","Slimebound:Defend_Slimebound","Slimebound:Split+1","Slimebound:CorrosiveSpit","Slimebound:Prepare","Slimebound:HungryTackle","Slimebound:GoopSpray","Slimebound:OozeBath"],"relics":["Slimebound:AbsorbEndCombat","Calipers","Slimebound:GreedOozeRelic","Mercury Hourglass","Vajra","Slimebound:StickyStick"],"acts_visited":["Exordium"],"potions_floor_usage":[],"damage_taken":[{"damage":4,"enemies":"Cultist","floor":2,"turns":4},{"damage":0,"enemies":"Jaw Worm","floor":4,"turns":4},{"damage":5,"enemies":"Small Slimes","floor":5,"turns":4},{"damage":28,"enemies":"Gremlin Nob","floor":8,"turns":4}],"seed_played":"-6175607989520578230","potions_obtained":[{"floor":8,"key":"Slimebound:SlimedPotion"}],"is_trial":false,"path_per_floor":["R","M","?","M","M","?","T","E"],"character_chosen":"SLIMEBOUND","items_purchased":[],"campfire_rested":0,"item_purchase_floors":[],"current_hp_per_floor":[59,58,58,59,58,33,33,9,9,9],"gold":148,"neow_bonus":"ONE_RARE_RELIC","is_daily":false,"chose_seed":false,"campfire_upgraded":1,"win_rate":0.0,"timestamp":1614171765,"path_taken":["R","?","?","M","M","?","T","E"],"items_purchased_type":[],"build_version":"2020-12-22","purchased_purges":0,"victory":false,"max_hp_per_floor":[59,59,59,59,59,59,59,59,59,59],"relic_stats":{"counters":[4,16],"obtain_stats":[{"Slimebound:GreedOozeRelic":3,"Calipers":0,"Slimebound:StickyStick":8,"Vajra":7,"Slimebound:AbsorbEndCombat":0,"Mercury Hourglass":6},{"Slimebound:GreedOozeRelic":1,"Calipers":0,"Slimebound:StickyStick":4,"Vajra":3,"Slimebound:AbsorbEndCombat":0,"Mercury Hourglass":3},{"Slimebound:GreedOozeRelic":4,"Calipers":0,"Slimebound:StickyStick":16,"Vajra":12,"Slimebound:AbsorbEndCombat":0,"Mercury Hourglass":12}],"Mercury Hourglass":[12]},"card_choices":[{"not_picked":["Slimebound:LeechingTouch","Slimebound:Replication"],"picked":"Slimebound:Prepare","floor":2},{"not_picked":["Slimebound:SplitAcid","Slimebound:ComboTackle"],"picked":"Slimebound:HungryTackle","floor":4},{"not_picked":["Slimebound:PressTheAttack","Slimebound:BestDefense"],"picked":"Slimebound:GoopSpray","floor":5},{"not_picked":["Slimebound:SplitBruiser","Slimebound:SplitLeeching"],"picked":"Slimebound:OozeBath","floor":8}],"player_experience":85611,"relics_obtained":[{"floor":7,"key":"Vajra"},{"floor":8,"key":"Slimebound:StickyStick"}],"event_choices":[{"damage_healed":0,"gold_gain":0,"player_choice":"Success","damage_taken":25,"relics_obtained":["Mercury Hourglass"],"max_hp_gain":0,"max_hp_loss":0,"event_name":"Scrap Ooze","floor":6,"gold_loss":0}],"is_beta":false,"boss_relics":[],"items_purged_floors":[],"is_endless":false,"potions_floor_spawned":[8],"killed_by":"Gremlin Nob","ascension_level":12}}