{"host":"dz37y7s0f4dytpbs","time":1614150363,"event":{"mods":["2.2 Compatiblity","AchievementEnabler","BaseMod","BetterRewards","Colored Map","Custom Start","Keyboard Shortcuts","Marisa£¨Ùöéë¡¡Øª×âÞÞ£©","Minty Spire (QoL Compilation)","Permanent Neow","StSLib","SuperFastMode","everything is the same but u backflip on backflip"],"gold_per_floor":[115,126,145,145,163,189,219,252,323,323,352,352,352,352,352,424,424,424,199,114,114,114,114,114,114,114,114,114,114,39,39,39,39,39,39,39,39,39,39,39,39,39,39,39,39,39,39,39,39,39,39,39,39,13,13,13],"floor_reached":57,"language":"KOR","playtime":4380,"items_purged":["Strike_G","Strike_G","Defend_G","Strike_G","Defend_G","Defend_G"],"score":4530,"play_id":"0d64119b-eb04-4012-9b39-c5338cf78130","local_time":"20210224160603","is_ascension_mode":true,"campfire_choices":[{"data":"Tools of the Trade","floor":13.0,"key":"SMITH"},{"data":"Cloak And Dagger","floor":15.0,"key":"SMITH"},{"data":"RitualDagger","floor":25.0,"key":"SMITH"},{"data":"Accuracy","floor":32.0,"key":"SMITH"},{"data":"Defend_G","floor":46,"key":"PURGE"},{"floor":49,"key":"RECALL"},{"data":"Neutralize","floor":53,"key":"SMITH"}],"circlet_count":0,"master_deck":["AscendersBane","Survivor","Neutralize+1","PiercingWail","Cloak And Dagger+1","Accuracy+1","Blur+1","Cloak And Dagger+1","Escape Plan+1","Infinite Blades","Tools of the Trade+1","Burst+1","Concentrate+1","RitualDagger+1","Cloak And Dagger+1","Acrobatics+1","Deflect+1","Backflip+1","Backflip+1","Blur+1","Night Terror+1","Blade Dance+1","Venomology+1","Purity+1","Sadistic Nature","Wraith Form v2+1","PiercingWail+1","Infinite Blades"],"relics":["Ring of the Snake","Membership Card","Akabeko","Vajra","Tiny Chest","Bronze Scales","Ancient Tea Set","TwistedFunnel","PreservedInsect","Toy Ornithopter","HandDrill","Gambling Chip","Gremlin Horn","Bag of Preparation","Anchor","Singing Bowl","Question Card","Unceasing Top","Odd Mushroom","MealTicket","Paper Crane","Bag of Marbles","Toxic Egg 2","Ectoplasm","Shuriken","Centennial Puzzle","Ornamental Fan","Juzu Bracelet","Potion Belt","Mummified Hand","Peace Pipe","Darkstone Periapt","MawBank","Coffee Dripper","Snake Skull","War Paint","CeramicFish","Pear","Pantograph","Omamori","Boot"],"acts_visited":["Exordium","TheCity","TheBeyond","TheEnding"],"potions_floor_usage":[40,42,44,44,44,44,44,44,44,44,47,47,47,48,48,48,48,48,48,48,51,51,56,56,56,56,56,56],"damage_taken":[{"damage":0.0,"enemies":"Jaw Worm","floor":1.0,"turns":2.0},{"damage":0.0,"enemies":"Small Slimes","floor":2.0,"turns":2.0},{"damage":0.0,"enemies":"Cultist","floor":3.0,"turns":3.0},{"damage":0.0,"enemies":"3 Louse","floor":5.0,"turns":2.0},{"damage":0.0,"enemies":"Gremlin Nob","floor":6.0,"turns":2.0},{"damage":0.0,"enemies":"The Mushroom Lair","floor":7.0,"turns":3.0},{"damage":0.0,"enemies":"3 Sentries","floor":8.0,"turns":5.0},{"damage":0.0,"enemies":"Lagavulin","floor":11.0,"turns":4.0},{"damage":10.0,"enemies":"Slime Boss","floor":16.0,"turns":6.0},{"damage":0.0,"enemies":"Spheric Guardian","floor":18.0,"turns":2.0},{"damage":0.0,"enemies":"Book of Stabbing","floor":23.0,"turns":3.0},{"damage":0.0,"enemies":"3 Byrds","floor":24.0,"turns":2.0},{"damage":0.0,"enemies":"Slavers","floor":27.0,"turns":2.0},{"damage":0.0,"enemies":"Colosseum Slavers","floor":28.0,"turns":1.0},{"damage":0.0,"enemies":"Colosseum Nobs","floor":28.0,"turns":1.0},{"damage":0.0,"enemies":"Centurion and Healer","floor":29.0,"turns":1.0},{"damage":0.0,"enemies":"Book of Stabbing","floor":31.0,"turns":1.0},{"damage":0.0,"enemies":"Champ","floor":33.0,"turns":4.0},{"damage":0.0,"enemies":"Orb Walker","floor":35.0,"turns":1.0},{"damage":0,"enemies":"3 Shapes","floor":37,"turns":1},{"damage":0,"enemies":"Nemesis","floor":40,"turns":3},{"damage":0,"enemies":"Reptomancer","floor":42,"turns":1},{"damage":0,"enemies":"Giant Head","floor":44,"turns":2},{"damage":0,"enemies":"Reptomancer","floor":47,"turns":1},{"damage":0,"enemies":"Jaw Worm Horde","floor":48,"turns":2},{"damage":0,"enemies":"Time Eater","floor":50,"turns":2},{"damage":0,"enemies":"Donu and Deca","floor":51,"turns":3},{"damage":0,"enemies":"Shield and Spear","floor":55,"turns":2},{"damage":8,"enemies":"The Heart","floor":56,"turns":6}],"seed_played":"-6208415500062193699","potions_obtained":[{"floor":3.0,"key":"DistilledChaos"},{"floor":5.0,"key":"Regen Potion"},{"floor":6.0,"key":"LiquidMemories"},{"floor":11.0,"key":"Swift Potion"},{"floor":16.0,"key":"BlessingOfTheForge"},{"floor":29.0,"key":"AttackPotion"},{"floor":33.0,"key":"PowerPotion"},{"floor":44,"key":"Strength Potion"}],"is_trial":false,"path_per_floor":["M","M","M","?","M","E","?","E","T","?","E","T","R","?","R","B",null,"M","$","?","?","T","E","M","R","T","E","?","M","?","E","R","B",null,"M","?","M","T","?","E","?","E","T","E","?","R","E","M","R","B","B",null,"R","$","E","B",null],"character_chosen":"THE_SILENT","items_purchased":["Membership Card","Akabeko","Vajra","PiercingWail","Tiny Chest","Bronze Scales","Ancient Tea Set","TwistedFunnel","Catalyst","Cloak And Dagger","PreservedInsect","Toy Ornithopter","HandDrill","Gambling Chip","Gremlin Horn","Bag of Preparation","Anchor","Singing Bowl","Accuracy","Energy Potion","Shuriken","Centennial Puzzle","PiercingWail+1"],"campfire_rested":0,"item_purchase_floors":[0,0,0,0,0,0,0,0,0,0,0,0,0,0,0,0,0,0,0,0,19,19,54],"current_hp_per_floor":[59,61,63,45,45,50,67,69,69,69,71,71,71,71,71,64,72,72,74,74,68,68,68,68,68,68,68,68,68,68,68,68,73,74,74,74,76,76,76,78,70,75,85,92,92,92,94,96,96,96,96,96,96,96,96,96],"gold":13,"neow_bonus":"","is_daily":false,"chose_seed":false,"campfire_upgraded":5,"win_rate":0.0,"timestamp":1614150363,"path_taken":["M","M","M","?","M","E","?","E","T","?","E","?","R","?","R","BOSS","M","$","?","?","?","E","M","R","T","E","?","M","?","E","R","BOSS","M","?","M","?","?","E","?","E","T","E","?","R","E","M","R","BOSS","BOSS","R","$","E","BOSS"],"items_purchased_type":["Relic","Relic","Relic","Card","Relic","Relic","Relic","Relic","Card","Card","Relic","Relic","Relic","Relic","Relic","Relic","Relic","Relic","Card","Potion","Relic","Relic","Card"],"build_version":"2020-12-22","purchased_purges":6,"victory":true,"max_hp_per_floor":[66,68,70,70,70,70,70,72,72,72,74,74,74,74,74,74,74,74,74,74,74,74,74,74,74,74,74,74,74,74,74,74,74,74,74,74,76,76,76,78,80,80,90,92,92,92,94,96,96,96,96,96,96,96,96,96],"card_choices":[{"not_picked":["Bane","PiercingWail"],"picked":"Blur","floor":1.0},{"not_picked":["Outmaneuver","Deflect","Caltrops"],"picked":"Singing Bowl","floor":2.0},{"not_picked":["Grand Finale","Endless Agony","Acrobatics"],"picked":"Singing Bowl","floor":3.0},{"not_picked":["Flying Knee","Dodge and Roll","Acrobatics"],"picked":"Cloak And Dagger","floor":5.0},{"not_picked":["Expertise","Cloak And Dagger","Quick Slash"],"picked":"Escape Plan","floor":6.0},{"not_picked":["Underhanded Strike","Reflex","Dodge and Roll"],"picked":"Infinite Blades","floor":7.0},{"not_picked":["Endless Agony","Prepared","Cloak And Dagger","Riddle With Holes"],"picked":"Singing Bowl","floor":8.0},{"not_picked":["Acrobatics","Choke","Dodge and Roll","Bane"],"picked":"Singing Bowl","floor":11.0},{"not_picked":["Doppelganger+1","Tools of the Trade","Phantasmal Killer+1"],"picked":"Burst+1","floor":16.0},{"not_picked":["Sucker Punch","Bane","Backstab"],"picked":"Concentrate+1","floor":18.0},{"not_picked":["Dagger Spray","Calculated Gamble+1","Underhanded Strike"],"picked":"Cloak And Dagger+1","floor":23.0},{"not_picked":["Crippling Poison+1","Unload","Heel Hook"],"picked":"Acrobatics+1","floor":24.0},{"not_picked":["Poisoned Stab","Crippling Poison+1","Eviscerate"],"picked":"Deflect+1","floor":27.0},{"not_picked":["Flying Knee","Doppelganger+1","Acrobatics+1"],"picked":"Backflip+1","floor":28.0},{"not_picked":["Prepared+1","Heel Hook","Riddle With Holes+1"],"picked":"Backflip+1","floor":29.0},{"not_picked":["Sucker Punch","Choke","Predator"],"picked":"Blur+1","floor":31.0},{"not_picked":["Bullet Time+1","Doppelganger+1","Die Die Die"],"picked":"Night Terror+1","floor":33.0},{"not_picked":["Dagger Throw","Outmaneuver+1","Flying Knee"],"picked":"Blade Dance+1","floor":35.0},{"not_picked":["Dagger Spray","Flechettes","Underhanded Strike","Sucker Punch"],"picked":"Singing Bowl","floor":37},{"not_picked":["Endless Agony","Slice","Predator+1","Dodge and Roll+1"],"picked":"Singing Bowl","floor":40},{"not_picked":["Forethought+1","Jack Of All Trades+1","Deep Breath+1","Chrysalis+1"],"picked":"Singing Bowl","floor":41},{"not_picked":["Deep Breath+1","Secret Weapon+1","Enlightenment+1"],"picked":"Purity+1","floor":41},{"not_picked":["Dark Shackles+1","Apotheosis+1","Blind+1"],"picked":"Sadistic Nature","floor":41},{"not_picked":["Terror+1","Acrobatics+1","Deadly Poison+1"],"picked":"Wraith Form v2","floor":42},{"not_picked":["All Out Attack","Dagger Spray+1","Slice+1","Flechettes"],"picked":"Singing Bowl","floor":44},{"not_picked":["Skewer","Noxious Fumes","Sucker Punch","Die Die Die"],"picked":"Singing Bowl","floor":47},{"not_picked":["Endless Agony","Flying Knee","Quick Slash","Backflip+1"],"picked":"Singing Bowl","floor":48},{"not_picked":["All Out Attack","Flying Knee","Dagger Spray"],"picked":"Infinite Blades","floor":55}],"player_experience":385851,"relics_obtained":[{"floor":6.0,"key":"Unceasing Top"},{"floor":7.0,"key":"Odd Mushroom"},{"floor":8.0,"key":"MealTicket"},{"floor":9.0,"key":"Paper Crane"},{"floor":11.0,"key":"Bag of Marbles"},{"floor":12.0,"key":"Toxic Egg 2"},{"floor":23.0,"key":"Juzu Bracelet"},{"floor":26.0,"key":"Potion Belt"},{"floor":27.0,"key":"Mummified Hand"},{"floor":28.0,"key":"Peace Pipe"},{"floor":28.0,"key":"Darkstone Periapt"},{"floor":31.0,"key":"MawBank"},{"floor":38,"key":"Snake Skull"},{"floor":40,"key":"War Paint"},{"floor":42,"key":"CeramicFish"},{"floor":43,"key":"Pear"},{"floor":44,"key":"Pantograph"},{"floor":47,"key":"Omamori"},{"floor":55,"key":"Boot"}],"event_choices":[{"damage_healed":0.0,"max_hp_gain":0.0,"max_hp_loss":0.0,"gold_gain":0.0,"event_name":"Scrap Ooze","player_choice":"Success","floor":4.0,"gold_loss":0.0,"damage_taken":18.0,"relics_obtained":["Question Card"]},{"damage_healed":0.0,"max_hp_gain":0.0,"max_hp_loss":0.0,"gold_gain":0.0,"event_name":"Mushrooms","player_choice":"Fought Mushrooms","floor":7.0,"gold_loss":0.0,"damage_taken":0.0},{"damage_healed":0.0,"max_hp_gain":0.0,"max_hp_loss":0.0,"gold_gain":0.0,"cards_transformed":["Strike_G"],"event_name":"Living Wall","player_choice":"Change","floor":10.0,"gold_loss":0.0,"damage_taken":0.0,"cards_obtained":["Tools of the Trade"]},{"damage_healed":0.0,"max_hp_gain":0.0,"max_hp_loss":0.0,"gold_gain":0.0,"event_name":"Upgrade Shrine","player_choice":"Upgraded","floor":14.0,"gold_loss":0.0,"damage_taken":0.0,"cards_upgraded":["Cloak And Dagger"]},{"damage_healed":0.0,"max_hp_gain":0.0,"max_hp_loss":0.0,"gold_gain":0.0,"event_name":"Addict","player_choice":"Obtained Relic","floor":20.0,"gold_loss":85.0,"damage_taken":0.0,"relics_obtained":["Ornamental Fan"]},{"damage_healed":0.0,"max_hp_gain":0.0,"max_hp_loss":0.0,"gold_gain":0.0,"event_name":"Nest","player_choice":"Joined the Cult","floor":21.0,"gold_loss":0.0,"damage_taken":6.0,"cards_obtained":["RitualDagger"]},{"damage_healed":0.0,"max_hp_gain":0.0,"max_hp_loss":0.0,"gold_gain":0.0,"event_name":"Colosseum","player_choice":"Fight","floor":28.0,"gold_loss":0.0,"damage_taken":0.0},{"damage_healed":0.0,"max_hp_gain":0.0,"max_hp_loss":0.0,"gold_gain":0.0,"event_name":"Colosseum","player_choice":"Fought Nobs","floor":28.0,"gold_loss":0.0,"damage_taken":0.0},{"cards_removed":["Strike_G"],"damage_healed":0.0,"max_hp_gain":0.0,"max_hp_loss":0.0,"gold_gain":0.0,"event_name":"Beggar","player_choice":"Gave Gold","floor":30.0,"gold_loss":75.0,"damage_taken":0.0},{"damage_healed":0,"gold_gain":0,"cards_transformed":["Catalyst"],"player_choice":"Transformed","damage_taken":0,"max_hp_gain":0,"max_hp_loss":0,"event_name":"Transmorgrifier","floor":36,"gold_loss":0,"cards_obtained":["Venomology"]},{"cards_removed":["Defend_G"],"damage_healed":0,"gold_gain":0,"player_choice":"Offered Basic","damage_taken":0,"max_hp_gain":0,"max_hp_loss":0,"event_name":"Bonfire Elementals","floor":39,"gold_loss":0},{"damage_healed":0,"gold_gain":0,"player_choice":"Memory 3","damage_taken":10,"max_hp_gain":0,"max_hp_loss":0,"event_name":"SensoryStone","floor":41,"gold_loss":0},{"damage_healed":0,"gold_gain":0,"player_choice":"Upgraded","damage_taken":0,"max_hp_gain":0,"max_hp_loss":0,"event_name":"Upgrade Shrine","floor":45,"gold_loss":0,"cards_upgraded":["Wraith Form v2"]}],"is_beta":false,"boss_relics":[{"not_picked":["Cursed Key","Pandora\u0027s Box"],"picked":"Ectoplasm"},{"not_picked":["Black Star","Velvet Choker"],"picked":"Coffee Dripper"}],"items_purged_floors":[0,0,0,0,0,0],"is_endless":false,"potions_floor_spawned":[3,5,6,11,16,23,28,29,33,37,44,48],"ascension_level":20}}