{"host":"b9sas8jv6tsy9swm","time":1614174925,"event":{"mods":["AchievementEnabler","BaseMod","Minty Spire (QoL Compilation)","Permanent Neow","Quick Restart","StSLib"],"gold_per_floor":[119,119,129,148,163,194,194,229,229,229,229,229],"floor_reached":11,"language":"ZHS","playtime":264,"items_purged":[],"score":108,"play_id":"674c3fd2-3681-4876-8b19-441de9c7e673","local_time":"20210224215525","is_ascension_mode":true,"campfire_choices":[{"floor":7,"key":"REST"},{"data":"Ball Lightning","floor":10,"key":"SMITH"}],"circlet_count":0,"master_deck":["Strike_B","Strike_B","Defend_B","Defend_B+1","Defend_B","Defend_B","Zap+1","Dualcast","Ball Lightning+1","Barrage","Ball Lightning","Sunder+1"],"relics":["Cracked Core","Molten Egg 2","Bag of Preparation","Blue Candle"],"acts_visited":["Exordium"],"potions_floor_usage":[6],"damage_taken":[{"damage":2,"enemies":"Jaw Worm","floor":1,"turns":3},{"damage":0,"enemies":"2 Louse","floor":3,"turns":2},{"damage":0,"enemies":"Small Slimes","floor":4,"turns":2},{"damage":4,"enemies":"3 Louse","floor":5,"turns":3},{"damage":12,"enemies":"3 Sentries","floor":6,"turns":3},{"damage":18,"enemies":"Gremlin Nob","floor":8,"turns":3},{"damage":15,"enemies":"Lagavulin","floor":11,"turns":3}],"seed_played":"854214410541351638","potions_obtained":[{"floor":4,"key":"Explosive Potion"},{"floor":6,"key":"Ancient Potion"}],"is_trial":false,"path_per_floor":["M","?","M","M","M","E","R","E","T","R","E"],"character_chosen":"DEFECT","items_purchased":[],"campfire_rested":1,"item_purchase_floors":[],"current_hp_per_floor":[48,33,33,33,29,17,39,21,21,21,6,6],"gold":229,"neow_bonus":"REMOVE_TWO","is_daily":false,"chose_seed":false,"campfire_upgraded":1,"win_rate":0.0,"timestamp":1614174925,"path_taken":["M","?","M","M","M","E","R","E","T","R","E"],"items_purchased_type":[],"build_version":"2020-12-22","purchased_purges":0,"victory":false,"max_hp_per_floor":[75,75,75,75,75,75,75,75,75,75,75,75],"card_choices":[{"not_picked":["Compile Driver","Stack","Force Field"],"picked":"SKIP","floor":1},{"not_picked":["Auto Shields","Gash"],"picked":"Ball Lightning","floor":3},{"not_picked":["Go for the Eyes","Force Field"],"picked":"Barrage","floor":4},{"not_picked":["Fission","Rebound"],"picked":"Ball Lightning","floor":5},{"not_picked":["Undo","Streamline+1","Consume"],"picked":"SKIP","floor":6},{"not_picked":["Gash+1","Go for the Eyes+1"],"picked":"Sunder+1","floor":8}],"player_experience":403536,"relics_obtained":[{"floor":6,"key":"Molten Egg 2"},{"floor":8,"key":"Bag of Preparation"},{"floor":9,"key":"Blue Candle"}],"event_choices":[{"damage_healed":0,"gold_gain":0,"player_choice":"Entered Light","damage_taken":15,"max_hp_gain":0,"max_hp_loss":0,"event_name":"Shining Light","floor":2,"gold_loss":0,"cards_upgraded":["Defend_B","Zap"]}],"is_beta":false,"boss_relics":[],"items_purged_floors":[],"is_endless":false,"potions_floor_spawned":[4,6],"killed_by":"Lagavulin","ascension_level":6}}