{"host":"zk6vb2npgw3pu6j2","time":1614155965,"event":{"mods":["Act Like it!","Aspiration","Bard","BaseMod","Beaked The Cultist","Bestiary","Better Note","Better Sensory Stone","CapriCore","Conspire","Downfall","Friendly Minions","Gensokyo","GifTheSpireLib","Hermit","Hubris","Koishi","Library of Ruina","Library of Ruina Extra","Marisa????????","Marked Mod","Minty Spire (QoL Compilation)","Quarter Circle Forward PUNCH!","Reimu??????","Reliquary","Replay The Spire","Retaliation","Ruina","StSLib","The Administrix","The Alterego","The Blue Laboratory","The Bug Knight","The Construct","The Exalted","The Hierophant","The Immortal","The Marked","The Runesmith","The Senshi","The Servant 0.9.4","The Wild Card","TheVacant","Wandering Minibosses","yUi"],"gold_per_floor":[110,129,105,105,120,146,146,146,146,157,189,204,219,219,219,323,323,340,340,354,373,392,422,422,452,499,529,149,177,177,196,196,301,301,318,318,336,336,390,403,432,432,432,445,470,470,487,512,512,512,512,512,512,171,198,198],"floor_reached":57,"language":"ENG","playtime":3681,"items_purged":["WildCard"],"score":1772,"play_id":"cae4f81b-d40f-45d2-b9ce-8bae78fbe5df","local_time":"20210224033925","is_ascension_mode":true,"campfire_choices":[{"data":"SnakeSlit","floor":7,"key":"SMITH"},{"data":"DarkCloud","floor":15,"key":"SMITH"},{"data":"theWildCard:Scathach","floor":24,"key":"SMITH"},{"data":"1","floor":30,"key":"LIFT"},{"floor":32,"key":"RECALL"},{"data":"2","floor":42,"key":"LIFT"},{"data":"3","floor":46,"key":"LIFT"},{"data":"EnergyCycle","floor":49,"key":"SMITH"},{"data":"SavageMode","floor":53,"key":"SMITH"}],"circlet_count":0,"master_deck":["DegradedFairy","DegradedFairy","DegradedFairy","DegradedChain","DegradedChain","DegradedLock","DegradedPillar","DegradedPillar","DegradedShockwave","SilentMist+1","Parry2","DarkCloud+1","conspire:Banana+1","SnakeSlit+1","SnakeSlit","theWildCard:Scathach+1","Preparation","SerpentSwordTechnique+1","Parry2","EmotionalTurbulence+1","Clone","downfall:Bewildered","FrontalAssault","GaleKick","FrontalAssault","ForTheFamily+1","SilentMist","GatherIntel","Struggle+1","SavageMode+1","FrontalAssault","Parry2+1","EnergyCycle+1","QuickSuppression+1","SnakesPrey","Parry2"],"relics":["PageOfLibrarian","aspiration:Nostalgia","hexamod:SpiritBrand","PageOfSpiderBud","reliquary:PurpleTingedLeaf","aspiration:EmptySkull","reliquary:Stiletto","Sozu","sneckomod:BabySnecko","Bromod:ArcaneAwakening","hubris:TenFootPole","Girya","FossilizedHelix","qcfpunch:Black_Training_Shirt","bronze:MakeshiftBattery","reliquary:TatteredRug","CatCart","wanderingMiniBosses:AbyssPearl","Mercury Hourglass","Boot","wanderingMiniBosses:AbyssPearl","Bromod:ArcaneTrickery","Strawberry","War Paint","Guide Book","Bromod:ArcaneNullifier"],"acts_visited":["Exordium","TheCity","TheBeyond","TheEnding"],"potions_floor_usage":[51,56],"damage_taken":[{"damage":0,"enemies":"Jaw Worm","floor":1,"turns":1},{"damage":0,"enemies":"2 Louse","floor":2,"turns":1},{"damage":0,"enemies":"Cultist","floor":5,"turns":2},{"damage":0,"enemies":"Gremlin Nob","floor":6,"turns":2},{"damage":0,"enemies":"Blue Slaver","floor":10,"turns":2},{"damage":1,"enemies":"3 Sentries","floor":11,"turns":4},{"damage":3,"enemies":"conspire:2 RoseBushes","floor":12,"turns":2},{"damage":0,"enemies":"Looter","floor":13,"turns":1},{"damage":3,"enemies":"Slime Boss","floor":16,"turns":6},{"damage":7,"enemies":"2 Thieves","floor":18,"turns":3},{"damage":0,"enemies":"Spheric Guardian","floor":20,"turns":1},{"damage":24,"enemies":"Shelled Parasite and Fungi","floor":21,"turns":5},{"damage":0,"enemies":"Centurion and Healer","floor":22,"turns":2},{"damage":2,"enemies":"HollowMod:Nosk","floor":23,"turns":4},{"damage":0,"enemies":"Replay:Snechameleon","floor":25,"turns":3},{"damage":0,"enemies":"Gremlin Leader","floor":27,"turns":6},{"damage":32,"enemies":"Slavers","floor":29,"turns":5},{"damage":0,"enemies":"Cultist and Chosen","floor":31,"turns":4},{"damage":0,"enemies":"KingOfGreed","floor":33,"turns":11},{"damage":0,"enemies":"Orb Walker","floor":35,"turns":2},{"damage":0,"enemies":"3 Shapes","floor":37,"turns":2},{"damage":0,"enemies":"Orin","floor":39,"turns":8},{"damage":0,"enemies":"Maw","floor":40,"turns":6},{"damage":0,"enemies":"beaked:SuperParasite","floor":41,"turns":5},{"damage":0,"enemies":"Transient","floor":44,"turns":5},{"damage":0,"enemies":"Reptomancer","floor":45,"turns":3},{"damage":0,"enemies":"Spire Growth","floor":47,"turns":4},{"damage":0,"enemies":"R_Hoarder","floor":48,"turns":4},{"damage":0,"enemies":"Donu and Deca","floor":50,"turns":7},{"damage":0,"enemies":"Donu and Deca","floor":51,"turns":7},{"damage":0,"enemies":"Shield and Spear","floor":55,"turns":4},{"damage":16,"enemies":"The Heart","floor":56,"turns":8}],"seed_played":"-5923171750456090126","potions_obtained":[{"floor":1,"key":"DDmod:CleansePotion"},{"floor":5,"key":"LiquidMemories"},{"floor":13,"key":"blueLaboratory:BottleOfVodka"}],"is_trial":false,"path_per_floor":["M","M","$","?","M","E","R","?","T","M","E","M","M","?","R","B",null,"M","?","M","M","M","E","R","E","T","E","$","E","R","M","R","B",null,"M","?","M","T","?","M","E","R","T","M","E","R","M","E","R","B",null,null,"R","$","E","B",null],"character_chosen":"Librarian","items_purchased":["DarkCloud","FossilizedHelix","War Paint","Guide Book","SnakesPrey"],"campfire_rested":0,"item_purchase_floors":[3,28,54,54,54],"current_hp_per_floor":[60,60,60,60,61,62,62,62,62,65,75,79,83,71,71,80,94,90,90,95,78,84,87,87,92,92,99,99,78,78,85,85,97,102,103,103,104,104,105,106,107,107,107,108,108,108,109,116,116,117,118,118,118,118,120,109],"gold":198,"neow_bonus":"NOSTALGIA","is_daily":false,"chose_seed":false,"campfire_upgraded":5,"win_rate":0.0,"timestamp":1614155965,"path_taken":["M","M","$","?","?","E","R","?","T","M","E","M","M","?","R","BOSS","M","?","M","M","M","E","R","E","T","E","$","E","R","M","R","BOSS","M","?","M","?","?","M","E","R","T","M","E","R","?","E","R","BOSS","R","$","E","BOSS"],"items_purchased_type":["Card","Relic","Relic","Relic","Card"],"build_version":"2020-12-22","purchased_purges":1,"victory":true,"max_hp_per_floor":[90,90,90,90,91,92,92,92,92,92,93,93,93,93,93,94,94,94,94,95,96,96,97,97,98,98,99,99,100,100,101,101,102,102,103,103,104,104,105,106,107,107,107,108,108,108,109,116,116,117,118,118,118,118,120,122],"card_choices":[{"not_picked":["ElectricShock","SinglePointStab","SunsetBlade","EndlessBattle","Unlock1","DefenseOrder","IngredientHunt","EnergyCycle"],"picked":"SilentMist","floor":1},{"not_picked":["SerpentSwordTechnique","DarkCloud","HiddenBlade","SinglePointStab","AsThePrescriptOrders","StrikeDown","GreatSerpentsImpact","Cruelty"],"picked":"Parry2","floor":2},{"not_picked":["Replay:Sssssssssstrike","Madness","Dark Shackles","Dramatic Entrance","Poisoned Strike","ReplayTheSpireMod:Trickstab","Discovery","hubris:Ssssneak"],"picked":"conspire:Banana","floor":4},{"not_picked":["HighKick","Rewind","AGoldenOpportunity","MultiHit","PreemptiveStrike","GuardingStance","SuppressingShot","DevastatingThrash"],"picked":"SnakeSlit","floor":5},{"not_picked":["ClassAndRespect","PreemptiveStrike","RulesOfTheBackstreets","LeRegole","DarkCloud","FeatherShield","HandleRequest","Creak"],"picked":"SnakeSlit","floor":6},{"not_picked":["SinglePointStab","PreemptiveStrike","YoureTooSlow","DimensionalRift","GuidanceOfTheGears","Eject","HandleRequest","CutIn"],"picked":"Preparation","floor":10},{"not_picked":["IllEndYou","FleetEdge","SetFire","StartinOutLightly","GutHarvesting","SharpNails","StrikeDown","AGoldenOpportunity"],"picked":"SerpentSwordTechnique","floor":11},{"not_picked":["SuppressingShot","BladeWhirl","ClassAndRespect","LoosenUp","SmokingPipe","Pound","FeatherShield","SkitterAway"],"picked":"Parry2","floor":12},{"not_picked":["GuidanceOfTheGears","Outburst","CutIn","ShrineToMusic","SunsetBlade","HiddenBlade","SkyClearingCut","Zzzzzap","AlloutWar"],"picked":"SKIP","floor":13},{"not_picked":["Punishment","EnergyBeam"],"picked":"EmotionalTurbulence","floor":16},{"not_picked":["Wallop_lor","StrikeDown","WillOfThePrescript","BattleCommand+1","NightInTheBackstreets","StructuralAnalysis","GuardingStance+1","QuickAttack"],"picked":"Clone","floor":18},{"not_picked":["BackAttack","BiAn","EnergyCycle","Transpierce","CutIn","HandleRequest","Reload","DefenseOrder+1"],"picked":"FrontalAssault","floor":20},{"not_picked":["MultiHit","WillBeTasty+1","HeavyPeaks","Duel_lor+1","RatsGuideToSurvival","StrongStrike+1","FleetFootsteps","HiddenBlade"],"picked":"GaleKick","floor":21},{"not_picked":["SearingSword","Gigigig+1","GreatSerpentsImpact","Standoff","Castigation","Overpower","StrongStrike","EnergyCycle"],"picked":"WildCard","floor":22},{"not_picked":["Eliminate","GrazeTheGrass","SinglePointStab","LoosenUp","HandleRequest","GutHarvesting","EnergyCycle","ToWhereThePrescriptPoints"],"picked":"FrontalAssault","floor":23},{"not_picked":["GreatSerpentsImpact","HeavyPeaks+1","Retaliate","FleetFootsteps","BoundaryOfDeath","DesperateStruggle","AlloutWar","Juggling+1"],"picked":"ForTheFamily","floor":25},{"not_picked":["EnergyStrike","VenomousFangs","RatsGuideToSurvival","BattleCommand","BladeWhirl","CookingPrep+1","TendonChords+1","AsThePrescriptOrders"],"picked":"SilentMist","floor":27},{"not_picked":["SharpSwipe","Deflect_lor","ForcefulGesture+1","IronWall","Rewind","CoordinatedAssault","BiAn","IngredientHunt+1"],"picked":"GatherIntel","floor":29},{"not_picked":["Pound","BiAn+1","Parry","SunsetBlade+1","BlazingStrike","Track","MultiBlock","HighKick+1"],"picked":"Struggle+1","floor":31},{"not_picked":["FlamingDragonFist","GutHarvesting"],"picked":"SavageMode","floor":33},{"not_picked":["Diversion+1","ShockRound","FlowOfTheSword","EnergyConversion+1","EnergyShield+1","Slice_lor","MultiHit+1","CombatPreparation+1"],"picked":"FrontalAssault","floor":35},{"not_picked":["NightInTheBackstreets","BiAn+1","FleetFootsteps+1","AlloutWar+1","ChiWen+1","Thirst","FleetEdge","EnergyConversion+1","SinglePointStab"],"picked":"SKIP","floor":37},{"not_picked":["FleetEdge+1","SuppressingShot","ToOvercomeCrisis+1","Thrust","UpbeatPerformance","EnergyConversion","Mutilate","FlashOfSunup","InhaleSmoke"],"picked":"SKIP","floor":40},{"not_picked":["SpearedSweep","ElectricShock+1","Wallop_lor","SuppressingShot+1","FleetFootsteps","TendonChords+1","CumulusWall+1","Observe","FierceCharge"],"picked":"SKIP","floor":41},{"not_picked":["FleetEdge+1","ShrineToMusic+1","FaintMemories","TendonChords+1","Leap_lor","HandleRequest","Guardian_lor","SturdyDefense","SinglePointStab+1"],"picked":"SKIP","floor":44},{"not_picked":["RepressedFlesh","Outburst+1","AsThePrescriptOrders+1","Thirst+1","GreatSerpentsImpact+1","Observe","HandleRequest","StrongStrike"],"picked":"Parry2+1","floor":45},{"not_picked":["StayCalm+1","DefenseOrder+1","Guardian_lor","SmokingPipe+1","PreparedMind","ExtractFuel+1","Quickness","BiteOff+1"],"picked":"EnergyCycle","floor":47},{"not_picked":["TraceOfFumes+1","ScatteringSlash","HiddenBlade","DesperateStruggle+1","BiAn","LossOfSenses+1","Clone","JiaoTu+1"],"picked":"QuickSuppression+1","floor":48},{"not_picked":["Diversion","FierceCharge","ConcentratedFire+1","Reload+1","AbsorbImpact","TendonChords+1","ChiWen+1","SnakesPrey"],"picked":"Parry2","floor":55}],"player_experience":322094,"relics_obtained":[{"floor":6,"key":"PageOfSpiderBud"},{"floor":9,"key":"reliquary:PurpleTingedLeaf"},{"floor":11,"key":"aspiration:EmptySkull"},{"floor":23,"key":"Bromod:ArcaneAwakening"},{"floor":25,"key":"hubris:TenFootPole"},{"floor":27,"key":"Girya"},{"floor":29,"key":"qcfpunch:Black_Training_Shirt"},{"floor":38,"key":"reliquary:TatteredRug"},{"floor":39,"key":"CatCart"},{"floor":39,"key":"wanderingMiniBosses:AbyssPearl"},{"floor":41,"key":"Mercury Hourglass"},{"floor":43,"key":"Boot"},{"floor":44,"key":"wanderingMiniBosses:AbyssPearl"},{"floor":45,"key":"Bromod:ArcaneTrickery"},{"floor":48,"key":"Strawberry"},{"floor":55,"key":"Bromod:ArcaneNullifier"}],"event_choices":[{"damage_healed":0,"gold_gain":1,"player_choice":"1","damage_taken":0,"max_hp_gain":0,"max_hp_loss":0,"event_name":"betterStone:BetterStone","floor":4,"gold_loss":0},{"damage_healed":0,"gold_gain":0,"player_choice":"Success","damage_taken":12,"relics_obtained":["reliquary:Stiletto"],"max_hp_gain":0,"max_hp_loss":0,"event_name":"Scrap Ooze","floor":14,"gold_loss":0},{"damage_healed":0,"gold_gain":0,"player_choice":"Fight","damage_taken":0,"max_hp_gain":0,"max_hp_loss":0,"event_name":"OrinTheCat","floor":39,"gold_loss":0}],"is_beta":false,"boss_relics":[{"not_picked":["conspire:SlowCooker","Painkiller Herb"],"picked":"Sozu"},{"not_picked":["conspire:SeveredTorchhead","Tiny House"],"picked":"bronze:MakeshiftBattery"}],"items_purged_floors":[28],"is_endless":false,"potions_floor_spawned":[1,5,13,21,29,31,39,40,45,48],"ascension_level":1}}