{"host":"jsd6g3c2vo13e69c","time":1614151056,"event":{"mods":["2.2 Compatiblity","Act Like it!","BaseMod","Better Altar","Better Match","Better Note","Better Sensory Stone","Better Third Choice","BetterRewards","Colored Map","Colored Powertips","Downfall","Friendly Minions","GifTheSpireLib","Googly Eyes","Gremlin Mod","Hermit","Hubris","Infinite Spire","Melee Mod","Minty Spire (QoL Compilation)","Permanent Neow","Quick Restart","Random Character Button","Replay The Spire","Shop Mod","Spire Arcade","StSLib","The Cursed","The Disciple","The Forsaken","thorton"],"gold_per_floor":[214,231,248,263,263,263,279,296,323,323,323,333,333,345,345,345,345],"floor_reached":16,"language":"ENG","playtime":1869,"items_purged":[],"score":96,"play_id":"91832ee3-409f-46e1-b961-e5ca2fcb7dbd","local_time":"20210224021736","is_ascension_mode":false,"campfire_choices":[{"data":"Seeing Red","floor":6,"key":"SMITH"},{"data":"Dark Embrace","floor":11,"key":"SMITH"},{"data":"ReplayTheSpireMod:Strike From Hell","floor":13,"key":"SMITH"},{"floor":15,"key":"REST"}],"circlet_count":0,"master_deck":["Strike_R","Strike_R","Strike_R","Strike_R","Strike_R","Defend_R","Defend_R","Defend_R","Defend_R","Bash","Seeing Red+1","ReplayTheSpireMod:Stacked","ReplayTheSpireMod:Strike From Hell+1","Crystallizer+1","Atom Bomb","Run Through","Dark Embrace+1","Run Through+1","Run Through"],"relics":["Burning Blood","Gremlin Food","hubris:ToyBattleship","hubris:SlimyHat"],"acts_visited":["Exordium"],"potions_floor_usage":[4,7,12],"damage_taken":[{"damage":1,"enemies":"Cultist","floor":1,"turns":4},{"damage":0,"enemies":"2 Louse","floor":2,"turns":3},{"damage":0,"enemies":"Jaw Worm","floor":3,"turns":4},{"damage":33,"enemies":"Gremlin Gang","floor":4,"turns":8},{"damage":0,"enemies":"3 Louse","floor":7,"turns":3},{"damage":6,"enemies":"2 Fungi Beasts","floor":8,"turns":2},{"damage":7,"enemies":"Exordium Wildlife","floor":12,"turns":2},{"damage":5,"enemies":"Exordium Thugs","floor":14,"turns":5},{"damage":51,"enemies":"The Guardian","floor":16,"turns":14}],"seed_played":"-1686903410971113600","potions_obtained":[{"floor":1,"key":"Ancient Potion"},{"floor":3,"key":"SpeedPotion"},{"floor":4,"key":"SkillPotion"},{"floor":8,"key":"ColorlessPotion"}],"is_trial":false,"path_per_floor":["M","M","M","M","?","R","M","M","T","?","R","M","R","M","R","B"],"character_chosen":"IRONCLAD","items_purchased":[],"campfire_rested":1,"item_purchase_floors":[],"current_hp_per_floor":[80,80,80,53,17,17,23,23,23,23,23,22,22,23,47,0,0],"gold":345,"neow_bonus":"HUNDRED_GOLD","is_daily":false,"chose_seed":false,"campfire_upgraded":3,"win_rate":0.0,"timestamp":1614151056,"path_taken":["M","M","M","M","?","R","M","M","T","?","R","M","R","M","R","BOSS"],"items_purchased_type":[],"build_version":"2020-12-22","purchased_purges":0,"victory":false,"max_hp_per_floor":[80,80,80,80,80,80,80,80,80,80,80,80,80,80,80,80,80],"card_choices":[{"not_picked":["Thunderclap","Sword Boomerang"],"picked":"Seeing Red","floor":1},{"not_picked":["Warcry","Clothesline"],"picked":"ReplayTheSpireMod:Stacked","floor":2},{"not_picked":["Wild Strike","Dark Embrace"],"picked":"ReplayTheSpireMod:Strike From Hell","floor":3},{"not_picked":["Pommel Strike","Twin Strike","Clash"],"picked":"SKIP","floor":4},{"not_picked":["Power Through","Metallicize"],"picked":"Run Through","floor":7},{"not_picked":["Iron Wave","ReplayTheSpireMod:Strike From Hell"],"picked":"Dark Embrace","floor":8},{"not_picked":["Inflame","Warcry"],"picked":"Run Through","floor":12},{"not_picked":["Headbutt","Anger"],"picked":"Run Through","floor":14}],"player_experience":433547,"relics_obtained":[{"floor":9,"key":"hubris:SlimyHat"}],"event_choices":[],"is_beta":false,"boss_relics":[],"items_purged_floors":[],"is_endless":false,"potions_floor_spawned":[1,3,4,8],"killed_by":"The Guardian","ascension_level":0}}