{"host":"fxrgx7wt2cpkbhka","time":1614143073,"event":{"mods":["AchievementEnabler","BaseMod","Colored Powertips","Dark Map","Minty Spire (QoL Compilation)","Permanent Neow","Quick Restart","Slay-I","StSLib","Waifu the Spire"],"gold_per_floor":[110,33,33,33,47,47,83,154,154,51,71,71,100,134,134,134,134],"floor_reached":16,"language":"ENG","playtime":328,"items_purged":["Decay"],"score":229,"play_id":"d3ab46fd-5d66-4cbf-a95e-ffc3298630b7","local_time":"20210223210433","is_ascension_mode":true,"campfire_choices":[{"data":"Flex","floor":6,"key":"SMITH"},{"data":"Inflame","floor":12,"key":"SMITH"},{"data":"Metallicize","floor":15,"key":"SMITH"}],"circlet_count":0,"master_deck":["AscendersBane","Strike_R+1","Strike_R","Strike_R","Strike_R","Strike_R","Defend_R+1","Defend_R","Defend_R","Defend_R","Bash","Flex+1","Metallicize+1","Inflame+1","Clash","Metallicize","Intimidate"],"relics":["Burning Blood","NeowsBlessing","CeramicFish","Gremlin Horn","Bottled Lightning","Darkstone Periapt","Odd Mushroom"],"acts_visited":["Exordium"],"potions_floor_usage":[14],"damage_taken":[{"damage":0,"enemies":"Cultist","floor":1,"turns":1},{"damage":0,"enemies":"Jaw Worm","floor":5,"turns":1},{"damage":0,"enemies":"Lagavulin","floor":7,"turns":1},{"damage":12,"enemies":"2 Louse","floor":11,"turns":3},{"damage":28,"enemies":"Gremlin Nob","floor":13,"turns":5},{"damage":23,"enemies":"The Mushroom Lair","floor":14,"turns":4},{"damage":25,"enemies":"Hexaghost","floor":16,"turns":9}],"seed_played":"8390185467288769106","potions_obtained":[{"floor":14,"key":"Fruit Juice"}],"is_trial":false,"path_per_floor":["M","$","?","?","M","R","E","T","T","$","M","R","E","?","R","B"],"character_chosen":"IRONCLAD","items_purchased":["Metallicize","Metallicize"],"campfire_rested":0,"item_purchase_floors":[2,10],"current_hp_per_floor":[74,74,51,51,57,57,63,63,63,63,57,57,35,23,23,0,0],"gold":134,"neow_bonus":"THREE_ENEMY_KILL","is_daily":false,"chose_seed":false,"campfire_upgraded":3,"win_rate":0.0,"timestamp":1614143073,"path_taken":["M","$","?","?","?","R","E","?","T","$","M","R","E","?","R","BOSS"],"items_purchased_type":["Card","Card"],"build_version":"2020-12-22","purchased_purges":1,"victory":false,"max_hp_per_floor":[75,75,75,75,75,75,75,75,75,75,75,75,75,80,80,80,80],"card_choices":[{"not_picked":["Feel No Pain","Disarm"],"picked":"Flex","floor":1},{"not_picked":["Havoc","Body Slam"],"picked":"Inflame","floor":5},{"not_picked":["Clothesline","Searing Blow"],"picked":"Clash","floor":7},{"not_picked":["Perfected Strike","Heavy Blade","Dark Embrace"],"picked":"SKIP","floor":11},{"not_picked":["Dark Embrace","Feed","Rampage"],"picked":"SKIP","floor":13},{"not_picked":["Evolve","Wild Strike"],"picked":"Intimidate","floor":14}],"player_experience":807114,"relics_obtained":[{"floor":7,"key":"CeramicFish"},{"floor":8,"key":"Gremlin Horn"},{"floor":9,"key":"Bottled Lightning"},{"floor":13,"key":"Darkstone Periapt"},{"floor":14,"key":"Odd Mushroom"}],"event_choices":[{"damage_healed":0,"gold_gain":0,"player_choice":"Entered Light","damage_taken":23,"max_hp_gain":0,"max_hp_loss":0,"event_name":"Shining Light","floor":3,"gold_loss":0,"cards_upgraded":["Defend_R","Strike_R"]},{"damage_healed":0,"gold_gain":0,"player_choice":"Cursed","damage_taken":0,"max_hp_gain":0,"max_hp_loss":0,"event_name":"Wheel of Change","floor":4,"gold_loss":0,"cards_obtained":["Decay"]},{"damage_healed":0,"gold_gain":0,"player_choice":"Fought Mushrooms","damage_taken":0,"max_hp_gain":0,"max_hp_loss":0,"event_name":"Mushrooms","floor":14,"gold_loss":0}],"is_beta":false,"boss_relics":[],"items_purged_floors":[10],"is_endless":false,"potions_floor_spawned":[14],"killed_by":"Hexaghost","ascension_level":15}}