{"host":"dwqr8rfkubzfvfti","time":1614203887,"event":{"mods":["BaseMod","Colored Map","Colored Powertips","Minty Spire (QoL Compilation)","Rare Cards Sparkle","Relic Stats"],"gold_per_floor":[365,365,379,154,170,170,195,0,53,53,66,85,105,130,130,230,230,243,100,112,122,137,137,152,152,220,240,240,254,271,43,43,145,145,164,177,177,26,26,26,54,54,54,67,31,31,31],"floor_reached":46,"language":"ENG","playtime":2752,"items_purged":["Pain"],"score":710,"play_id":"10c07e17-8f09-4a35-a98a-05f71e8034bc","local_time":"20210224145807","is_ascension_mode":true,"campfire_choices":[{"data":"Whirlwind","floor":6,"key":"SMITH"},{"floor":10,"key":"REST"},{"data":"Shockwave","floor":15,"key":"SMITH"},{"floor":23,"key":"REST"},{"floor":25,"key":"REST"},{"floor":28,"key":"REST"},{"floor":32,"key":"REST"},{"floor":40,"key":"REST"},{"data":"Armaments","floor":42,"key":"SMITH"}],"circlet_count":0,"master_deck":["Strike_R","Strike_R","Strike_R","Strike_R","Defend_R","Defend_R","Defend_R","Defend_R","Bash","Headbutt","Twin Strike","Whirlwind+1","Ghostly Armor","Immolate","Fire Breathing","Pummel","Shrug It Off","Seeing Red","Shockwave+1","Flex","Limit Break","Pommel Strike","Twin Strike+1","Armaments+1","Heavy Blade+1","Perfected Strike","Dropkick","Double Tap","Flame Barrier","Wild Strike+1","Madness","Madness","Spot Weakness+1","Parasite","Heavy Blade","Rupture+1"],"relics":["Burning Blood","Sling","Vajra","Potion Belt","Gambling Chip","Cursed Key","Happy Flower","Gremlin Horn","Bag of Marbles","SacredBark","Bronze Scales","Frozen Egg 2","Pen Nib"],"acts_visited":["Exordium","TheCity","TheBeyond"],"potions_floor_usage":[14,16,21,29,33,41,44,46],"damage_taken":[{"damage":8,"enemies":"Jaw Worm","floor":1,"turns":6},{"damage":1,"enemies":"Cultist","floor":3,"turns":3},{"damage":7,"enemies":"Small Slimes","floor":5,"turns":3},{"damage":35,"enemies":"3 Sentries","floor":7,"turns":6},{"damage":9,"enemies":"3 Louse","floor":11,"turns":2},{"damage":7,"enemies":"Exordium Wildlife","floor":12,"turns":3},{"damage":0,"enemies":"Exordium Thugs","floor":13,"turns":3},{"damage":12,"enemies":"Lagavulin","floor":14,"turns":3},{"damage":22,"enemies":"Slime Boss","floor":16,"turns":7},{"damage":23,"enemies":"Spheric Guardian","floor":18,"turns":4},{"damage":16,"enemies":"2 Thieves","floor":20,"turns":2},{"damage":26,"enemies":"Snecko","floor":21,"turns":4},{"damage":11,"enemies":"Snake Plant","floor":22,"turns":3},{"damage":38,"enemies":"Shelled Parasite and Fungi","floor":24,"turns":5},{"damage":14,"enemies":"Snecko","floor":27,"turns":3},{"damage":24,"enemies":"Snake Plant","floor":29,"turns":2},{"damage":4,"enemies":"Centurion and Healer","floor":30,"turns":3},{"damage":62,"enemies":"Collector","floor":33,"turns":9},{"damage":8,"enemies":"Orb Walker","floor":35,"turns":3},{"damage":13,"enemies":"3 Darklings","floor":36,"turns":3},{"damage":25,"enemies":"Giant Head","floor":41,"turns":6},{"damage":18,"enemies":"Maw","floor":44,"turns":5},{"damage":43,"enemies":"Writhing Mass","floor":46,"turns":4}],"seed_played":"-6588818785952570505","potions_obtained":[{"floor":7,"key":"Energy Potion"},{"floor":11,"key":"Weak Potion"},{"floor":13,"key":"Swift Potion"},{"floor":14,"key":"LiquidBronze"},{"floor":18,"key":"BloodPotion"},{"floor":22,"key":"Swift Potion"},{"floor":24,"key":"ColorlessPotion"},{"floor":30,"key":"Fire Potion"},{"floor":36,"key":"LiquidMemories"},{"floor":41,"key":"SpeedPotion"}],"is_trial":false,"path_per_floor":["M","?","M","$","M","R","E","$","T","R","M","M","M","E","R","B",null,"M","$","M","M","M","R","M","R","T","M","R","M","M","$","R","B",null,"M","M","?","$","?","R","E","R","T","M","$","M"],"character_chosen":"IRONCLAD","items_purchased":["Whirlwind","Sling","Fire Breathing","Pummel","Shrug It Off","Happy Flower","Bag of Marbles","Bronze Scales","Rupture+1"],"campfire_rested":6,"item_purchase_floors":[4,4,8,8,8,19,31,38,45],"current_hp_per_floor":[49,49,54,54,53,53,24,24,24,48,45,44,50,44,44,28,67,50,50,40,36,31,55,23,47,47,39,63,45,47,47,71,15,64,62,55,55,55,45,69,50,50,50,38,38,0,0],"gold":31,"neow_bonus":"TWO_FIFTY_GOLD","is_daily":false,"chose_seed":false,"campfire_upgraded":3,"win_rate":0.0,"timestamp":1614203887,"path_taken":["M","?","M","$","M","R","E","$","T","R","M","?","?","E","R","BOSS","M","?","M","M","?","R","M","R","T","M","R","M","M","$","R","BOSS","M","M","?","$","?","R","E","R","T","?","?","M"],"items_purchased_type":["Card","Relic","Card","Card","Card","Relic","Relic","Relic","Card"],"build_version":"2020-12-22","purchased_purges":1,"victory":false,"max_hp_per_floor":[80,80,80,80,80,80,80,80,80,80,80,80,80,80,80,80,80,80,80,80,80,80,80,80,80,80,80,80,80,80,80,80,80,80,80,80,80,80,80,80,80,80,80,80,80,80,80],"relic_stats":{"Happy Flower":[17],"Gremlin Horn":[5,5],"counters":[23,92],"Gambling Chip":[31],"Bronze Scales":[27],"Pen Nib":[1],"Cursed Key":2,"obtain_stats":[{"Potion Belt":9,"Happy Flower":19,"Gremlin Horn":26,"SacredBark":34,"Vajra":7,"Pen Nib":43,"Frozen Egg 2":41,"Sling":4,"Cursed Key":17,"Burning Blood":0,"Gambling Chip":14,"Bronze Scales":38,"Bag of Marbles":31},{"Potion Belt":4,"Happy Flower":10,"Gremlin Horn":14,"SacredBark":18,"Vajra":4,"Pen Nib":21,"Frozen Egg 2":21,"Sling":2,"Cursed Key":9,"Burning Blood":0,"Gambling Chip":8,"Bronze Scales":20,"Bag of Marbles":17},{"Potion Belt":18,"Happy Flower":40,"Gremlin Horn":54,"SacredBark":71,"Vajra":18,"Pen Nib":83,"Frozen Egg 2":83,"Sling":9,"Cursed Key":36,"Burning Blood":0,"Gambling Chip":29,"Bronze Scales":77,"Bag of Marbles":62}],"Burning Blood":132},"card_choices":[{"not_picked":["Warcry","Clash"],"picked":"Headbutt","floor":1},{"not_picked":["Clash","True Grit"],"picked":"Twin Strike","floor":3},{"not_picked":["Thunderclap","Seeing Red"],"picked":"Ghostly Armor","floor":5},{"not_picked":["Clothesline","Clash"],"picked":"Immolate","floor":7},{"not_picked":["Heavy Blade","Sentinel"],"picked":"Seeing Red","floor":11},{"not_picked":["Evolve","Warcry"],"picked":"Shockwave","floor":12},{"not_picked":["Perfected Strike","Warcry"],"picked":"Flex","floor":13},{"not_picked":["Havoc","Body Slam","Anger"],"picked":"SKIP","floor":14},{"not_picked":["Offering","Demon Form"],"picked":"Limit Break","floor":16},{"not_picked":["True Grit","Hemokinesis"],"picked":"Pommel Strike","floor":18},{"not_picked":["Rage","Havoc+1"],"picked":"Twin Strike+1","floor":20},{"not_picked":["Perfected Strike","True Grit"],"picked":"Armaments","floor":21},{"not_picked":["Searing Blow","Twin Strike","Dark Embrace"],"picked":"SKIP","floor":22},{"not_picked":["Dark Embrace","Headbutt"],"picked":"Heavy Blade+1","floor":24},{"not_picked":["Twin Strike","Thunderclap"],"picked":"Perfected Strike","floor":27},{"not_picked":["Cleave+1","Warcry","Sword Boomerang"],"picked":"SKIP","floor":29},{"not_picked":["Twin Strike","Iron Wave"],"picked":"Dropkick","floor":30},{"not_picked":["Brutality","Barricade"],"picked":"Double Tap","floor":33},{"not_picked":["Armaments+1","Body Slam+1"],"picked":"Flame Barrier","floor":35},{"not_picked":["Cleave","Whirlwind"],"picked":"Wild Strike+1","floor":36},{"not_picked":["Heavy Blade","Barricade+1"],"picked":"Spot Weakness+1","floor":41},{"not_picked":["Clash","Clothesline"],"picked":"Heavy Blade","floor":44}],"player_experience":503620,"relics_obtained":[{"floor":7,"key":"Vajra"},{"floor":9,"key":"Potion Belt"},{"floor":14,"key":"Gambling Chip"},{"floor":26,"key":"Gremlin Horn"},{"floor":41,"key":"Frozen Egg 2"},{"floor":43,"key":"Pen Nib"}],"event_choices":[{"cards_removed":["Strike_R"],"damage_healed":0,"gold_gain":0,"player_choice":"Purged","damage_taken":0,"max_hp_gain":0,"max_hp_loss":0,"event_name":"Purifier","floor":2,"gold_loss":0},{"damage_healed":0,"gold_gain":0,"player_choice":"Ignored","damage_taken":0,"max_hp_gain":0,"max_hp_loss":0,"event_name":"Tomb of Lord Red Mask","floor":37,"gold_loss":0},{"damage_healed":0,"gold_gain":0,"player_choice":"Embrace Madness","damage_taken":10,"max_hp_gain":0,"max_hp_loss":0,"event_name":"Winding Halls","floor":39,"gold_loss":0,"cards_obtained":["Madness","Madness"]}],"is_beta":false,"boss_relics":[{"not_picked":["Runic Pyramid","Fusion Hammer"],"picked":"Cursed Key"},{"not_picked":["Empty Cage","Sozu"],"picked":"SacredBark"}],"items_purged_floors":[31],"is_endless":false,"potions_floor_spawned":[7,11,13,14,18,22,24,30,36,41],"killed_by":"Writhing Mass","ascension_level":8}}