{"host":"j2lclbvdfoh0nnbr","time":1614151322,"event":{"mods":["100% Spire Juice","ATMod(°¢èªMod)","Act Like it!","Aspiration","BaseMod","Bossed Relics","Gensokyo","Library of Ruina","Library of Ruina Extra","Lobotomy","LobotomyExtend","Minty Spire (QoL Compilation)","Reimu£¨²©ÀöÁéÃÎ£©","Reliquary","Replay The Spire","RumiaBox-Â¶Ã×æ«µÄÉñÃØºÐ×Ó","StSLib","The Animator","Waifu the Spire","¡¾ÒÅÎï¿¨ÅÆ¡¿REMEMod"],"gold_per_floor":[112,112,130,130,10,45,45,78,78,78,97,110,69,87,87,87,87],"floor_reached":16,"language":"ZHS","playtime":1305,"items_purged":[],"score":110,"play_id":"a5fd38c9-9c0b-4331-b935-0e04d1eb6927","local_time":"20210224152202","is_ascension_mode":false,"campfire_choices":[{"data":"Moonworks:Ambush","floor":7,"key":"SMITH"},{"data":"Moonworks:EvilSpyWorkPreparation","floor":10,"key":"SMITH"},{"data":"Moonworks:LuckyCharm","floor":15,"key":"SMITH"}],"circlet_count":0,"master_deck":["Moonworks:Strike","Moonworks:Strike","Moonworks:Strike","Moonworks:Strike","Moonworks:Defend","Moonworks:Defend","Moonworks:Defend","Moonworks:Defend","Moonworks:Ambush+1","Moonworks:LongDistanceShot","Commandeering","Moonworks:NicePresent","Moonworks:Flamethrower","Moonworks:EvilSpyWorkPreparation+1","Moonworks:DevilHand","Moonworks:HolyNight","Moonworks:Dash","Moonworks:BigMagnum","Moonworks:CloudOfSeagulls","Moonworks:LuckyCharm+1"],"relics":["Moonworks:BrokenBomb","Moonworks:Homemark","AT_ATBox","REME_ComplimentaryCards","aspiration:Nostalgia","FlyPower:ReiMu","LetterFromLob","Gensokyo:PortableGap","Gensokyo:OccultBall","Omamori","PageOfBloodbath","Replay:Wax Seal","ReplayFunnel"],"acts_visited":["Exordium"],"potions_floor_usage":[],"damage_taken":[{"damage":0,"enemies":"Gensokyo:3_Fairies","floor":1,"turns":4},{"damage":5,"enemies":"Gensokyo:Python","floor":3,"turns":5},{"damage":3,"enemies":"Gensokyo:Cirno","floor":6,"turns":6},{"damage":16,"enemies":"Gensokyo:Aya","floor":8,"turns":6},{"damage":0,"enemies":"Gensokyo:Gryphon","floor":11,"turns":2},{"damage":2,"enemies":"Gensokyo:3_Kodama","floor":12,"turns":3},{"damage":0,"enemies":"Gensokyo:2_Rabbits","floor":14,"turns":2},{"damage":21,"enemies":"Gensokyo:Reimu","floor":16,"turns":9}],"seed_played":"-8758024863280678010","potions_obtained":[{"floor":3,"key":"Elixir"},{"floor":6,"key":"Dexterity Potion"},{"floor":12,"key":"ZuzhouPotion:ReiMu"}],"is_trial":false,"path_per_floor":["M","?","M","?","$","E","R","E","T","R","M","M","?","M","R","B"],"character_chosen":"THE_STARBREAKER","items_purchased":[],"campfire_rested":0,"item_purchase_floors":[],"current_hp_per_floor":[60,54,49,49,49,46,46,30,30,30,30,28,15,15,15,0,0],"gold":87,"neow_bonus":"NOSTALGIA","is_daily":false,"chose_seed":false,"campfire_upgraded":3,"win_rate":0.0,"timestamp":1614151322,"path_taken":["M","?","M","?","?","E","R","E","T","R","M","M","?","?","R","BOSS"],"items_purchased_type":[],"build_version":"2020-12-22","purchased_purges":0,"victory":false,"max_hp_per_floor":[60,54,54,54,54,54,54,54,54,54,54,54,54,54,54,54,54],"card_choices":[{"not_picked":["Moonworks:Assault","Moonworks:Poppoformation"],"picked":"Moonworks:NicePresent","floor":1},{"not_picked":["Moonworks:IndiscriminateFireSupport","Moonworks:ReproductionOfRecords"],"picked":"Moonworks:Flamethrower","floor":3},{"not_picked":["Moonworks:Dash","Moonworks:BigBangBell"],"picked":"Moonworks:EvilSpyWorkPreparation","floor":6},{"not_picked":["Moonworks:DeployBits","Moonworks:ForcedRevival"],"picked":"Moonworks:DevilHand","floor":8},{"not_picked":["Moonworks:NicePresent","Moonworks:IndiscriminateFireSupport"],"picked":"Moonworks:HolyNight","floor":11},{"not_picked":["Moonworks:BeyondHell","Moonworks:EvilSpyWorkPreparation"],"picked":"Moonworks:Dash","floor":12},{"not_picked":["Moonworks:Poppoformation","Moonworks:Flamethrower"],"picked":"Moonworks:BigMagnum","floor":13},{"not_picked":["Moonworks:ImmovableObject","Moonworks:Assault"],"picked":"Moonworks:CloudOfSeagulls","floor":13},{"not_picked":["Moonworks:Assault","Moonworks:NicePresent"],"picked":"Moonworks:LuckyCharm","floor":14}],"player_experience":328505,"relics_obtained":[{"floor":1,"key":"LetterFromLob"},{"floor":6,"key":"Omamori"},{"floor":8,"key":"PageOfBloodbath"},{"floor":9,"key":"Replay:Wax Seal"},{"floor":13,"key":"ReplayFunnel"}],"event_choices":[],"is_beta":false,"boss_relics":[],"items_purged_floors":[],"is_endless":false,"potions_floor_spawned":[3,6,12],"killed_by":"Gensokyo:Reimu","ascension_level":0}}