{"host":"nz11ypxva4e39b7q","time":1614185533,"event":{"mods":["BaseMod","Better Third Choice","Better Vampires","Colored Map","Minty Spire (QoL Compilation)","Quick Restart","Shapeshifter Mod","StSLib"],"gold_per_floor":[367,68,118,138,138,138,157,185,209,209,242,260,260,277,277,355,355,374,389,405,458,477,507,507,521,573,573,274,305,322,353,353,424,424,437,437,449,300,314,346,346,371,371,399,417,444,444,455,455,455,455,455,40,74,74],"floor_reached":56,"language":"ENG","playtime":4284,"items_purged":["StSShapeShifter:Lynx_Form","StSShapeShifter:ShapeShifter_Strike","StSShapeShifter:ShapeShifter_Strike","StSShapeShifter:Tortoise_Form"],"score":2175,"play_id":"3890c7c3-3b07-413f-be7f-7ec5d6fe8d0f","local_time":"20210224175213","is_ascension_mode":true,"campfire_choices":[{"data":"StSShapeShifter:VileMushroom","floor":6.0,"key":"SMITH"},{"data":"StSShapeShifter:MagicMushrooms","floor":10.0,"key":"SMITH"},{"data":"StSShapeShifter:PoisonIvy","floor":13.0,"key":"SMITH"},{"data":"StSShapeShifter:RitualOfTheElders","floor":15.0,"key":"SMITH"},{"floor":24.0,"key":"REST"},{"data":"StSShapeShifter:MammothForm","floor":27.0,"key":"SMITH"},{"floor":32.0,"key":"REST"},{"floor":41.0,"key":"REST"},{"floor":47.0,"key":"RECALL"},{"floor":49.0,"key":"REST"},{"floor":52.0,"key":"REST"}],"circlet_count":0,"master_deck":["AscendersBane","StSShapeShifter:ShapeShifter_Strike","StSShapeShifter:ShapeShifter_Strike+1","StSShapeShifter:ShapeShifter_Strike+1","StSShapeShifter:ShapeShifter_Defend+1","StSShapeShifter:ShapeShifter_Defend","StSShapeShifter:ShapeShifter_Defend","StSShapeShifter:ShapeShifter_Defend","StSShapeShifter:ShapeShifter_Defend","StSShapeShifter:MagicMushrooms+1","StSShapeShifter:VileMushroom+1","StSShapeShifter:BarkSkin+1","StSShapeShifter:Flourish","StSShapeShifter:PoisonIvy+1","StSShapeShifter:RitualOfTheElders+1","StSShapeShifter:MammothForm+1","StSShapeShifter:WaspSwarmForm+1","StSShapeShifter:BaskInBloom+1","StSShapeShifter:MooseForm","StSShapeShifter:Sapling","StSShapeShifter:VineHandcuffs","StSShapeShifter:MagicMushrooms","StSShapeShifter:BaskInBloom+1","StSShapeShifter:BarkSkin","StSShapeShifter:Sap_Burst","StSShapeShifter:BurstingSpore"],"relics":["StSShapeShifter:AnimalHeart","StSShapeShifter:TheShapeShiftersMagnolia","OrangePellets","Whetstone","Omamori","Boot","Calling Bell","Lantern","StSShapeShifter:ThornsOfSummi","Calipers","Toy Ornithopter","Pocketwatch","War Paint","Orichalcum","Matryoshka","Oddly Smooth Stone","Fusion Hammer","StSShapeShifter:AlarmClock","Mango","Ancient Tea Set","Mercury Hourglass","Anchor","Centennial Puzzle"],"acts_visited":["Exordium","TheCity","TheBeyond","TheEnding"],"potions_floor_usage":[55],"damage_taken":[{"damage":4.0,"enemies":"Cultist","floor":1.0,"turns":4.0},{"damage":2.0,"enemies":"Small Slimes","floor":4.0,"turns":5.0},{"damage":1.0,"enemies":"2 Louse","floor":7.0,"turns":3.0},{"damage":9.0,"enemies":"Lagavulin","floor":8.0,"turns":7.0},{"damage":26.0,"enemies":"3 Sentries","floor":11.0,"turns":6.0},{"damage":1.0,"enemies":"Looter","floor":12.0,"turns":3.0},{"damage":0.0,"enemies":"Exordium Wildlife","floor":14.0,"turns":4.0},{"damage":6.0,"enemies":"The Guardian","floor":16.0,"turns":7.0},{"damage":19.0,"enemies":"Spheric Guardian","floor":18.0,"turns":6.0},{"damage":10.0,"enemies":"Chosen","floor":19.0,"turns":5.0},{"damage":15.0,"enemies":"Snake Plant","floor":20.0,"turns":4.0},{"damage":9.0,"enemies":"Cultist and Chosen","floor":22.0,"turns":6.0},{"damage":20.0,"enemies":"Book of Stabbing","floor":23.0,"turns":6.0},{"damage":9.0,"enemies":"Centurion and Healer","floor":25.0,"turns":6.0},{"damage":24.0,"enemies":"Slavers","floor":29.0,"turns":4.0},{"damage":7.0,"enemies":"3 Cultists","floor":30.0,"turns":4.0},{"damage":17.0,"enemies":"Book of Stabbing","floor":31.0,"turns":7.0},{"damage":0.0,"enemies":"Champ","floor":33.0,"turns":9.0},{"damage":2.0,"enemies":"3 Shapes","floor":35.0,"turns":5.0},{"damage":1.0,"enemies":"Orb Walker","floor":37.0,"turns":4.0},{"damage":26.0,"enemies":"4 Shapes","floor":39.0,"turns":6.0},{"damage":63.0,"enemies":"Reptomancer","floor":40.0,"turns":8.0},{"damage":0.0,"enemies":"Mind Bloom Boss Battle","floor":42.0,"turns":7.0},{"damage":6.0,"enemies":"Giant Head","floor":44.0,"turns":8.0},{"damage":3.0,"enemies":"3 Darklings","floor":45.0,"turns":3.0},{"damage":16.0,"enemies":"Nemesis","floor":46.0,"turns":6.0},{"damage":0.0,"enemies":"Maw","floor":48.0,"turns":7.0},{"damage":63.0,"enemies":"Time Eater","floor":50.0,"turns":10.0},{"damage":35,"enemies":"Shield and Spear","floor":54,"turns":8},{"damage":58,"enemies":"The Heart","floor":55,"turns":10}],"seed_played":"3846104857196569978","potions_obtained":[{"floor":5.0,"key":"Swift Potion"},{"floor":5.0,"key":"SkillPotion"},{"floor":11.0,"key":"EssenceOfSteel"},{"floor":14.0,"key":"LiquidMemories"},{"floor":16.0,"key":"Strength Potion"},{"floor":18.0,"key":"CultistPotion"},{"floor":20.0,"key":"SteroidPotion"},{"floor":23.0,"key":"SteroidPotion"},{"floor":25.0,"key":"ColorlessPotion"},{"floor":29.0,"key":"LiquidBronze"},{"floor":31.0,"key":"SteroidPotion"},{"floor":35.0,"key":"Block Potion"},{"floor":40.0,"key":"LiquidBronze"},{"floor":46.0,"key":"FearPotion"},{"floor":54,"key":"Fire Potion"}],"is_trial":false,"path_per_floor":["M","$","?","M","?","R","M","E","T","R","E","M","R","M","R","B",null,"M","M","M","T","M","E","R","M","T","R","$","E","M","E","R","B",null,"M","?","M","$","M","E","R","?","T","E","M","E","R","M","R","B",null,"R","$","E","B",null],"character_chosen":"SHAPESHIFTER","items_purchased":["OrangePellets","StSShapeShifter:VileMushroom","Orichalcum","Block Potion","StSShapeShifter:VineHandcuffs","StSShapeShifter:Sap_Burst","StSShapeShifter:BurstingSpore","Anchor"],"campfire_rested":5,"item_purchase_floors":[2,2,28,28,38,53,53,53],"current_hp_per_floor":[62,62,56,54,54,54,53,44,44,44,18,17,17,17,17,14,55,39,32,20,20,19,7,32,31,31,31,31,17,15,1,28,31,78,79,96,98,98,75,25,56,73,73,70,70,57,57,60,100,45,114,137,137,105,55],"gold":74,"neow_bonus":"TWO_FIFTY_GOLD","is_daily":false,"chose_seed":false,"campfire_upgraded":5,"win_rate":0.0,"timestamp":1614185533,"path_taken":["M","$","?","?","?","R","M","E","T","R","E","M","R","M","R","BOSS","M","M","M","?","M","E","R","M","T","R","$","E","M","E","R","BOSS","M","?","M","$","M","E","R","?","T","E","M","E","R","M","R","BOSS","R","$","E","BOSS"],"items_purchased_type":["Relic","Card","Relic","Potion","Card","Card","Card","Relic"],"build_version":"2020-12-22","purchased_purges":4,"victory":true,"max_hp_per_floor":[66,66,66,66,66,66,66,66,66,66,66,66,66,66,66,69,69,72,75,78,78,81,84,84,87,87,87,87,87,87,90,90,93,93,96,96,99,99,102,105,105,122,122,125,128,131,131,134,134,137,137,137,137,140,143],"card_choices":[{"not_picked":["StSShapeShifter:PoisonIvy","StSShapeShifter:ShiftingStrike"],"picked":"StSShapeShifter:MagicMushrooms","floor":1.0},{"not_picked":["StSShapeShifter:SunflowerShuriken","StSShapeShifter:WiltingWrath"],"picked":"StSShapeShifter:BarkSkin","floor":4.0},{"not_picked":["StSShapeShifter:FallingLeaves","StSShapeShifter:DiverseSpirit","StSShapeShifter:Hunt"],"picked":"SKIP","floor":7.0},{"not_picked":["StSShapeShifter:Earthquake","StSShapeShifter:Rest","StSShapeShifter:DeepWound"],"picked":"SKIP","floor":8.0},{"not_picked":["StSShapeShifter:Earthquake","StSShapeShifter:Rest","StSShapeShifter:DeepWound"],"picked":"SKIP","floor":8.0},{"not_picked":["StSShapeShifter:CosmicShifter","StSShapeShifter:ThornToss"],"picked":"StSShapeShifter:Flourish","floor":11.0},{"not_picked":["StSShapeShifter:PorcupineForm","StSShapeShifter:DiverseSpirit"],"picked":"StSShapeShifter:PoisonIvy","floor":12.0},{"not_picked":["StSShapeShifter:Sapling","StSShapeShifter:VileMushroom"],"picked":"StSShapeShifter:RitualOfTheElders","floor":14.0},{"not_picked":["StSShapeShifter:PowerShifter","StSShapeShifter:SkullBash"],"picked":"StSShapeShifter:MammothForm","floor":16.0},{"not_picked":["StSShapeShifter:MonkeyForm","StSShapeShifter:SquirrelForm","StSShapeShifter:Hunt+1"],"picked":"SKIP","floor":18.0},{"not_picked":["StSShapeShifter:FoxForm","StSShapeShifter:RockSlide","StSShapeShifter:BarkSkin"],"picked":"SKIP","floor":19.0},{"not_picked":["StSShapeShifter:LeapingSlash","StSShapeShifter:ThrashAbout"],"picked":"StSShapeShifter:WaspSwarmForm+1","floor":20.0},{"not_picked":["StSShapeShifter:WaspSwarmForm","StSShapeShifter:PoisonIvy","StSShapeShifter:VineHandcuffs"],"picked":"SKIP","floor":22.0},{"not_picked":["StSShapeShifter:FlowerShield+1","StSShapeShifter:OpportuneSwoop","StSShapeShifter:ThornToss"],"picked":"SKIP","floor":23.0},{"not_picked":["StSShapeShifter:Synchronicity","StSShapeShifter:Autumn","StSShapeShifter:RockSlide"],"picked":"SKIP","floor":25.0},{"not_picked":["StSShapeShifter:Bonk","StSShapeShifter:Mystical_Branch+1","StSShapeShifter:MonkeyForm"],"picked":"SKIP","floor":29.0},{"not_picked":["StSShapeShifter:Bonk","StSShapeShifter:Guard"],"picked":"StSShapeShifter:BaskInBloom+1","floor":30.0},{"not_picked":["StSShapeShifter:Hunt","StSShapeShifter:LionForm","StSShapeShifter:FallingLeaves"],"picked":"SKIP","floor":31.0},{"not_picked":["StSShapeShifter:MammothForm","StSShapeShifter:Summon_Mountains"],"picked":"StSShapeShifter:MooseForm","floor":33.0},{"not_picked":["StSShapeShifter:CursedApple","StSShapeShifter:ThrashAbout+1"],"picked":"StSShapeShifter:Sapling","floor":35.0},{"not_picked":["StSShapeShifter:FesteringBite+1","StSShapeShifter:ThrashAbout","StSShapeShifter:FlowerShield+1"],"picked":"SKIP","floor":37.0},{"not_picked":["StSShapeShifter:SunflowerShuriken","StSShapeShifter:AdaptiveStrikes","StSShapeShifter:SquirrelForm"],"picked":"SKIP","floor":39.0},{"not_picked":["StSShapeShifter:DiverseSpirit","StSShapeShifter:Synchronicity"],"picked":"StSShapeShifter:MagicMushrooms","floor":40.0},{"not_picked":["StSShapeShifter:ThornToss+1","StSShapeShifter:PorcupineForm"],"picked":"StSShapeShifter:BaskInBloom+1","floor":42.0},{"not_picked":["StSShapeShifter:BearForm","StSShapeShifter:PowerShifter"],"picked":"StSShapeShifter:BarkSkin","floor":44.0},{"not_picked":["StSShapeShifter:MonkeyForm","StSShapeShifter:Efflorescence+1","StSShapeShifter:Roar"],"picked":"SKIP","floor":45.0},{"not_picked":["StSShapeShifter:WaspSwarmForm","StSShapeShifter:OpportuneSwoop+1","StSShapeShifter:ThornToss"],"picked":"SKIP","floor":46.0},{"not_picked":["StSShapeShifter:Flourish","StSShapeShifter:FesteringBite","StSShapeShifter:OakBlade"],"picked":"SKIP","floor":48.0},{"not_picked":["StSShapeShifter:VineHandcuffs","StSShapeShifter:ThrashAbout","StSShapeShifter:Rest"],"picked":"SKIP","floor":54}],"player_experience":1103599,"relics_obtained":[{"floor":8.0,"key":"Whetstone"},{"floor":9.0,"key":"Omamori"},{"floor":11.0,"key":"Boot"},{"floor":17.0,"key":"Lantern"},{"floor":17.0,"key":"StSShapeShifter:ThornsOfSummi"},{"floor":17.0,"key":"Calipers"},{"floor":21.0,"key":"Toy Ornithopter"},{"floor":23.0,"key":"Pocketwatch"},{"floor":26.0,"key":"War Paint"},{"floor":29.0,"key":"Matryoshka"},{"floor":31.0,"key":"Oddly Smooth Stone"},{"floor":40.0,"key":"StSShapeShifter:AlarmClock"},{"floor":42.0,"key":"Mango"},{"floor":43.0,"key":"Ancient Tea Set"},{"floor":46.0,"key":"Mercury Hourglass"},{"floor":54,"key":"Centennial Puzzle"}],"event_choices":[{"damage_healed":0.0,"max_hp_gain":0.0,"max_hp_loss":0.0,"gold_gain":50.0,"event_name":"FaceTrader","player_choice":"Touch","floor":3.0,"gold_loss":0.0,"damage_taken":6.0},{"damage_healed":0.0,"max_hp_gain":0.0,"max_hp_loss":0.0,"gold_gain":0.0,"event_name":"Lab","player_choice":"Got Potions","floor":5.0,"gold_loss":0.0,"damage_taken":0.0},{"damage_healed":19.0,"max_hp_gain":0.0,"max_hp_loss":0.0,"gold_gain":0.0,"event_name":"Winding Halls","player_choice":"Writhe","floor":36.0,"gold_loss":0.0,"damage_taken":0.0,"cards_obtained":["Writhe"]},{"damage_healed":0.0,"max_hp_gain":0.0,"max_hp_loss":0.0,"gold_gain":0.0,"event_name":"MindBloom","player_choice":"Fight","floor":42.0,"gold_loss":0.0,"damage_taken":0.0}],"is_beta":false,"boss_relics":[{"not_picked":["Runic Dome","SlaversCollar"],"picked":"Calling Bell"},{"not_picked":["Runic Pyramid","Coffee Dripper"],"picked":"Fusion Hammer"}],"items_purged_floors":[2,28,38,53],"is_endless":false,"potions_floor_spawned":[7,11,14,16,18,20,23,25,29,31,35,39,40,46,54],"ascension_level":15}}