{"host":"4nqeo0vu1vuav7gg","time":1614186479,"event":{"mods":["AchievementEnabler","BaseMod","Block Reminder","Colored Map","Colored Powertips","Highlight Path","Minty Spire (QoL Compilation)","Quick Restart","Rare Cards Sparkle","Relic Relevance Reorder","StSLib"],"gold_per_floor":[217,217,48,48,67,67,97,97,97,97,97],"floor_reached":10,"language":"ENG","playtime":363,"items_purged":[],"score":128,"play_id":"001b9422-789f-4367-8f65-f2ebd109d4c9","local_time":"20210224180759","is_ascension_mode":true,"campfire_choices":[{"data":"Static Discharge","floor":6.0,"key":"SMITH"},{"floor":8,"key":"REST"}],"circlet_count":0,"master_deck":["AscendersBane","Strike_B","Strike_B","Strike_B","Strike_B","Defend_B","Defend_B","Defend_B","Defend_B","Zap","Dualcast","Genetic Algorithm+1","Static Discharge+1","Capacitor"],"relics":["Cracked Core","Mummified Hand","Runic Capacitor","Lantern"],"acts_visited":["Exordium"],"potions_floor_usage":[7,7],"damage_taken":[{"damage":15.0,"enemies":"2 Louse","floor":1.0,"turns":3.0},{"damage":5.0,"enemies":"Jaw Worm","floor":5.0,"turns":6.0},{"damage":36,"enemies":"3 Sentries","floor":7,"turns":6},{"damage":51,"enemies":"Lagavulin","floor":10,"turns":6}],"seed_played":"-817022907958121742","potions_obtained":[{"floor":1.0,"key":"Dexterity Potion"},{"floor":5.0,"key":"ColorlessPotion"}],"is_trial":false,"path_per_floor":["M","?","$","?","M","R","E","R","T","E"],"character_chosen":"DEFECT","items_purchased":["Runic Capacitor"],"campfire_rested":1,"item_purchase_floors":[3],"current_hp_per_floor":[49,71,71,71,66,66,30,51,51,0,0],"gold":97,"neow_bonus":"HUNDRED_GOLD","is_daily":false,"chose_seed":false,"campfire_upgraded":1,"win_rate":0.0,"timestamp":1614186479,"path_taken":["M","?","$","?","?","R","E","R","T","E"],"items_purchased_type":["Relic"],"build_version":"2020-12-22","purchased_purges":0,"victory":false,"max_hp_per_floor":[71,71,71,71,71,71,71,71,71,71,71],"card_choices":[{"not_picked":["Compile Driver","Ball Lightning"],"picked":"Genetic Algorithm","floor":1.0},{"not_picked":["Hologram","Blizzard"],"picked":"Static Discharge","floor":5.0},{"not_picked":["Gash","Reprogram"],"picked":"Capacitor","floor":7}],"player_experience":1115967,"relics_obtained":[{"floor":7,"key":"Lantern"},{"floor":9,"key":"Mummified Hand"}],"event_choices":[{"damage_healed":23.0,"max_hp_gain":0.0,"max_hp_loss":0.0,"gold_gain":0.0,"event_name":"Big Fish","player_choice":"Banana","floor":2.0,"gold_loss":0.0,"damage_taken":0.0},{"damage_healed":0.0,"max_hp_gain":0.0,"max_hp_loss":0.0,"gold_gain":0.0,"event_name":"Upgrade Shrine","player_choice":"Upgraded","floor":4.0,"gold_loss":0.0,"damage_taken":0.0,"cards_upgraded":["Genetic Algorithm"]}],"is_beta":false,"boss_relics":[],"items_purged_floors":[],"is_endless":false,"potions_floor_spawned":[1,5],"killed_by":"Lagavulin","ascension_level":20}}