{"host":"h3ogdo6no3ehk88q","time":1614197425,"event":{"mods":["AchievementEnabler","BaseMod","Minty Spire (QoL Compilation)","StSLib","SuperFastMode"],"gold_per_floor":[117,117,137,155,168,183,38,64,139,139,139,139,139,170,188,188,200,200,274,274,274,352,352,368,368,368,123,48,48,98,125,125,125,139,173,186,186,43,72,72,147,147,158,158,158,178,30,65,65,94,118,118,137,47,58,84,84,84,84,84,9,40,40],"floor_reached":64,"language":"ENG","playtime":2143,"items_purged":["Strike_R"],"score":2969,"play_id":"dc8bf44e-dc99-4349-bbe3-a16d84cd01a8","local_time":"20210224151025","is_ascension_mode":true,"campfire_choices":[{"floor":10,"key":"REST"},{"floor":16,"key":"REST"},{"data":"Inflame","floor":18,"key":"SMITH"},{"floor":21,"key":"REST"},{"data":"Immolate","floor":29,"key":"SMITH"},{"data":"Feed","floor":37,"key":"SMITH"},{"data":"Entrench","floor":40,"key":"SMITH"},{"floor":49,"key":"REST"},{"floor":52,"key":"RECALL"},{"data":"Body Slam","floor":57,"key":"SMITH"},{"data":"Barricade","floor":60,"key":"SMITH"}],"circlet_count":0,"master_deck":["AscendersBane","Defend_R","Defend_R","Defend_R","Defend_R","Bash","Entrench+1","Twin Strike","Inflame+1","Shockwave","Shrug It Off","Burning Pact","Immolate+1","Feed+1","Intimidate+1","Shrug It Off+1","Disarm+1","Barricade+1","Entrench+1","Offering+1","True Grit+1","Body Slam+1"],"relics":["Burning Blood","ClockworkSouvenir","Self Forming Clay","Ancient Tea Set","Ice Cream","Anchor","Runic Pyramid","SlaversCollar","Happy Flower","Mercury Hourglass","Prayer Wheel","Toxic Egg 2","Bird Faced Urn","OrangePellets","Unceasing Top","Black Star","Torii","Bottled Lightning","Orichalcum","Ornamental Fan","Paper Frog","TungstenRod","Mango","Charon\u0027s Ashes","White Beast Statue"],"acts_visited":["Exordium","TheCity","TheBeyond","TheEnding"],"potions_floor_usage":[3,14,19,19,22,31,35,41,48,50,63],"damage_taken":[{"damage":7,"enemies":"Small Slimes","floor":1,"turns":4},{"damage":2,"enemies":"Cultist","floor":3,"turns":5},{"damage":3,"enemies":"2 Louse","floor":4,"turns":3},{"damage":6,"enemies":"2 Fungi Beasts","floor":5,"turns":3},{"damage":10,"enemies":"Exordium Thugs","floor":6,"turns":5},{"damage":55,"enemies":"Lagavulin","floor":8,"turns":6},{"damage":29,"enemies":"Gremlin Nob","floor":14,"turns":4},{"damage":8,"enemies":"3 Louse","floor":15,"turns":4},{"damage":8,"enemies":"Large Slime","floor":17,"turns":5},{"damage":31,"enemies":"Slime Boss","floor":19,"turns":13},{"damage":21,"enemies":"Slime Boss","floor":22,"turns":10},{"damage":27,"enemies":"Shell Parasite","floor":24,"turns":8},{"damage":3,"enemies":"Slavers","floor":31,"turns":3},{"damage":12,"enemies":"Chosen","floor":34,"turns":5},{"damage":5,"enemies":"Book of Stabbing","floor":35,"turns":4},{"damage":0,"enemies":"Sentry and Sphere","floor":36,"turns":4},{"damage":6,"enemies":"Slavers","floor":39,"turns":4},{"damage":45,"enemies":"Automaton","floor":41,"turns":10},{"damage":21,"enemies":"3 Darklings","floor":43,"turns":6},{"damage":0,"enemies":"Orb Walker","floor":46,"turns":3},{"damage":6,"enemies":"Reptomancer","floor":48,"turns":8},{"damage":6,"enemies":"Giant Head","floor":50,"turns":13},{"damage":6,"enemies":"Sphere and 2 Shapes","floor":53,"turns":6},{"damage":6,"enemies":"Spire Growth","floor":55,"turns":12},{"damage":6,"enemies":"Nemesis","floor":56,"turns":7},{"damage":5,"enemies":"Time Eater","floor":58,"turns":5},{"damage":25,"enemies":"Shield and Spear","floor":62,"turns":4},{"damage":5,"enemies":"The Heart","floor":63,"turns":8}],"seed_played":"-5408811453338639575","potions_obtained":[{"floor":1,"key":"Block Potion"},{"floor":5,"key":"GamblersBrew"},{"floor":8,"key":"ElixirPotion"},{"floor":14,"key":"Dexterity Potion"},{"floor":17,"key":"AttackPotion"},{"floor":19,"key":"Block Potion"},{"floor":31,"key":"Energy Potion"},{"floor":43,"key":"SteroidPotion"},{"floor":46,"key":"Energy Potion"},{"floor":50,"key":"Energy Potion"},{"floor":56,"key":"BlessingOfTheForge"}],"is_trial":false,"path_per_floor":["M","?","M","M","M","M","$","E","?","R","T","T","?","E","M","R","M","R","B",null,"R","B",null,"M","?","?","$","?","R","?","E","T","T","M","E","M","R","$","E","R","B",null,"M","?","?","M","$","E","R","E","T","R","M","?","M","E","R","B",null,"R","$","E","B",null],"character_chosen":"IRONCLAD","items_purchased":["ClockworkSouvenir","Happy Flower","Energy Potion","Fire Potion","OrangePellets","Offering+1"],"campfire_rested":4,"item_purchase_floors":[7,27,27,27,38,47],"current_hp_per_floor":[74,74,78,81,81,77,77,28,17,41,41,41,41,18,16,40,38,38,13,13,37,22,67,49,49,49,49,49,49,49,55,55,55,52,56,67,67,67,73,73,40,89,76,76,61,73,73,77,109,113,113,113,113,113,117,131,131,131,131,131,131,120,125],"gold":40,"neow_bonus":"TEN_PERCENT_HP_BONUS","is_daily":false,"chose_seed":false,"campfire_upgraded":6,"win_rate":0.0,"timestamp":1614197425,"path_taken":["M","?","M","M","?","M","$","E","?","R","T","T","?","E","?","R","M","R","BOSS","R","BOSS","M","?","?","$","?","R","?","E","T","T","M","E","?","R","$","E","R","BOSS","M","?","?","?","$","E","R","E","T","R","M","?","M","E","R","BOSS","R","$","E","BOSS"],"items_purchased_type":["Relic","Relic","Potion","Potion","Relic","Card"],"build_version":"2020-12-22","purchased_purges":1,"victory":true,"max_hp_per_floor":[82,82,82,82,82,82,82,82,82,82,82,82,82,82,82,82,82,82,82,82,82,82,82,85,85,85,85,85,85,85,88,88,88,91,94,97,97,97,101,101,105,105,105,105,105,109,109,109,109,113,113,113,113,113,117,131,131,131,131,131,131,135,135],"card_choices":[{"not_picked":["Metallicize","Thunderclap"],"picked":"Entrench","floor":1},{"not_picked":["Body Slam","Warcry","Armaments"],"picked":"SKIP","floor":3},{"not_picked":["Warcry","Shrug It Off"],"picked":"Twin Strike","floor":4},{"not_picked":["Disarm","Sever Soul"],"picked":"Inflame","floor":5},{"not_picked":["Second Wind","Seeing Red","Entrench"],"picked":"SKIP","floor":6},{"not_picked":["Second Wind","Exhume","Havoc"],"picked":"SKIP","floor":8},{"not_picked":["Combust","Anger"],"picked":"Shockwave","floor":14},{"not_picked":["Infernal Blade","Pummel"],"picked":"Shrug It Off","floor":15},{"not_picked":["Searing Blow","Rampage"],"picked":"Burning Pact","floor":17},{"not_picked":["Fiend Fire","Demon Form"],"picked":"Immolate","floor":19},{"not_picked":["Immolate","Brutality"],"picked":"Feed","floor":22},{"not_picked":["Headbutt","Warcry"],"picked":"Intimidate+1","floor":24},{"not_picked":["Body Slam","Thunderclap"],"picked":"Shrug It Off+1","floor":31},{"not_picked":["Heavy Blade","Flex+1","Body Slam"],"picked":"SKIP","floor":34},{"not_picked":["Heavy Blade","Havoc+1","Perfected Strike"],"picked":"SKIP","floor":34},{"not_picked":["Fiend Fire","Spot Weakness+1"],"picked":"Disarm+1","floor":35},{"not_picked":["Reckless Charge","Sword Boomerang","Perfected Strike"],"picked":"SKIP","floor":36},{"not_picked":["Heavy Blade","Warcry+1","Clothesline"],"picked":"SKIP","floor":36},{"not_picked":["Perfected Strike","Headbutt","Carnage"],"picked":"SKIP","floor":39},{"not_picked":["Exhume+1","Brutality"],"picked":"Barricade","floor":41},{"not_picked":["Rage+1","Warcry+1","Shrug It Off+1"],"picked":"SKIP","floor":43},{"not_picked":["Blood for Blood","Thunderclap+1","Battle Trance+1"],"picked":"SKIP","floor":43},{"not_picked":["Clash","Twin Strike"],"picked":"Entrench+1","floor":46},{"not_picked":["Clash","Cleave","Shrug It Off+1"],"picked":"SKIP","floor":46},{"not_picked":["Fiend Fire","Pommel Strike","Twin Strike"],"picked":"SKIP","floor":48},{"not_picked":["Dark Embrace+1","Havoc+1","Wild Strike"],"picked":"SKIP","floor":50},{"not_picked":["Blood for Blood","Anger+1","Whirlwind"],"picked":"SKIP","floor":53},{"not_picked":["Clash","Perfected Strike","Havoc+1"],"picked":"SKIP","floor":53},{"not_picked":["Heavy Blade","Carnage"],"picked":"True Grit+1","floor":55},{"not_picked":["Anger","Metallicize"],"picked":"Body Slam","floor":55},{"not_picked":["Clothesline","Brutality","Shockwave+1"],"picked":"SKIP","floor":56},{"not_picked":["Carnage","Heavy Blade+1","Warcry+1"],"picked":"SKIP","floor":62}],"player_experience":887277,"relics_obtained":[{"floor":8,"key":"Self Forming Clay"},{"floor":11,"key":"Ancient Tea Set"},{"floor":12,"key":"Ice Cream"},{"floor":14,"key":"Anchor"},{"floor":31,"key":"Mercury Hourglass"},{"floor":32,"key":"Prayer Wheel"},{"floor":33,"key":"Toxic Egg 2"},{"floor":35,"key":"Bird Faced Urn"},{"floor":39,"key":"Unceasing Top"},{"floor":48,"key":"Torii"},{"floor":48,"key":"Bottled Lightning"},{"floor":50,"key":"Orichalcum"},{"floor":50,"key":"Ornamental Fan"},{"floor":56,"key":"TungstenRod"},{"floor":56,"key":"Mango"},{"floor":62,"key":"Charon\u0027s Ashes"},{"floor":62,"key":"White Beast Statue"}],"event_choices":[{"cards_removed":["Strike_R"],"damage_healed":0,"gold_gain":0,"player_choice":"Offered Basic","damage_taken":0,"max_hp_gain":0,"max_hp_loss":0,"event_name":"Bonfire Elementals","floor":2,"gold_loss":0},{"damage_healed":0,"gold_gain":75,"player_choice":"Gather Gold","damage_taken":11,"max_hp_gain":0,"max_hp_loss":0,"event_name":"World of Goop","floor":9,"gold_loss":0},{"damage_healed":0,"gold_gain":0,"player_choice":"Ignored","damage_taken":0,"max_hp_gain":0,"max_hp_loss":0,"event_name":"Shining Light","floor":13,"gold_loss":0},{"damage_healed":0,"gold_gain":0,"player_choice":"Ignored","damage_taken":0,"max_hp_gain":0,"max_hp_loss":0,"event_name":"Vampires","floor":25,"gold_loss":0},{"cards_removed":["Strike_R"],"damage_healed":0,"gold_gain":0,"player_choice":"Elegance","damage_taken":0,"max_hp_gain":0,"max_hp_loss":0,"event_name":"Back to Basics","floor":26,"gold_loss":0},{"cards_removed":["Strike_R"],"damage_healed":0,"gold_gain":0,"player_choice":"Gave Gold","damage_taken":0,"max_hp_gain":0,"max_hp_loss":0,"event_name":"Beggar","floor":28,"gold_loss":75},{"damage_healed":0,"gold_gain":50,"player_choice":"Stole From Cult","damage_taken":0,"max_hp_gain":0,"max_hp_loss":0,"event_name":"Nest","floor":30,"gold_loss":0},{"cards_removed":["Strike_R"],"damage_healed":0,"gold_gain":0,"player_choice":"Removed Attack","damage_taken":0,"max_hp_gain":0,"max_hp_loss":0,"event_name":"Falling","floor":44,"gold_loss":0},{"damage_healed":0,"gold_gain":0,"player_choice":"Damaged","damage_taken":15,"max_hp_gain":0,"max_hp_loss":0,"event_name":"Wheel of Change","floor":45,"gold_loss":0},{"damage_healed":0,"gold_gain":0,"player_choice":"Paid Gold","damage_taken":0,"relics_obtained":["Paper Frog"],"max_hp_gain":0,"max_hp_loss":0,"event_name":"WeMeetAgain","floor":54,"gold_loss":90}],"is_beta":false,"boss_relics":[{"not_picked":["Coffee Dripper","Busted Crown"],"picked":"Runic Pyramid"},{"not_picked":["Sozu","Cursed Key"],"picked":"SlaversCollar"},{"not_picked":["Runic Cube","Philosopher\u0027s Stone"],"picked":"Black Star"}],"items_purged_floors":[61],"is_endless":false,"potions_floor_spawned":[1,5,8,14,17,19,31,34,43,46,50,56],"ascension_level":15}}