{"host":"yqw1zpryoutrnocq","time":1614143457,"event":{"mods":["2.2 Compatiblity","AchievementEnabler","BaseMod","Colored Map","Custom Start","DeckTracker","Minty Spire (QoL Compilation)","Replay The Spire","StSLib","SuperFastMode"],"gold_per_floor":[111,128,128,128,139,139,150,150,199,149,163,186,80,93,93,190,190,205,205,23,23,23],"floor_reached":21,"language":"KOR","playtime":616,"items_purged":[],"score":219,"play_id":"3652254e-0153-4fee-ab21-8e888156293d","local_time":"20210223231057","is_ascension_mode":false,"campfire_choices":[{"data":"Entrench","floor":6,"key":"SMITH"},{"data":"Dark Embrace","floor":8,"key":"SMITH"},{"data":"Entrench","floor":15,"key":"SMITH"}],"circlet_count":0,"master_deck":["Strike_R","Strike_R","Strike_R","Defend_R","Defend_R","Defend_R","Defend_R","Bash","Barricade+1","Dark Embrace+1","Carnage","Entrench+1","ReplayTheSpireMod:Strike From Hell","Uppercut","Entrench+1","ReplayReversal","Shrug It Off","Feed","Shrug It Off","Master of Strategy","Replay:Bootleg Shield Generator","Panacea"],"relics":["Burning Blood","Bag of Preparation","Ring of Chaos","ReplayTheSpireMod:ShopPack"],"acts_visited":["Exordium","TheCity"],"potions_floor_usage":[14,16],"damage_taken":[{"damage":1,"enemies":"Cultist","floor":1,"turns":3},{"damage":14,"enemies":"Small Slimes","floor":2,"turns":3},{"damage":11,"enemies":"Jaw Worm","floor":5,"turns":3},{"damage":31,"enemies":"Gremlin Gang","floor":7,"turns":7},{"damage":14,"enemies":"Blue Slaver","floor":11,"turns":4},{"damage":8,"enemies":"3 Louse","floor":14,"turns":4},{"damage":6,"enemies":"Hexaghost","floor":16,"turns":17},{"damage":68,"enemies":"Spheric Guardian","floor":18,"turns":21},{"damage":16,"enemies":"3 Byrds","floor":21,"turns":3}],"seed_played":"-7488603439904893643","potions_obtained":[{"floor":2,"key":"Block Potion"},{"floor":7,"key":"SkillPotion"},{"floor":14,"key":"Elixir"},{"floor":18,"key":"Strength Potion"}],"is_trial":false,"path_per_floor":["M","M","?","?","M","R","M","R","T","?","M","T","$","M","R","B",null,"M","?","$","M"],"character_chosen":"IRONCLAD","items_purchased":["Entrench","ReplayReversal","ReplayTheSpireMod:ShopPack","Shrug It Off"],"campfire_rested":0,"item_purchase_floors":[13,13,20,20],"current_hp_per_floor":[80,72,72,72,67,67,42,42,42,42,34,34,34,32,32,32,80,18,18,18,2,2],"gold":23,"neow_bonus":"ONE_RANDOM_RARE_CARD","is_daily":false,"chose_seed":false,"campfire_upgraded":3,"win_rate":0.0,"timestamp":1614143457,"path_taken":["M","?","?","?","?","R","M","R","T","?","M","?","?","M","R","BOSS","M","?","$","M"],"items_purchased_type":["Card","Card","Relic","Card"],"build_version":"2020-12-22","purchased_purges":0,"victory":false,"max_hp_per_floor":[80,80,80,80,80,80,80,80,80,80,80,80,80,80,80,80,80,80,80,80,80,80],"card_choices":[{"not_picked":["Sword Boomerang","Havoc"],"picked":"Dark Embrace","floor":1},{"not_picked":["Clothesline","True Grit"],"picked":"Carnage","floor":2},{"not_picked":["ReplayTheSpireMod:LeadingStrike","Immolate"],"picked":"Entrench","floor":5},{"not_picked":["Clothesline","Clash"],"picked":"ReplayTheSpireMod:Strike From Hell","floor":7},{"not_picked":["Bloodletting","Warcry"],"picked":"Uppercut","floor":11},{"not_picked":["Heavy Blade","Reckless Charge"],"picked":"Shrug It Off","floor":14},{"not_picked":["Juggernaut","Double Tap"],"picked":"Feed","floor":16},{"not_picked":["Iron Wave","Headbutt+1","Rampage"],"picked":"SKIP","floor":18},{"not_picked":["Metamorphosis","Thinking Ahead"],"picked":"Master of Strategy","floor":20},{"not_picked":["Transmutation","Survey Options"],"picked":"Replay:Bootleg Shield Generator","floor":20},{"not_picked":["Enlightenment","Dramatic Entrance"],"picked":"Panacea","floor":20}],"player_experience":363391,"relics_obtained":[{"floor":9,"key":"Bag of Preparation"}],"event_choices":[{"damage_healed":0,"gold_gain":0,"player_choice":"Grow","damage_taken":0,"max_hp_gain":0,"max_hp_loss":0,"event_name":"Living Wall","floor":3,"gold_loss":0,"cards_upgraded":["Barricade"]},{"damage_healed":0,"gold_gain":0,"player_choice":"Ignored","damage_taken":0,"max_hp_gain":0,"max_hp_loss":0,"event_name":"NoteForYourself","floor":4,"gold_loss":0},{"cards_removed":["Strike_R"],"damage_healed":0,"gold_gain":0,"player_choice":"Card Removal","damage_taken":0,"max_hp_gain":0,"max_hp_loss":0,"event_name":"The Cleric","floor":10,"gold_loss":50},{"cards_removed":["Strike_R"],"damage_healed":0,"gold_gain":0,"player_choice":"Purged","damage_taken":0,"max_hp_gain":0,"max_hp_loss":0,"event_name":"Purifier","floor":19,"gold_loss":0}],"is_beta":false,"boss_relics":[{"not_picked":["SacredBark","ChewingGum"],"picked":"Ring of Chaos"}],"items_purged_floors":[],"is_endless":false,"potions_floor_spawned":[2,7,14,18],"killed_by":"3 Byrds","ascension_level":0}}