{"host":"r4aerl4ckfvw1dw3","time":1614133937,"event":{"mods":["BaseMod","BetterRewards","Minty Spire (QoL Compilation)","Quick Restart","StSLib"],"gold_per_floor":[115,41,52,69,84,115,115,146,171,171,188,188,188,188,188,285,285,302,314,314,331,1,30,30,48,94,106,135,35,35,35],"floor_reached":30,"language":"ENG","playtime":1326,"items_purged":["Strike_B","Strike_B+1"],"score":392,"play_id":"3599f8d5-7fcc-46f9-b47c-9bc3e71d7de0","local_time":"20210223183217","is_ascension_mode":true,"campfire_choices":[{"floor":7.0,"key":"REST"},{"floor":10.0,"key":"REST"},{"data":"Defragment","floor":12.0,"key":"SMITH"},{"data":"Cold Snap","floor":15.0,"key":"SMITH"},{"floor":24.0,"key":"REST"}],"circlet_count":0,"master_deck":["Strike_B+1","Defend_B","Defend_B","Defend_B","Defend_B","Zap+1","Dualcast+1","Cold Snap+1","Defragment+1","Sweeping Beam","Sweeping Beam","Ball Lightning","Coolheaded","Go for the Eyes","Electrodynamics","CurseOfTheBell","Redo+1","Ball Lightning","Loop+1","Seek","Electrodynamics+1","Static Discharge+1","Conserve Battery+1","Cold Snap"],"relics":["Cracked Core","Whetstone","Art of War","Bag of Preparation","Calling Bell","Orichalcum","Frozen Egg 2","Pocketwatch","Pantograph","Centennial Puzzle","Akabeko","Meat on the Bone"],"acts_visited":["Exordium","TheCity"],"potions_floor_usage":[30],"damage_taken":[{"damage":0.0,"enemies":"Small Slimes","floor":1.0,"turns":2.0},{"damage":1.0,"enemies":"Cultist","floor":3.0,"turns":3.0},{"damage":13.0,"enemies":"2 Louse","floor":4.0,"turns":3.0},{"damage":16.0,"enemies":"Blue Slaver","floor":5.0,"turns":4.0},{"damage":21.0,"enemies":"Gremlin Nob","floor":6.0,"turns":4.0},{"damage":18.0,"enemies":"3 Sentries","floor":8.0,"turns":6.0},{"damage":0.0,"enemies":"2 Fungi Beasts","floor":11.0,"turns":3.0},{"damage":9.0,"enemies":"Hexaghost","floor":16.0,"turns":9.0},{"damage":0.0,"enemies":"3 Byrds","floor":18.0,"turns":2.0},{"damage":0.0,"enemies":"Spheric Guardian","floor":19.0,"turns":3.0},{"damage":29.0,"enemies":"Shelled Parasite and Fungi","floor":21.0,"turns":4.0},{"damage":28.0,"enemies":"Slavers","floor":23.0,"turns":2.0},{"damage":0.0,"enemies":"Centurion and Healer","floor":25.0,"turns":3.0},{"damage":7.0,"enemies":"Cultist and Chosen","floor":27.0,"turns":3.0},{"damage":11.0,"enemies":"Book of Stabbing","floor":28.0,"turns":6.0},{"damage":12,"enemies":"Snake Plant","floor":30,"turns":2}],"seed_played":"7302358857309780182","potions_obtained":[{"floor":4.0,"key":"DuplicationPotion"},{"floor":5.0,"key":"Energy Potion"},{"floor":6.0,"key":"FearPotion"},{"floor":11.0,"key":"PotionOfCapacity"},{"floor":18.0,"key":"Energy Potion"},{"floor":21.0,"key":"Strength Potion"},{"floor":25.0,"key":"LiquidBronze"},{"floor":28.0,"key":"FocusPotion"}],"is_trial":false,"path_per_floor":["M","$","M","M","M","E","R","E","T","R","M","R","?","?","R","B",null,"M","M","?","M","$","E","R","M","T","M","E","$","M"],"character_chosen":"DEFECT","items_purchased":["Defragment","Pantograph"],"campfire_rested":3,"item_purchase_floors":[2,22],"current_hp_per_floor":[68,68,67,54,38,17,39,21,21,43,43,43,43,43,43,34,65,65,65,65,36,36,8,30,30,30,23,12,12,0,0],"gold":35,"neow_bonus":"UPGRADE_CARD","is_daily":false,"chose_seed":false,"campfire_upgraded":2,"win_rate":0.0,"timestamp":1614133937,"path_taken":["M","$","M","M","M","E","R","E","T","R","M","R","?","?","R","BOSS","M","?","?","M","$","E","R","M","T","M","E","$","M"],"items_purchased_type":["Card","Relic"],"build_version":"2020-12-22","purchased_purges":2,"victory":false,"max_hp_per_floor":[75,75,75,75,75,75,75,75,75,75,75,75,75,75,75,75,75,75,75,75,75,75,75,75,75,75,75,75,75,75,75],"card_choices":[{"not_picked":["Streamline","Leap"],"picked":"Cold Snap","floor":1.0},{"not_picked":["Stack","Conserve Battery"],"picked":"Sweeping Beam","floor":3.0},{"not_picked":["Fusion","Conserve Battery"],"picked":"Sweeping Beam","floor":4.0},{"not_picked":["Darkness","Aggregate"],"picked":"Ball Lightning","floor":5.0},{"not_picked":["Darkness","Reinforced Body","Beam Cell"],"picked":"SKIP","floor":6.0},{"not_picked":["Steam","Hologram"],"picked":"Coolheaded","floor":8.0},{"not_picked":["FTL","Streamline"],"picked":"Go for the Eyes","floor":11.0},{"not_picked":["Thunder Strike","Hyperbeam"],"picked":"Electrodynamics","floor":16.0},{"not_picked":["Skim","FTL"],"picked":"Redo+1","floor":18.0},{"not_picked":["Gash","Beam Cell+1"],"picked":"Ball Lightning","floor":19.0},{"not_picked":["Sunder","Turbo"],"picked":"Seek","floor":21.0},{"not_picked":["Cold Snap","Force Field"],"picked":"Electrodynamics+1","floor":23.0},{"not_picked":["Beam Cell","Blizzard"],"picked":"Static Discharge+1","floor":25.0},{"not_picked":["Hologram","Stack"],"picked":"Conserve Battery+1","floor":27.0},{"not_picked":["Gash","Rip and Tear"],"picked":"Cold Snap","floor":28.0}],"player_experience":689084,"relics_obtained":[{"floor":6.0,"key":"Whetstone"},{"floor":8.0,"key":"Art of War"},{"floor":9.0,"key":"Bag of Preparation"},{"floor":17.0,"key":"Orichalcum"},{"floor":17.0,"key":"Frozen Egg 2"},{"floor":17.0,"key":"Pocketwatch"},{"floor":23.0,"key":"Centennial Puzzle"},{"floor":26.0,"key":"Akabeko"},{"floor":28.0,"key":"Meat on the Bone"}],"event_choices":[{"cards_removed":["Strike_B"],"damage_healed":0.0,"max_hp_gain":0.0,"max_hp_loss":0.0,"gold_gain":0.0,"event_name":"Living Wall","player_choice":"Forget","floor":13.0,"gold_loss":0.0,"damage_taken":0.0},{"damage_healed":0.0,"max_hp_gain":0.0,"max_hp_loss":0.0,"gold_gain":0.0,"event_name":"Upgrade Shrine","player_choice":"Upgraded","floor":14.0,"gold_loss":0.0,"damage_taken":0.0,"cards_upgraded":["Zap"]},{"damage_healed":0.0,"max_hp_gain":0.0,"max_hp_loss":0.0,"gold_gain":0.0,"event_name":"The Library","player_choice":"Read","floor":20.0,"gold_loss":0.0,"damage_taken":0.0,"cards_obtained":["Loop"]}],"is_beta":false,"boss_relics":[{"not_picked":["Tiny House","SacredBark"],"picked":"Calling Bell"}],"items_purged_floors":[22,29],"is_endless":false,"potions_floor_spawned":[4,5,6,11,18,21,25,28],"killed_by":"Snake Plant","ascension_level":8}}