{"host":"8e3sp1tozjyrh64l","time":1614136636,"event":{"mods":["Act Like it!","BaseMod","Better Altar","Better Match","Better Note","Better Sensory Stone","Better Silent Start","Better Skull","Better Third Choice","BetterRewards","Conspire","Curses Come First","Defuse TimeMaze Blight","Infinite Spire","Minty Spire (QoL Compilation)","Permanent Neow","Rare Cards Sparkle","Relic Sorter","Reliquary","Replay The Spire","Shop Mod","Spicy Shops","StSLib","SuperFastMode","The Jungle","The Mystic","The Necromancer","Wandering Minibosses"],"gold_per_floor":[118,118,118,135,145,177,241,241,241,270,270,285,310,310,310,326,326],"floor_reached":16,"language":"ENG","playtime":448,"items_purged":[],"score":124,"play_id":"7b4b801d-8899-4481-a125-32d553cf88f6","local_time":"20210223201716","is_ascension_mode":true,"campfire_choices":[{"data":"Fluid Movement","floor":8,"key":"SMITH"},{"data":"Survivor","floor":11,"key":"SMITH"},{"floor":15,"key":"RECALL"}],"circlet_count":0,"master_deck":["Strike_G","Strike_G","Strike_G","Strike_G","Defend_G","Defend_G","Defend_G","Defend_G","Survivor+1","Neutralize+1","Predator+1","Fluid Movement+1"],"relics":["Ring of the Snake","infinitespire:Beetle Shell","Vampiric Spirits","reliquary:SilkGlove","Basket Of Snakes","MealTicket","Replay:Bandana"],"acts_visited":["Exordium"],"potions_floor_usage":[6,7,13,16],"damage_taken":[{"damage":0,"enemies":"Jaw Worm","floor":1,"turns":6},{"damage":0,"enemies":"Small Slimes","floor":4,"turns":2},{"damage":0,"enemies":"infinitespire:Voidling","floor":5,"turns":4},{"damage":9,"enemies":"Replay:BlueRogue","floor":6,"turns":5},{"damage":10,"enemies":"Lagavulin Event","floor":7,"turns":6},{"damage":16,"enemies":"Gremlin Nob","floor":10,"turns":5},{"damage":0,"enemies":"2 Fungi Beasts","floor":12,"turns":3},{"damage":9,"enemies":"Lagavulin","floor":13,"turns":6},{"damage":78,"enemies":"Fading Forest","floor":16,"turns":10}],"seed_played":"7245168776241876342","potions_obtained":[{"floor":1,"key":"SkillPotion"},{"floor":6,"key":"Block Potion"},{"floor":12,"key":"Poison Potion"},{"floor":13,"key":"BlessingOfTheForge"}],"is_trial":false,"path_per_floor":["M","?","?","M","M","E","?","R","T","E","R","M","E","?","R","B"],"character_chosen":"THE_SILENT","items_purchased":[],"campfire_rested":0,"item_purchase_floors":[],"current_hp_per_floor":[70,70,70,70,70,61,58,58,58,48,48,49,40,40,40,0,0],"gold":326,"neow_bonus":"RANDOM_COMMON_RELIC","is_daily":false,"chose_seed":false,"campfire_upgraded":2,"win_rate":0.0,"timestamp":1614136636,"path_taken":["M","?","?","M","?","E","?","R","T","E","R","M","E","?","R","BOSS"],"items_purchased_type":[],"build_version":"2020-12-22","purchased_purges":0,"victory":false,"max_hp_per_floor":[70,70,70,70,70,70,70,70,70,70,70,70,70,70,70,70,70],"card_choices":[{"not_picked":["Setup","Dodge and Roll"],"picked":"Predator","floor":1},{"not_picked":["Deadly Poison","Poisoned Stab"],"picked":"Fluid Movement","floor":4},{"not_picked":["Eviscerate","Prepared","ReplayTheSpireMod:Tripwire"],"picked":"SKIP","floor":5},{"not_picked":["Cloak And Dagger","PiercingWail","Predator"],"picked":"SKIP","floor":6},{"not_picked":["PiercingWail","Backflip","Quick Slash"],"picked":"SKIP","floor":10},{"not_picked":["Poisoned Stab","PiercingWail","Outmaneuver"],"picked":"SKIP","floor":12},{"not_picked":["Deflect","Backflip","Flying Knee"],"picked":"SKIP","floor":13}],"player_experience":963624,"relics_obtained":[{"floor":6,"key":"Vampiric Spirits"},{"floor":9,"key":"Basket Of Snakes"},{"floor":10,"key":"MealTicket"},{"floor":13,"key":"Replay:Bandana"}],"event_choices":[{"damage_healed":0,"gold_gain":0,"player_choice":"Forge","damage_taken":0,"max_hp_gain":0,"max_hp_loss":0,"event_name":"Accursed Blacksmith","floor":3,"gold_loss":0,"cards_upgraded":["Neutralize"]},{"damage_healed":0,"gold_gain":30,"player_choice":"Searched \u00273\u0027 times","damage_taken":0,"relics_obtained":["reliquary:SilkGlove"],"max_hp_gain":0,"max_hp_loss":0,"event_name":"Dead Adventurer","floor":7,"gold_loss":0},{"damage_healed":0,"gold_gain":0,"player_choice":"Leave","damage_taken":0,"max_hp_gain":0,"max_hp_loss":0,"event_name":"conspire:Investor","floor":14,"gold_loss":0}],"is_beta":false,"boss_relics":[],"items_purged_floors":[],"is_endless":false,"potions_floor_spawned":[1,6,12,13],"killed_by":"Fading Forest","ascension_level":1}}