{"host":"iml8x8es9od4zowg","time":1614138328,"event":{"mods":["2.2 Compatiblity","BaseMod","Minty Spire (QoL Compilation)","StSLib","The Jungle","¡¼?Úª?ø«¡½REMEMod"],"gold_per_floor":[111,111,123,123,123,148,160,191,191,203,238,238,263,273,273,377,377,394,394,409,334,259,284,284,316,340,340,369,402,418,448,448,548,548,568,518,565,614,636,679,718,1059,1071,1109,1140,676,688,767,767,767,767,767,4,39,39],"floor_reached":56,"language":"KOR","playtime":3505,"items_purged":["Riddle With Holes","Poisoned Stab","Backflip","Cloak And Dagger+1"],"score":2012,"play_id":"ac3dd6c0-5219-46d1-ad75-ae25506371c9","local_time":"20210224124528","daily_mods":["Draft","Heirloom","DeadlyEvents","Elite Swarm"],"is_ascension_mode":true,"campfire_choices":[{"floor":12,"key":"RECALL"},{"data":"Catalyst","floor":15,"key":"SMITH"},{"data":"Bouncing Flask","floor":27,"key":"SMITH"},{"data":"Adrenaline","floor":32,"key":"SMITH"},{"data":"Apotheosis","floor":49,"key":"SMITH"},{"data":"Adrenaline","floor":52,"key":"SMITH"}],"circlet_count":0,"master_deck":["Escape Plan","Catalyst+1","Deflect","Bouncing Flask+1","Slice+1","Escape Plan","Deadly Poison","Deflect","Deadly Poison","PiercingWail","REME_CRH+1","Deadly Poison","After Image","Deflect","Venomology","Deflect","Adrenaline","Catalyst","Panache","Adrenaline+1","After Image","Burst","Escape Plan","Flash of Steel","Adrenaline+1","Flash of Steel+1","Purity","Apotheosis+1","Panacea","Swift Strike+1","Finesse+1"],"relics":["Unceasing Top","REME_ComplimentaryCards","FossilizedHelix","Mercury Hourglass","Paper Crane","REME_LowDesire","Tiny Chest","Strawberry","Centennial Puzzle","Smiling Mask","Girya","Bag of Marbles","Bag of Preparation","Torii","StoneCalendar","SacredBark","Calipers","MawBank","Letter Opener","Happy Flower","Old Coin","Lizard Tail","Nunchaku","Snake Skull","Blue Candle","Pantograph","Toolbox","Pear"],"acts_visited":["Exordium","TheCity","TheBeyond","TheEnding"],"potions_floor_usage":[8,8,13,18,25,28,31,40,42,44,48,50,55],"damage_taken":[{"damage":0,"enemies":"Small Slimes","floor":1,"turns":3},{"damage":0,"enemies":"Jaw Worm","floor":3,"turns":2},{"damage":0,"enemies":"Lagavulin","floor":6,"turns":5},{"damage":0,"enemies":"2 Louse","floor":7,"turns":2},{"damage":0,"enemies":"3 Sentries","floor":8,"turns":5},{"damage":0,"enemies":"Red Slaver","floor":10,"turns":2},{"damage":0,"enemies":"Lagavulin","floor":11,"turns":6},{"damage":0,"enemies":"3 Sentries","floor":13,"turns":6},{"damage":0,"enemies":"Blue Slaver","floor":14,"turns":2},{"damage":0,"enemies":"The Guardian","floor":16,"turns":4},{"damage":0,"enemies":"Shell Parasite","floor":18,"turns":3},{"damage":0,"enemies":"3 Byrds","floor":20,"turns":2},{"damage":0,"enemies":"Book of Stabbing","floor":23,"turns":3},{"damage":0,"enemies":"REME_1_Revenger","floor":25,"turns":3},{"damage":0,"enemies":"Gremlin Leader","floor":28,"turns":2},{"damage":0,"enemies":"Book of Stabbing","floor":29,"turns":2},{"damage":0,"enemies":"Snake Plant","floor":30,"turns":2},{"damage":0,"enemies":"Gremlin Leader","floor":31,"turns":3},{"damage":7,"enemies":"Automaton","floor":33,"turns":4},{"damage":0,"enemies":"3 Shapes","floor":35,"turns":1},{"damage":0,"enemies":"2 Orb Walkers","floor":37,"turns":4},{"damage":0,"enemies":"Orb Walker","floor":39,"turns":2},{"damage":0,"enemies":"Reptomancer","floor":40,"turns":2},{"damage":0,"enemies":"Giant Head","floor":42,"turns":2},{"damage":0,"enemies":"Reptomancer","floor":44,"turns":3},{"damage":0,"enemies":"4 Shapes","floor":45,"turns":1},{"damage":0,"enemies":"Jaw Worm Horde","floor":47,"turns":1},{"damage":0,"enemies":"Maw","floor":48,"turns":1},{"damage":0,"enemies":"Donu and Deca","floor":50,"turns":3},{"damage":0,"enemies":"Shield and Spear","floor":54,"turns":1},{"damage":3,"enemies":"The Heart","floor":55,"turns":4}],"seed_played":"4435219456188836290","potions_obtained":[{"floor":1,"key":"DuplicationPotion"},{"floor":3,"key":"PowerPotion"},{"floor":8,"key":"Fruit Juice"},{"floor":13,"key":"SpeedPotion"},{"floor":35,"key":"Dexterity Potion"},{"floor":42,"key":"SkillPotion"}],"is_trial":true,"path_per_floor":["M","?","M","?","?","E","M","E","T","M","E","R","E","M","R","B",null,"M","?","M","$","?","E","T","E","T","R","E","E","M","E","R","B",null,"M","$","?","T","M","E","T","E","T","E","M","$","M","M","R","B",null,"R","$","E","B",null],"character_chosen":"THE_SILENT","items_purchased":["Snake Skull","Apotheosis","Panacea","Blue Candle","Pantograph","Toolbox","SpeedPotion"],"campfire_rested":0,"item_purchase_floors":[46,46,46,53,53,53,53],"current_hp_per_floor":[70,56,56,61,61,61,61,66,66,66,66,66,66,66,66,66,87,87,70,70,70,70,70,70,70,70,70,70,70,70,70,70,63,92,92,92,92,92,92,92,92,92,92,92,92,92,92,92,92,92,92,92,92,102,99],"gold":39,"neow_bonus":"","is_daily":false,"chose_seed":false,"campfire_upgraded":5,"win_rate":0.0,"timestamp":1614138328,"path_taken":["M","?","M","?","?","E","M","E","T","M","E","R","E","M","R","BOSS","M","?","?","$","?","E","?","E","T","R","E","?","M","E","R","BOSS","M","$","?","?","M","E","?","E","T","E","?","$","M","M","R","BOSS","R","$","E","BOSS"],"items_purchased_type":["Relic","Card","Card","Relic","Relic","Relic","Potion"],"build_version":"2020-12-22","purchased_purges":4,"victory":true,"max_hp_per_floor":[70,70,70,75,75,75,75,80,80,80,80,80,80,80,80,80,87,87,92,92,92,92,92,92,92,92,92,92,92,92,92,92,92,92,92,92,92,92,92,92,92,92,92,92,92,92,92,92,92,92,92,92,92,102,102],"card_choices":[{"not_picked":["Quick Slash","REME_ShadowStrike"],"picked":"Escape Plan","floor":0},{"not_picked":["Prepared","Distraction"],"picked":"Backflip","floor":0},{"not_picked":["Quick Slash","Dagger Throw"],"picked":"Poisoned Stab","floor":0},{"not_picked":["Flying Knee","All Out Attack"],"picked":"Catalyst","floor":0},{"not_picked":["Acrobatics","Sucker Punch"],"picked":"Bane","floor":0},{"not_picked":["Backflip","Acrobatics"],"picked":"Deflect","floor":0},{"not_picked":["Infinite Blades","Acrobatics"],"picked":"Bouncing Flask","floor":0},{"not_picked":["Acrobatics","Crippling Poison"],"picked":"Slice","floor":0},{"not_picked":["Quick Slash","Dodge and Roll"],"picked":"Escape Plan","floor":0},{"not_picked":["Sucker Punch","All Out Attack"],"picked":"Deadly Poison","floor":0},{"not_picked":["Heel Hook","Prepared"],"picked":"Cloak And Dagger","floor":0},{"not_picked":["Sucker Punch","Bane"],"picked":"Deflect","floor":0},{"not_picked":["Sucker Punch","Reflex"],"picked":"Deadly Poison","floor":0},{"not_picked":["Underhanded Strike","REME_ShadowStrike"],"picked":"Riddle With Holes","floor":0},{"not_picked":["Deflect","Caltrops"],"picked":"PiercingWail","floor":0},{"not_picked":["Underhanded Strike","Tactician"],"picked":"Deadly Poison","floor":1},{"not_picked":["Deadly Poison","Dash","Underhanded Strike"],"picked":"SKIP","floor":3},{"not_picked":["Envenom","Grand Finale"],"picked":"After Image","floor":6},{"not_picked":["Backflip","Flying Knee"],"picked":"Deflect","floor":7},{"not_picked":["Phantasmal Killer","Storm of Steel"],"picked":"Venomology","floor":8},{"not_picked":["Dagger Throw","Backflip"],"picked":"Deflect","floor":10},{"not_picked":["Phantasmal Killer","REME_GrazeFinale","Envenom"],"picked":"SKIP","floor":11},{"not_picked":["Unload","Malaise"],"picked":"Adrenaline","floor":13},{"not_picked":["Dash","Footwork"],"picked":"Catalyst","floor":14},{"not_picked":["All Out Attack+1","Concentrate","Deadly Poison+1"],"picked":"Panache","floor":18},{"not_picked":["Dagger Throw","Deflect+1","Riddle With Holes","Enlightenment"],"picked":"SKIP","floor":20},{"not_picked":["Bullet Time","Envenom","Wraith Form v2","REME_ProfessionalPlagiarism"],"picked":"SKIP","floor":23},{"not_picked":["Phantasmal Killer","REME_CopyPotion","Good Instincts"],"picked":"Adrenaline","floor":25},{"not_picked":["Grand Finale","REME_LeechingPoison","Forethought"],"picked":"After Image","floor":28},{"not_picked":["Grand Finale","Envenom","Corpse Explosion","REME_ProfessionalPlagiarism"],"picked":"SKIP","floor":29},{"not_picked":["Dodge and Roll","Sucker Punch","Accuracy","Violence"],"picked":"SKIP","floor":30},{"not_picked":["Unload","REME_ShadowForm","REME_BodyOfCthun"],"picked":"Burst","floor":31},{"not_picked":["PiercingWail+1","Dodge and Roll","Dagger Spray","Forethought+1"],"picked":"SKIP","floor":35},{"not_picked":["Caltrops","Cloak And Dagger","Mayhem"],"picked":"Escape Plan","floor":37},{"not_picked":["Prepared","Reflex+1","Underhanded Strike"],"picked":"Flash of Steel","floor":39},{"not_picked":["Wraith Form v2","REME_SpectralBlade","REME_BodyOfCthun"],"picked":"Adrenaline","floor":40},{"not_picked":["Grand Finale","Bullet Time","Phantasmal Killer"],"picked":"Flash of Steel+1","floor":42},{"not_picked":["Bullet Time","Malaise","Tools of the Trade","Secret Technique"],"picked":"SKIP","floor":44},{"not_picked":["Sucker Punch","Well Laid Plans+1","Acrobatics"],"picked":"Purity","floor":45},{"not_picked":["Slice","Quick Slash","REME_GreenPollution+1"],"picked":"Swift Strike+1","floor":47},{"not_picked":["Deflect","All Out Attack","Underhanded Strike","Metamorphosis"],"picked":"SKIP","floor":48},{"not_picked":["Doppelganger","REME_ShadowForm","Glass Knife"],"picked":"Finesse+1","floor":54}],"player_experience":545798,"relics_obtained":[{"floor":8,"key":"Mercury Hourglass"},{"floor":13,"key":"Paper Crane"},{"floor":17,"key":"Tiny Chest"},{"floor":17,"key":"Strawberry"},{"floor":23,"key":"Centennial Puzzle"},{"floor":24,"key":"Smiling Mask"},{"floor":25,"key":"Girya"},{"floor":26,"key":"Bag of Marbles"},{"floor":28,"key":"Bag of Preparation"},{"floor":29,"key":"Torii"},{"floor":31,"key":"StoneCalendar"},{"floor":37,"key":"Calipers"},{"floor":38,"key":"MawBank"},{"floor":40,"key":"Letter Opener"},{"floor":41,"key":"Happy Flower"},{"floor":42,"key":"Old Coin"},{"floor":43,"key":"Lizard Tail"},{"floor":44,"key":"Nunchaku"},{"floor":54,"key":"Pear"}],"event_choices":[{"damage_healed":0,"gold_gain":0,"player_choice":"Entered Light","damage_taken":14,"max_hp_gain":0,"max_hp_loss":0,"event_name":"Shining Light","floor":2,"gold_loss":0,"cards_upgraded":["Cloak And Dagger","Slice"]},{"damage_healed":0,"gold_gain":0,"player_choice":"Donut","damage_taken":0,"max_hp_gain":5,"max_hp_loss":0,"event_name":"Big Fish","floor":4,"gold_loss":0},{"damage_healed":0,"gold_gain":0,"player_choice":"Grow","damage_taken":0,"max_hp_gain":0,"max_hp_loss":0,"event_name":"Living Wall","floor":5,"gold_loss":0,"cards_upgraded":["REME_CRH"]},{"damage_healed":0,"gold_gain":0,"player_choice":"Shed Blood","damage_taken":22,"max_hp_gain":5,"max_hp_loss":0,"event_name":"Forgotten Altar","floor":19,"gold_loss":0},{"cards_removed":["Bane"],"damage_healed":0,"gold_gain":0,"player_choice":"Gave Gold","damage_taken":0,"max_hp_gain":0,"max_hp_loss":0,"event_name":"Beggar","floor":22,"gold_loss":75},{"damage_healed":0,"gold_gain":0,"player_choice":"Fight","damage_taken":0,"max_hp_gain":0,"max_hp_loss":0,"event_name":"Mysterious Sphere","floor":37,"gold_loss":0}],"is_beta":false,"boss_relics":[{"not_picked":["Sozu","HoveringKite"],"picked":"REME_LowDesire"},{"not_picked":["Astrolabe","SlaversCollar"],"picked":"SacredBark"}],"items_purged_floors":[21,36,46,53],"is_endless":false,"potions_floor_spawned":[1,3,8,13,20,25,28,35,39,42,44,45],"ascension_level":1}}