{"host":"wshey5htrz8rni6u","time":1614159258,"event":{"mods":["2.2 Compatiblity","BaseMod","Block Reminder","Colored Map","Colored Powertips","Current Relic Mod","Curses Come First","Dark Map","Key Reminder","Keyboard Shortcuts","Minty Spire (QoL Compilation)","Potion Indicator Mod","Quick Restart","Random Character Button","Relic Sorter","Relic Stats","StSLib","SuperFastMode","Unceasing Turn Reminder","UnlockEverythingMod","Weighted Paths"],"gold_per_floor":[109,109,34,49,49,81,101,111,136,171,189,216,242,258,258,258,258],"floor_reached":16,"language":"ENG","playtime":759,"items_purged":["Strike_G"],"score":335,"play_id":"0f1c2448-ff22-4403-ad5b-2ffb88adfc44","local_time":"20210224013418","is_ascension_mode":true,"campfire_choices":[{"floor":15,"key":"REST"}],"circlet_count":0,"master_deck":["AscendersBane","Strike_G","Strike_G","Defend_G","Defend_G","Defend_G","Defend_G","Survivor","Neutralize","Grand Finale","Outmaneuver","Quick Slash","Strike_G"],"relics":["Ring of the Snake","MealTicket","keyreminder:keyreminder","PreservedInsect","Ancient Tea Set","Gremlin Horn","Odd Mushroom"],"acts_visited":["Exordium"],"potions_floor_usage":[12,16,16],"damage_taken":[{"damage":3,"enemies":"2 Louse","floor":1,"turns":3},{"damage":0,"enemies":"Cultist","floor":4,"turns":2},{"damage":0,"enemies":"3 Sentries","floor":6,"turns":2},{"damage":1,"enemies":"Small Slimes","floor":7,"turns":2},{"damage":0,"enemies":"Red Slaver","floor":8,"turns":2},{"damage":0,"enemies":"Gremlin Nob","floor":10,"turns":2},{"damage":9,"enemies":"3 Louse","floor":11,"turns":8},{"damage":0,"enemies":"Lagavulin","floor":12,"turns":2},{"damage":21,"enemies":"The Mushroom Lair","floor":13,"turns":4},{"damage":0,"enemies":"2 Fungi Beasts","floor":14,"turns":2},{"damage":68,"enemies":"The Guardian","floor":16,"turns":19}],"seed_played":"2657810345281941616","potions_obtained":[{"floor":4,"key":"EssenceOfSteel"},{"floor":11,"key":"Fire Potion"},{"floor":13,"key":"SpeedPotion"}],"is_trial":false,"path_per_floor":["M","?","$","M","?","E","M","M","T","E","M","E","?","M","R","B"],"character_chosen":"THE_SILENT","items_purchased":[],"campfire_rested":1,"item_purchase_floors":[],"current_hp_per_floor":[56,56,56,56,56,56,55,55,55,55,46,46,25,25,43,0,0],"gold":258,"neow_bonus":"TRANSFORM_TWO_CARDS","is_daily":false,"chose_seed":true,"campfire_upgraded":0,"win_rate":0.0,"timestamp":1614159258,"path_taken":["M","?","$","?","?","E","?","M","T","E","M","E","?","M","R","BOSS"],"items_purchased_type":[],"build_version":"2020-12-13","purchased_purges":1,"victory":false,"max_hp_per_floor":[60,60,60,60,60,60,60,60,60,60,60,60,60,60,60,60,60],"relic_stats":{"Gremlin Horn":[1,1],"counters":[11,48],"MealTicket":0,"PreservedInsect":50,"obtain_stats":[{"keyreminder:keyreminder":6,"Gremlin Horn":12,"MealTicket":6,"PreservedInsect":9,"Odd Mushroom":13,"Ancient Tea Set":10,"Ring of the Snake":0},{"keyreminder:keyreminder":3,"Gremlin Horn":8,"MealTicket":3,"PreservedInsect":5,"Odd Mushroom":9,"Ancient Tea Set":6,"Ring of the Snake":0},{"keyreminder:keyreminder":7,"Gremlin Horn":23,"MealTicket":7,"PreservedInsect":11,"Odd Mushroom":27,"Ancient Tea Set":13,"Ring of the Snake":0}],"Ring of the Snake":[22]},"card_choices":[{"not_picked":["Predator","Setup"],"picked":"Quick Slash","floor":1},{"not_picked":["PiercingWail","Dagger Throw","Backstab"],"picked":"SKIP","floor":4},{"not_picked":["PiercingWail","Dagger Throw","Backstab"],"picked":"SKIP","floor":4},{"not_picked":["Endless Agony","Riddle With Holes","Tactician"],"picked":"SKIP","floor":6},{"not_picked":["Heel Hook","Reflex","Infinite Blades"],"picked":"SKIP","floor":7},{"not_picked":["Infinite Blades","Masterful Stab","Outmaneuver"],"picked":"SKIP","floor":8},{"not_picked":["PiercingWail","Underhanded Strike","Choke"],"picked":"SKIP","floor":10},{"not_picked":["Deadly Poison","Dagger Throw","Infinite Blades"],"picked":"SKIP","floor":11},{"not_picked":["Phantasmal Killer","Flying Knee","Cloak And Dagger"],"picked":"SKIP","floor":12},{"not_picked":["Flying Knee","Quick Slash","PiercingWail"],"picked":"SKIP","floor":14}],"player_experience":192710,"relics_obtained":[{"floor":6,"key":"MealTicket"},{"floor":9,"key":"PreservedInsect"},{"floor":10,"key":"Ancient Tea Set"},{"floor":12,"key":"Gremlin Horn"},{"floor":13,"key":"Odd Mushroom"}],"event_choices":[{"cards_removed":["Strike_G"],"damage_healed":0,"gold_gain":0,"player_choice":"Took Card","damage_taken":0,"max_hp_gain":0,"max_hp_loss":0,"event_name":"NoteForYourself","floor":2,"gold_loss":0,"cards_obtained":["Strike_G"]},{"damage_healed":0,"gold_gain":0,"player_choice":"0 cards matched","damage_taken":0,"max_hp_gain":0,"max_hp_loss":0,"event_name":"Match and Keep!","floor":5,"gold_loss":0,"cards_obtained":[]},{"damage_healed":0,"gold_gain":0,"player_choice":"Fought Mushrooms","damage_taken":0,"max_hp_gain":0,"max_hp_loss":0,"event_name":"Mushrooms","floor":13,"gold_loss":0}],"is_beta":false,"boss_relics":[],"items_purged_floors":[3],"is_endless":false,"potions_floor_spawned":[4,11,13],"killed_by":"The Guardian","ascension_level":14}}