{"host":"0mk07bycsqo1qk03","time":1614152678,"event":{"mods":["BaseMod","Downfall","Hermit","Hubris","Minty Spire (QoL Compilation)","Reliquary","Replay The Spire","Spicy Shops","StSLib","The Hierophant"],"gold_per_floor":[109,109,109,284,16,44,44,24,24],"floor_reached":8,"language":"ENG","playtime":312,"items_purged":["Doubt"],"score":55,"play_id":"86d74dcb-ced1-4c52-819f-363ee3dc16e6","local_time":"20210224084438","is_ascension_mode":true,"campfire_choices":[{"data":"hierophant:Community","floor":7,"key":"SMITH"}],"circlet_count":0,"master_deck":["hierophant:Strike_Hierophant","hierophant:Strike_Hierophant","hierophant:Strike_Hierophant","hierophant:Strike_Hierophant","hierophant:Punish","hierophant:Defend_Hierophant","hierophant:Defend_Hierophant","hierophant:Defend_Hierophant","hierophant:Defend_Hierophant","hierophant:ChurchCoffers","hierophant:Purify","hierophant:Community","hierophant:Community+1"],"relics":["hierophant:PropheticMaskRelic","reliquary:RosewoodLute","Pocketwatch","Membership Card","Pen Nib"],"acts_visited":["Exordium"],"potions_floor_usage":[],"damage_taken":[{"damage":6,"enemies":"Jaw Worm","floor":1,"turns":3},{"damage":18,"enemies":"Replay:BlueRogue","floor":6,"turns":10},{"damage":21,"enemies":"Lagavulin","floor":8,"turns":7}],"seed_played":"-7181945744092913524","potions_obtained":[],"is_trial":false,"path_per_floor":["M","?","?","?","$","E","R","E"],"character_chosen":"HIEROPHANT","items_purchased":["Membership Card","hierophant:Community"],"campfire_rested":0,"item_purchase_floors":[5,5],"current_hp_per_floor":[69,74,67,67,67,49,49,28,28],"gold":24,"neow_bonus":"RANDOM_COMMON_RELIC","is_daily":false,"chose_seed":false,"campfire_upgraded":1,"win_rate":0.0,"timestamp":1614152678,"path_taken":["M","?","?","?","$","E","R","E"],"items_purchased_type":["Relic","Card"],"build_version":"2020-12-22","purchased_purges":1,"victory":false,"max_hp_per_floor":[75,80,80,80,80,80,80,80,80],"card_choices":[{"not_picked":["hierophant:Remorse","hierophant:Doubloon"],"picked":"hierophant:Purify","floor":1},{"not_picked":["hierophant:CoinFling","hierophant:Chorus","hierophant:HolyVerse"],"picked":"SKIP","floor":6}],"player_experience":1065193,"relics_obtained":[{"floor":6,"key":"Pen Nib"}],"event_choices":[{"damage_healed":0,"gold_gain":0,"player_choice":"Donut","damage_taken":0,"max_hp_gain":5,"max_hp_loss":0,"event_name":"Big Fish","floor":2,"gold_loss":0},{"damage_healed":0,"gold_gain":0,"player_choice":"Success","damage_taken":7,"relics_obtained":["Pocketwatch"],"max_hp_gain":0,"max_hp_loss":0,"event_name":"Scrap Ooze","floor":3,"gold_loss":0},{"damage_healed":0,"gold_gain":175,"player_choice":"AGREE","damage_taken":0,"max_hp_gain":0,"max_hp_loss":0,"event_name":"Liars Game","floor":4,"gold_loss":0,"cards_obtained":["Doubt"]}],"is_beta":false,"boss_relics":[],"items_purged_floors":[5],"is_endless":false,"potions_floor_spawned":[],"killed_by":"Lagavulin","ascension_level":1}}