{"host":"a3wpq7kyokchzawk","time":1614171158,"event":{"mods":["BaseMod","Colored Map","Highlight Path","Minty Spire (QoL Compilation)","Permanent Neow","Potion Indicator Mod","Relic Stats","Weighted Paths"],"gold_per_floor":[367,386,399,62,79,114,114,148,174,204,204,33,33,61,61,138,138,153,203,213,230,245,245,259,271,348,86,86,86,105,116,116,195,195,212,232,67,87,0,0,12,12,37,54,54,68,95,108,108,108,108,108],"floor_reached":51,"language":"ENG","playtime":7327,"items_purged":["Strike_R"],"score":1426,"play_id":"41c58475-d47e-42b9-9709-f2729c71430e","local_time":"20210224095238","is_ascension_mode":true,"campfire_choices":[{"floor":7.0,"key":"REST"},{"floor":11.0,"key":"REST"},{"data":"Heavy Blade","floor":13.0,"key":"SMITH"},{"floor":15.0,"key":"REST"},{"floor":23.0,"key":"REST"},{"floor":29.0,"key":"REST"},{"data":"Limit Break","floor":32.0,"key":"SMITH"},{"floor":40.0,"key":"REST"},{"data":"Barricade","floor":42.0,"key":"SMITH"},{"floor":45,"key":"REST"},{"floor":49,"key":"RECALL"}],"circlet_count":0,"master_deck":["AscendersBane","Bash","Inflame","Heavy Blade+1","Power Through","Flame Barrier","Bludgeon","Ghostly Armor","Brutality","Fire Breathing","Pummel","Feel No Pain","Havoc","Madness","Uppercut","Limit Break+1","Barricade+1","Dual Wield","Shrug It Off","Infernal Blade","Double Tap","Fiend Fire","Dark Embrace","Disarm","Shockwave","Shrug It Off","Body Slam","Battle Trance","Shrug It Off+1","Corruption","Dark Shackles","Shrug It Off","Spot Weakness","Feel No Pain"],"relics":["Burning Blood","Red Skull","Dream Catcher","Ancient Tea Set","Orichalcum","Boot","Bag of Marbles","Pandora\u0027s Box","Mercury Hourglass","Sling","Busted Crown","Bronze Scales","Red Mask","Mango"],"acts_visited":["Exordium","TheCity","TheBeyond"],"potions_floor_usage":[47,47],"damage_taken":[{"damage":11.0,"enemies":"2 Louse","floor":1.0,"turns":3.0},{"damage":9.0,"enemies":"Jaw Worm","floor":2.0,"turns":3.0},{"damage":6.0,"enemies":"Cultist","floor":3.0,"turns":3.0},{"damage":15.0,"enemies":"Large Slime","floor":5.0,"turns":8.0},{"damage":23.0,"enemies":"Lagavulin","floor":6.0,"turns":6.0},{"damage":30.0,"enemies":"Gremlin Nob","floor":8.0,"turns":4.0},{"damage":12.0,"enemies":"3 Sentries","floor":10.0,"turns":5.0},{"damage":21.0,"enemies":"Lagavulin","floor":14.0,"turns":5.0},{"damage":27.0,"enemies":"Hexaghost","floor":16.0,"turns":8.0},{"damage":21.0,"enemies":"Shell Parasite","floor":18.0,"turns":6.0},{"damage":7.0,"enemies":"2 Thieves","floor":20.0,"turns":4.0},{"damage":14.0,"enemies":"Snecko","floor":21.0,"turns":5.0},{"damage":23.0,"enemies":"Snake Plant","floor":22.0,"turns":5.0},{"damage":13.0,"enemies":"Centurion and Healer","floor":24.0,"turns":7.0},{"damage":1.0,"enemies":"Snecko","floor":25.0,"turns":5.0},{"damage":16.0,"enemies":"3 Cultists","floor":30.0,"turns":5.0},{"damage":13.0,"enemies":"Sentry and Sphere","floor":31.0,"turns":5.0},{"damage":18.0,"enemies":"Automaton","floor":33.0,"turns":10.0},{"damage":5.0,"enemies":"3 Shapes","floor":35.0,"turns":6.0},{"damage":2.0,"enemies":"3 Darklings","floor":36.0,"turns":5.0},{"damage":40.0,"enemies":"Spire Growth","floor":38.0,"turns":6.0},{"damage":15.0,"enemies":"Jaw Worm Horde","floor":41.0,"turns":4.0},{"damage":6,"enemies":"Sphere and 2 Shapes","floor":44,"turns":6},{"damage":22,"enemies":"Transient","floor":46,"turns":6},{"damage":38,"enemies":"Giant Head","floor":47,"turns":6},{"damage":18,"enemies":"3 Darklings","floor":48,"turns":5},{"damage":22,"enemies":"Time Eater","floor":50,"turns":11},{"damage":18,"enemies":"Donu and Deca","floor":51,"turns":1}],"seed_played":"-427684964574069417","potions_obtained":[{"floor":1.0,"key":"PowerPotion"},{"floor":3.0,"key":"Swift Potion"},{"floor":14.0,"key":"BlessingOfTheForge"},{"floor":16.0,"key":"Explosive Potion"},{"floor":20.0,"key":"ElixirPotion"},{"floor":21.0,"key":"Strength Potion"},{"floor":30.0,"key":"Regen Potion"},{"floor":33.0,"key":"SkillPotion"},{"floor":36.0,"key":"SteroidPotion"},{"floor":38.0,"key":"ColorlessPotion"},{"floor":44,"key":"Strength Potion"},{"floor":46,"key":"Regen Potion"},{"floor":48,"key":"SteroidPotion"}],"is_trial":false,"path_per_floor":["M","M","M","$","M","E","R","E","T","E","R","$","R","E","R","B",null,"M","?","M","M","M","R","M","M","T","$","?","R","M","M","R","B",null,"M","M","$","M","?","R","M","R","T","M","R","M","E","M","R","B","B"],"character_chosen":"IRONCLAD","items_purchased":["Red Skull","Flame Barrier","Bludgeon","Madness","Sling","Dark Shackles","Bronze Scales"],"campfire_rested":7,"item_purchase_floors":[4,4,4,12,27,27,37],"current_hp_per_floor":[63,60,60,60,51,34,54,30,30,24,44,44,44,29,49,28,58,43,43,42,34,17,37,30,35,35,35,29,49,39,46,46,34,60,61,65,65,31,31,51,42,42,42,42,62,46,43,31,31,15,0,0],"gold":108,"neow_bonus":"TWO_FIFTY_GOLD","is_daily":false,"chose_seed":false,"campfire_upgraded":3,"win_rate":0.0,"timestamp":1614171158,"path_taken":["M","M","M","$","M","E","R","E","T","E","R","$","R","E","R","BOSS","M","?","M","M","M","R","M","M","T","$","?","R","?","M","R","BOSS","M","M","$","M","?","R","M","R","T","M","R","M","E","M","R","BOSS","BOSS"],"items_purchased_type":["Relic","Card","Card","Card","Relic","Card","Relic"],"build_version":"2020-12-22","purchased_purges":1,"victory":false,"max_hp_per_floor":[68,68,68,68,68,68,68,68,68,68,68,68,68,68,68,68,68,68,68,68,68,68,68,68,68,68,68,68,68,68,68,68,68,68,68,68,68,68,68,68,68,68,68,68,68,68,82,82,82,82,82,82],"relic_stats":{"Dream Catcher":7,"Busted Crown":20,"counters":[28,153],"Bronze Scales":[144],"Pandora\u0027s Box":["Barricade","Dual Wield","Shrug It Off","Infernal Blade","Double Tap","Fiend Fire","Dark Embrace","Disarm"],"Orichalcum":[138],"Boot":[22],"obtain_stats":[{"Mango":47,"Orichalcum":9,"Ancient Tea Set":8,"Boot":10,"Sling":27,"Burning Blood":0,"Mercury Hourglass":26,"Dream Catcher":6,"Busted Crown":34,"Bronze Scales":37,"Pandora\u0027s Box":17,"Bag of Marbles":14,"Red Mask":39,"Red Skull":4},{"Mango":25,"Orichalcum":6,"Ancient Tea Set":6,"Boot":7,"Sling":15,"Burning Blood":0,"Mercury Hourglass":15,"Dream Catcher":5,"Busted Crown":18,"Bronze Scales":20,"Pandora\u0027s Box":9,"Bag of Marbles":8,"Red Mask":21,"Red Skull":3},{"Mango":136,"Orichalcum":27,"Ancient Tea Set":27,"Boot":32,"Sling":77,"Burning Blood":0,"Mercury Hourglass":77,"Dream Catcher":23,"Busted Crown":97,"Bronze Scales":108,"Pandora\u0027s Box":45,"Bag of Marbles":37,"Red Mask":114,"Red Skull":9}],"Burning Blood":162,"Mercury Hourglass":[303]},"card_choices":[{"not_picked":["Blood for Blood","Pummel"],"picked":"Inflame","floor":1.0},{"not_picked":["Pommel Strike","Headbutt"],"picked":"Heavy Blade","floor":2.0},{"not_picked":["Sever Soul","Ghostly Armor"],"picked":"Power Through","floor":3.0},{"not_picked":["Iron Wave","Entrench"],"picked":"Ghostly Armor","floor":5.0},{"not_picked":["Clash","Reckless Charge"],"picked":"Brutality","floor":6.0},{"not_picked":["Pommel Strike","Cleave"],"picked":"Fire Breathing","floor":7.0},{"not_picked":["Infernal Blade","Havoc"],"picked":"Pummel","floor":8.0},{"not_picked":["Wild Strike","Metallicize"],"picked":"Feel No Pain","floor":10.0},{"not_picked":["Sentinel","Cleave"],"picked":"Havoc","floor":11.0},{"not_picked":["Wild Strike","Juggernaut","Flex"],"picked":"SKIP","floor":14.0},{"not_picked":["Headbutt","Thunderclap"],"picked":"Uppercut","floor":15.0},{"not_picked":["Corruption","Fiend Fire"],"picked":"Limit Break","floor":16.0},{"not_picked":["Pommel Strike","Clash","Anger"],"picked":"SKIP","floor":18.0},{"not_picked":["Sentinel","Heavy Blade"],"picked":"Shockwave","floor":20.0},{"not_picked":["Anger","Flex"],"picked":"Shrug It Off","floor":21.0},{"not_picked":["Double Tap","Body Slam","Twin Strike"],"picked":"SKIP","floor":22.0},{"not_picked":["Double Tap","Twin Strike"],"picked":"Body Slam","floor":22.0},{"not_picked":["Pommel Strike","Uppercut"],"picked":"Battle Trance","floor":23.0},{"not_picked":["Cleave","Sentinel+1"],"picked":"Shrug It Off+1","floor":24.0},{"not_picked":["Uppercut","Clothesline"],"picked":"Corruption","floor":25.0},{"not_picked":["Power Through","Clothesline"],"picked":"Shrug It Off","floor":30.0},{"not_picked":["Body Slam","Sever Soul","Perfected Strike"],"picked":"SKIP","floor":31.0},{"not_picked":[],"picked":"Spot Weakness","floor":35.0},{"not_picked":["Anger"],"picked":"SKIP","floor":36.0},{"not_picked":["Perfected Strike+1"],"picked":"SKIP","floor":38.0},{"not_picked":[],"picked":"Feel No Pain","floor":40.0},{"not_picked":["Carnage"],"picked":"SKIP","floor":41.0},{"not_picked":["Cleave+1"],"picked":"SKIP","floor":44},{"not_picked":["Sentinel"],"picked":"SKIP","floor":46},{"not_picked":["Cleave"],"picked":"SKIP","floor":47},{"not_picked":["Warcry"],"picked":"SKIP","floor":48}],"player_experience":2845104,"relics_obtained":[{"floor":6.0,"key":"Dream Catcher"},{"floor":8.0,"key":"Ancient Tea Set"},{"floor":9.0,"key":"Orichalcum"},{"floor":10.0,"key":"Boot"},{"floor":14.0,"key":"Bag of Marbles"},{"floor":26.0,"key":"Mercury Hourglass"},{"floor":47,"key":"Mango"}],"event_choices":[{"damage_healed":0.0,"max_hp_gain":0.0,"max_hp_loss":0.0,"gold_gain":50.0,"event_name":"Nest","player_choice":"Stole From Cult","floor":19.0,"gold_loss":0.0,"damage_taken":0.0},{"damage_healed":0.0,"max_hp_gain":0.0,"max_hp_loss":0.0,"gold_gain":0.0,"event_name":"Knowing Skull","player_choice":"","floor":28.0,"potions_obtained":[],"gold_loss":0.0,"damage_taken":6.0,"cards_obtained":[]},{"damage_healed":0.0,"max_hp_gain":0.0,"max_hp_loss":0.0,"gold_gain":0.0,"event_name":"Tomb of Lord Red Mask","player_choice":"Paid","floor":39.0,"gold_loss":87.0,"damage_taken":0.0,"relics_obtained":["Red Mask"]}],"is_beta":false,"boss_relics":[{"not_picked":["Coffee Dripper","Black Blood"],"picked":"Pandora\u0027s Box"},{"not_picked":["SacredBark","Velvet Choker"],"picked":"Busted Crown"}],"items_purged_floors":[12],"is_endless":false,"potions_floor_spawned":[1,3,14,16,20,21,25,30,33,36,38,44,46,48],"killed_by":"Donu and Deca","ascension_level":20}}