{"host":"0fmi5fguj5lvt8pf","time":1614132297,"event":{"mods":["BaseMod","Colored Map","Curses Come First","Downfall","Minty Spire (QoL Compilation)","Permanent Neow","StSLib"],"gold_per_floor":[99,112,112,61,61,61,61,77,116,129,144,158,186,240,268,366,366,366,366,366,366,366,379,379,297,319,362,362,382,406,406,430,430,430,430],"floor_reached":33,"language":"ENG","playtime":2436,"items_purged":["hexamod:Defend"],"score":269,"play_id":"5756c6b3-7bdc-4453-aece-fae3c15ac53e","local_time":"20210223180457","is_ascension_mode":false,"campfire_choices":[{"data":"hexamod:ForkedFlame","floor":1.0,"key":"SMITH"},{"data":"hexamod:ChargedBarrage","floor":6.0,"key":"SMITH"},{"data":"hexamod:FlameSwitch","floor":18.0,"key":"SMITH"}],"circlet_count":0,"master_deck":["hexamod:Strike","hexamod:Strike","hexamod:Strike","hexamod:Defend","hexamod:Defend","hexamod:Defend","hexamod:Sear","hexamod:Float","hexamod:ForkedFlame+1","hexamod:InspiringFlames","hexamod:ChargedBarrage+1","hexamod:FirstSeal","hexamod:SecondSeal","hexamod:GhostflameBarrier","hexamod:PhantomFireball","hexamod:HauntingEcho","hexamod:HauntingEcho","hexamod:FlameSwitch+1","hexamod:FastForward+1","hexamod:ThirdSeal","hexamod:HeatMetal+1","hexamod:FourthSeal","hexamod:PhantomCloak+1","Pride","hexamod:ThermalTransfer+1"],"relics":["hexamod:UnbrokenSoul","Gremlin Horn","downfall:RedIOU","Pocketwatch","Strawberry","champ:DuelingGlove"],"acts_visited":["Exordium","TheCity"],"potions_floor_usage":[27,27,32,33],"damage_taken":[{"damage":0.0,"enemies":"2 Louse","floor":2.0,"turns":1.0},{"damage":0.0,"enemies":"downfall:FleeingMerchant","floor":4.0,"turns":4.0},{"damage":0.0,"enemies":"Cultist","floor":8.0,"turns":3.0},{"damage":29.0,"enemies":"Gremlin Nob","floor":9.0,"turns":5.0},{"damage":0.0,"enemies":"Jaw Worm","floor":10.0,"turns":4.0},{"damage":1.0,"enemies":"Exordium Thugs","floor":11.0,"turns":3.0},{"damage":5.0,"enemies":"downfall:LooterAlt","floor":12.0,"turns":2.0},{"damage":0.0,"enemies":"2 Fungi Beasts","floor":13.0,"turns":3.0},{"damage":11.0,"enemies":"Large Slime","floor":15.0,"turns":4.0},{"damage":10.0,"enemies":"SI_SHIV_ARCHETYPE","floor":16.0,"turns":6.0},{"damage":5.0,"enemies":"Chosen","floor":23.0,"turns":4.0},{"damage":0.0,"enemies":"downfall:FleeingMerchant","floor":25.0,"turns":4.0},{"damage":17.0,"enemies":"Shell Parasite","floor":26.0,"turns":4.0},{"damage":40,"enemies":"Slavers","floor":27,"turns":5},{"damage":14,"enemies":"Chosen and Byrds","floor":29,"turns":6},{"damage":12,"enemies":"Centurion and Healer","floor":30,"turns":5},{"damage":4,"enemies":"Cultist and Chosen","floor":32,"turns":6},{"damage":26,"enemies":"WA_ARCHETYPE_CALM","floor":33,"turns":5}],"seed_played":"8877348012130314215","potions_obtained":[{"floor":2.0,"key":"Regen Potion"},{"floor":9.0,"key":"Slimebound:ThreeZeroPotion"},{"floor":12.0,"key":"hexamod:InfernoChargePotion"},{"floor":13.0,"key":"hexamod:InfernoChargePotion"},{"floor":15.0,"key":"EntropicBrew"},{"floor":27,"key":"LiquidMemories"},{"floor":27,"key":"LiquidBronze"},{"floor":32,"key":"AttackPotion"}],"is_trial":false,"path_per_floor":["R","M","?","$","?","R","T","M","E","M","M","M","M","T","M","B",null,"R","?","?","?","?","M","T","$","M","E","?","M","M","?","M","B"],"character_chosen":"THE_SPIRIT","items_purchased":["hexamod:FirstSeal"],"campfire_rested":0,"item_purchase_floors":[4],"current_hp_per_floor":[63,63,63,63,63,63,63,63,41,48,54,56,63,63,59,56,63,63,63,63,63,52,54,54,61,51,39,39,32,27,27,23,0,0,0],"gold":430,"neow_bonus":"THREE_RARE_CARDS","is_daily":false,"chose_seed":false,"campfire_upgraded":3,"win_rate":0.0,"timestamp":1614132297,"path_taken":["R","M","?","?","?","R","T","M","E","M","M","M","?","?","M","BOSS","R","?","?","?","?","M","T","$","M","E","?","M","?","?","M","BOSS"],"items_purchased_type":["Card"],"build_version":"2020-12-22","purchased_purges":1,"victory":false,"max_hp_per_floor":[63,63,63,63,63,63,63,63,63,63,63,63,63,63,63,63,63,63,63,63,63,68,68,68,68,68,75,75,75,75,75,75,75,75,75],"card_choices":[{"not_picked":["hexamod:Toasty","hexamod:VolcanoVisage"],"picked":"hexamod:ForkedFlame","floor":0.0},{"not_picked":["hexamod:SkipABeat","hexamod:SuperheatedStrike"],"picked":"hexamod:InspiringFlames","floor":2.0},{"not_picked":["hexamod:HeatCrush","hexamod:NightmareStrike"],"picked":"hexamod:ChargedBarrage","floor":4.0},{"not_picked":["hexamod:ShieldOfDarkness","hexamod:FlamesFromBeyond"],"picked":"hexamod:SecondSeal","floor":8.0},{"not_picked":["hexamod:BurningTouch","hexamod:RadiantFlame"],"picked":"hexamod:GhostflameBarrier","floor":9.0},{"not_picked":["hexamod:Hexaguard","hexamod:HeatMetal","hexamod:ShieldOfDarkness"],"picked":"hexamod:PhantomFireball","floor":10.0},{"not_picked":["hexamod:ApocalypseNow","hexamod:ShieldOfDarkness","hexamod:GhostShield"],"picked":"hexamod:HauntingEcho","floor":11.0},{"not_picked":["hexamod:ThermalTransfer","hexamod:SuperheatedStrike","hexamod:SpectersWail"],"picked":"hexamod:HauntingEcho","floor":12.0},{"not_picked":["hexamod:ApocalypseNow","hexamod:AdvancingGuard","hexamod:SecondSeal","hexamod:PowerFromBeyond"],"picked":"SKIP","floor":13.0},{"not_picked":["hexamod:DynamicBlow","hexamod:SpectralSpark","hexamod:HeatShield","hexamod:Haunt"],"picked":"SKIP","floor":15.0},{"not_picked":["hexamod:GiftsFromTheDead","hexamod:HexaLevel","hexamod:TimeOfNeed"],"picked":"hexamod:FlameSwitch","floor":16.0},{"not_picked":["hexamod:HauntingEcho","hexamod:FastForward"],"picked":"hexamod:ThirdSeal","floor":23.0},{"not_picked":["hexamod:NightmareStrike+1","hexamod:HeatCrush"],"picked":"hexamod:HeatMetal+1","floor":25.0},{"not_picked":["hexamod:BacktrackSmack","hexamod:SecondSeal","hexamod:Toasty"],"picked":"SKIP","floor":25.0},{"not_picked":["hexamod:GhostOfSpireFuture","hexamod:SecondSeal"],"picked":"hexamod:FourthSeal","floor":26.0},{"not_picked":["hexamod:RetreatToShadows","hexamod:AdvancingGuard+1","hexamod:Hexaguard+1"],"picked":"SKIP","floor":27},{"not_picked":["hexamod:Hexaguard+1","hexamod:ThermalTransfer"],"picked":"hexamod:PhantomCloak+1","floor":29},{"not_picked":["hexamod:BacktrackSmack","hexamod:BurningTouch+1","hexamod:HeatMetal"],"picked":"SKIP","floor":29},{"not_picked":["hexamod:GhostLash","hexamod:RecurringNightmare","hexamod:SpectersWail"],"picked":"SKIP","floor":30},{"not_picked":["hexamod:NightmareStrike+1","hexamod:SoulSteal+1","hexamod:SecondSeal"],"picked":"SKIP","floor":30},{"not_picked":["hexamod:StepThrough","hexamod:HeatShield+1"],"picked":"hexamod:ThermalTransfer+1","floor":32}],"player_experience":1518242,"relics_obtained":[{"floor":7.0,"key":"Gremlin Horn"},{"floor":9.0,"key":"Question Card"},{"floor":24.0,"key":"Pocketwatch"},{"floor":27,"key":"Strawberry"}],"event_choices":[{"cards_removed":["hexamod:Strike"],"damage_healed":0.0,"max_hp_gain":0.0,"max_hp_loss":0.0,"gold_gain":0.0,"event_name":"Bonfire Elementals","player_choice":"Offered Basic","floor":3.0,"gold_loss":0.0,"damage_taken":0.0},{"damage_healed":0.0,"max_hp_gain":0.0,"max_hp_loss":0.0,"gold_gain":0.0,"event_name":"The Library","player_choice":"Read","floor":20.0,"gold_loss":0.0,"damage_taken":0.0,"cards_obtained":["hexamod:FastForward"]},{"damage_healed":0,"gold_gain":0,"player_choice":"Forge","damage_taken":0,"max_hp_gain":0,"max_hp_loss":0,"event_name":"Accursed Blacksmith","floor":28,"gold_loss":0,"cards_upgraded":["hexamod:FastForward"]},{"damage_healed":0,"gold_gain":0,"player_choice":"Stole Relic","damage_taken":0,"relics_obtained":["champ:DuelingGlove"],"max_hp_gain":0,"max_hp_loss":0,"event_name":"Addict","floor":31,"gold_loss":0,"cards_obtained":["Pride"]}],"is_beta":false,"boss_relics":[{"not_picked":["sneckomod:SneckoTalon","Velvet Choker"],"picked":"hexamod:UnbrokenSoul"}],"items_purged_floors":[25],"is_endless":false,"potions_floor_spawned":[2,9,12,13,15,27,29,32],"killed_by":"WA_ARCHETYPE_CALM","ascension_level":0}}