{"host":"q0qnzbgdx8oqogg9","time":1614188508,"event":{"mods":["BaseMod","Minty Spire (QoL Compilation)","StSLib"],"gold_per_floor":[112,112,112,127,127,127,158,158,183,200,200,125,155,173,173,246,246,265,248,264,179,27,27,37,37,37,51,51,62,62,62],"floor_reached":30,"language":"ENG","playtime":808,"items_purged":["Strike_G"],"score":477,"play_id":"d8688230-cc8b-4047-a7e1-17e7a98e7910","local_time":"20210224124148","is_ascension_mode":true,"campfire_choices":[{"data":"Neutralize","floor":6.0,"key":"SMITH"},{"data":"Terror","floor":8.0,"key":"SMITH"},{"data":"Cloak And Dagger","floor":11.0,"key":"SMITH"},{"data":"Accuracy","floor":15.0,"key":"SMITH"},{"data":"After Image","floor":23.0,"key":"SMITH"},{"floor":25.0,"key":"REST"}],"circlet_count":0,"master_deck":["AscendersBane","Strike_G","Strike_G","Defend_G","Defend_G","Defend_G","Defend_G","Defend_G","Survivor","Neutralize+1","Slice","Sucker Punch","Terror+1","Cloak And Dagger+1","Accuracy+1","Endless Agony","After Image+1","Dodge and Roll","Backstab+1","Escape Plan","Prepared","Pain","Finisher"],"relics":["Ring of the Snake","NeowsBlessing","GremlinMask","Kunai","Happy Flower","Juzu Bracelet","WristBlade","Snake Skull","HornCleat","WarpedTongs"],"acts_visited":["Exordium","TheCity"],"potions_floor_usage":[30,30],"damage_taken":[{"damage":0.0,"enemies":"2 Louse","floor":1.0,"turns":1.0},{"damage":0.0,"enemies":"Cultist","floor":4.0,"turns":1.0},{"damage":0.0,"enemies":"3 Sentries","floor":7.0,"turns":1.0},{"damage":1.0,"enemies":"Small Slimes","floor":10.0,"turns":4.0},{"damage":7.0,"enemies":"Lagavulin","floor":13.0,"turns":6.0},{"damage":3.0,"enemies":"Blue Slaver","floor":14.0,"turns":5.0},{"damage":6.0,"enemies":"The Guardian","floor":16.0,"turns":10.0},{"damage":3.0,"enemies":"Shell Parasite","floor":18.0,"turns":4.0},{"damage":7.0,"enemies":"2 Thieves","floor":19.0,"turns":4.0},{"damage":18.0,"enemies":"Shelled Parasite and Fungi","floor":20.0,"turns":6.0},{"damage":6.0,"enemies":"Chosen and Byrds","floor":24.0,"turns":6.0},{"damage":4.0,"enemies":"Centurion and Healer","floor":27.0,"turns":7.0},{"damage":18.0,"enemies":"3 Cultists","floor":29.0,"turns":9.0},{"damage":21,"enemies":"Slavers","floor":30,"turns":5}],"seed_played":"-8468470540297504438","potions_obtained":[{"floor":4.0,"key":"Strength Potion"},{"floor":7.0,"key":"Fire Potion"},{"floor":20.0,"key":"SteroidPotion"},{"floor":24.0,"key":"Energy Potion"}],"is_trial":false,"path_per_floor":["M","?","?","M","?","R","E","R","T","M","R","?","E","M","R","B",null,"M","M","M","?","$","R","M","R","T","M","?","M","E"],"character_chosen":"THE_SILENT","items_purchased":["Escape Plan"],"campfire_rested":1,"item_purchase_floors":[22],"current_hp_per_floor":[59,59,59,59,52,52,52,52,52,51,51,51,44,41,41,35,58,55,48,30,30,30,30,24,43,43,39,39,21,0,0],"gold":62,"neow_bonus":"THREE_ENEMY_KILL","is_daily":false,"chose_seed":false,"campfire_upgraded":5,"win_rate":0.0,"timestamp":1614188508,"path_taken":["M","?","?","?","?","R","E","R","T","M","R","?","E","M","R","BOSS","M","M","M","?","$","R","M","R","T","M","?","M","E"],"items_purchased_type":["Card"],"build_version":"2020-12-22","purchased_purges":1,"victory":false,"max_hp_per_floor":[66,66,66,66,66,66,66,66,66,66,66,66,66,66,66,66,66,66,66,66,66,66,66,66,66,66,66,66,66,66,66],"card_choices":[{"not_picked":["Dagger Throw","Finisher"],"picked":"Slice","floor":1.0},{"not_picked":["Slice","Underhanded Strike"],"picked":"Sucker Punch","floor":4.0},{"not_picked":["Sucker Punch","Unload"],"picked":"Terror","floor":7.0},{"not_picked":["Crippling Poison","Deadly Poison"],"picked":"Cloak And Dagger","floor":10.0},{"not_picked":["Poisoned Stab","Skewer"],"picked":"Accuracy","floor":13.0},{"not_picked":["Poisoned Stab","Dodge and Roll"],"picked":"Endless Agony","floor":14.0},{"not_picked":["Die Die Die","Phantasmal Killer"],"picked":"After Image","floor":16.0},{"not_picked":["Reflex","Poisoned Stab"],"picked":"Dodge and Roll","floor":18.0},{"not_picked":["Bane","Leg Sweep"],"picked":"Backstab+1","floor":19.0},{"not_picked":["Dodge and Roll","Quick Slash","Underhanded Strike+1"],"picked":"SKIP","floor":20.0},{"not_picked":["PiercingWail","Backflip"],"picked":"Prepared","floor":24.0},{"not_picked":["Terror","Bane","Catalyst"],"picked":"SKIP","floor":27.0},{"not_picked":["Dodge and Roll","Choke"],"picked":"Finisher","floor":29.0}],"player_experience":380828,"relics_obtained":[{"floor":7.0,"key":"Kunai"},{"floor":9.0,"key":"Happy Flower"},{"floor":13.0,"key":"Juzu Bracelet"},{"floor":26.0,"key":"HornCleat"}],"event_choices":[{"damage_healed":0.0,"max_hp_gain":0.0,"max_hp_loss":0.0,"gold_gain":0.0,"event_name":"Liars Game","player_choice":"Ignored","floor":2.0,"gold_loss":0.0,"damage_taken":0.0},{"damage_healed":0.0,"max_hp_gain":0.0,"max_hp_loss":0.0,"gold_gain":0.0,"event_name":"FaceTrader","player_choice":"Trade","floor":3.0,"gold_loss":0.0,"damage_taken":0.0,"relics_obtained":["GremlinMask"]},{"cards_removed":["Strike_G"],"damage_healed":0.0,"max_hp_gain":0.0,"max_hp_loss":0.0,"gold_gain":0.0,"event_name":"Golden Wing","player_choice":"Card Removal","floor":5.0,"gold_loss":0.0,"damage_taken":7.0},{"cards_removed":["Strike_G"],"damage_healed":0.0,"max_hp_gain":0.0,"max_hp_loss":0.0,"gold_gain":0.0,"event_name":"The Cleric","player_choice":"Card Removal","floor":12.0,"gold_loss":75.0,"damage_taken":0.0},{"damage_healed":0.0,"max_hp_gain":0.0,"max_hp_loss":0.0,"gold_gain":0.0,"event_name":"Addict","player_choice":"Obtained Relic","floor":21.0,"gold_loss":85.0,"damage_taken":0.0,"relics_obtained":["Snake Skull"]},{"damage_healed":0.0,"max_hp_gain":0.0,"max_hp_loss":0.0,"gold_gain":0.0,"event_name":"Accursed Blacksmith","player_choice":"Rummage","floor":28.0,"gold_loss":0.0,"damage_taken":0.0,"relics_obtained":["WarpedTongs"],"cards_obtained":["Pain"]}],"is_beta":false,"boss_relics":[{"not_picked":["SlaversCollar","Runic Dome"],"picked":"WristBlade"}],"items_purged_floors":[22],"is_endless":false,"potions_floor_spawned":[4,7,10,20,24],"killed_by":"Slavers","ascension_level":16}}