{"host":"188x3om7sf6mgxv1","time":1614140341,"event":{"mods":["BaseMod","Block Reminder","Minty Spire (QoL Compilation)","Relic Stats","StSLib"],"gold_per_floor":[111,111,130,18,18,18,45,45,45,45,79,79,109,122,122,221,221,236,25,25,25,25,50,50,78,78,92,92,105,122,157,157,259,259,272,272,172,172,186,219,269,269,269,304,316,316,330,349,349,349,349,349,51,81,81],"floor_reached":56,"language":"ENG","playtime":2792,"items_purged":["Strike_P","Strike_P"],"score":1487,"play_id":"d5978390-33c3-4bd2-bf8a-3a70d0fe89aa","local_time":"20210223231901","is_ascension_mode":true,"campfire_choices":[{"data":"WheelKick","floor":6.0,"key":"SMITH"},{"data":"TalkToTheHand","floor":8.0,"key":"SMITH"},{"data":"Protect","floor":10.0,"key":"SMITH"},{"data":"Halt","floor":12.0,"key":"SMITH"},{"data":"Consecrate","floor":15.0,"key":"SMITH"},{"data":"Meditate","floor":24.0,"key":"SMITH"},{"data":"CrushJoints","floor":28.0,"key":"SMITH"},{"data":"SpiritShield","floor":32.0,"key":"SMITH"},{"floor":42.0,"key":"RECALL"},{"data":"MentalFortress","floor":46.0,"key":"SMITH"},{"data":"SpiritShield","floor":49.0,"key":"SMITH"},{"data":"Scrawl","floor":52.0,"key":"SMITH"}],"circlet_count":0,"master_deck":["Defend_P","Defend_P","Eruption","Vigilance","FollowUp+1","WheelKick+1","TalkToTheHand+1","Protect+1","Halt+1","FearNoEvil","Consecrate+1","DevaForm","Meditate+1","Vault","FlurryOfBlows","RitualDagger","MentalFortress+1","JustLucky","SpiritShield+1","ClearTheMind","Scrawl+1","Halt+1","Fasting2+1","Wireheading+1","JustLucky+1","FlurryOfBlows","MentalFortress+1","SpiritShield+1","EmptyFist","FlurryOfBlows"],"relics":["Cursed Key","Mercury Hourglass","Strawberry","Pantograph","SlaversCollar","Nilry\u0027s Codex","Sundial","Omamori","Meat on the Bone","Oddly Smooth Stone","Empty Cage","MealTicket","Unceasing Top","The Courier","Mummified Hand","Blue Candle"],"acts_visited":["Exordium","TheCity","TheBeyond","TheEnding"],"potions_floor_usage":[55,55],"damage_taken":[{"damage":0.0,"enemies":"Jaw Worm","floor":1.0,"turns":3.0},{"damage":1.0,"enemies":"Small Slimes","floor":3.0,"turns":3.0},{"damage":8.0,"enemies":"Lagavulin","floor":7.0,"turns":5.0},{"damage":5.0,"enemies":"3 Sentries","floor":11.0,"turns":5.0},{"damage":4.0,"enemies":"Lagavulin","floor":13.0,"turns":5.0},{"damage":0.0,"enemies":"2 Louse","floor":14.0,"turns":2.0},{"damage":3.0,"enemies":"The Guardian","floor":16.0,"turns":6.0},{"damage":4.0,"enemies":"3 Byrds","floor":18.0,"turns":4.0},{"damage":0.0,"enemies":"Gremlin Leader","floor":23.0,"turns":5.0},{"damage":24.0,"enemies":"Book of Stabbing","floor":25.0,"turns":7.0},{"damage":0.0,"enemies":"Chosen","floor":27.0,"turns":3.0},{"damage":8.0,"enemies":"Shelled Parasite and Fungi","floor":29.0,"turns":4.0},{"damage":0.0,"enemies":"3 Cultists","floor":30.0,"turns":4.0},{"damage":0.0,"enemies":"Gremlin Leader","floor":31.0,"turns":6.0},{"damage":7.0,"enemies":"Champ","floor":33.0,"turns":14.0},{"damage":0.0,"enemies":"3 Darklings","floor":35.0,"turns":3.0},{"damage":0.0,"enemies":"3 Shapes","floor":39.0,"turns":6.0},{"damage":1.0,"enemies":"Reptomancer","floor":40.0,"turns":4.0},{"damage":0.0,"enemies":"Mind Bloom Boss Battle","floor":41.0,"turns":7.0},{"damage":5.0,"enemies":"Nemesis","floor":44.0,"turns":8.0},{"damage":12.0,"enemies":"Maw","floor":45.0,"turns":9.0},{"damage":12.0,"enemies":"Spire Growth","floor":47.0,"turns":6.0},{"damage":0.0,"enemies":"Sphere and 2 Shapes","floor":48.0,"turns":2.0},{"damage":8.0,"enemies":"Donu and Deca","floor":50.0,"turns":12.0},{"damage":36.0,"enemies":"Shield and Spear","floor":54.0,"turns":9.0},{"damage":51,"enemies":"The Heart","floor":55,"turns":7}],"seed_played":"-4795653390398502087","potions_obtained":[{"floor":11.0,"key":"PowerPotion"},{"floor":13.0,"key":"PowerPotion"},{"floor":14.0,"key":"AttackPotion"},{"floor":18.0,"key":"Swift Potion"},{"floor":45.0,"key":"PowerPotion"},{"floor":47.0,"key":"Fruit Juice"},{"floor":48.0,"key":"Strength Potion"}],"is_trial":false,"path_per_floor":["M","?","M","$","?","R","E","R","T","R","E","R","E","M","R","B",null,"M","$","?","?","$","E","R","E","T","M","R","M","M","E","R","B",null,"M","?","$","?","M","E","?","R","T","E","M","R","M","M","R","B",null,"R","$","E","B",null],"character_chosen":"WATCHER","items_purchased":["TalkToTheHand","Vault","FlurryOfBlows","Mummified Hand","FlurryOfBlows","GamblersBrew"],"campfire_rested":0,"item_purchase_floors":[4,19,19,53,53,53],"current_hp_per_floor":[72,72,71,71,64,64,56,56,56,56,58,58,54,54,54,76,79,75,75,69,53,53,53,53,29,29,41,41,45,45,45,45,63,79,79,79,79,79,79,78,79,79,79,74,62,62,50,55,55,72,84,84,84,48,34],"gold":81,"neow_bonus":"BOSS_RELIC","is_daily":false,"chose_seed":false,"campfire_upgraded":11,"win_rate":0.0,"timestamp":1614140341,"path_taken":["M","?","M","$","?","R","E","R","T","R","E","R","E","M","R","BOSS","M","$","?","?","?","E","R","E","T","M","R","M","M","E","R","BOSS","M","?","$","?","?","E","?","R","T","E","M","R","M","M","R","BOSS","R","$","E","BOSS"],"items_purchased_type":["Card","Card","Card","Relic","Card","Potion"],"build_version":"2020-12-22","purchased_purges":2,"victory":true,"max_hp_per_floor":[72,72,72,72,72,72,72,72,72,72,79,79,79,79,79,79,79,79,79,79,79,79,79,79,79,79,79,79,79,79,79,79,79,79,79,79,79,79,79,79,79,79,79,79,79,79,79,84,84,84,84,84,84,84,84],"relic_stats":{"counters":[26,148],"Sundial":[12],"Mummified Hand":[19],"Pantograph":101,"Blue Candle":[0],"MealTicket":0,"Cursed Key":2,"obtain_stats":[{"Nilry\u0027s Codex":21,"Blue Candle":54,"Oddly Smooth Stone":31,"The Courier":44,"Omamori":25,"Cursed Key":0,"Empty Cage":34,"Mercury Hourglass":7,"SlaversCollar":17,"Sundial":23,"Mummified Hand":53,"Strawberry":11,"Pantograph":13,"MealTicket":40,"PureWater":0,"Unceasing Top":41,"Meat on the Bone":26},{"Nilry\u0027s Codex":8,"Blue Candle":25,"Oddly Smooth Stone":14,"The Courier":20,"Omamori":10,"Cursed Key":0,"Empty Cage":15,"Mercury Hourglass":3,"SlaversCollar":7,"Sundial":9,"Mummified Hand":24,"Strawberry":4,"Pantograph":5,"MealTicket":18,"PureWater":0,"Unceasing Top":19,"Meat on the Bone":10},{"Nilry\u0027s Codex":32,"Blue Candle":141,"Oddly Smooth Stone":61,"The Courier":103,"Omamori":44,"Cursed Key":0,"Empty Cage":75,"Mercury Hourglass":11,"SlaversCollar":29,"Sundial":37,"Mummified Hand":132,"Strawberry":16,"Pantograph":21,"MealTicket":88,"PureWater":0,"Unceasing Top":95,"Meat on the Bone":44}],"Unceasing Top":[4],"Mercury Hourglass":[480],"Meat on the Bone":36},"card_choices":[{"not_picked":["Evaluate","Adaptation"],"picked":"FollowUp","floor":1.0},{"not_picked":["Nirvana","EmptyMind"],"picked":"WheelKick","floor":3.0},{"not_picked":["FlyingSleeves","DeceiveReality"],"picked":"Protect","floor":7.0},{"not_picked":["Prostrate","PathToVictory"],"picked":"Halt","floor":11.0},{"not_picked":["Halt","Perseverance"],"picked":"FearNoEvil","floor":13.0},{"not_picked":["BowlingBash","Protect"],"picked":"Consecrate","floor":14.0},{"not_picked":["Establishment","Devotion"],"picked":"DevaForm","floor":16.0},{"not_picked":["FollowUp","ClearTheMind"],"picked":"Meditate","floor":18.0},{"not_picked":["CutThroughFate+1","ClearTheMind"],"picked":"MentalFortress+1","floor":23.0},{"not_picked":["ThirdEye+1","BattleHymn"],"picked":"CrushJoints","floor":25.0},{"not_picked":["EmptyBody","PathToVictory+1"],"picked":"JustLucky","floor":27.0},{"not_picked":["Evaluate","Indignation","PathToVictory"],"picked":"SKIP","floor":29.0},{"not_picked":["FlyingSleeves+1","Halt"],"picked":"SpiritShield","floor":30.0},{"not_picked":["Devotion","Nirvana+1"],"picked":"ClearTheMind","floor":31.0},{"not_picked":["Alpha","ConjureBlade"],"picked":"Scrawl","floor":33.0},{"not_picked":["JustLucky","FearNoEvil+1"],"picked":"Halt+1","floor":35.0},{"not_picked":["Study","Perseverance"],"picked":"Fasting2+1","floor":39.0},{"not_picked":["Evaluate+1","FlyingSleeves"],"picked":"Wireheading+1","floor":40.0},{"not_picked":["Sanctity","Consecrate"],"picked":"JustLucky+1","floor":41.0},{"not_picked":["ForeignInfluence","Crescendo+1"],"picked":"FlurryOfBlows","floor":44.0},{"not_picked":["CrushJoints+1","Wireheading+1"],"picked":"MentalFortress","floor":45.0},{"not_picked":["ReachHeaven+1","BowlingBash"],"picked":"SpiritShield","floor":47.0},{"not_picked":["Sanctity","CrushJoints"],"picked":"EmptyFist","floor":48.0},{"not_picked":["LessonLearned","SashWhip","PathToVictory"],"picked":"SKIP","floor":54.0}],"player_experience":98725,"relics_obtained":[{"floor":7.0,"key":"Mercury Hourglass"},{"floor":11.0,"key":"Strawberry"},{"floor":13.0,"key":"Pantograph"},{"floor":21.0,"key":"Nilry\u0027s Codex"},{"floor":23.0,"key":"Sundial"},{"floor":25.0,"key":"Omamori"},{"floor":26.0,"key":"Meat on the Bone"},{"floor":31.0,"key":"Oddly Smooth Stone"},{"floor":40.0,"key":"MealTicket"},{"floor":41.0,"key":"Unceasing Top"},{"floor":44.0,"key":"The Courier"},{"floor":54.0,"key":"Blue Candle"}],"event_choices":[{"damage_healed":0.0,"max_hp_gain":0.0,"max_hp_loss":0.0,"gold_gain":0.0,"event_name":"Living Wall","player_choice":"Grow","floor":2.0,"gold_loss":0.0,"damage_taken":0.0,"cards_upgraded":["FollowUp"]},{"cards_removed":["Strike_P"],"damage_healed":0.0,"max_hp_gain":0.0,"max_hp_loss":0.0,"gold_gain":0.0,"event_name":"Golden Wing","player_choice":"Card Removal","floor":5.0,"gold_loss":0.0,"damage_taken":7.0},{"damage_healed":0.0,"max_hp_gain":0.0,"max_hp_loss":0.0,"gold_gain":0.0,"event_name":"Nest","player_choice":"Joined the Cult","floor":20.0,"gold_loss":0.0,"damage_taken":6.0,"cards_obtained":["RitualDagger"]},{"damage_healed":0.0,"max_hp_gain":0.0,"max_hp_loss":0.0,"gold_gain":0.0,"event_name":"Cursed Tome","player_choice":"Obtained Book","floor":21.0,"gold_loss":0.0,"damage_taken":16.0},{"cards_removed":["CrushJoints"],"damage_healed":0.0,"max_hp_gain":0.0,"max_hp_loss":0.0,"gold_gain":0.0,"event_name":"Falling","player_choice":"Removed Attack","floor":36.0,"gold_loss":0.0,"damage_taken":0.0},{"cards_removed":["Defend_P"],"damage_healed":0.0,"max_hp_gain":0.0,"max_hp_loss":0.0,"gold_gain":0.0,"event_name":"Bonfire Elementals","player_choice":"Offered Basic","floor":38.0,"gold_loss":0.0,"damage_taken":0.0},{"damage_healed":0.0,"max_hp_gain":0.0,"max_hp_loss":0.0,"gold_gain":0.0,"event_name":"MindBloom","player_choice":"Fight","floor":41.0,"gold_loss":0.0,"damage_taken":0.0}],"is_beta":false,"boss_relics":[{"not_picked":["Black Star","Runic Dome"],"picked":"SlaversCollar"},{"not_picked":["Busted Crown","Tiny House"],"picked":"Empty Cage"}],"items_purged_floors":[4,37],"is_endless":false,"potions_floor_spawned":[11,13,14,18,27,29,31,39,45,47,48,54],"ascension_level":3}}