{"host":"clf2hd4adhiiw0zf","time":1614148052,"event":{"mods":["AchievementEnabler","BaseMod","Beaked The Cultist","Bestiary","Dark Map","Downfall","Gremlin Mod","Hermit","Jorbs\u0027s Wanderer Trilogy","Marisa????????","Minty Spire (QoL Compilation)","Quick Restart","Replay The Spire","Shop Mod","Spire Arcade","StSLib","The Construct","The Cursed","Wide Potions"],"gold_per_floor":[99,115,126,111,121,148,195,222,236,236,236,236,236],"floor_reached":11,"language":"ENG","playtime":544,"items_purged":[],"score":116,"play_id":"bc06723b-08a6-4d45-ba76-3b8e926b322b","local_time":"20210223232732","is_ascension_mode":true,"campfire_choices":[{"floor":1,"key":"RECALL"}],"circlet_count":0,"master_deck":["Guardian:Strike_Guardian","Guardian:Strike_Guardian","Guardian:Strike_Guardian","Guardian:Strike_Guardian","Guardian:Defend_Guardian","Guardian:Defend_Guardian","Guardian:Defend_Guardian","Guardian:Defend_Guardian","Guardian:CurlUp","Guardian:TwinSlam","Guardian:TimeCapacitor","Guardian:Gem_Yellow","Guardian:WalkerClaw","Guardian:ChargeCore","Guardian:Gem_Purple","Guardian:GemFinder","Guardian:Gem_Cyan","Guardian:Gem_Red"],"relics":["bronze:MakeshiftBattery","Lantern","Toy Ornithopter","Mirror"],"acts_visited":["Exordium"],"potions_floor_usage":[5,8,11],"damage_taken":[{"damage":1,"enemies":"Cultist","floor":2,"turns":3},{"damage":3,"enemies":"2 Louse","floor":3,"turns":4},{"damage":0,"enemies":"downfall:FleeingMerchant","floor":4,"turns":4},{"damage":6,"enemies":"Jaw Worm","floor":5,"turns":4},{"damage":20,"enemies":"Gremlin Nob","floor":6,"turns":5},{"damage":23,"enemies":"3 Sentries","floor":8,"turns":9},{"damage":13,"enemies":"Exordium Wildlife","floor":9,"turns":6},{"damage":62,"enemies":"Lagavulin","floor":11,"turns":10}],"seed_played":"-3535011660363328061","potions_obtained":[{"floor":2,"key":"FairyPotion"},{"floor":3,"key":"LifebloodPotion"},{"floor":6,"key":"FearPotion"},{"floor":9,"key":"GamblersBrew"}],"is_trial":false,"path_per_floor":["R","M","M","$","M","E","T","E","M","?","E"],"character_chosen":"GUARDIAN","items_purchased":[],"campfire_rested":0,"item_purchase_floors":[],"current_hp_per_floor":[72,71,68,68,62,42,42,24,11,11,0,0,0],"gold":236,"neow_bonus":"BOSS_RELIC","is_daily":false,"chose_seed":false,"campfire_upgraded":0,"win_rate":0.0,"timestamp":1614148052,"path_taken":["R","M","?","?","M","E","T","E","M","?","E"],"items_purchased_type":[],"build_version":"2020-12-22","purchased_purges":0,"victory":false,"max_hp_per_floor":[80,80,80,80,80,80,80,80,80,80,80,80,80],"card_choices":[{"not_picked":["Guardian:Preprogram","Guardian:Gem_Red"],"picked":"Guardian:TimeCapacitor","floor":2},{"not_picked":["Guardian:WalkerClaw","Guardian:Gem_Blue"],"picked":"Guardian:Gem_Yellow","floor":3},{"not_picked":["Guardian:EvasiveProtocol","Guardian:RollAttack"],"picked":"Guardian:WalkerClaw","floor":4},{"not_picked":["Guardian:EvasiveProtocol","Guardian:ArmoredProtocol"],"picked":"Guardian:ChargeCore","floor":5},{"not_picked":["Guardian:PrimingBeam","Guardian:Recover"],"picked":"Guardian:Gem_Purple","floor":6},{"not_picked":["Guardian:PrimingBeam","Guardian:ShieldCharger"],"picked":"Guardian:GemFinder","floor":8},{"not_picked":["Guardian:Gem_Lightblue","Guardian:Gem_Green"],"picked":"Guardian:Gem_Cyan","floor":9},{"not_picked":["Guardian:ChargeCore","Guardian:Planning"],"picked":"Guardian:Gem_Red","floor":9}],"player_experience":395690,"relics_obtained":[{"floor":6,"key":"Lantern"},{"floor":7,"key":"Toy Ornithopter"},{"floor":8,"key":"Mirror"}],"event_choices":[],"is_beta":false,"boss_relics":[],"items_purged_floors":[],"is_endless":false,"potions_floor_spawned":[2,3,6,9],"killed_by":"Lagavulin","ascension_level":8}}