{"host":"zxkjcgzis4pm3za5","time":1614189136,"event":{"mods":["2.2 Compatiblity","AchievementEnabler","BaseMod","Colored Map","Colored Powertips","Minty Spire (QoL Compilation)","Quick Restart","Random Character Button","Relic Filter Mod","Relic Sorter","Relic Stats","StSLib","ojb\u0027s Info Mod"],"gold_per_floor":[117,117,131,41,91,91,62,62,62,94,94,19,34,59,59,132,132,110,10,10,10,28,28,46,80,80,91,141,175,208,208,208,208,208],"floor_reached":33,"language":"ENG","playtime":868,"items_purged":["Strike_G","Strike_G"],"score":628,"play_id":"82d80c23-4a6f-4e07-8f91-37e8065f7512","local_time":"20210224232216","is_ascension_mode":true,"campfire_choices":[{"data":"Blade Dance","floor":6.0,"key":"SMITH"},{"data":"Cloak And Dagger","floor":8.0,"key":"SMITH"},{"data":"1","floor":11.0,"key":"LIFT"},{"data":"2","floor":15.0,"key":"LIFT"},{"data":"3","floor":23.0,"key":"LIFT"},{"floor":32,"key":"REST"}],"circlet_count":0,"master_deck":["AscendersBane","Strike_G","Strike_G","Defend_G","Defend_G","Defend_G","Defend_G","Defend_G","Survivor","Neutralize","Quick Slash","Poisoned Stab","Escape Plan","Blade Dance+1","Cloak And Dagger+1","Backstab","Slice","Die Die Die","Venomology","CurseOfTheBell","Acrobatics","Blade Dance","Footwork","After Image","Prepared","Backflip","PiercingWail"],"relics":["Ring of the Snake","NeowsBlessing","Girya","Snake Skull","Bag of Preparation","Calling Bell","Boot","HornCleat","Peace Pipe","Bag of Marbles","TungstenRod","Red Mask","Unceasing Top"],"acts_visited":["Exordium","TheCity"],"potions_floor_usage":[30,30,33],"damage_taken":[{"damage":0.0,"enemies":"Cultist","floor":1.0,"turns":1.0},{"damage":0.0,"enemies":"Jaw Worm","floor":3.0,"turns":1.0},{"damage":0.0,"enemies":"Gremlin Nob","floor":10.0,"turns":1.0},{"damage":0.0,"enemies":"2 Louse","floor":13.0,"turns":1.0},{"damage":25.0,"enemies":"3 Sentries","floor":14.0,"turns":6.0},{"damage":11.0,"enemies":"The Guardian","floor":16.0,"turns":9.0},{"damage":0.0,"enemies":"2 Thieves","floor":18.0,"turns":4.0},{"damage":0.0,"enemies":"Chosen","floor":22.0,"turns":3.0},{"damage":5.0,"enemies":"3 Cultists","floor":24.0,"turns":4.0},{"damage":29.0,"enemies":"Book of Stabbing","floor":25.0,"turns":5.0},{"damage":0,"enemies":"Sentry and Sphere","floor":27,"turns":2},{"damage":0,"enemies":"Masked Bandits","floor":29,"turns":1},{"damage":17,"enemies":"Gremlin Leader","floor":30,"turns":5},{"damage":62,"enemies":"Collector","floor":33,"turns":8}],"seed_played":"4249023802482185117","potions_obtained":[{"floor":10.0,"key":"Weak Potion"},{"floor":13.0,"key":"EntropicBrew"},{"floor":14.0,"key":"Swift Potion"},{"floor":22.0,"key":"Swift Potion"},{"floor":27,"key":"Swift Potion"}],"is_trial":false,"path_per_floor":["M","?","M","$","?","R","$","R","T","E","R","$","M","E","R","B",null,"M","$","?","?","M","R","M","E","T","M","?","?","E","?","R","B"],"character_chosen":"THE_SILENT","items_purchased":["Escape Plan","Blade Dance","Cloak And Dagger"],"campfire_rested":1,"item_purchase_floors":[4,4,7],"current_hp_per_floor":[59,59,59,59,53,53,53,53,53,53,53,53,53,28,28,17,54,54,54,54,54,54,54,49,20,20,20,20,20,15,28,47,0,0],"gold":208,"neow_bonus":"THREE_ENEMY_KILL","is_daily":false,"chose_seed":false,"campfire_upgraded":2,"win_rate":0.0,"timestamp":1614189136,"path_taken":["M","?","?","$","?","R","$","R","T","E","R","$","?","E","R","BOSS","M","$","?","?","M","R","M","E","T","M","?","?","E","?","R","BOSS"],"items_purchased_type":["Card","Card","Card"],"build_version":"2020-12-22","purchased_purges":2,"victory":false,"max_hp_per_floor":[66,66,66,66,66,66,66,66,66,66,66,66,66,66,66,66,66,66,66,66,66,66,66,66,66,66,66,66,66,66,66,66,66,66],"relic_stats":{"Peace Pipe":0,"counters":[14,51],"Snake Skull":[13],"Bag of Preparation":[18],"Boot":[2],"obtain_stats":[{"Girya":9,"NeowsBlessing":0,"Snake Skull":10,"Bag of Preparation":14,"Boot":17,"Calling Bell":17,"Peace Pipe":17,"HornCleat":17,"Bag of Marbles":25,"Red Mask":29,"TungstenRod":26,"Unceasing Top":30,"Ring of the Snake":0},{"Girya":2,"NeowsBlessing":0,"Snake Skull":3,"Bag of Preparation":5,"Boot":6,"Calling Bell":6,"Peace Pipe":6,"HornCleat":6,"Bag of Marbles":10,"Red Mask":12,"TungstenRod":10,"Unceasing Top":13,"Ring of the Snake":0},{"Girya":2,"NeowsBlessing":0,"Snake Skull":3,"Bag of Preparation":10,"Boot":19,"Calling Bell":19,"Peace Pipe":19,"HornCleat":19,"Bag of Marbles":35,"Red Mask":38,"TungstenRod":35,"Unceasing Top":43,"Ring of the Snake":0}],"TungstenRod":7,"Unceasing Top":[0],"Ring of the Snake":[28]},"card_choices":[{"not_picked":["Flying Knee","Backflip"],"picked":"Quick Slash","floor":1.0},{"not_picked":["Bane","Prepared"],"picked":"Poisoned Stab","floor":3.0},{"not_picked":["Well Laid Plans","Backflip"],"picked":"Backstab","floor":10.0},{"not_picked":["Dagger Throw","Quick Slash"],"picked":"Slice","floor":13.0},{"not_picked":["Tactician","PiercingWail"],"picked":"Die Die Die","floor":14.0},{"not_picked":["Unload","Night Terror"],"picked":"Venomology","floor":16.0},{"not_picked":["Skewer","Well Laid Plans"],"picked":"Acrobatics","floor":18.0},{"not_picked":["Flying Knee+1","Crippling Poison"],"picked":"Blade Dance","floor":22.0},{"not_picked":["Tactician+1","PiercingWail"],"picked":"Footwork","floor":24.0},{"not_picked":["Flying Knee+1","Bane"],"picked":"After Image","floor":25.0},{"not_picked":["Slice","Acrobatics"],"picked":"Prepared","floor":27},{"not_picked":["Bouncing Flask","PiercingWail"],"picked":"Backflip","floor":29},{"not_picked":["Crippling Poison","Acrobatics"],"picked":"PiercingWail","floor":30}],"player_experience":437976,"relics_obtained":[{"floor":9.0,"key":"Girya"},{"floor":10.0,"key":"Snake Skull"},{"floor":14.0,"key":"Bag of Preparation"},{"floor":17.0,"key":"Boot"},{"floor":17.0,"key":"HornCleat"},{"floor":17.0,"key":"Peace Pipe"},{"floor":25.0,"key":"Bag of Marbles"},{"floor":26.0,"key":"TungstenRod"},{"floor":29,"key":"Red Mask"},{"floor":30,"key":"Unceasing Top"}],"event_choices":[{"cards_removed":["Strike_G"],"damage_healed":0.0,"max_hp_gain":0.0,"max_hp_loss":0.0,"gold_gain":0.0,"event_name":"Bonfire Elementals","player_choice":"Offered Basic","floor":2.0,"gold_loss":0.0,"damage_taken":0.0},{"damage_healed":0.0,"max_hp_gain":0.0,"max_hp_loss":0.0,"gold_gain":50.0,"event_name":"FaceTrader","player_choice":"Touch","floor":5.0,"gold_loss":0.0,"damage_taken":6.0},{"damage_healed":0.0,"max_hp_gain":0.0,"max_hp_loss":0.0,"gold_gain":0.0,"event_name":"The Mausoleum","player_choice":"Ignored","floor":21.0,"gold_loss":0.0,"damage_taken":0.0},{"damage_healed":0,"gold_gain":50,"player_choice":"Stole From Cult","damage_taken":0,"max_hp_gain":0,"max_hp_loss":0,"event_name":"Nest","floor":28,"gold_loss":0},{"damage_healed":0,"gold_gain":0,"player_choice":"Fought Bandits","damage_taken":0,"max_hp_gain":0,"max_hp_loss":0,"event_name":"Masked Bandits","floor":29,"gold_loss":0},{"damage_healed":13,"gold_gain":0,"player_choice":"Heal","damage_taken":0,"max_hp_gain":0,"max_hp_loss":0,"event_name":"The Library","floor":31,"gold_loss":0}],"is_beta":false,"boss_relics":[{"not_picked":["SacredBark","Runic Dome"],"picked":"Calling Bell"}],"items_purged_floors":[12,19],"is_endless":false,"potions_floor_spawned":[10,13,14,22,27,29],"killed_by":"Collector","ascension_level":20}}