{"host":"hxbbrccw7ig68b38","time":1614136357,"event":{"mods":["BaseMod","Hermit","Minty Spire (QoL Compilation)","StSLib","The Cursed"],"gold_per_floor":[119,119,119,132,145,145,158,158,184,195,226,241,255,307,307,408,408,419,36,36,49,65,65,76,76,76,76,94,94,114,74,74,179,179,193,542,558,833,319,319,319],"floor_reached":40,"language":"KOR","playtime":1898,"items_purged":[],"score":415,"play_id":"d001324c-3bb9-4734-9499-e7d8caa99712","local_time":"20210224121237","is_ascension_mode":false,"campfire_choices":[{"data":"hermit:Snapshot","floor":6,"key":"SMITH"},{"data":"hermit:Horror","floor":8,"key":"SMITH"},{"floor":15,"key":"REST"},{"floor":23,"key":"REST"},{"floor":25,"key":"REST"},{"data":"hermit:EyeOfTheStorm","floor":29,"key":"SMITH"},{"data":"hermit:GhostlyPresence","floor":32,"key":"SMITH"}],"circlet_count":0,"master_deck":["hermit:Strike_Hermit+1","hermit:Strike_Hermit+1","hermit:Strike_Hermit+1","hermit:Defend_Hermit+1","hermit:Defend_Hermit+1","hermit:Defend_Hermit+1","hermit:Defend_Hermit+1","hermit:Snapshot+1","hermit:Covet","hermit:Headshot+1","hermit:Horror+1","hermit:TrackingShot","hermit:BodyArmor","hermit:Snipe+1","hermit:Gambit","hermit:Roughhouse","hermit:Quickdraw+1","hermit:Enervate","hermit:Ricochet","hermit:GhostlyPresence+1","hermit:TrackingShot","hermit:EyeOfTheStorm+1","hermit:Maintenance+1","hermit:HighNoon","hermit:Showdown","hermit:Quickdraw+1","hermit:Quickdraw","Regret","Finesse","hermit:Vantage","hermit:HoleUp"],"relics":["hermit:ClaspedLocket","hermit:RyeStalk","Blood Vial","SlaversCollar","Ginger","Gremlin Horn","Old Coin","MealTicket","Orichalcum"],"acts_visited":["Exordium","TheCity","TheBeyond"],"potions_floor_usage":[10,16,16,16,24,24,24,33,36,36,36,40],"damage_taken":[{"damage":0,"enemies":"2 Louse","floor":1,"turns":3},{"damage":0,"enemies":"Cultist","floor":4,"turns":3},{"damage":1,"enemies":"Jaw Worm","floor":5,"turns":2},{"damage":5,"enemies":"Looter","floor":7,"turns":2},{"damage":11,"enemies":"3 Louse","floor":10,"turns":3},{"damage":16,"enemies":"Gremlin Nob","floor":11,"turns":4},{"damage":6,"enemies":"Large Slime","floor":12,"turns":4},{"damage":3,"enemies":"Red Slaver","floor":13,"turns":3},{"damage":44,"enemies":"The Guardian","floor":16,"turns":8},{"damage":5,"enemies":"Chosen","floor":18,"turns":4},{"damage":10,"enemies":"3 Byrds","floor":21,"turns":6},{"damage":32,"enemies":"Centurion and Healer","floor":22,"turns":5},{"damage":12,"enemies":"Sentry and Sphere","floor":24,"turns":7},{"damage":0,"enemies":"Snake Plant","floor":28,"turns":2},{"damage":8,"enemies":"Centurion and Healer","floor":30,"turns":4},{"damage":29,"enemies":"Collector","floor":33,"turns":17},{"damage":37,"enemies":"3 Darklings","floor":35,"turns":5},{"damage":18,"enemies":"2 Orb Walkers","floor":36,"turns":5},{"damage":0,"enemies":"Orb Walker","floor":37,"turns":3},{"damage":37,"enemies":"Maw","floor":40,"turns":10}],"seed_played":"-1585102703193069707","potions_obtained":[{"floor":1,"key":"Explosive Potion"},{"floor":4,"key":"Dexterity Potion"},{"floor":10,"key":"GamblersBrew"},{"floor":12,"key":"Fire Potion"},{"floor":13,"key":"DistilledChaos"},{"floor":16,"key":"Block Potion"},{"floor":22,"key":"EntropicBrew"},{"floor":24,"key":"hermit:Tonic"},{"floor":33,"key":"Dexterity Potion"},{"floor":35,"key":"Fire Potion"}],"is_trial":false,"path_per_floor":["M","?","?","M","M","R","M","R","T","M","E","M","M","?","R","B",null,"M","$","?","M","M","R","M","R","T","?","M","R","M","?","R","B",null,"M","?","M","?","$","M"],"character_chosen":"HERMIT","items_purchased":["Ginger","hermit:Enervate","MealTicket","Finesse","hermit:Vantage","PowerPotion","Orichalcum","hermit:HoleUp"],"campfire_rested":3,"item_purchase_floors":[19,19,39,39,39,39,39,39],"current_hp_per_floor":[82,82,82,82,81,81,76,76,76,65,49,45,44,44,68,26,82,77,77,77,69,39,63,53,77,77,77,79,79,73,73,73,46,82,45,29,31,31,31,0,0],"gold":319,"neow_bonus":"TEN_PERCENT_HP_BONUS","is_daily":false,"chose_seed":false,"campfire_upgraded":4,"win_rate":0.0,"timestamp":1614136357,"path_taken":["M","?","?","?","M","R","?","R","T","M","E","M","M","?","R","BOSS","M","$","?","M","M","R","M","R","T","?","M","R","M","?","R","BOSS","M","?","M","?","$","?"],"items_purchased_type":["Relic","Card","Relic","Card","Card","Potion","Relic","Card"],"build_version":"2020-12-22","purchased_purges":0,"victory":false,"max_hp_per_floor":[82,82,82,82,82,82,82,82,82,82,82,82,82,82,82,82,82,82,82,82,82,82,82,82,82,82,82,82,82,82,82,82,82,82,82,82,82,82,82,82,82],"card_choices":[{"not_picked":["hermit:FlashPowder","hermit:Grudge"],"picked":"hermit:Headshot","floor":1},{"not_picked":["hermit:Headshot","hermit:PistolWhip"],"picked":"hermit:Horror","floor":4},{"not_picked":["hermit:TakeCover","hermit:LoneWolf","hermit:Cheat"],"picked":"SKIP","floor":5},{"not_picked":["hermit:HoleUp","hermit:Roulette","hermit:Desperado"],"picked":"SKIP","floor":7},{"not_picked":["hermit:HoleUp","hermit:Roulette","hermit:Desperado"],"picked":"SKIP","floor":7},{"not_picked":["hermit:Cheat","hermit:Desperado"],"picked":"hermit:TrackingShot","floor":10},{"not_picked":["hermit:Manifest","hermit:Midnight"],"picked":"hermit:BodyArmor","floor":11},{"not_picked":["hermit:Horror","hermit:Headshot"],"picked":"hermit:Snipe","floor":12},{"not_picked":["hermit:Maintenance","hermit:BigShot"],"picked":"hermit:Gambit","floor":13},{"not_picked":["hermit:BlackWind","hermit:HighNoon"],"picked":"hermit:Roughhouse","floor":16},{"not_picked":["hermit:Misfire","hermit:DeadMansHand"],"picked":"hermit:Quickdraw+1","floor":18},{"not_picked":["hermit:Snipe","hermit:Glare"],"picked":"hermit:Ricochet","floor":21},{"not_picked":["hermit:Vantage","hermit:Roulette"],"picked":"hermit:GhostlyPresence","floor":22},{"not_picked":["hermit:Midnight","hermit:TakeAim"],"picked":"hermit:TrackingShot","floor":24},{"not_picked":["hermit:Shortfuse","hermit:Gestalt"],"picked":"hermit:EyeOfTheStorm","floor":28},{"not_picked":["hermit:Showdown","hermit:Magnum"],"picked":"hermit:Maintenance+1","floor":30},{"not_picked":["hermit:Dissolve","hermit:RoundhouseKick"],"picked":"hermit:HighNoon","floor":33},{"not_picked":["hermit:BigShot+1","hermit:Misfire+1"],"picked":"hermit:Showdown","floor":35},{"not_picked":["hermit:LowProfile+1","hermit:LoneWolf+1"],"picked":"hermit:Quickdraw+1","floor":36},{"not_picked":["hermit:Ricochet","hermit:RoundhouseKick"],"picked":"hermit:Quickdraw","floor":37}],"player_experience":89361,"relics_obtained":[{"floor":9,"key":"hermit:RyeStalk"},{"floor":11,"key":"Blood Vial"},{"floor":26,"key":"Gremlin Horn"},{"floor":36,"key":"Old Coin"}],"event_choices":[{"damage_healed":0,"gold_gain":0,"player_choice":"Grow","damage_taken":0,"max_hp_gain":0,"max_hp_loss":0,"event_name":"Living Wall","floor":2,"gold_loss":0,"cards_upgraded":["hermit:Headshot"]},{"cards_removed":["hermit:Strike_Hermit"],"damage_healed":0,"gold_gain":0,"player_choice":"Offered Basic","damage_taken":0,"max_hp_gain":0,"max_hp_loss":0,"event_name":"Bonfire Elementals","floor":3,"gold_loss":0},{"damage_healed":0,"gold_gain":52,"player_choice":"Gained Gold","damage_taken":0,"max_hp_gain":0,"max_hp_loss":0,"event_name":"Golden Wing","floor":14,"gold_loss":0},{"damage_healed":0,"gold_gain":0,"player_choice":"Simplicity","damage_taken":0,"max_hp_gain":0,"max_hp_loss":0,"event_name":"Back to Basics","floor":20,"gold_loss":0,"cards_upgraded":["hermit:Strike_Hermit","hermit:Strike_Hermit","hermit:Strike_Hermit","hermit:Defend_Hermit","hermit:Defend_Hermit","hermit:Defend_Hermit","hermit:Defend_Hermit"]},{"damage_healed":0,"gold_gain":0,"player_choice":"Ignored","damage_taken":0,"max_hp_gain":0,"max_hp_loss":0,"event_name":"Ghosts","floor":27,"gold_loss":0},{"damage_healed":0,"gold_gain":0,"player_choice":"Upgrade","damage_taken":0,"max_hp_gain":0,"max_hp_loss":0,"event_name":"Designer","floor":31,"gold_loss":40,"cards_upgraded":["hermit:Snipe"]},{"damage_healed":0,"gold_gain":0,"player_choice":"Fight","damage_taken":0,"max_hp_gain":0,"max_hp_loss":0,"event_name":"Mysterious Sphere","floor":36,"gold_loss":0},{"damage_healed":0,"gold_gain":275,"player_choice":"Desecrate","damage_taken":0,"max_hp_gain":0,"max_hp_loss":0,"event_name":"Golden Shrine","floor":38,"gold_loss":0,"cards_obtained":["Regret"]}],"is_beta":false,"boss_relics":[{"not_picked":["Ectoplasm","Astrolabe"],"picked":"SlaversCollar"},{"not_picked":["Runic Dome","Calling Bell"],"picked":"hermit:ClaspedLocket"}],"items_purged_floors":[],"is_endless":false,"potions_floor_spawned":[1,4,10,12,13,16,22,24,33,35],"killed_by":"Maw","ascension_level":0}}