{"host":"lv7etzzgwahaenh9","time":1614134113,"event":{"mods":["AchievementEnabler","BaseMod","Colored Map","Colored Powertips","Highlight Path","Minty Spire (QoL Compilation)","Permanent Neow","Quick Restart","Random Character Button","StSLib"],"gold_per_floor":[111,121,135,151,176,176,201,351,351,370,370,370,383,383,383,383,383],"floor_reached":16,"language":"ENG","playtime":467,"items_purged":[],"score":179,"play_id":"dbba6427-4764-427e-8006-815c1784bfae","local_time":"20210223183513","is_ascension_mode":true,"campfire_choices":[{"data":"Cleave","floor":6,"key":"SMITH"},{"data":"Anger","floor":11,"key":"SMITH"},{"data":"Limit Break","floor":15,"key":"SMITH"}],"circlet_count":0,"master_deck":["AscendersBane","Strike_R","Strike_R","Strike_R","Strike_R","Defend_R","Defend_R","Defend_R","Defend_R","Bash","Clothesline","Shrug It Off","Cleave+1","Headbutt","Anger+1","Doubt","Limit Break+1","Inflame","Shockwave"],"relics":["Burning Blood","Potion Belt","Dream Catcher","MealTicket","White Beast Statue","Blood Vial"],"acts_visited":["Exordium"],"potions_floor_usage":[10,13],"damage_taken":[{"damage":1,"enemies":"Cultist","floor":1,"turns":3},{"damage":12,"enemies":"Small Slimes","floor":2,"turns":4},{"damage":13,"enemies":"Jaw Worm","floor":3,"turns":4},{"damage":6,"enemies":"Exordium Wildlife","floor":4,"turns":5},{"damage":27,"enemies":"3 Sentries","floor":7,"turns":5},{"damage":10,"enemies":"Lots of Slimes","floor":10,"turns":3},{"damage":5,"enemies":"Blue Slaver","floor":13,"turns":3},{"damage":0,"enemies":"Slime Boss","floor":16,"turns":3}],"seed_played":"-1195296899397319000","potions_obtained":[{"floor":7,"key":"PowerPotion"},{"floor":10,"key":"Block Potion"},{"floor":13,"key":"Block Potion"}],"is_trial":false,"path_per_floor":["M","M","M","M","T","R","E","?","T","M","R","T","M","?","R","B"],"character_chosen":"IRONCLAD","items_purchased":[],"campfire_rested":0,"item_purchase_floors":[],"current_hp_per_floor":[73,67,60,60,60,60,39,39,39,35,35,35,38,38,38,40,40],"gold":383,"neow_bonus":"RANDOM_COMMON_RELIC","is_daily":false,"chose_seed":false,"campfire_upgraded":3,"win_rate":0.0,"timestamp":1614134113,"path_taken":["M","M","M","M","?","R","E","?","T","M","R","?","?","?","R","BOSS"],"items_purchased_type":[],"build_version":"2020-12-22","purchased_purges":0,"victory":false,"max_hp_per_floor":[75,75,75,75,75,75,75,75,75,75,75,75,75,75,75,75,75],"card_choices":[{"not_picked":["Cleave","Pommel Strike"],"picked":"Clothesline","floor":1},{"not_picked":["Iron Wave","Warcry"],"picked":"Shrug It Off","floor":2},{"not_picked":["Sever Soul","Flex"],"picked":"Cleave","floor":3},{"not_picked":["Havoc","Body Slam"],"picked":"Headbutt","floor":4},{"not_picked":["Warcry","Disarm"],"picked":"Anger","floor":7},{"not_picked":["Sword Boomerang","Clash"],"picked":"Limit Break","floor":10},{"not_picked":["Shrug It Off","Power Through"],"picked":"Inflame","floor":13}],"player_experience":543397,"relics_obtained":[{"floor":5,"key":"Dream Catcher"},{"floor":7,"key":"MealTicket"},{"floor":9,"key":"White Beast Statue"},{"floor":12,"key":"Blood Vial"}],"event_choices":[{"damage_healed":0,"gold_gain":150,"player_choice":"AGREE","damage_taken":0,"max_hp_gain":0,"max_hp_loss":0,"event_name":"Liars Game","floor":8,"gold_loss":0,"cards_obtained":["Doubt"]},{"damage_healed":0,"gold_gain":0,"cards_transformed":["Strike_R"],"player_choice":"Transformed","damage_taken":0,"max_hp_gain":0,"max_hp_loss":0,"event_name":"Transmorgrifier","floor":14,"gold_loss":0,"cards_obtained":["Shockwave"]}],"is_beta":false,"boss_relics":[],"items_purged_floors":[],"is_endless":false,"potions_floor_spawned":[7,10,13],"killed_by":"Slime Boss","ascension_level":15}}