{"host":"d73an99q9oevilk5","time":1614156811,"event":{"mods":["2.2 Compatiblity","AchievementEnabler","Act Like it!","Aspiration","BaseMod","Beaked The Cultist","Better Third Choice","BetterRewards","Colored Map","Colored Powertips","Conspire","Downfall","GifTheSpireLib","Halation","Hubris","Infinite Spire","Marisa????????","Mimic Mod","Minty Spire (QoL Compilation)","MostiFishMod","Quick Restart","Relic Sorter","Reliquary","Replay The Spire","Shop Mod","Spikes Relics","StSLib","Stuff the Spire","The Cursed","The Jungle","The Necromancer","The Saiyan","Waifu the Spire","egg","slay the spire mod where everything is the same but ironclad has a cowboy hat"],"gold_per_floor":[109,124,71,71,71,99,113,113,147,177,177,193,193,218,218,321,321,333,148,103,103,103,128,145,145,181,194,222,238,238,269,269,366,366,386,6,21,31,31,31,44,77,77,102,114,114,114,131,131,131],"floor_reached":51,"language":"ENG","playtime":2064,"items_purged":["Pain"],"score":1198,"play_id":"aa3910cf-d3d4-4dfa-aca2-cb76ae8fc5b0","local_time":"20210224015331","is_ascension_mode":false,"campfire_choices":[{"data":"beaked:Ceremony","floor":8,"key":"SMITH"},{"data":"beaked:Ceremony","floor":11,"key":"SMITH"},{"data":"beaked:Ceremony","floor":15,"key":"SMITH"},{"floor":30,"key":"DIG"},{"data":"Sadistic Nature","floor":32,"key":"SMITH"},{"data":"beaked:WarriorSpirit","floor":40,"key":"SMITH"},{"data":"beaked:Evade","floor":46,"key":"SMITH"},{"floor":49,"key":"DIG"}],"circlet_count":0,"master_deck":["beaked:Strike_Y","beaked:Strike_Y","beaked:Strike_Y","beaked:Strike_Y","beaked:Strike_Y","beaked:Strike_Y","beaked:Defend_Y","beaked:Defend_Y","beaked:Defend_Y+1","beaked:Defend_Y","beaked:Ceremony+1","beaked:Ceremony+1","beaked:Ceremony+1","beaked:WarriorSpirit+1","beaked:Tweet","beaked:Foresight+1","Sadistic Nature+1","beaked:CursingBlood","beaked:Evade+1","beaked:Sacrifice","beaked:Sacrifice","beaked:Foresight+1","beaked:WarriorEssence","beaked:Tweet+1","beaked:HuntressSpirit+1","beaked:Pecker+1","Uppercut+1","Limit Break+1","beaked:Foresight+1","beaked:HuntressSpirit+1","beaked:HuntressSpirit+1","Inflame+1","Inflame+1","Cleave","MostiFishMod:DarkDeal+1","StuffTheSpire:Perfection","Sword Boomerang"],"relics":["beaked:MendingPlumage","halation:PinkSoulGem","MostiFishMod:Haymaker","DaveBox","GreenFoldingFan","halation:QuantumPhysicsTextbook","Turnip","SynthV:TestCard","Rawhide","infinitespire:Bottled Soul","halation:WeightlessCrab","Black Star","theJungle:Creamberry","WarpedTongs","hubris:SphereOfDissonance","Blood Vial","Shovel","StuffTheSpire:Nightcore","infinitespire:Satchel","hubris:DisguiseKit","Bronze Scales","infinitespire:Eraser","reliquary:Stiletto","halation:NonexistentMirror","aspiration:AnachronicSnailShell","hubris:ToyBattleship","aspiration:StickyExplosives","ArrowTower","Strawberry","Vajra"],"acts_visited":["Exordium","Exordium","TheBeyond"],"potions_floor_usage":[16,23,26,26,33,38,42],"damage_taken":[{"damage":14,"enemies":"2 Louse","floor":1,"turns":5},{"damage":13,"enemies":"Small Slimes","floor":2,"turns":4},{"damage":28,"enemies":"Lagavulin","floor":6,"turns":5},{"damage":12,"enemies":"Cultist","floor":7,"turns":4},{"damage":21,"enemies":"3 Louse","floor":9,"turns":8},{"damage":15,"enemies":"3 Louse","floor":10,"turns":7},{"damage":18,"enemies":"3 Louse","floor":12,"turns":4},{"damage":33,"enemies":"Gremlin Nob","floor":14,"turns":4},{"damage":28,"enemies":"Fading Forest","floor":16,"turns":11},{"damage":15,"enemies":"theJungle:MUSHROOMGANG","floor":18,"turns":5},{"damage":60,"enemies":"theJungle:2_Phrogs","floor":23,"turns":7},{"damage":17,"enemies":"theJungle:GiantWrat","floor":24,"turns":6},{"damage":37,"enemies":"theJungle:JungleHuntersEncounter","floor":26,"turns":9},{"damage":36,"enemies":"theJungle:JungleHuntersEncounter","floor":27,"turns":9},{"damage":22,"enemies":"theJungle:Cassacara","floor":28,"turns":3},{"damage":23,"enemies":"theJungle:2_Flameangoes","floor":29,"turns":6},{"damage":41,"enemies":"theJungle:2_Phrogs","floor":31,"turns":7},{"damage":40,"enemies":"theJungle:TotemBoss","floor":33,"turns":6},{"damage":15,"enemies":"Orb Walker","floor":35,"turns":2},{"damage":24,"enemies":"3 Darklings","floor":37,"turns":5},{"damage":39,"enemies":"Maw","floor":38,"turns":6},{"damage":17,"enemies":"Transient","floor":41,"turns":5},{"damage":10,"enemies":"Giant Head","floor":42,"turns":5},{"damage":46,"enemies":"Nemesis","floor":44,"turns":9},{"damage":15,"enemies":"Spire Growth","floor":45,"turns":4},{"damage":28,"enemies":"Writhing Mass","floor":48,"turns":5},{"damage":2,"enemies":"conspire:OrnateMirror","floor":50,"turns":1}],"seed_played":"-2615217494916621778","potions_obtained":[{"floor":6,"key":"Milkshake"},{"floor":12,"key":"Regen Potion"},{"floor":14,"key":"Energy Potion"},{"floor":16,"key":"hexamod:SoulburnPotion"},{"floor":23,"key":"PowerPotion"},{"floor":27,"key":"Energy Potion"},{"floor":31,"key":"SteroidPotion"},{"floor":33,"key":"Ancient Potion"},{"floor":41,"key":"SneckoOil"},{"floor":42,"key":"Energy Potion"},{"floor":44,"key":"Block Potion"}],"is_trial":false,"path_per_floor":["M","M","$","?","?","E","M","R","MIM","MIM","R","M","?","E","R","B",null,"M","?","$","?","?","E","M","?","MIM","M","E","M","R","E","R","B",null,"M","$","M","M","?","R","M","E","T","E","M","R","?","M","R_BF","B",null],"character_chosen":"BEAKED_THE_CULTIST","items_purchased":["Turnip","beaked:Foresight","beaked:Foresight","reliquary:Stiletto","halation:NonexistentMirror"],"campfire_rested":0,"item_purchase_floors":[0,3,20,36,36],"current_hp_per_floor":[45,45,45,45,45,39,45,45,45,45,45,45,45,32,32,45,45,51,51,51,51,51,28,51,19,46,57,55,63,63,61,61,62,66,69,69,69,66,66,66,75,78,78,81,91,91,91,93,93,94],"gold":131,"neow_bonus":"","is_daily":false,"chose_seed":false,"campfire_upgraded":6,"win_rate":0.0,"timestamp":1614156811,"path_taken":["M","M","$","?","?","E","?","R","MIM","?","R","M","?","E","R","BOSS","M","?","$","?","?","E","?","?","MIM","?","E","M","R","E","R","BOSS","M","$","M","M","?","R","M","E","T","E","M","R","?","M","R_BF","BOSS"],"items_purchased_type":["Relic","Card","Card","Relic","Relic"],"build_version":"2020-12-22","purchased_purges":1,"victory":true,"max_hp_per_floor":[45,45,45,45,45,45,45,45,45,45,45,45,45,45,45,45,45,51,51,51,51,51,51,51,51,51,57,57,63,63,66,66,66,66,69,69,72,75,75,75,75,78,78,88,91,91,91,94,94,94],"card_choices":[{"not_picked":["beaked:DigDeep","beaked:Cower"],"picked":"beaked:WarriorSpirit","floor":1},{"not_picked":["beaked:MimicMachine","beaked:VigorBurst","beaked:WindBringer","beaked:BounceBack"],"picked":"beaked:Tweet","floor":2},{"not_picked":["beaked:Poke","beaked:Daydream","ReplayTheSpireMod:RavenHex","beaked:SacrificialScars","beaked:DarkTribute"],"picked":"SKIP","floor":6},{"not_picked":["beaked:BarbedWire","beaked:Flinch","ReplayTheSpireMod:Wings of Steel","beaked:Tradeoff","beaked:TuckingFeathers"],"picked":"SKIP","floor":7},{"not_picked":["beaked:Struggle","beaked:Windmill","beaked:MimicMachine","ReplayTheSpireMod:Wings of Steel"],"picked":"beaked:CursingBlood","floor":9},{"not_picked":["beaked:Flinch","beaked:Brace","beaked:FeelMyPain","beaked:MimicMachine"],"picked":"beaked:Evade","floor":10},{"not_picked":["beaked:Brace","beaked:Roost","beaked:Poke","ReplayTheSpireMod:RavenHex","beaked:Redirect"],"picked":"SKIP","floor":12},{"not_picked":["beaked:Tradeoff","beaked:RuinSticks","beaked:Tweet","beaked:SurvivalInstinct"],"picked":"beaked:Sacrifice","floor":14},{"not_picked":["beaked:FullHouse","beaked:DarkTribute","beaked:FakeOut","beaked:WildInstinct"],"picked":"beaked:Sacrifice","floor":16},{"not_picked":["beaked:CursingBlood+1","beaked:DigDeeper","beaked:HuntressEssence+1","beaked:BraceForImpact+1","beaked:FeelMyPain+1"],"picked":"SKIP","floor":18},{"not_picked":["beaked:Foresight","beaked:Mantra+1","beaked:BloodForTheGods+1","beaked:Cower"],"picked":"beaked:WarriorEssence","floor":23},{"not_picked":["beaked:Cower","beaked:SurvivalInstinct+1","beaked:Windmill+1","beaked:Insight"],"picked":"beaked:Tweet+1","floor":24},{"not_picked":["beaked:Mantra+1","beaked:RuinSticks+1","beaked:DigDeep+1","beaked:Overpower+1","beaked:Resilience"],"picked":"SKIP","floor":27},{"not_picked":["beaked:WarriorSpirit+1","beaked:Molting+1","beaked:CheekyTricks+1","beaked:MaddeningMurmurs+1"],"picked":"beaked:HuntressSpirit+1","floor":28},{"not_picked":["beaked:Poke","beaked:DesperateSwing+1","beaked:Struggle+1","beaked:BraceForImpact+1"],"picked":"beaked:Pecker+1","floor":29},{"not_picked":["beaked:FeelMyPain","beaked:RitualOfBody+1","beaked:Evade+1","beaked:Brace","ReplayTheSpireMod:Prepare the Ceremony+1"],"picked":"Uppercut+1","floor":31},{"not_picked":["beaked:DarkPact+1","beaked:Sacrifice+1","beaked:FakeOut+1","beaked:MachineEssence+1","beaked:WildInstinct+1"],"picked":"Limit Break+1","floor":33},{"not_picked":["beaked:Evade+1","beaked:Brace+1","beaked:MimicHuntress+1","beaked:FeelMyPain+1","Body Slam"],"picked":"beaked:Foresight+1","floor":35},{"not_picked":["beaked:Resilience+1","beaked:BloodRitual+1","beaked:Flinch+1","beaked:DarkTribute+1","Wild Strike"],"picked":"beaked:HuntressSpirit+1","floor":37},{"not_picked":["beaked:Cower+1","beaked:Redirect+1","beaked:Brace","beaked:Foresight","beaked:Daydream"],"picked":"Inflame+1","floor":38},{"not_picked":["beaked:Roost+1","beaked:WindBringer+1","beaked:WildInstinct+1","beaked:RitualOfBody+1","beaked:TuckingFeathers+1"],"picked":"Cleave","floor":41},{"not_picked":["beaked:BloodRitual+1","beaked:Tweet","beaked:Sacrifice+1","beaked:Overpower+1","beaked:Foresight+1","conspire:Charge+1"],"picked":"SKIP","floor":42},{"not_picked":["beaked:Redirect+1","beaked:Devastation+1","beaked:WarriorEssence","beaked:BloodForTheGods+1","beaked:Resilience","MostiFishMod:BrandingRite+1"],"picked":"SKIP","floor":44},{"not_picked":["beaked:Resilience+1","beaked:Overpower+1","beaked:SurvivalInstinct+1","beaked:CursingBlood+1","beaked:DigDeep"],"picked":"MostiFishMod:DarkDeal+1","floor":45},{"not_picked":["StuffTheSpire:Rapture","StuffTheSpire:Brawn"],"picked":"StuffTheSpire:Perfection","floor":47},{"not_picked":["beaked:Devastation+1","beaked:FeelMyPain+1","beaked:WarriorEssence","beaked:Molting+1","beaked:DigDeep"],"picked":"Sword Boomerang","floor":48}],"player_experience":1989227,"relics_obtained":[{"floor":1,"key":"SynthV:TestCard"},{"floor":6,"key":"Rawhide"},{"floor":9,"key":"infinitespire:Bottled Soul"},{"floor":10,"key":"halation:WeightlessCrab"},{"floor":14,"key":"MostiFishMod:Haymaker"},{"floor":23,"key":"hubris:SphereOfDissonance"},{"floor":23,"key":"Blood Vial"},{"floor":26,"key":"StuffTheSpire:Nightcore"},{"floor":26,"key":"infinitespire:Satchel"},{"floor":28,"key":"Bag of Marbles"},{"floor":30,"key":"hubris:DisguiseKit"},{"floor":31,"key":"Bronze Scales"},{"floor":31,"key":"infinitespire:Eraser"},{"floor":42,"key":"aspiration:AnachronicSnailShell"},{"floor":42,"key":"hubris:ToyBattleship"},{"floor":43,"key":"aspiration:StickyExplosives"},{"floor":44,"key":"ArrowTower"},{"floor":44,"key":"Strawberry"},{"floor":49,"key":"Vajra"}],"event_choices":[{"damage_healed":0,"gold_gain":0,"player_choice":"Leave","damage_taken":0,"max_hp_gain":0,"max_hp_loss":0,"event_name":"conspire:Investor","floor":4,"gold_loss":0},{"damage_healed":0,"gold_gain":0,"cards_transformed":["Purity"],"player_choice":"Transformed","damage_taken":0,"max_hp_gain":0,"max_hp_loss":0,"event_name":"Transmorgrifier","floor":5,"gold_loss":0,"cards_obtained":["Sadistic Nature"]},{"damage_healed":0,"gold_gain":0,"player_choice":"Rummage","damage_taken":0,"relics_obtained":["WarpedTongs"],"max_hp_gain":0,"max_hp_loss":0,"event_name":"Accursed Blacksmith","floor":22,"gold_loss":0,"cards_obtained":["Pain"]}],"is_beta":false,"boss_relics":[{"not_picked":["reliquary:RedPaperclip","MoonlightInvasionPlan"],"picked":"Black Star"},{"not_picked":["hubris:BlackHole","halation:Risk","conspire:SeveredTorchhead"]}],"items_purged_floors":[36],"is_endless":false,"potions_floor_spawned":[6,12,14,16,23,27,31,33,35,41,42,44],"ascension_level":0}}