{"host":"ox77rn1xcurm2t5a","time":1614199695,"event":{"mods":["2.2 Compatiblity","AchievementEnabler","Act Like it!","Aspiration","BaseMod","Best Route Mod","Better Match","Better Note","Better Sensory Stone","Block Reminder","Colored Map","Colored Powertips","Conjunction","Conspire","Custom Start","Energized Spire","GifTheSpireLib","Gold Saver","Gremlin Skip","Halation","Highlight Path","Hubris","Infinite Spire","Minty Spire (QoL Compilation)","Pale of the Ancients","Quick Restart","Reliquary","Replay The Spire","Reworked Bosses","ShortenTheSpire","Spire Exporter","StSLib","Stuff the Spire","Wandering Minibosses"],"gold_per_floor":[114,114,114,124,71,71,104,104,154,79,112,112,112,130,130,130,130],"floor_reached":16,"language":"ENG","playtime":212,"items_purged":["Strike_R"],"score":203,"play_id":"e7ab9c4d-6724-42ca-9c55-906c906c6de1","local_time":"20210224224815","is_ascension_mode":true,"campfire_choices":[{"floor":6,"key":"RECALL"},{"data":"Bash","floor":12,"key":"SMITH"},{"data":"Sword Boomerang","floor":15,"key":"SMITH"}],"circlet_count":0,"master_deck":["AscendersBane","Strike_R","Strike_R","Strike_R","Strike_R","Defend_R","Defend_R","Defend_R","Defend_R","Bash+1","Sword Boomerang+1","Thunderclap","Clash"],"relics":["Burning Blood","NeowsBlessing","Letter Opener","Replay:Towering Pillar of Hats","Darkstone Periapt"],"acts_visited":["Exordium"],"potions_floor_usage":[11,11],"damage_taken":[{"damage":0,"enemies":"Jaw Worm","floor":1,"turns":1},{"damage":0,"enemies":"Small Slimes","floor":4,"turns":2},{"damage":0,"enemies":"3 Sentries","floor":7,"turns":1},{"damage":24,"enemies":"Gremlin Nob","floor":11,"turns":4},{"damage":0,"enemies":"2 Louse","floor":14,"turns":2},{"damage":75,"enemies":"Fading Forest","floor":16,"turns":8}],"seed_played":"3562541773389128979","potions_obtained":[{"floor":1,"key":"CultistPotion"},{"floor":7,"key":"Ancient Potion"}],"is_trial":false,"path_per_floor":["M","?","?","M","$","R","E","?","T","$","E","R","T","M","R","B"],"character_chosen":"IRONCLAD","items_purchased":["Thunderclap"],"campfire_rested":0,"item_purchase_floors":[5],"current_hp_per_floor":[78,78,78,80,80,80,80,80,80,80,62,62,62,68,68,0,0],"gold":130,"neow_bonus":"THREE_ENEMY_KILL","is_daily":false,"chose_seed":false,"campfire_upgraded":2,"win_rate":0.0,"timestamp":1614199695,"path_taken":["M","?","?","M","$","R","E","?","T","$","E","R","?","?","R","BOSS"],"items_purchased_type":["Card"],"build_version":"2020-12-22","purchased_purges":1,"victory":false,"max_hp_per_floor":[80,80,80,80,80,80,80,80,80,80,80,80,80,80,80,80,80],"card_choices":[{"not_picked":["Power Through","Dark Embrace","ReplayTheSpireMod:Strike From Hell"],"picked":"SKIP","floor":1},{"not_picked":["Armaments","ReplayTheSpireMod:Limb From Limb"],"picked":"Sword Boomerang","floor":4},{"not_picked":["Havoc","Immolate","Offering"],"picked":"SKIP","floor":7},{"not_picked":["Body Slam","Life Link"],"picked":"Clash","floor":11},{"not_picked":["StuffTheSpire:Incineration","Reckless Charge","Flex"],"picked":"SKIP","floor":14}],"player_experience":3240418,"relics_obtained":[{"floor":7,"key":"Letter Opener"},{"floor":11,"key":"Replay:Towering Pillar of Hats"},{"floor":13,"key":"Darkstone Periapt"}],"event_choices":[{"damage_healed":0,"gold_gain":0,"player_choice":"Ignored","damage_taken":0,"max_hp_gain":0,"max_hp_loss":0,"event_name":"Golden Wing","floor":2,"gold_loss":0},{"damage_healed":0,"gold_gain":0,"player_choice":"Ignored","damage_taken":0,"max_hp_gain":0,"max_hp_loss":0,"event_name":"Golden Idol","floor":8,"gold_loss":0}],"is_beta":false,"boss_relics":[],"items_purged_floors":[10],"is_endless":false,"potions_floor_spawned":[1,7],"killed_by":"Fading Forest","ascension_level":11}}