{"host":"0rn20prxkpuv2e47","time":1614172414,"event":{"mods":["100% Spire Juice","ATMod(阿瑾Mod)","Act Like it!","Arknights","BaseMod","Challenge The Spire","Downfall","Friendly Minions","Gensokyo","Hermit","Koishi","Minty Spire (QoL Compilation)","MostiFishMod","Reimu（博丽灵梦）","Remilia（蕾米莉亚）","Robot Space Explorer","StSLib","The Animator","The Construct","The Cursed","The Mystic","The Runesmith","The Servant 0.9.4","Warlord Emblem","[GremlinLeader]The Maniac","[IsaacMod]以撒尖塔","[功能]功能增强和修复MOD","noobMod","【功能Mod】聪明的最终Boss","【遗物卡牌】REMEMod"],"gold_per_floor":[114,44,44,60,60,76,110,110,185,185,260,260,260,276,276,378,378,394,0,0,75,75,75,75,75,150,187,67,67,17,34,34,143,143,165,240,230,287,287,287,287,302,302,302,333,333,340,415,415,422],"floor_reached":51,"language":"ZHS","playtime":1677,"items_purged":["Strike_Lin:ReiMu","Defend_Lin:ReiMu","MostiFishMod:OneDayCity","Defend_Lin:ReiMu","Defend_Lin:ReiMu","Defend_Lin:ReiMu","NB:ReiMu","Stagnation:ReiMu","Metamorphosis","Secret Technique","REME_MawOfCthun","Strike_Lin:ReiMu","Strike_Lin:ReiMu","Strike_Lin:ReiMu","Conquer:ReiMu+1","UniversalSpiritual:ReiMu"],"score":1106,"play_id":"47027022-721b-4333-8140-de5c5260a556","local_time":"20210224211334","daily_mods":["Allstar","Time Dilation","Terminal"],"is_ascension_mode":false,"campfire_choices":[{"data":"PrayRite:ReiMu","floor":10,"key":"SMITH"},{"data":"Gathering:ReiMu","floor":15,"key":"SMITH"},{"data":"KamiRite:ReiMu","floor":23,"key":"SMITH"},{"data":"CeremonyResonance:ReiMu","floor":25,"key":"SMITH"},{"data":"CardOfSanctity:ReiMu","floor":32,"key":"SMITH"},{"data":"Deep Breath","floor":40,"key":"SMITH"},{"data":"KamiRite:ReiMu","floor":44,"key":"SMITH"},{"data":"KamiRite:ReiMu","floor":49,"key":"SMITH"}],"circlet_count":0,"master_deck":["AT_MachinaRedman+1","REME_ShortnessOfBreath+1","MostiFishMod:KingOfFree+1","Finesse","CardOfSanctity:ReiMu+1","Gathering:ReiMu+1","WonderfulDomain:ReiMu+1","Meditation:ReiMu+1","PrayRite:ReiMu+1","LovePray:ReiMu","MostiFishMod:StoryBook+1","Sign:ReiMu+1","KamiRite:ReiMu+1","REME_MagicPocketWatch+1","SpringWay:ReiMu+1","KamiSacrifice:ReiMu","MikOfLucky:ReiMu+1","CeremonyResonance:ReiMu+1","Meditation:ReiMu","Deep Breath+1","Meditation:ReiMu","DependentForm:ReiMu+1","KamiRite:ReiMu+1","Meditation:ReiMu+1","FineLineFantasy:ReiMu+1","FantasyBorder:ReiMu+1","KamiRite:ReiMu+1","Madness","Madness"],"relics":["FlyPower:ReiMu","ice","AT_ATBox","REME_ComplimentaryCards","HushsDoor","DaveBox","Civilization","BelialBook","SynthV:TestCard","GuppysTail","BirthdayGift-Tetrahedron","Orichalcum","Regal Pillow","Bow_fan:ReiMu","Orrery","Tiny Chest","Matryoshka","RuthlessExorcism:ReiMu","Lee\u0027s Waffle","Bronze Scales","ImprovedEquipment","Juzu Bracelet","ForgetMeNow","WarlordEmblem:MantleCaireseth","NineVolt","SalivaCoin","Runic Dome","TheBean","Oddly Smooth Stone","TentaclePot:ReiMu","Frozen Egg 2","Question Card","OrangePellets","Mercury Hourglass","Mummified Hand","Gensokyo:MaskOfHope","AT_EbonyIvory","Bird Faced Urn","ClockworkSouvenir","AT_TrinityForce","Runesmith:Nanobots","Happy Flower","WarlordEmblem:BadgeProtect","Toolbox","Du-Vu Doll","BirthdayGift-Icosahedron","Pantograph","REME_HourglassOfDeath","GuppysHead","AT_Manta","Technique","HollowDreamFlower","Darkstone Periapt"],"acts_visited":["Gensokyo:Gensokyo","Gensokyo:Gensokyoer","TheBeyond"],"potions_floor_usage":[14,14],"damage_taken":[{"damage":2,"enemies":"Gensokyo:Python","floor":1,"turns":2},{"damage":2,"enemies":"Gensokyo:3_Fairies","floor":4,"turns":2},{"damage":0,"enemies":"Gensokyo:Gryphon","floor":6,"turns":1},{"damage":7,"enemies":"Gensokyo:Cirno","floor":7,"turns":4},{"damage":0,"enemies":"Gensokyo:3_Kodama","floor":14,"turns":1},{"damage":0,"enemies":"Gensokyo:Reimu","floor":16,"turns":1},{"damage":0,"enemies":"Gensokyo:2_Gloops","floor":18,"turns":1},{"damage":0,"enemies":"Gensokyo:Reisen","floor":27,"turns":1},{"damage":0,"enemies":"Gensokyo:Chomper","floor":31,"turns":1},{"damage":0,"enemies":"Gensokyo:Eternal_Rivals","floor":33,"turns":1},{"damage":2,"enemies":"3 Shapes","floor":35,"turns":1},{"damage":6,"enemies":"Mind Bloom Boss Battle","floor":38,"turns":1},{"damage":0,"enemies":"3 Darklings","floor":42,"turns":1},{"damage":0,"enemies":"Reptomancer","floor":45,"turns":1},{"damage":1,"enemies":"Time Eater","floor":50,"turns":3}],"seed_played":"1986488565424594500","potions_obtained":[{"floor":1,"key":"BlessingOfTheForge"},{"floor":4,"key":"DistilledChaos"},{"floor":14,"key":"Fruit Juice"},{"floor":14,"key":"Block Potion"},{"floor":16,"key":"FairyPotion"}],"is_trial":false,"path_per_floor":["M","$","$","M","?","M","E","$","T","R","T","$","?","M","R","B",null,"M","?","$","T","?","R","$","R","T","E","?","$","?","M","R","B",null,"M","T","$","?","$","R","?","M","T","R","E","$","?","T","R","B",null],"character_chosen":"REIMU","items_purchased":["GuppysTail","BirthdayGift-Tetrahedron","Orichalcum","Conquer:ReiMu","MostiFishMod:KingOfFree","Regal Pillow","Bow_fan:ReiMu","Finesse","REME_GoldPotion","Orrery","Matryoshka","RuthlessExorcism:ReiMu","Lee\u0027s Waffle","LovePray:ReiMu","ForgetMeNow","WarlordEmblem:MantleCaireseth","NineVolt","MostiFishMod:StoryBook","REME_MagicPocketWatch","TheBean","Oddly Smooth Stone","TentaclePot:ReiMu","KamiSacrifice:ReiMu","Question Card","OrangePellets","MikOfLucky:ReiMu+1","CeremonyResonance:ReiMu","AT_EbonyIvory","Bird Faced Urn","ClockworkSouvenir","Deep Breath","KamiRite:ReiMu","Happy Flower","WarlordEmblem:BadgeProtect","Toolbox","BirthdayGift-Icosahedron","Pantograph","FineLineFantasy:ReiMu+1","AT_Manta","Technique","HollowDreamFlower","KamiRite:ReiMu"],"campfire_rested":0,"item_purchase_floors":[2,2,2,2,3,3,3,3,3,3,8,8,8,8,12,12,12,12,17,20,20,20,20,24,24,24,24,29,29,29,29,34,37,37,37,39,39,39,46,46,46,46],"current_hp_per_floor":[63,63,62,61,46,49,48,69,68,67,66,65,52,63,63,70,73,77,76,75,74,73,72,71,70,69,73,72,71,77,81,80,84,79,82,82,81,80,80,80,80,86,85,84,88,87,76,76,76,88],"gold":422,"neow_bonus":"","is_daily":true,"chose_seed":false,"campfire_upgraded":8,"win_rate":0.0,"timestamp":1614172414,"path_taken":["M","?","$","M","?","M","E","$","T","R","?","$","?","M","R","BOSS","M","?","$","?","?","R","$","R","T","E","?","$","?","M","R","BOSS","M","?","$","?","$","R","?","M","T","R","E","$","?","?","R","BOSS"],"items_purchased_type":["Relic","Relic","Relic","Card","Card","Relic","Relic","Card","Potion","Relic","Relic","Relic","Relic","Card","Relic","Relic","Relic","Card","Card","Relic","Relic","Relic","Card","Relic","Relic","Card","Card","Relic","Relic","Relic","Card","Card","Relic","Relic","Relic","Relic","Relic","Card","Relic","Relic","Relic","Card"],"build_version":"2020-12-22","purchased_purges":16,"victory":true,"max_hp_per_floor":[64,63,62,62,61,62,63,69,68,67,66,65,64,73,72,76,73,77,76,75,74,73,72,71,70,69,73,72,71,77,81,80,84,79,83,82,81,85,84,83,82,86,85,84,88,87,86,85,84,88],"card_choices":[{"not_picked":["ForcedLanding:ReiMu","CollectionFlower2:ReiMu","Enchanting:ReiMu"],"picked":"SKIP","floor":1},{"not_picked":["UpKicking:ReiMu","YinYangSign:ReiMu","TightArray:ReiMu","ForcedLanding:ReiMu"],"picked":"CardOfSanctity:ReiMu","floor":3},{"not_picked":["SubcavityInstant:ReiMu","Enchanting:ReiMu","FantasyBorder:ReiMu","Intuition:ReiMu"],"picked":"UniversalSpiritual:ReiMu","floor":3},{"not_picked":["RainPray2:ReiMu","Crusade:ReiMu","Amulet:ReiMu","CareerPray:ReiMu"],"picked":"Gathering:ReiMu","floor":3},{"not_picked":["Conquer:ReiMu","TakeOff:ReiMu","NineCharacters:ReiMu","SpreadBorder2:ReiMu"],"picked":"WonderfulDomain:ReiMu","floor":3},{"not_picked":["Enchanting:ReiMu","SpreadBorder2:ReiMu","SubAcupoint:ReiMu","Conquer:ReiMu"],"picked":"Meditation:ReiMu","floor":4},{"not_picked":["FoulBorder2:ReiMu","BarrageOfMoneybags:ReiMu","WonderfulDomain:ReiMu","TightArray:ReiMu","Conquer:ReiMu"],"picked":"SKIP","floor":6},{"not_picked":["Enchanting:ReiMu","UniversalSpiritual:ReiMu","AlertArray:ReiMu","SubAcupoint:ReiMu"],"picked":"PrayRite:ReiMu","floor":7},{"not_picked":["ShadowOfCrow2:ReiMu","Revelation:ReiMu","UniversalSpiritual:ReiMu","OrbThrow:ReiMu","SpreadBorder2:ReiMu"],"picked":"SKIP","floor":14},{"not_picked":["CardOfSanctity:ReiMu","Determination:ReiMu","Free:ReiMu","CleanRite:ReiMu"],"picked":"KamiRite:ReiMu","floor":16},{"not_picked":["SubcavityInstant:ReiMu+1","EmergencyTakeOff:ReiMu","AlertArray:ReiMu","SpreadBorder2:ReiMu"],"picked":"SpringWay:ReiMu+1","floor":18},{"not_picked":["WonderfulDomain:ReiMu+1","Conquer:ReiMu","SpreadBorder2:ReiMu+1","EmergencyTakeOff:ReiMu","TightArray:ReiMu+1"],"picked":"Meditation:ReiMu","floor":27},{"not_picked":["ForcedLanding:ReiMu","SubcavityInstant:ReiMu+1","CollectionFlower2:ReiMu","SubAcupoint:ReiMu","AlertArray:ReiMu"],"picked":"Meditation:ReiMu","floor":31},{"not_picked":["CardOfSanctity:ReiMu","PrayRite:ReiMu","KyokaiOfKami:ReiMu+1","Free:ReiMu","OctopathSalyBorderN:ReiMu"],"picked":"DependentForm:ReiMu+1","floor":33},{"not_picked":["UniversalSpiritual:ReiMu+1","SpringWay:ReiMu","CareerPray:ReiMu","PhosphorusFlame:ReiMu","OrbThrow:ReiMu"],"picked":"Meditation:ReiMu","floor":35},{"not_picked":["ForcedLanding:ReiMu+1","SubAcupoint:ReiMu","Meditation:ReiMu","CareerPray:ReiMu+1","YinYangSign:ReiMu+1"],"picked":"FantasyBorder:ReiMu+1","floor":42},{"not_picked":["Conquer:ReiMu","CareerPray:ReiMu+1","NineCharacters:ReiMu+1","AlertArray:ReiMu","OctopathBindingBorder2:ReiMu+1","YinYangSign:ReiMu"],"picked":"SKIP","floor":45}],"player_experience":173099,"relics_obtained":[{"floor":1,"key":"SynthV:TestCard"},{"floor":7,"key":"Tiny Chest"},{"floor":9,"key":"Bronze Scales"},{"floor":9,"key":"ImprovedEquipment"},{"floor":11,"key":"Juzu Bracelet"},{"floor":21,"key":"Frozen Egg 2"},{"floor":26,"key":"Mercury Hourglass"},{"floor":27,"key":"Mummified Hand"},{"floor":36,"key":"Runesmith:Nanobots"},{"floor":38,"key":"Du-Vu Doll"},{"floor":43,"key":"REME_HourglassOfDeath"},{"floor":45,"key":"GuppysHead"},{"floor":48,"key":"Darkstone Periapt"}],"event_choices":[{"damage_healed":0,"gold_gain":0,"player_choice":"Fight","damage_taken":0,"max_hp_gain":0,"max_hp_loss":0,"event_name":"MindBloom","floor":38,"gold_loss":0},{"damage_healed":0,"gold_gain":0,"player_choice":"Upgraded","damage_taken":0,"max_hp_gain":0,"max_hp_loss":0,"event_name":"Upgrade Shrine","floor":41,"gold_loss":0,"cards_upgraded":["REME_ShortnessOfBreath"]},{"damage_healed":0,"gold_gain":0,"player_choice":"Embrace Madness","damage_taken":11,"max_hp_gain":0,"max_hp_loss":0,"event_name":"Winding Halls","floor":47,"gold_loss":0,"cards_obtained":["Madness","Madness"]}],"is_beta":false,"boss_relics":[{"not_picked":["RhineFirstAidKit","CrownOfHeavens:ReiMu"],"picked":"Runic Dome"},{"not_picked":[]},{"not_picked":["Snecko Eye","PatriotShield"],"picked":"AT_TrinityForce"},{"not_picked":[]}],"items_purged_floors":[2,2,2,2,2,2,2,2,2,2,2,2,2,2,37,37],"is_endless":false,"potions_floor_spawned":[1,4,6,6,7,14,14,16,18,18,27,27,31,33,35,35,42,45,45],"ascension_level":0}}