{"host":"rolltorest","time":1614140004,"event":{"mods":["BaseMod","Minty Spire (QoL Compilation)","Relic Stats","Slay the Relics Exporter","StSLib"],"gold_per_floor":[119,132,51,51,69,100,100,132,158,158,158,158,178,178,178,272,272,290,315,23,23,43,81,81,106,106,146,146,146,185,199,199,199,199],"floor_reached":33,"language":"ENG","playtime":909,"items_purged":[],"score":626,"play_id":"9f231d82-3d80-430c-9c69-6a8542cf4ff5","local_time":"20210223201324","is_ascension_mode":true,"campfire_choices":[{"data":"Eruption","floor":7,"key":"SMITH"},{"data":"EmptyFist","floor":10,"key":"SMITH"},{"data":"CarveReality","floor":12,"key":"SMITH"},{"data":"Pray","floor":15,"key":"SMITH"},{"floor":24,"key":"REST"},{"floor":28,"key":"REST"},{"floor":32,"key":"REST"}],"circlet_count":0,"master_deck":["AscendersBane","Strike_P","Strike_P","Strike_P","Defend_P","Defend_P","Defend_P","Defend_P","Eruption+1","Vigilance+1","EmptyFist+1","CarveReality+1","Weave","JustLucky","Pray+1","EmptyMind","Prostrate","Wireheading","Adaptation","SandsOfTime","ClearTheMind","Meditate","FlurryOfBlows","Decay","Vengeance","RitualDagger","Halt+1","Worship"],"relics":["PureWater","NeowsBlessing","Potion Belt","Vajra","PreservedInsect","Golden Idol","Cursed Key","Bag of Preparation","HornCleat","WingedGreaves","Mercury Hourglass","Happy Flower"],"acts_visited":["Exordium","TheCity"],"potions_floor_usage":[18,18,22,23,25,27,30,33],"damage_taken":[{"damage":0,"enemies":"Jaw Worm","floor":1,"turns":1},{"damage":0,"enemies":"Cultist","floor":2,"turns":1},{"damage":0,"enemies":"2 Louse","floor":5,"turns":1},{"damage":22,"enemies":"3 Sentries","floor":6,"turns":7},{"damage":15,"enemies":"Lagavulin","floor":8,"turns":6},{"damage":1,"enemies":"Blue Slaver","floor":13,"turns":3},{"damage":6,"enemies":"The Guardian","floor":16,"turns":11},{"damage":0,"enemies":"Shell Parasite","floor":18,"turns":1},{"damage":2,"enemies":"2 Thieves","floor":19,"turns":4},{"damage":0,"enemies":"Snecko","floor":22,"turns":2},{"damage":21,"enemies":"Slavers","floor":23,"turns":3},{"damage":17,"enemies":"3 Cultists","floor":25,"turns":4},{"damage":6,"enemies":"Gremlin Leader","floor":27,"turns":3},{"damage":26,"enemies":"Slavers","floor":30,"turns":4},{"damage":5,"enemies":"Snake Plant","floor":31,"turns":4},{"damage":27,"enemies":"Collector","floor":33,"turns":3}],"seed_played":"-3227642914855833940","potions_obtained":[{"floor":2,"key":"DistilledChaos"},{"floor":6,"key":"GamblersBrew"},{"floor":8,"key":"Ambrosia"},{"floor":13,"key":"Ambrosia"},{"floor":21,"key":"FearPotion"},{"floor":21,"key":"LiquidBronze"},{"floor":22,"key":"Block Potion"},{"floor":23,"key":"Explosive Potion"},{"floor":27,"key":"DistilledChaos"}],"is_trial":false,"path_per_floor":["M","M","$","?","M","E","R","E","T","R","?","R","M","?","R","B",null,"M","M","$","?","M","E","R","M","T","E","R","?","E","M","R","B"],"character_chosen":"WATCHER","items_purchased":["CarveReality","Bag of Preparation","Adaptation","SandsOfTime"],"campfire_rested":3,"item_purchase_floors":[3,20,20,20],"current_hp_per_floor":[61,61,61,61,61,39,39,24,24,24,24,24,23,23,23,17,51,51,49,49,49,49,28,46,29,29,23,41,35,9,4,22,0,0],"gold":199,"neow_bonus":"THREE_ENEMY_KILL","is_daily":false,"chose_seed":false,"campfire_upgraded":4,"win_rate":0.0,"timestamp":1614140004,"path_taken":["M","M","$","?","?","E","R","E","T","R","?","R","M","?","R","BOSS","M","M","$","?","?","E","R","?","T","E","R","?","E","M","R","BOSS"],"items_purchased_type":["Card","Relic","Card","Card"],"build_version":"2020-12-18","purchased_purges":0,"victory":false,"max_hp_per_floor":[68,68,68,68,68,68,68,68,68,68,68,68,68,62,62,62,62,62,62,62,62,62,62,62,62,62,62,62,62,62,62,62,62,62],"relic_stats":{"Happy Flower":[2],"counters":[16,58],"Golden Idol":64,"PreservedInsect":128,"Bag of Preparation":[14],"Cursed Key":1,"obtain_stats":[{"Potion Belt":6,"HornCleat":23,"NeowsBlessing":0,"Happy Flower":30,"Golden Idol":14,"Vajra":8,"PreservedInsect":9,"WingedGreaves":26,"Bag of Preparation":20,"PureWater":0,"Cursed Key":17,"Mercury Hourglass":27},{"Potion Belt":4,"HornCleat":11,"NeowsBlessing":0,"Happy Flower":14,"Golden Idol":6,"Vajra":5,"PreservedInsect":5,"WingedGreaves":12,"Bag of Preparation":9,"PureWater":0,"Cursed Key":7,"Mercury Hourglass":13},{"Potion Belt":10,"HornCleat":40,"NeowsBlessing":0,"Happy Flower":51,"Golden Idol":19,"Vajra":16,"PreservedInsect":16,"WingedGreaves":44,"Bag of Preparation":35,"PureWater":0,"Cursed Key":30,"Mercury Hourglass":47}],"Mercury Hourglass":[60]},"card_choices":[{"not_picked":["Protect","EmptyBody"],"picked":"EmptyFist","floor":1},{"not_picked":["Perseverance","FlyingSleeves","ClearTheMind"],"picked":"SKIP","floor":2},{"not_picked":["Sanctity","Establishment"],"picked":"Weave","floor":5},{"not_picked":["WindmillStrike","Study"],"picked":"JustLucky","floor":6},{"not_picked":["Halt","Prostrate"],"picked":"Pray","floor":8},{"not_picked":["Halt","WreathOfFlame"],"picked":"EmptyMind","floor":13},{"not_picked":["Halt","Nirvana"],"picked":"Prostrate","floor":18},{"not_picked":["Vengeance","Halt"],"picked":"Wireheading","floor":19},{"not_picked":["WreathOfFlame","Collect"],"picked":"ClearTheMind","floor":22},{"not_picked":["BowlingBash","Crescendo"],"picked":"Meditate","floor":23},{"not_picked":["Consecrate","ThirdEye"],"picked":"FlurryOfBlows","floor":25},{"not_picked":["FlyingSleeves+1","EmptyFist"],"picked":"Vengeance","floor":27},{"not_picked":["FlyingSleeves","SignatureMove"],"picked":"Halt+1","floor":30},{"not_picked":["Nirvana","DevaForm"],"picked":"Worship","floor":31}],"player_experience":2029608,"relics_obtained":[{"floor":6,"key":"Potion Belt"},{"floor":8,"key":"Vajra"},{"floor":9,"key":"PreservedInsect"},{"floor":23,"key":"HornCleat"},{"floor":26,"key":"WingedGreaves"},{"floor":27,"key":"Mercury Hourglass"},{"floor":30,"key":"Happy Flower"}],"event_choices":[{"cards_removed":["Strike_P"],"damage_healed":0,"gold_gain":0,"player_choice":"Card Removal","damage_taken":0,"max_hp_gain":0,"max_hp_loss":0,"event_name":"Wheel of Change","floor":4,"gold_loss":0},{"damage_healed":0,"gold_gain":0,"player_choice":"Grow","damage_taken":0,"max_hp_gain":0,"max_hp_loss":0,"event_name":"Living Wall","floor":11,"gold_loss":0,"cards_upgraded":["Vigilance"]},{"damage_healed":0,"gold_gain":0,"player_choice":"Lose Max HP","damage_taken":0,"relics_obtained":["Golden Idol"],"max_hp_gain":0,"max_hp_loss":6,"event_name":"Golden Idol","floor":14,"gold_loss":0},{"damage_healed":0,"gold_gain":0,"player_choice":"Got Potions","damage_taken":0,"max_hp_gain":0,"max_hp_loss":0,"event_name":"Lab","floor":21,"gold_loss":0},{"damage_healed":0,"gold_gain":0,"player_choice":"Joined the Cult","damage_taken":6,"max_hp_gain":0,"max_hp_loss":0,"event_name":"Nest","floor":29,"gold_loss":0,"cards_obtained":["RitualDagger"]}],"is_beta":true,"boss_relics":[{"not_picked":["Coffee Dripper","Black Star"],"picked":"Cursed Key"}],"items_purged_floors":[],"is_endless":false,"potions_floor_spawned":[2,6,8,13,22,23,27],"killed_by":"Collector","ascension_level":20}}