{"host":"mithrandi","time":1614199308,"event":{"mods":["BaseMod","Colored Map","Highlight Path","Minty Spire (QoL Compilation)","SuperFastMode"],"gold_per_floor":[113,126,68,86,11,11,24,52,52,84,97,115,115,95,95,169,169,187,202,4,62,121,121,121],"floor_reached":23,"language":"ENG","playtime":1270,"items_purged":[],"score":410,"play_id":"2d633d1f-8dde-4ef0-8de3-3cb467c20fa7","local_time":"20210224224148","is_ascension_mode":true,"campfire_choices":[{"data":"Vengeance","floor":6,"key":"SMITH"},{"data":"TalkToTheHand","floor":13,"key":"SMITH"},{"data":"SashWhip","floor":15,"key":"SMITH"}],"circlet_count":0,"master_deck":["AscendersBane","Strike_P","Defend_P","Defend_P","Defend_P","Defend_P","Eruption","Vigilance","EmptyMind","SashWhip+1","Consecrate","Vengeance+1","TalkToTheHand+1","Protect","Wallop","FollowUp","Worship","ThirdEye","Omniscience","Collect+1","Swivel+1","Conclude+1","FollowUp","Pray+1","HandOfGreed","EmptyBody+1"],"relics":["Cursed Key","Mummified Hand","PreservedInsect","Astrolabe"],"acts_visited":["Exordium","TheCity"],"potions_floor_usage":[8,16,19,21,21,23],"damage_taken":[{"damage":1,"enemies":"Cultist","floor":1,"turns":4},{"damage":0,"enemies":"Small Slimes","floor":2,"turns":3},{"damage":4,"enemies":"Jaw Worm","floor":4,"turns":3},{"damage":8,"enemies":"Looter","floor":7,"turns":2},{"damage":3,"enemies":"Gremlin Nob","floor":8,"turns":3},{"damage":13,"enemies":"Lagavulin","floor":10,"turns":5},{"damage":8,"enemies":"Lots of Slimes","floor":11,"turns":5},{"damage":0,"enemies":"Large Slime","floor":12,"turns":3},{"damage":1,"enemies":"Slime Boss","floor":16,"turns":7},{"damage":5,"enemies":"2 Thieves","floor":18,"turns":4},{"damage":10,"enemies":"Spheric Guardian","floor":19,"turns":4},{"damage":10,"enemies":"Chosen and Byrds","floor":21,"turns":7},{"damage":19,"enemies":"3 Cultists","floor":22,"turns":5},{"damage":18,"enemies":"Book of Stabbing","floor":23,"turns":4}],"seed_played":"-7369896700705619242","potions_obtained":[{"floor":1,"key":"FairyPotion"},{"floor":7,"key":"StancePotion"},{"floor":8,"key":"CultistPotion"},{"floor":10,"key":"Explosive Potion"},{"floor":14,"key":"Fruit Juice"},{"floor":16,"key":"Ambrosia"},{"floor":19,"key":"Ancient Potion"},{"floor":22,"key":"BlessingOfTheForge"}],"is_trial":false,"path_per_floor":["M","M","$","M","$","R","M","E","T","E","M","M","R","?","R","B",null,"M","M","$","M","M","E"],"character_chosen":"WATCHER","items_purchased":["Consecrate","TalkToTheHand","HandOfGreed"],"campfire_rested":0,"item_purchase_floors":[3,5,20],"current_hp_per_floor":[60,60,60,56,56,56,48,45,45,32,24,24,24,24,24,23,57,52,47,47,37,18,0,0],"gold":121,"neow_bonus":"BOSS_RELIC","is_daily":false,"chose_seed":false,"campfire_upgraded":3,"win_rate":0.0,"timestamp":1614199308,"path_taken":["M","M","$","M","?","R","M","E","T","E","M","M","R","?","R","BOSS","M","M","$","M","M","E"],"items_purchased_type":["Card","Card","Card"],"build_version":"2020-12-18","purchased_purges":0,"victory":false,"max_hp_per_floor":[68,68,68,68,68,68,68,68,68,68,68,68,68,68,68,68,68,68,73,73,73,73,73,73],"card_choices":[{"not_picked":["ThirdEye","Weave"],"picked":"EmptyMind","floor":1},{"not_picked":["EmptyMind","FlyingSleeves"],"picked":"SashWhip","floor":2},{"not_picked":["DeceiveReality","PathToVictory"],"picked":"Vengeance","floor":4},{"not_picked":["InnerPeace","Crescendo"],"picked":"Protect","floor":7},{"not_picked":["PathToVictory","Sanctity"],"picked":"Wallop","floor":8},{"not_picked":["Blasphemy","EmptyFist"],"picked":"FollowUp","floor":10},{"not_picked":["FearNoEvil","EmptyMind"],"picked":"Worship","floor":11},{"not_picked":["PathToVictory","SashWhip"],"picked":"ThirdEye","floor":12},{"not_picked":["DeusExMachina","SpiritShield"],"picked":"Omniscience","floor":16},{"not_picked":["Crescendo","CrushJoints"],"picked":"FollowUp","floor":18},{"not_picked":["CutThroughFate","Prostrate"],"picked":"Pray+1","floor":19},{"not_picked":["FollowUp","SashWhip"],"picked":"EmptyBody+1","floor":21},{"not_picked":["CutThroughFate+1","Crescendo","Evaluate"],"picked":"SKIP","floor":22}],"player_experience":3115245,"relics_obtained":[{"floor":8,"key":"Mummified Hand"},{"floor":10,"key":"PreservedInsect"}],"event_choices":[{"damage_healed":0,"gold_gain":0,"player_choice":"Bought 1 Potion","damage_taken":0,"max_hp_gain":0,"max_hp_loss":0,"event_name":"The Woman in Blue","floor":14,"gold_loss":0}],"is_beta":true,"boss_relics":[{"not_picked":["Ectoplasm","Philosopher\u0027s Stone"],"picked":"Astrolabe"}],"items_purged_floors":[],"is_endless":false,"potions_floor_spawned":[1,7,8,10,16,19,22],"killed_by":"Book of Stabbing","ascension_level":20}}