{"host":"ta9jukzngm5b813r","time":1614138587,"event":{"mods":["BaseMod","Colored Map","Minty Spire (QoL Compilation)","Permanent Neow","Relic Stats","Replay The Spire","StSLib"],"gold_per_floor":[119,119,134,59,70,70,70,95,95,106,106,125,125,80,80,185,185,168,181,201,201,161,196,196,215,215,245,95,95,95,57,57,57,57],"floor_reached":33,"language":"ENG","playtime":4098,"items_purged":["ReplayTheSpireMod:Restless Dread"],"score":348,"play_id":"936b93d3-916c-4e0a-aa91-3f230282d072","local_time":"20210223194947","is_ascension_mode":true,"campfire_choices":[{"data":"Panache","floor":6.0,"key":"SMITH"},{"data":"Terror","floor":13,"key":"SMITH"},{"data":"Footwork","floor":15,"key":"SMITH"},{"data":"Envenom","floor":24,"key":"SMITH"},{"floor":32,"key":"REST"}],"circlet_count":0,"master_deck":["Strike_G","Strike_G","Strike_G","Strike_G","Defend_G","Defend_G","Defend_G","Survivor","Neutralize","Panache+1","Escape Plan","PiercingWail","Dodge and Roll","Footwork+1","Terror+1","Envenom+1","Replay:Bag of Tricks+1","Glass Knife+1","ReplayTheSpireMod:Scrap Shanks+1","Blade Dance","Footwork+1","Crippling Poison+1","Backflip","Blur+1","Deflect","Dagger Spray","Dash"],"relics":["Ring of the Snake","Darkstone Periapt","Juzu Bracelet","Astrolabe","Pear","The Specimen","Shovel"],"acts_visited":["Exordium","TheCity"],"potions_floor_usage":[8,8,8,14,16,23,27],"damage_taken":[{"damage":5.0,"enemies":"2 Louse","floor":1.0,"turns":4.0},{"damage":0.0,"enemies":"Cultist","floor":3.0,"turns":4.0},{"damage":0.0,"enemies":"Small Slimes","floor":5.0,"turns":3.0},{"damage":0,"enemies":"Gremlin Nob","floor":8,"turns":2},{"damage":0,"enemies":"Blue Slaver","floor":10,"turns":6},{"damage":4,"enemies":"Gremlin Gang","floor":12,"turns":8},{"damage":0,"enemies":"Looter","floor":14,"turns":5},{"damage":55,"enemies":"Hexaghost","floor":16,"turns":16},{"damage":4,"enemies":"2 Thieves","floor":18,"turns":4},{"damage":0,"enemies":"Chosen","floor":19,"turns":4},{"damage":0,"enemies":"Snecko","floor":20,"turns":5},{"damage":28,"enemies":"Slavers","floor":23,"turns":6},{"damage":8,"enemies":"3 Cultists","floor":25,"turns":5},{"damage":17,"enemies":"Book of Stabbing","floor":27,"turns":5},{"damage":16,"enemies":"Colosseum Slavers","floor":30,"turns":4},{"damage":34,"enemies":"Automaton","floor":33,"turns":6}],"seed_played":"-6091995776932147270","potions_obtained":[{"floor":3.0,"key":"EntropicBrew"},{"floor":8,"key":"SpeedPotion"},{"floor":10,"key":"Elixir"},{"floor":18,"key":"Regen Potion"},{"floor":19,"key":"SpeedPotion"}],"is_trial":false,"path_per_floor":["M","?","M","$","M","R","$","E","T","M","$","M","R","M","R","B",null,"M","M","M","?","?","E","R","M","T","E","$","?","?","$","R","B"],"character_chosen":"THE_SILENT","items_purchased":["Blur+1","Deflect","Dagger Spray","Dash"],"campfire_rested":1,"item_purchase_floors":[28,28,28,31],"current_hp_per_floor":[65,65,65,65,65,65,65,65,65,65,65,61,61,61,61,6,70,66,66,66,66,66,62,62,54,54,37,37,22,6,6,31,0,0],"gold":57,"neow_bonus":"RANDOM_COLORLESS_2","is_daily":false,"chose_seed":false,"campfire_upgraded":4,"win_rate":0.0,"timestamp":1614138587,"path_taken":["M","?","M","$","M","R","$","E","T","M","?","M","R","M","R","BOSS","M","M","M","?","?","E","R","M","T","E","$","?","?","?","R","BOSS"],"items_purchased_type":["Card","Card","Card","Card"],"build_version":"2020-12-22","purchased_purges":1,"victory":false,"max_hp_per_floor":[70,70,70,70,70,70,70,70,70,70,70,70,70,70,70,70,70,70,70,70,70,70,80,80,80,80,80,80,85,85,85,85,85,85],"relic_stats":{"Darkstone Periapt":0,"Shovel":0,"counters":[16,87],"Astrolabe":["Replay:Bag of Tricks","Glass Knife","ReplayTheSpireMod:Scrap Shanks"],"Juzu Bracelet":1,"obtain_stats":[{"Darkstone Periapt":8,"Pear":23,"Shovel":27,"The Specimen":26,"Astrolabe":17,"Juzu Bracelet":9,"Ring of the Snake":0},{"Darkstone Periapt":4,"Pear":12,"Shovel":14,"The Specimen":13,"Astrolabe":8,"Juzu Bracelet":4,"Ring of the Snake":0},{"Darkstone Periapt":13,"Pear":67,"Shovel":77,"The Specimen":72,"Astrolabe":48,"Juzu Bracelet":13,"Ring of the Snake":0}],"Ring of the Snake":[32]},"card_choices":[{"not_picked":["Apotheosis","ReplayTheSpireMod:Brewmster"],"picked":"Panache","floor":0.0},{"not_picked":["Deadly Poison","Eviscerate"],"picked":"Escape Plan","floor":1.0},{"not_picked":["Backflip","Outmaneuver"],"picked":"PiercingWail","floor":3.0},{"not_picked":["Poisoned Stab","Bane","Toxin Wave"],"picked":"SKIP","floor":5.0},{"not_picked":["Poisoned Stab","Distraction"],"picked":"Dodge and Roll","floor":8},{"not_picked":["Flying Knee","Hidden Blade"],"picked":"Footwork","floor":10},{"not_picked":["Deflect","Riddle With Holes"],"picked":"Terror","floor":12},{"not_picked":["Noxious Fumes","ReplayTheSpireMod:Exploit Weakness","Bane"],"picked":"SKIP","floor":14},{"not_picked":["Atom Bomb","Unload"],"picked":"Envenom","floor":16},{"not_picked":["Dodge and Roll","ReplayTheSpireMod:Tripwire+1"],"picked":"Blade Dance","floor":18},{"not_picked":["PiercingWail","Blade Dance"],"picked":"Footwork","floor":19},{"not_picked":["Blade Dance","Acrobatics"],"picked":"Crippling Poison+1","floor":20},{"not_picked":["Bane","PiercingWail"],"picked":"Backflip","floor":23},{"not_picked":["Outmaneuver+1","Riddle With Holes+1","Deadly Poison+1"],"picked":"SKIP","floor":25},{"not_picked":["Fluid Movement","Tactician+1","Heel Hook"],"picked":"SKIP","floor":27}],"player_experience":245636,"relics_obtained":[{"floor":8,"key":"Darkstone Periapt"},{"floor":9,"key":"Juzu Bracelet"},{"floor":23,"key":"Pear"},{"floor":26,"key":"The Specimen"},{"floor":27,"key":"Shovel"}],"event_choices":[{"damage_healed":0.0,"max_hp_gain":0.0,"max_hp_loss":0.0,"gold_gain":0.0,"event_name":"NoteForYourself","player_choice":"Ignored","floor":2.0,"gold_loss":0.0,"damage_taken":0.0},{"damage_healed":0,"gold_gain":0,"player_choice":"Ignored","damage_taken":0,"max_hp_gain":0,"max_hp_loss":0,"event_name":"Ghosts","floor":21,"gold_loss":0},{"damage_healed":0,"gold_gain":0,"player_choice":"Upgrade","damage_taken":0,"max_hp_gain":0,"max_hp_loss":0,"event_name":"Designer","floor":22,"gold_loss":40,"cards_upgraded":["Footwork"]},{"damage_healed":0,"gold_gain":0,"player_choice":"Shed Blood","damage_taken":20,"max_hp_gain":5,"max_hp_loss":0,"event_name":"Forgotten Altar","floor":29,"gold_loss":0},{"damage_healed":0,"gold_gain":0,"player_choice":"Fight","damage_taken":0,"max_hp_gain":0,"max_hp_loss":0,"event_name":"Colosseum","floor":30,"gold_loss":0},{"damage_healed":0,"gold_gain":0,"player_choice":"Fled From Nobs","damage_taken":0,"max_hp_gain":0,"max_hp_loss":0,"event_name":"Colosseum","floor":30,"gold_loss":0}],"is_beta":false,"boss_relics":[{"not_picked":["Velvet Choker","Busted Crown"],"picked":"Astrolabe"}],"items_purged_floors":[4],"is_endless":false,"potions_floor_spawned":[3,8,10,18,19,30],"killed_by":"Automaton","ascension_level":1}}