{"host":"lg2j834m1ujxvni0","time":1614209764,"event":{"mods":["AchievementEnabler","BaseMod","Beaked The Cultist","Better Vampires","BetterRewards","Colored Map","Colored Powertips","Conspire","Downfall","Gremlin Mod","Hermit","Highlight Path","Hubris","Infinite Spire","Mimic Mod","Minty Spire (QoL Compilation)","Quick Restart","Replay The Spire","Shade Mod","Shop Mod","StSLib","The Bladedancer","The Bug Knight","The Construct","The Cursed","The Death Knight","The Disciple","The Elementalist","The Forsaken","The Hayseed","The IronCluck","The Judge","The Jungle","The Runesmith","The Servant 0.9.4","The Witch"],"gold_per_floor":[99,99,99,135,135,155,155,183,183,196,206,240,240,252,272,368,368,368,368,368,381,381,381,381,381],"floor_reached":23,"language":"ENG","playtime":1857,"items_purged":["bronze:Strike"],"score":197,"play_id":"3cca4845-96f9-4068-beb4-459aa242bf38","local_time":"20210224183604","is_ascension_mode":false,"campfire_choices":[{"floor":1.0,"key":"DIG"}],"circlet_count":0,"master_deck":["bronze:Strike","bronze:Strike","bronze:Strike","bronze:Defend","bronze:Defend","bronze:Defend","bronze:Defend","bronze:Replicate","bronze:Goto","bronze:Optimize","bronze:DelayedGuard","bronze:FollowUp","bronze:Repair","bronze:FollowUp","bronze:DelayedSlice","bronze:BronzeOrb","bronze:Branch","bronze:BitShift","bronze:Separator","bronze:Virus","bronze:Separator","bronze:BuggyMess+1","Shame","bronze:ItsAFeature"],"relics":["bronze:BronzeCore","downfall:HeartsMalice","infinitespire:FocusingShard","ReplayTheSpireMod:TigerMarble","hubris:Icosahedron","Bottled Flame","Letter Opener","elementalistmod:RedRibbon","Regal Pillow","SlaversCollar","theJungle:SneckoAutograph","conspire:TreasureMap","theJungle:WildMango"],"acts_visited":["Exordium","Exordium"],"potions_floor_usage":[12,23,23,23],"damage_taken":[{"damage":0.0,"enemies":"Cultist","floor":2.0,"turns":1.0},{"damage":0.0,"enemies":"conspire:RoseBush","floor":3.0,"turns":1.0},{"damage":0.0,"enemies":"2 Louse","floor":4.0,"turns":1.0},{"damage":0.0,"enemies":"2 Louse","floor":6.0,"turns":2.0},{"damage":10.0,"enemies":"Lagavulin","floor":8.0,"turns":6.0},{"damage":0,"enemies":"Large Slime","floor":10,"turns":5},{"damage":5,"enemies":"3 Louse","floor":11,"turns":3},{"damage":8,"enemies":"3 Sentries","floor":12,"turns":6},{"damage":0,"enemies":"Exordium Wildlife","floor":14,"turns":2},{"damage":0,"enemies":"2 Fungi Beasts","floor":15,"turns":2},{"damage":8,"enemies":"SI_SHIV_ARCHETYPE","floor":16,"turns":6},{"damage":8,"enemies":"theJungle:Flameango_and_Byrd","floor":21,"turns":6},{"damage":92,"enemies":"theJungle:Cassacara","floor":23,"turns":9}],"seed_played":"1742798032725205415","potions_obtained":[{"floor":6.0,"key":"EntropicBrew"},{"floor":10,"key":"AttackPotion"},{"floor":12,"key":"GamblersBrew"},{"floor":14,"key":"ColorlessPotion"},{"floor":15,"key":"LifebloodPotion"},{"floor":21,"key":"PowerPotion"}],"is_trial":false,"path_per_floor":["R_BF","M","M","MIM","?","M","T","E","?","M","M","E","?","M","M","B",null,"R_BF","?","AVR","M","?","E"],"character_chosen":"THE_AUTOMATON","items_purchased":[],"campfire_rested":0,"item_purchase_floors":[],"current_hp_per_floor":[70,70,70,70,70,70,70,60,60,70,70,70,70,70,70,62,70,70,70,70,62,76,0,0,0],"gold":381,"neow_bonus":"THREE_ENEMY_KILL","is_daily":false,"chose_seed":false,"campfire_upgraded":0,"win_rate":0.0,"timestamp":1614209764,"path_taken":["R_BF","M","M","?","?","M","T","E","?","M","M","E","?","?","M","BOSS","R_BF","?","AVR","M","?","E"],"items_purchased_type":[],"build_version":"2020-12-22","purchased_purges":1,"victory":false,"max_hp_per_floor":[70,70,70,70,70,70,70,70,70,70,70,70,70,70,70,70,70,70,70,70,70,84,84,84,84],"card_choices":[{"not_picked":["bronze:Frontload","bronze:FineTuning","bronze:BitShift"],"picked":"SKIP","floor":2.0},{"not_picked":["bronze:Invalidate","bronze:Boost"],"picked":"bronze:Optimize","floor":3.0},{"not_picked":["bronze:BitShift","bronze:DigitalCarnage"],"picked":"bronze:DelayedGuard","floor":4.0},{"not_picked":["bronze:Optimize","bronze:Frontload"],"picked":"bronze:FollowUp","floor":6.0},{"not_picked":["bronze:DigitalCarnage","bronze:Branch"],"picked":"bronze:Repair","floor":8.0},{"not_picked":["bronze:Invalidate","bronze:DelayedGuard"],"picked":"bronze:FollowUp","floor":10},{"not_picked":["bronze:CutThrough","bronze:FollowUp"],"picked":"bronze:DelayedSlice","floor":11},{"not_picked":["bronze:Separator","bronze:Fortify"],"picked":"bronze:BronzeOrb","floor":12},{"not_picked":["bronze:DarkDash","bronze:Shield"],"picked":"bronze:BitShift","floor":14},{"not_picked":["bronze:Overheat","bronze:Safeguard"],"picked":"bronze:Separator","floor":15},{"not_picked":["bronze:Assembly","bronze:Library"],"picked":"bronze:Virus","floor":16},{"not_picked":["bronze:WildBeam","bronze:BronzeArmor+1"],"picked":"bronze:ItsAFeature","floor":21}],"player_experience":282098,"relics_obtained":[{"floor":1.0,"key":"infinitespire:FocusingShard"},{"floor":4.0,"key":"ReplayTheSpireMod:TigerMarble"},{"floor":7.0,"key":"Bottled Flame"},{"floor":8.0,"key":"Letter Opener"},{"floor":12,"key":"Regal Pillow"}],"event_choices":[],"is_beta":false,"boss_relics":[{"not_picked":["Tiny House","conspire:SeveredTorchhead"],"picked":"SlaversCollar"}],"items_purged_floors":[20],"is_endless":false,"potions_floor_spawned":[6,10,12,14,15,16,21],"killed_by":"theJungle:Cassacara","ascension_level":0}}