{"host":"kn32u0f2pym5bozc","time":1614151273,"event":{"mods":["BaseMod","Bestiary","Better Third Choice","Minty Spire (QoL Compilation)","Permanent Neow","Relic Stats","StSLib","The Animator"],"gold_per_floor":[271,295,61,61,90,90,107,107,155,155,198,0,40,60,60,193,193,218,218,248,248,114,154,194,194,272,277,277],"floor_reached":27,"language":"ENG","playtime":1346,"items_purged":["animator:Strike","animator:ZankiKiguchi"],"score":424,"play_id":"27d6bd2b-da8b-4c0a-9af8-17880eeb07a6","local_time":"20210224022113","is_ascension_mode":true,"campfire_choices":[{"data":"animator:Lancer","floor":6,"key":"SMITH"},{"data":"animator:Melzalgald","floor":8,"key":"SMITH"},{"data":"animator:Berserker","floor":15,"key":"SMITH"},{"data":"animator:KrulTepes","floor":25,"key":"SMITH"}],"circlet_count":0,"master_deck":["AscendersBane","animator:Strike_Kancolle","animator:Defend_Kancolle","animator:Strike","animator:Defend","animator:Defend","animator:Defend","animator:Shimakaze","animator:IchigoKurosaki","animator:Shigure","animator:Lancer+1","animator:Konayuki","animator:Melzalgald+1","animator:Yoichi","animator:RoryMercury","animator:KrulTepes+1","animator:Hakurou","animator:Berserker+1","animator:Raven","animator:Mikaela","animator:FielNirvalen","animator:DolaStephanie","animator:EmiyaShirou","animator:Sebas+1"],"relics":["animator:TheMissingPiece","animator:PurgingStone","Busted Crown","Akabeko","Golden Idol","Mango","Blood Vial","Centennial Puzzle","Blood Vial","Coffee Dripper","Juzu Bracelet","CloakClasp"],"acts_visited":["Exordium","TheCity"],"potions_floor_usage":[7,14,23,27,27],"damage_taken":[{"damage":1,"enemies":"Jaw Worm","floor":1,"turns":4},{"damage":0,"enemies":"2 Louse","floor":2,"turns":4},{"damage":0,"enemies":"Cultist","floor":5,"turns":3},{"damage":2,"enemies":"Red Slaver","floor":7,"turns":2},{"damage":5,"enemies":"Gremlin Nob","floor":11,"turns":3},{"damage":7,"enemies":"3 Sentries","floor":13,"turns":4},{"damage":0,"enemies":"Exordium Wildlife","floor":14,"turns":2},{"damage":20,"enemies":"Slime Boss","floor":16,"turns":5},{"damage":16,"enemies":"3 Byrds","floor":18,"turns":4},{"damage":12,"enemies":"Shell Parasite","floor":20,"turns":3},{"damage":36,"enemies":"Slavers","floor":23,"turns":4},{"damage":18,"enemies":"Centurion and Healer","floor":24,"turns":5},{"damage":10,"enemies":"Book of Stabbing","floor":27,"turns":3}],"seed_played":"-7084879488066751852","potions_obtained":[{"floor":1,"key":"Block Potion"},{"floor":2,"key":"EssenceOfSteel"},{"floor":5,"key":"SpeedPotion"},{"floor":13,"key":"GamblersBrew"},{"floor":18,"key":"Energy Potion"},{"floor":20,"key":"ColorlessPotion"}],"is_trial":false,"path_per_floor":["M","M","$","?","M","R","M","R","T","?","E","$","E","M","R","B",null,"M","?","M","?","$","E","M","R","T","E"],"character_chosen":"THE_ANIMATOR","items_purchased":["animator:IchigoKurosaki","animator:Shigure","animator:Lancer","animator:Konayuki","animator:KrulTepes","animator:Hakurou","animator:EmiyaShirou"],"campfire_rested":0,"item_purchase_floors":[3,3,3,3,12,12,22],"current_hp_per_floor":[58,58,58,63,63,63,61,61,61,44,53,53,46,48,48,30,71,59,59,51,51,51,19,5,5,5,0,0],"gold":277,"neow_bonus":"BOSS_RELIC","is_daily":false,"chose_seed":false,"campfire_upgraded":4,"win_rate":0.0,"timestamp":1614151273,"path_taken":["M","M","$","?","M","R","M","R","T","?","E","?","E","M","R","BOSS","M","?","M","?","$","E","M","R","T","E"],"items_purchased_type":["Card","Card","Card","Card","Card","Card","Card"],"build_version":"2020-12-22","purchased_purges":2,"victory":false,"max_hp_per_floor":[66,66,66,71,71,71,71,71,71,71,85,85,85,85,85,85,85,85,85,85,85,85,85,85,85,85,85,85],"relic_stats":{"Blood Vial":24,"Centennial Puzzle":[18],"Busted Crown":48,"counters":[13,46],"Golden Idol":63,"Juzu Bracelet":0,"CloakClasp":[5],"obtain_stats":[{"Blood Vial":13,"Centennial Puzzle":13,"Busted Crown":0,"animator:PurgingStone":0,"Golden Idol":10,"animator:TheMissingPiece":0,"Mango":11,"animator:LivingPicture":0,"Coffee Dripper":17,"Juzu Bracelet":23,"CloakClasp":26,"Akabeko":9},{"Blood Vial":6,"Centennial Puzzle":6,"Busted Crown":0,"animator:PurgingStone":0,"Golden Idol":4,"animator:TheMissingPiece":0,"Mango":5,"animator:LivingPicture":0,"Coffee Dripper":8,"Juzu Bracelet":11,"CloakClasp":12,"Akabeko":4},{"Blood Vial":20,"Centennial Puzzle":20,"Busted Crown":0,"animator:PurgingStone":0,"Golden Idol":13,"animator:TheMissingPiece":0,"Mango":16,"animator:LivingPicture":0,"Coffee Dripper":27,"Juzu Bracelet":38,"CloakClasp":43,"Akabeko":13}]},"card_choices":[{"not_picked":["animator:Nanami"],"picked":"SKIP","floor":1},{"not_picked":["animator:Hitei"],"picked":"SKIP","floor":2},{"not_picked":[],"picked":"animator:Melzalgald","floor":5},{"not_picked":[],"picked":"animator:Yoichi","floor":7},{"not_picked":[],"picked":"animator:RoryMercury","floor":11},{"not_picked":[],"picked":"animator:Berserker","floor":13},{"not_picked":[],"picked":"animator:Raven","floor":14},{"not_picked":[],"picked":"animator:Wiz","floor":16},{"not_picked":[],"picked":"animator:Mikaela","floor":18},{"not_picked":[],"picked":"animator:FielNirvalen","floor":20},{"not_picked":["animator:Shigure"],"picked":"SKIP","floor":23},{"not_picked":[],"picked":"animator:Sebas+1","floor":24}],"player_experience":959817,"relics_obtained":[{"floor":9,"key":"Akabeko"},{"floor":11,"key":"Mango"},{"floor":13,"key":"Blood Vial"},{"floor":13,"key":"Centennial Puzzle"},{"floor":16,"key":"Blood Vial"},{"floor":23,"key":"Juzu Bracelet"},{"floor":26,"key":"CloakClasp"}],"event_choices":[{"damage_healed":0,"gold_gain":0,"player_choice":"Donut","damage_taken":0,"max_hp_gain":5,"max_hp_loss":0,"event_name":"Big Fish","floor":4,"gold_loss":0},{"damage_healed":0,"gold_gain":0,"player_choice":"Take Damage","damage_taken":17,"relics_obtained":["Golden Idol"],"max_hp_gain":0,"max_hp_loss":0,"event_name":"Golden Idol","floor":10,"gold_loss":0},{"damage_healed":0,"gold_gain":0,"player_choice":"Ignored","damage_taken":0,"max_hp_gain":0,"max_hp_loss":0,"event_name":"Cursed Tome","floor":19,"gold_loss":0},{"damage_healed":0,"gold_gain":0,"cards_transformed":["animator:Wiz","animator:Strike"],"player_choice":"Became Test Subject","damage_taken":0,"max_hp_gain":0,"max_hp_loss":0,"event_name":"Drug Dealer","floor":21,"gold_loss":0,"cards_obtained":["animator:DolaStephanie","animator:ZankiKiguchi"]}],"is_beta":false,"boss_relics":[{"not_picked":["Tiny House","Fusion Hammer"],"picked":"Coffee Dripper"}],"items_purged_floors":[12,22],"is_endless":false,"potions_floor_spawned":[1,2,5,13,18,20],"killed_by":"Book of Stabbing","ascension_level":10}}