{"host":"fuszjwm6fqgjjp4d","time":1614143127,"event":{"mods":["BaseMod","Colored Map","Minty Spire (QoL Compilation)","Permanent Neow","Relic Sorter","Relic Stats","StSLib"],"gold_per_floor":[115,55,69,80,90,120,120,147,147,234,263,289,331,343,355,367,367],"floor_reached":16,"language":"ENG","playtime":405,"items_purged":[],"score":244,"play_id":"2719ebae-bcac-45a7-816a-e1686a8f061c","local_time":"20210223230527","is_ascension_mode":true,"campfire_choices":[{"data":"Eruption","floor":7,"key":"SMITH"},{"data":"Tantrum","floor":15,"key":"SMITH"}],"circlet_count":0,"master_deck":["AscendersBane","Strike_P","Strike_P","Strike_P","Defend_P","Defend_P","Defend_P","Defend_P","Eruption+1","Vigilance","EmptyFist","CarveReality","SashWhip","FollowUp","CutThroughFate","FlyingSleeves","Tantrum+1","WheelKick","WheelKick"],"relics":["PureWater","Meat on the Bone","MealTicket","Ornamental Fan","MawBank","Oddly Smooth Stone"],"acts_visited":["Exordium"],"potions_floor_usage":[6,6,13],"damage_taken":[{"damage":0,"enemies":"2 Louse","floor":1,"turns":3},{"damage":6,"enemies":"Cultist","floor":3,"turns":3},{"damage":0,"enemies":"Small Slimes","floor":4,"turns":3},{"damage":2,"enemies":"2 Fungi Beasts","floor":5,"turns":3},{"damage":20,"enemies":"3 Sentries","floor":6,"turns":5},{"damage":22,"enemies":"Lagavulin","floor":8,"turns":6},{"damage":2,"enemies":"Lots of Slimes","floor":11,"turns":3},{"damage":0,"enemies":"Looter","floor":12,"turns":1},{"damage":16,"enemies":"3 Sentries","floor":13,"turns":3},{"damage":42,"enemies":"The Guardian","floor":16,"turns":5}],"seed_played":"1935162848008880314","potions_obtained":[{"floor":3,"key":"SteroidPotion"},{"floor":5,"key":"GamblersBrew"},{"floor":11,"key":"Strength Potion"}],"is_trial":false,"path_per_floor":["M","?","M","M","M","E","R","E","T","?","M","M","E","?","R","B"],"character_chosen":"WATCHER","items_purchased":[],"campfire_rested":0,"item_purchase_floors":[],"current_hp_per_floor":[61,61,55,55,53,45,45,35,35,24,34,46,42,42,42,0,0],"gold":367,"neow_bonus":"THREE_CARDS","is_daily":false,"chose_seed":false,"campfire_upgraded":2,"win_rate":0.0,"timestamp":1614143127,"path_taken":["M","?","M","M","?","E","R","E","T","?","M","M","E","?","R","BOSS"],"items_purchased_type":[],"build_version":"2020-12-22","purchased_purges":0,"victory":false,"max_hp_per_floor":[68,68,68,68,68,68,68,68,68,68,68,68,68,68,68,68,68],"relic_stats":{"counters":[10,35],"Ornamental Fan":[36],"MealTicket":0,"MawBank":84,"obtain_stats":[{"Ornamental Fan":8,"Oddly Smooth Stone":13,"MealTicket":6,"PureWater":0,"MawBank":9,"Meat on the Bone":2},{"Ornamental Fan":6,"Oddly Smooth Stone":9,"MealTicket":5,"PureWater":0,"MawBank":6,"Meat on the Bone":1},{"Ornamental Fan":23,"Oddly Smooth Stone":30,"MealTicket":17,"PureWater":0,"MawBank":23,"Meat on the Bone":3}],"Meat on the Bone":60},"card_choices":[{"not_picked":["Weave","Wireheading"],"picked":"EmptyFist","floor":0},{"not_picked":["Consecrate","WreathOfFlame"],"picked":"CarveReality","floor":1},{"not_picked":["DeceiveReality","CrushJoints"],"picked":"SashWhip","floor":3},{"not_picked":["ClearTheMind","EmptyMind"],"picked":"FollowUp","floor":4},{"not_picked":["Evaluate","ClearTheMind"],"picked":"CutThroughFate","floor":5},{"not_picked":["ReachHeaven","Swivel"],"picked":"FlyingSleeves","floor":6},{"not_picked":["Vengeance","ClearTheMind","Nirvana"],"picked":"SKIP","floor":8},{"not_picked":["SashWhip","EmptyMind","PathToVictory"],"picked":"SKIP","floor":11},{"not_picked":["Perseverance","EmptyFist"],"picked":"Tantrum","floor":12},{"not_picked":["EmptyFist","PathToVictory"],"picked":"WheelKick","floor":13}],"player_experience":1526953,"relics_obtained":[{"floor":6,"key":"MealTicket"},{"floor":8,"key":"Ornamental Fan"},{"floor":9,"key":"MawBank"},{"floor":13,"key":"Oddly Smooth Stone"}],"event_choices":[{"damage_healed":0,"gold_gain":0,"player_choice":"Paid Gold","damage_taken":0,"relics_obtained":["Meat on the Bone"],"max_hp_gain":0,"max_hp_loss":0,"event_name":"WeMeetAgain","floor":2,"gold_loss":60},{"damage_healed":0,"gold_gain":75,"player_choice":"Gather Gold","damage_taken":11,"max_hp_gain":0,"max_hp_loss":0,"event_name":"World of Goop","floor":10,"gold_loss":0},{"damage_healed":0,"gold_gain":0,"cards_transformed":["Strike_P"],"player_choice":"Transformed","damage_taken":0,"max_hp_gain":0,"max_hp_loss":0,"event_name":"Transmorgrifier","floor":14,"gold_loss":0,"cards_obtained":["WheelKick"]}],"is_beta":false,"boss_relics":[],"items_purged_floors":[],"is_endless":false,"potions_floor_spawned":[3,5,11],"killed_by":"The Guardian","ascension_level":20}}