{"host":"r4aerl4ckfvw1dw3","time":1614154302,"event":{"mods":["BaseMod","BetterRewards","Minty Spire (QoL Compilation)","Quick Restart","StSLib"],"gold_per_floor":[111,129,141,141,151,151,185,185,210,210,81,106,106,131,131,230,230,245,261,261,261,146,146,174,89,89,89,122,122,122,70,70,167,167,185,145,200,217,235,235,235],"floor_reached":40,"language":"ENG","playtime":2157,"items_purged":["Strike_B"],"score":635,"play_id":"6b95bc8c-e7a5-40f4-9665-2816230481ff","local_time":"20210224001142","is_ascension_mode":true,"campfire_choices":[{"floor":6.0,"key":"REST"},{"floor":8.0,"key":"REST"},{"data":"Dualcast","floor":13.0,"key":"SMITH"},{"floor":15.0,"key":"REST"},{"data":"Echo Form","floor":23,"key":"SMITH"},{"floor":32,"key":"REST"}],"circlet_count":0,"master_deck":["Defend_B+1","Defend_B+1","Defend_B+1","Defend_B+1","Zap","Dualcast+1","Hologram","Ball Lightning","Ball Lightning+1","Redo","Coolheaded","Steam","Go for the Eyes+1","Echo Form+1","Stack+1","Loop","Self Repair","Scrape","Loop","Heatsinks","Necronomicurse","Seek","Steam+1","Storm+1","Streamline+1"],"relics":["Cracked Core","Ancient Tea Set","Juzu Bracelet","Toy Ornithopter","Shovel","Gremlin Horn","Black Star","Turnip","Whetstone","Ornamental Fan","Mummified Hand","Pantograph","Anchor","Necronomicon","Cursed Key","TungstenRod"],"acts_visited":["Exordium","TheCity","TheBeyond"],"potions_floor_usage":[19,28,33,33,33,37,37,37,40,40],"damage_taken":[{"damage":4.0,"enemies":"Jaw Worm","floor":1.0,"turns":4.0},{"damage":10.0,"enemies":"Cultist","floor":2.0,"turns":4.0},{"damage":0.0,"enemies":"2 Louse","floor":3.0,"turns":3.0},{"damage":25.0,"enemies":"Exordium Thugs","floor":5.0,"turns":4.0},{"damage":31.0,"enemies":"3 Sentries","floor":7.0,"turns":6.0},{"damage":22.0,"enemies":"Lagavulin","floor":12.0,"turns":5.0},{"damage":12.0,"enemies":"3 Sentries","floor":14.0,"turns":7.0},{"damage":33.0,"enemies":"Slime Boss","floor":16.0,"turns":8.0},{"damage":10.0,"enemies":"Chosen","floor":18.0,"turns":6.0},{"damage":10,"enemies":"Spheric Guardian","floor":19,"turns":4},{"damage":48,"enemies":"Book of Stabbing","floor":24,"turns":8},{"damage":37,"enemies":"Slavers","floor":28,"turns":6},{"damage":28,"enemies":"Champ","floor":33,"turns":12},{"damage":6,"enemies":"Orb Walker","floor":35,"turns":5},{"damage":41,"enemies":"2 Orb Walkers","floor":37,"turns":6},{"damage":22,"enemies":"3 Shapes","floor":38,"turns":4},{"damage":0,"enemies":"Maw","floor":39,"turns":7},{"damage":44,"enemies":"Giant Head","floor":40,"turns":7}],"seed_played":"-935383052958992660","potions_obtained":[{"floor":5.0,"key":"FocusPotion"},{"floor":12.0,"key":"BlessingOfTheForge"},{"floor":16.0,"key":"Explosive Potion"},{"floor":18.0,"key":"PotionOfCapacity"},{"floor":28,"key":"Weak Potion"},{"floor":36,"key":"FocusPotion"},{"floor":36,"key":"Strength Potion"},{"floor":36,"key":"AttackPotion"},{"floor":37,"key":"Fire Potion"},{"floor":38,"key":"BlessingOfTheForge"}],"is_trial":false,"path_per_floor":["M","M","M","?","M","R","E","R","T","?","?","E","R","E","R","B",null,"M","M","?","?","$","R","E","?","T","?","E","?","?","$","R","B",null,"M","?","?","M","M","E"],"character_chosen":"DEFECT","items_purchased":["Loop","FocusPotion"],"campfire_rested":4,"item_purchase_floors":[22,31],"current_hp_per_floor":[64,54,54,54,29,51,20,42,42,67,67,50,50,38,60,27,63,53,48,48,75,75,75,41,41,41,41,23,23,7,7,29,48,68,75,75,46,24,31,0,0],"gold":235,"neow_bonus":"THREE_CARDS","is_daily":false,"chose_seed":false,"campfire_upgraded":2,"win_rate":0.0,"timestamp":1614154302,"path_taken":["M","M","M","?","M","R","E","R","T","?","?","E","R","E","R","BOSS","M","M","?","?","$","R","E","?","T","?","E","?","?","$","R","BOSS","M","?","?","M","M","E"],"items_purchased_type":["Card","Potion"],"build_version":"2020-12-22","purchased_purges":1,"victory":false,"max_hp_per_floor":[75,75,75,75,75,75,75,75,75,75,75,75,75,75,75,75,75,75,75,75,75,75,75,75,75,75,75,75,75,75,75,75,75,75,75,75,75,75,75,75,75],"card_choices":[{"not_picked":["Fusion","Force Field"],"picked":"Hologram","floor":0.0},{"not_picked":["Redo","Sunder"],"picked":"Ball Lightning","floor":1.0},{"not_picked":["Streamline","Gash"],"picked":"Ball Lightning","floor":2.0},{"not_picked":["Gash","Stack"],"picked":"Redo","floor":3.0},{"not_picked":["Rebound","White Noise"],"picked":"Coolheaded","floor":5.0},{"not_picked":["Barrage","Redo","Force Field"],"picked":"SKIP","floor":7.0},{"not_picked":["Amplify","White Noise"],"picked":"Steam","floor":12.0},{"not_picked":["Sweeping Beam","Glacier"],"picked":"Go for the Eyes","floor":14.0},{"not_picked":["Meteor Strike","Creative AI"],"picked":"Echo Form","floor":16.0},{"not_picked":["Compile Driver","Ball Lightning"],"picked":"Stack+1","floor":18.0},{"not_picked":["Redo","Coolheaded"],"picked":"Loop","floor":19},{"not_picked":["Steam Power+1","Rebound+1"],"picked":"Heatsinks","floor":24},{"not_picked":["Steam","Rebound+1","Rainbow"],"picked":"SKIP","floor":28},{"not_picked":["Meteor Strike","All For One"],"picked":"Seek","floor":33},{"not_picked":["Stack","Streamline"],"picked":"Steam+1","floor":35},{"not_picked":["Scrape+1","Genetic Algorithm+1"],"picked":"Storm+1","floor":38},{"not_picked":["Steam+1","Leap"],"picked":"Streamline+1","floor":39}],"player_experience":698479,"relics_obtained":[{"floor":7.0,"key":"Ancient Tea Set"},{"floor":9.0,"key":"Juzu Bracelet"},{"floor":12.0,"key":"Shovel"},{"floor":14.0,"key":"Gremlin Horn"},{"floor":24,"key":"Turnip"},{"floor":24,"key":"Whetstone"},{"floor":26,"key":"Mummified Hand"},{"floor":28,"key":"Pantograph"},{"floor":28,"key":"Anchor"},{"floor":30,"key":"Necronomicon"},{"floor":37,"key":"TungstenRod"}],"event_choices":[{"cards_removed":["Strike_B"],"damage_healed":0.0,"max_hp_gain":0.0,"max_hp_loss":0.0,"gold_gain":0.0,"event_name":"Bonfire Elementals","player_choice":"Offered Basic","floor":4.0,"gold_loss":0.0,"damage_taken":0.0},{"damage_healed":25.0,"max_hp_gain":0.0,"max_hp_loss":0.0,"gold_gain":0.0,"event_name":"Big Fish","player_choice":"Banana","floor":10.0,"gold_loss":0.0,"damage_taken":0.0},{"damage_healed":0.0,"max_hp_gain":0.0,"max_hp_loss":0.0,"gold_gain":0.0,"event_name":"WeMeetAgain","player_choice":"Paid Gold","floor":11.0,"gold_loss":129.0,"damage_taken":0.0,"relics_obtained":["Toy Ornithopter"]},{"damage_healed":0,"gold_gain":0,"cards_transformed":["Strike_B","Strike_B"],"player_choice":"Became Test Subject","damage_taken":0,"max_hp_gain":0,"max_hp_loss":0,"event_name":"Drug Dealer","floor":20,"gold_loss":0,"cards_obtained":["Self Repair","Scrape"]},{"damage_healed":27,"gold_gain":0,"player_choice":"Full Heal","damage_taken":0,"max_hp_gain":0,"max_hp_loss":0,"event_name":"Wheel of Change","floor":21,"gold_loss":0},{"damage_healed":0,"gold_gain":0,"player_choice":"Obtained Relic","damage_taken":0,"relics_obtained":["Ornamental Fan"],"max_hp_gain":0,"max_hp_loss":0,"event_name":"Addict","floor":25,"gold_loss":85},{"damage_healed":0,"gold_gain":0,"player_choice":"Simplicity","damage_taken":0,"max_hp_gain":0,"max_hp_loss":0,"event_name":"Back to Basics","floor":27,"gold_loss":0,"cards_upgraded":["Defend_B","Defend_B","Defend_B","Defend_B"]},{"damage_healed":0,"gold_gain":0,"player_choice":"Ignored","damage_taken":0,"max_hp_gain":0,"max_hp_loss":0,"event_name":"Vampires","floor":29,"gold_loss":0},{"damage_healed":0,"gold_gain":0,"player_choice":"Obtained Book","damage_taken":16,"max_hp_gain":0,"max_hp_loss":0,"event_name":"Cursed Tome","floor":30,"gold_loss":0},{"damage_healed":0,"gold_gain":0,"player_choice":"Bought 3 Potions","damage_taken":0,"max_hp_gain":0,"max_hp_loss":0,"event_name":"The Woman in Blue","floor":36,"gold_loss":0},{"damage_healed":0,"gold_gain":0,"player_choice":"Fight","damage_taken":0,"max_hp_gain":0,"max_hp_loss":0,"event_name":"Mysterious Sphere","floor":37,"gold_loss":0}],"is_beta":false,"boss_relics":[{"not_picked":["Empty Cage","Fusion Hammer"],"picked":"Black Star"},{"not_picked":["Astrolabe","Nuclear Battery"],"picked":"Cursed Key"}],"items_purged_floors":[22],"is_endless":false,"potions_floor_spawned":[5,12,16,18,28,37,38],"killed_by":"Giant Head","ascension_level":9}}