{"host":"am9dcwhv7hq2nlsk","time":1614133315,"event":{"mods":["ATMod(°¢èªMod)","AchievementEnabler","Act Like it!","Aspiration","BaseMod","BetterRewards","Conspire","Custom Start","Dota2Spire","Marisa£¨ìFÓê¡¡Ä§ÀíÉ³£©","Minty Spire (QoL Compilation)","Reimu£¨²©ÀöÁéÃÎ£©","Remilia£¨ÀÙÃ×ÀòÑÇ£©","Replay The Spire","RumiaBox-Â¶Ã×æ«µÄÉñÃØºÐ×Ó","Shop Mod","Spicy Shops","StSLib","TestMod","The Cursed","The Hierophant","UnlockEverythingMod","[IsaacMod]ÒÔÈö¼âËþ","noobMod","¡¾ÒÅÎï¿¨ÅÆ¡¿REMEMod","óô»ðÖ¸ÄÏ"],"gold_per_floor":[136,198,248,248,285,345,345,405,429,429,536,536,606,669,669,866,866,931,976,926,1003,1078,1247,1247,1310,1310,655,56,138,223,283,0,149,149,262,262,410,594,653,716,760,858,858,546,946,946,1001,1001,1001,1126,1151],"floor_reached":52,"language":"ZHS","playtime":3606,"items_purged":["Strike_B","Writhe","Strike_B","conspire:SpireCoStock"],"score":2955,"play_id":"4d9fe9f4-3f19-4224-ae1b-250a234d2618","local_time":"20210224102155","is_ascension_mode":true,"campfire_choices":[{"data":"testmod-BloodBlade","floor":7.0,"key":"SMITH"},{"data":"AT_FamilyPortrait","floor":10.0,"key":"SMITH"},{"data":"Zap","floor":12.0,"key":"SMITH"},{"floor":15.0,"key":"DIG"},{"data":"AT_ThunderBolt","floor":24.0,"key":"SMITH"},{"data":"REME_Whirling","floor":46,"key":"SMITH"},{"data":"testmod-ChaoticCore","floor":49,"key":"SMITH"}],"circlet_count":0,"master_deck":["AscendersBane","Strike_B+1","Defend_B","Defend_B","Zap+1","Dualcast","AT_FamilyPortrait+1","testmod-BackupPower","testmod-BloodBlade+1","AT_RobotInSpace","AT_ThunderBolt+1","Amplify","Panic Button+1","Hologram","AT_FamilyPortrait+1","Electrodynamics","Machine Learning","FTL+1","AT_StudyProgram+1","Pulse","White Noise","Fan+1","REME_Whirling+1","AT_EMC2+1","testmod-ChaoticCore+1"],"relics":["Cracked Core","AT_ATBox","testmod-TestBox","ice","HushsDoor","testmod-ArcanaOfDestiny","MaYiHuaBei","Bag of Preparation","AT_MibuBalloonWealth","Emotion Chip","ClockworkSouvenir","Orichalcum","Lizard Tail","Vajra","MealTicket","GuppysTail","Centennial Puzzle","AT_TrinityForce","aspiration:SeaSaltIceCream","Dota2Spire:RefresherOrb","Whetstone","PunchingBag","PreservedInsect","OrangePellets","Mastiff:ReiMu","Frozen Eye","conspire:TreasureMap","Replay:Bottled Flurry","Happy Flower","Dota2Spire:ArmletOfMordiggian","AT_ChloranthyRing","D6","Sozu","Prayer Wheel","CatCart","Dota2Spire:AghanimScepter","War Paint","REME_CardOfGreed","Dota2Spire:Mjollnir"],"acts_visited":["Exordium","TheCity","TheBeyond"],"potions_floor_usage":[],"damage_taken":[{"damage":0.0,"enemies":"Jaw Worm","floor":1.0,"turns":1.0},{"damage":0.0,"enemies":"Small Slimes","floor":2.0,"turns":2.0},{"damage":3.0,"enemies":"conspire:RoseBush","floor":5.0,"turns":2.0},{"damage":4.0,"enemies":"Lagavulin","floor":6.0,"turns":4.0},{"damage":22.0,"enemies":"Gremlin Nob","floor":8.0,"turns":4.0},{"damage":0.0,"enemies":"3 Sentries","floor":11.0,"turns":2.0},{"damage":0.0,"enemies":"Exordium Wildlife","floor":13.0,"turns":1.0},{"damage":3.0,"enemies":"conspire:2 RoseBushes","floor":14.0,"turns":3.0},{"damage":14.0,"enemies":"Fading Forest","floor":16.0,"turns":12.0},{"damage":5.0,"enemies":"2 Thieves","floor":18.0,"turns":2.0},{"damage":0.0,"enemies":"Spheric Guardian","floor":19.0,"turns":2.0},{"damage":7.0,"enemies":"Centurion and Healer","floor":21.0,"turns":3.0},{"damage":6.0,"enemies":"conspire:Head Lice","floor":23.0,"turns":3.0},{"damage":26.0,"enemies":"Book of Stabbing","floor":25.0,"turns":3.0},{"damage":0.0,"enemies":"Sentry and Sphere","floor":29.0,"turns":4.0},{"damage":0.0,"enemies":"Shelled Parasite and Fungi","floor":30.0,"turns":2.0},{"damage":0.0,"enemies":"Replay:Snechameleon","floor":31.0,"turns":1.0},{"damage":0.0,"enemies":"Automaton","floor":33.0,"turns":6.0},{"damage":16.0,"enemies":"3 Shapes","floor":35.0,"turns":2.0},{"damage":26.0,"enemies":"3 Darklings","floor":37.0,"turns":3.0},{"damage":0.0,"enemies":"Orin","floor":38.0,"turns":5.0},{"damage":0.0,"enemies":"Maw","floor":39.0,"turns":4.0},{"damage":2,"enemies":"R_Hoarder","floor":40,"turns":5},{"damage":7,"enemies":"Spire Growth","floor":41,"turns":4},{"damage":2,"enemies":"Sphere and 2 Shapes","floor":42,"turns":3},{"damage":0,"enemies":"Nemesis","floor":47,"turns":3},{"damage":0,"enemies":"Awakened One","floor":50,"turns":4},{"damage":4,"enemies":"conspire:OrnateMirror","floor":51,"turns":2}],"seed_played":"3250568405261226898","potions_obtained":[{"floor":1.0,"key":"conspire:TimeTravelPotion"},{"floor":2.0,"key":"SpeedPotion"},{"floor":6.0,"key":"PotionOfCapacity"},{"floor":29.0,"key":"REME_GoldPotion"},{"floor":33.0,"key":"ZuzhouPotion:ReiMu"}],"is_trial":false,"path_per_floor":["M","M","?","?","M","E","R","E","T","R","E","R","M","M","R","B",null,"M","M","?","M","T","E","R","E","T","R","$","M","M","E","R","B",null,"M","?","M","?","M","E","M","M","T","R","?","R","E","?","R","B","B",null],"character_chosen":"DEFECT","items_purchased":["Bag of Preparation","AT_MibuBalloonWealth","Emotion Chip","ClockworkSouvenir","testmod-BackupPower","testmod-BloodBlade","Machine Learning","PreservedInsect","OrangePellets","Mastiff:ReiMu","Frozen Eye","conspire:TreasureMap","Replay:Bottled Flurry","Happy Flower","AT_ChloranthyRing","D6","REME_CardOfGreed"],"campfire_rested":0,"item_purchase_floors":[0,0,0,0,0,0,17,27,27,27,27,28,28,28,32,32,44],"current_hp_per_floor":[32,32,4,4,68,64,64,42,42,42,42,42,42,39,39,34,62,57,57,57,50,50,44,44,18,18,18,33,33,33,33,33,33,62,46,46,20,20,20,18,11,9,9,9,9,9,9,9,9,9,63],"gold":1151,"neow_bonus":"","is_daily":false,"chose_seed":false,"campfire_upgraded":6,"win_rate":0.0,"timestamp":1614133315,"path_taken":["M","M","?","?","M","E","R","E","T","R","E","R","M","M","R","BOSS","M","M","?","M","?","E","R","E","T","R","?","M","M","E","R","BOSS","M","?","M","?","M","E","?","M","T","R","?","R","E","?","R","BOSS","BOSS"],"items_purchased_type":["Relic","Relic","Relic","Relic","Card","Card","Card","Relic","Relic","Relic","Relic","Relic","Relic","Relic","Relic","Relic","Relic"],"build_version":"2020-12-22","purchased_purges":4,"victory":true,"max_hp_per_floor":[71,71,71,71,72,73,73,73,73,73,73,73,73,73,73,74,71,71,71,71,71,71,71,71,71,71,71,71,71,71,71,71,71,71,71,67,67,67,67,67,67,67,67,67,67,67,67,67,67,67,69],"card_choices":[{"not_picked":[],"picked":"ChaosCard","floor":0.0},{"not_picked":["Recycle","Cold Snap"],"picked":"Bomb","floor":1.0},{"not_picked":["Redo","ReplaySolidLightProjector","Ball Lightning"],"picked":"SKIP","floor":2.0},{"not_picked":["Sunder","Rebound"],"picked":"AT_RobotInSpace","floor":3.0},{"not_picked":["Fusion","AT_HeatAcrobatics","Rip and Tear"],"picked":"SKIP","floor":5.0},{"not_picked":["Fusion","AT_WarpDrive"],"picked":"AT_ThunderBolt","floor":6.0},{"not_picked":["Blizzard","Ball Lightning"],"picked":"Amplify","floor":8.0},{"not_picked":["Rebound","Sweeping Beam"],"picked":"Panic Button","floor":11.0},{"not_picked":["ReplayTheSpireMod:Calculation Training","REME_Compress"],"picked":"Hologram","floor":13.0},{"not_picked":["Barrage","Rebound","Hyperbeam"],"picked":"SKIP","floor":14.0},{"not_picked":["ReplayRNGCard","REME_ForAll"],"picked":"Electrodynamics","floor":16.0},{"not_picked":["Steam","Hologram"],"picked":"FTL","floor":18.0},{"not_picked":["Crystallizer","AT_HeatAcrobatics","Gash"],"picked":"SKIP","floor":19.0},{"not_picked":["Stack","AT_HeatAcrobatics","Hello World"],"picked":"SKIP","floor":21.0},{"not_picked":["Core Surge","Reprogram"],"picked":"AT_StudyProgram+1","floor":23.0},{"not_picked":["Doom and Gloom+1","Turbo+1","Beam Cell"],"picked":"SKIP","floor":25.0},{"not_picked":["Coolheaded","Turbo","Reprogram"],"picked":"SKIP","floor":29.0},{"not_picked":["Crystallizer","Ball Lightning+1","Beam Cell"],"picked":"SKIP","floor":30.0},{"not_picked":["Go for the Eyes","Leap+1"],"picked":"Pulse","floor":31.0},{"not_picked":["Amplify","Rainbow"],"picked":"ReplayTheSpireMod:Fabricate Wheel","floor":33.0},{"not_picked":["ReplayTheSpireMod:Repulse","Leap"],"picked":"White Noise","floor":35.0},{"not_picked":["Ball Lightning","ReplayTheSpireMod:Dual Polarity+1","Chaos"],"picked":"SKIP","floor":35.0},{"not_picked":["Beam Cell+1","Streamline","Double Energy"],"picked":"SKIP","floor":37.0},{"not_picked":["Melter+1","Doom and Gloom","Reinforced Body"],"picked":"SKIP","floor":37.0},{"not_picked":["Compile Driver+1","Rip and Tear"],"picked":"Fan","floor":39.0},{"not_picked":["Leap+1","BasicCrystalCard","Reinforced Body"],"picked":"SKIP","floor":39.0},{"not_picked":["Rebound","Conserve Battery","Beam Cell","Barrage","Redo","All For One","Turbo"],"picked":"SKIP","floor":40},{"not_picked":["Amplify","Streamline"],"picked":"REME_Whirling","floor":41},{"not_picked":["BasicCrystalCard","Cold Snap","Leap+1"],"picked":"SKIP","floor":41},{"not_picked":["Panic Button","Hologram+1","Static Discharge+1"],"picked":"SKIP","floor":42},{"not_picked":["Compile Driver","Fan","Streamline"],"picked":"SKIP","floor":42},{"not_picked":["ReplayTheSpireMod:Reroute Power","ReplayTheSpireMod:GoodbyeWorld+1"],"picked":"AT_EMC2+1","floor":47},{"not_picked":["DoctorFetus","Forethought"],"picked":"testmod-ChaoticCore","floor":48}],"player_experience":562604,"relics_obtained":[{"floor":3.0,"key":"Orichalcum"},{"floor":6.0,"key":"Lizard Tail"},{"floor":8.0,"key":"Vajra"},{"floor":9.0,"key":"MealTicket"},{"floor":11.0,"key":"GuppysTail"},{"floor":15.0,"key":"Centennial Puzzle"},{"floor":23.0,"key":"aspiration:SeaSaltIceCream"},{"floor":25.0,"key":"Whetstone"},{"floor":26.0,"key":"PunchingBag"},{"floor":31.0,"key":"Dota2Spire:ArmletOfMordiggian"},{"floor":38.0,"key":"CatCart"},{"floor":40,"key":"Dota2Spire:AghanimScepter"},{"floor":43,"key":"War Paint"},{"floor":47,"key":"Dota2Spire:Mjollnir"}],"event_choices":[{"damage_healed":0.0,"max_hp_gain":0.0,"max_hp_loss":0.0,"gold_gain":0.0,"event_name":"Liars Game","player_choice":"Ignored","floor":4.0,"gold_loss":0.0,"damage_taken":0.0},{"damage_healed":0.0,"max_hp_gain":0.0,"max_hp_loss":0.0,"gold_gain":0.0,"event_name":"conspire:Investor","player_choice":"Invest 1","floor":20.0,"gold_loss":0.0,"damage_taken":0.0},{"damage_healed":0.0,"max_hp_gain":0.0,"max_hp_loss":4.0,"gold_gain":0.0,"event_name":"Winding Halls","player_choice":"Max HP","floor":36.0,"gold_loss":0.0,"damage_taken":0.0},{"damage_healed":0.0,"max_hp_gain":0.0,"max_hp_loss":0.0,"gold_gain":0.0,"event_name":"OrinTheCat","player_choice":"Fight","floor":38.0,"gold_loss":0.0,"damage_taken":0.0},{"damage_healed":0,"gold_gain":400,"player_choice":"Sell","damage_taken":0,"max_hp_gain":0,"max_hp_loss":0,"event_name":"¶÷ÂåË¹µÄÅÌ×Ó","floor":45,"relics_lost":["REME_ComplimentaryCards"],"gold_loss":0},{"damage_healed":0,"gold_gain":0,"player_choice":"Memory 1","damage_taken":0,"max_hp_gain":0,"max_hp_loss":0,"event_name":"SensoryStone","floor":48,"gold_loss":0}],"is_beta":false,"boss_relics":[{"not_picked":["aspiration:BursterCore","RedLine:ReiMu"],"picked":"AT_TrinityForce"},{"not_picked":[]},{"not_picked":["aspiration:PoetsPen_weak","conspire:SeveredTorchhead"],"picked":"Sozu"},{"not_picked":[]}],"items_purged_floors":[0,27,32,44],"is_endless":false,"potions_floor_spawned":[1,2,6,11,13,19,25,29,33,35,37,40,42],"ascension_level":20}}