{"host":"v6biu77h43umse0l","time":1614173167,"event":{"mods":["BaseMod","DeckTracker","Lobotomy","Minty Spire (QoL Compilation)","StSLib","SuperFastMode"],"gold_per_floor":[113,129,140,140,155,155,171,171,224,239,239,282,135,170,170,170,170],"floor_reached":16,"language":"KOR","playtime":554,"items_purged":["Strike_G"],"score":140,"play_id":"ef6ccf38-1856-42c0-9894-30bc83f50619","local_time":"20210224222607","is_ascension_mode":true,"campfire_choices":[{"data":"Deadly Poison","floor":6,"key":"SMITH"},{"data":"Crippling Poison","floor":8,"key":"SMITH"},{"data":"Bouncing Flask","floor":11,"key":"SMITH"},{"floor":15,"key":"REST"}],"circlet_count":0,"master_deck":["Strike_G","Strike_G","Strike_G","Strike_G","Defend_G","Defend_G","Defend_G","Defend_G+1","Defend_G","Survivor","Neutralize","LittlePrince","Dagger Throw","UniverseFragment","Deadly Poison+1","MHz","Deadly Poison+1","OldLady","Cloak And Dagger","LittleHelper","Crippling Poison+1","Alriune","Bouncing Flask+1","DespairKnight","Caltrops","Scorched","Footwork"],"relics":["Ring of the Snake","CogitoBucket","Golden Idol","MealTicket","Theresia","Ninja Scroll","War Paint"],"acts_visited":["Exordium"],"potions_floor_usage":[12],"damage_taken":[{"damage":3,"enemies":"Cultist","floor":1,"turns":4},{"damage":0,"enemies":"Small Slimes","floor":2,"turns":3},{"damage":5,"enemies":"2 Louse","floor":3,"turns":3},{"damage":1,"enemies":"Exordium Wildlife","floor":5,"turns":2},{"damage":4,"enemies":"2 Fungi Beasts","floor":7,"turns":3},{"damage":1,"enemies":"3 Louse","floor":10,"turns":3},{"damage":23,"enemies":"Gremlin Nob","floor":12,"turns":4},{"damage":21,"enemies":"3 Sentries","floor":14,"turns":9},{"damage":42,"enemies":"Hexaghost","floor":16,"turns":4}],"seed_played":"3554307518988913946","potions_obtained":[{"floor":1,"key":"Strength Potion"},{"floor":2,"key":"GamblersBrew"},{"floor":12,"key":"LiquidBronze"},{"floor":14,"key":"ColorlessPotion"}],"is_trial":false,"path_per_floor":["M","M","M","?","M","R","M","R","T","M","R","E","$","E","R","B"],"character_chosen":"THE_SILENT","items_purchased":["Caltrops"],"campfire_rested":1,"item_purchase_floors":[13],"current_hp_per_floor":[67,67,62,45,44,44,40,40,40,39,39,16,31,10,31,0,0],"gold":170,"neow_bonus":"","is_daily":false,"chose_seed":false,"campfire_upgraded":3,"win_rate":0.0,"timestamp":1614173167,"path_taken":["M","M","M","?","M","R","M","R","T","M","R","E","?","E","R","BOSS"],"items_purchased_type":["Card"],"build_version":"2020-12-22","purchased_purges":1,"victory":false,"max_hp_per_floor":[70,70,70,70,70,70,70,70,70,70,70,70,70,70,70,70,70],"card_choices":[{"not_picked":["Laetitia","LongBird"],"picked":"LittlePrince","floor":1},{"not_picked":["Outmaneuver","Dodge and Roll"],"picked":"Dagger Throw","floor":1},{"not_picked":["OSAHOGD","FairyFestival"],"picked":"UniverseFragment","floor":2},{"not_picked":["Slice","PiercingWail"],"picked":"Deadly Poison","floor":2},{"not_picked":["PunishingBird","FairyFestival"],"picked":"MHz","floor":3},{"not_picked":["Flechettes","Infinite Blades"],"picked":"Deadly Poison","floor":3},{"not_picked":["Scorched","CrumblingArmor"],"picked":"OldLady","floor":5},{"not_picked":["Riddle With Holes","Outmaneuver"],"picked":"Cloak And Dagger","floor":5},{"not_picked":["CherryBlossoms","DreamingCurrent"],"picked":"LittleHelper","floor":7},{"not_picked":["Underhanded Strike","Slice"],"picked":"Crippling Poison","floor":7},{"not_picked":["CherryBlossoms","LongBird"],"picked":"Alriune","floor":10},{"not_picked":["Expertise","Backflip"],"picked":"Bouncing Flask","floor":10},{"not_picked":["Wellcheers","CherryBlossoms"],"picked":"DespairKnight","floor":12},{"not_picked":["Endless Agony","Slice","Prepared"],"picked":"SKIP","floor":12},{"not_picked":["FairyFestival","MeatLantern"],"picked":"Scorched","floor":14},{"not_picked":["Predator","Crippling Poison"],"picked":"Footwork","floor":14}],"player_experience":385381,"relics_obtained":[{"floor":9,"key":"MealTicket"},{"floor":12,"key":"Ninja Scroll"},{"floor":14,"key":"War Paint"}],"event_choices":[{"damage_healed":0,"gold_gain":0,"player_choice":"Take Damage","damage_taken":17,"relics_obtained":["Golden Idol"],"max_hp_gain":0,"max_hp_loss":0,"event_name":"Golden Idol","floor":4,"gold_loss":0}],"is_beta":false,"boss_relics":[],"items_purged_floors":[13],"is_endless":false,"potions_floor_spawned":[1,2,12,14],"killed_by":"Hexaghost","ascension_level":5}}