{"host":"0fupymmp6wdjyqoi","time":1614156888,"event":{"mods":["BaseMod","Bestiary","Clockwork Mod","Conspire","Downfall","GifTheSpireLib","Hubris","Infinite Spire","Minty Spire (QoL Compilation)","Replay The Spire","StSLib","The Construct","The Senshi"],"gold_per_floor":[209,222,222,16,16,45,45,62,62,62,80,80,30,45,45,58,58],"floor_reached":16,"language":"ENG","playtime":1755,"items_purged":["Strike_B"],"score":100,"play_id":"0208d4f1-da90-4b0e-b0ae-dc781227f915","local_time":"20210224095448","is_ascension_mode":false,"campfire_choices":[{"floor":10.0,"key":"REST"},{"data":"Redo","floor":15,"key":"SMITH"}],"circlet_count":0,"master_deck":["Strike_B","Strike_B","Defend_B","Defend_B","Defend_B","Defend_B","Zap","Dualcast","Hologram","Coolheaded","Cold Snap","Redo+1","Steam","Aggregate","Redo","Panic Button","conspire:SpireCoStock","Compile Driver"],"relics":["Cracked Core","hubris:Towel","conspire:IceCreamScoop","hubris:SoftwareUpdate"],"acts_visited":["Exordium"],"potions_floor_usage":[16,16],"damage_taken":[{"damage":12.0,"enemies":"2 Louse","floor":1.0,"turns":2.0},{"damage":0.0,"enemies":"Small Slimes","floor":2.0,"turns":3.0},{"damage":8.0,"enemies":"Replay:BlueRogue","floor":6.0,"turns":8.0},{"damage":2.0,"enemies":"conspire:RoseBush","floor":8.0,"turns":2.0},{"damage":3.0,"enemies":"3 Louse","floor":11.0,"turns":4.0},{"damage":0.0,"enemies":"Large Slime","floor":14.0,"turns":7.0},{"damage":72,"enemies":"Hexaghost","floor":16,"turns":16}],"seed_played":"600852631831352708","potions_obtained":[{"floor":1.0,"key":"Weak Potion"},{"floor":6.0,"key":"SpeedPotion"}],"is_trial":false,"path_per_floor":["M","M","?","$","?","E","?","M","T","R","M","?","?","M","R","B"],"character_chosen":"DEFECT","items_purchased":["Cold Snap","Redo","Steam"],"campfire_rested":1,"item_purchase_floors":[4,4,4],"current_hp_per_floor":[63,63,63,63,63,55,55,53,53,75,72,72,72,72,72,0,0],"gold":58,"neow_bonus":"HUNDRED_GOLD","is_daily":false,"chose_seed":false,"campfire_upgraded":1,"win_rate":0.0,"timestamp":1614156888,"path_taken":["M","M","?","$","?","E","?","M","T","R","M","?","?","M","R","BOSS"],"items_purchased_type":["Card","Card","Card"],"build_version":"2020-12-22","purchased_purges":1,"victory":false,"max_hp_per_floor":[75,75,75,75,75,75,75,75,75,75,75,75,75,75,75,75,75],"card_choices":[{"not_picked":["Ball Lightning","ReplayTheSpireMod:Dual Polarity"],"picked":"Hologram","floor":1.0},{"not_picked":["Turbo","Barrage"],"picked":"Coolheaded","floor":2.0},{"not_picked":["hubris:Prefetch","Rebound"],"picked":"Aggregate","floor":6.0},{"not_picked":["ReplayTheSpireMod:Calculation Training","Steam"],"picked":"Redo","floor":8.0},{"not_picked":["Barrage","Streamline"],"picked":"Panic Button","floor":11.0},{"not_picked":["Gash","ReplayTheSpireMod:Calculation Training"],"picked":"Compile Driver","floor":14.0}],"player_experience":89206,"relics_obtained":[{"floor":6.0,"key":"conspire:IceCreamScoop"},{"floor":9.0,"key":"hubris:SoftwareUpdate"}],"event_choices":[{"damage_healed":0.0,"max_hp_gain":0.0,"max_hp_loss":0.0,"gold_gain":0.0,"event_name":"Liars Game","player_choice":"Ignored","floor":5.0,"gold_loss":0.0,"damage_taken":0.0},{"cards_removed":["Strike_B"],"damage_healed":0.0,"max_hp_gain":0.0,"max_hp_loss":0.0,"gold_gain":0.0,"event_name":"Living Wall","player_choice":"Forget","floor":7.0,"gold_loss":0.0,"damage_taken":0.0},{"damage_healed":0.0,"max_hp_gain":0.0,"max_hp_loss":0.0,"gold_gain":0.0,"event_name":"conspire:Investor","player_choice":"Invest 1","floor":13.0,"gold_loss":0.0,"damage_taken":0.0}],"is_beta":false,"boss_relics":[],"items_purged_floors":[4],"is_endless":false,"potions_floor_spawned":[1,6],"killed_by":"Hexaghost","ascension_level":0}}