{"host":"o3b7ow6d1xe49css","time":1614143742,"event":{"mods":["Aspiration","BaseMod","Better Altar","Better Match","Better Note","Better Sensory Stone","Better Skull","Better Third Choice","Colored Powertips","Conspire","Energized Spire","Force Act Four","GifTheSpireLib","Halation","Hubris","Lobotomy","Minty Spire (QoL Compilation)","Relic Filter Mod","Reliquary","Replay The Spire","Spicy Shops","Spikes Relics","StSLib","Stuff the Spire","The Blue Laboratory","Together in Spire"],"gold_per_floor":[118,133,408,423,423,453,50,70,70,30,64,136,147,180,180,278,278,296,309,326,336,336,336,365,377,377,124,199,211,244,244,244,343,343,361,361,372,3,13,38,38,38,38,63,63,82,112,127,127,127,77,107,107],"floor_reached":54,"language":"ENG","playtime":2888,"items_purged":["Regret","Strike_G","Shame","Strike_G+1","Riddle With Holes"],"score":1012,"play_id":"4091f229-761b-4b5b-bb55-782df64a4a24","local_time":"20210223201542","is_ascension_mode":false,"campfire_choices":[{"data":"After Image","floor":15,"key":"SMITH"},{"data":"Storm of Steel","floor":23,"key":"SMITH"},{"floor":32,"key":"RECALL"},{"data":"Prepared","floor":42,"key":"SMITH"},{"data":"Acrobatics","floor":49,"key":"SMITH"},{"data":"Accuracy","floor":50,"key":"SMITH"}],"circlet_count":0,"master_deck":["Defend_G","Defend_G","Defend_G","Defend_G","Defend_G","Survivor","Neutralize","Masterful Stab+1","Blade Dance","Acrobatics","Accuracy+1","Well Laid Plans","Acrobatics+1","After Image+1","Storm of Steel+1","Hidden Blade","Acrobatics+1","Prepared+1","Blade Dance","Backflip+1","Dash+1","After Image+1"],"relics":["Ring of the Snake","aspiration:Nostalgia","PureWater","Boot","Whetstone","reliquary:FingerTrap","Smiling Mask","reliquary:Vitrine","LugNut","Mercury Hourglass","HoveringKite","hubris:TenFootPole","conspire:DecoderRing","Membership Card","hubris:CuriousFeather","Happy Flower","SacredBark","hubris:MysteriousPyramids","hubris:CrystalStatue","Gremlin Food","aspiration:FrozenJewel","StuffTheSpire:HeavyRock","MiniBlackHole","ReplayFunnel","WristBlade","Pet Ghost"],"acts_visited":["Exordium","TheCity","TheBeyond","TheEnding"],"potions_floor_usage":[6,19,20,40,53,53,53],"damage_taken":[{"damage":0,"enemies":"Jaw Worm","floor":1,"turns":1},{"damage":0,"enemies":"Cultist","floor":2,"turns":2},{"damage":0,"enemies":"Small Slimes","floor":4,"turns":3},{"damage":11,"enemies":"Lagavulin","floor":6,"turns":3},{"damage":0,"enemies":"Exordium Thugs","floor":8,"turns":2},{"damage":0,"enemies":"Gremlin Nob","floor":11,"turns":2},{"damage":0,"enemies":"3 Louse","floor":13,"turns":1},{"damage":1,"enemies":"3 Sentries","floor":14,"turns":2},{"damage":0,"enemies":"Slime Boss","floor":16,"turns":2},{"damage":8,"enemies":"Spheric Guardian","floor":18,"turns":2},{"damage":0,"enemies":"3 Byrds","floor":19,"turns":1},{"damage":0,"enemies":"Shelled Parasite and Fungi","floor":20,"turns":3},{"damage":0,"enemies":"Centurion and Healer","floor":21,"turns":2},{"damage":0,"enemies":"Gremlin Leader","floor":24,"turns":2},{"damage":0,"enemies":"Snake Plant","floor":25,"turns":2},{"damage":2,"enemies":"conspire:HollyBat","floor":29,"turns":4},{"damage":0,"enemies":"conspire:SneckoGhost","floor":30,"turns":2},{"damage":1,"enemies":"Automaton","floor":33,"turns":3},{"damage":0,"enemies":"3 Darklings","floor":35,"turns":2},{"damage":0,"enemies":"Orb Walker","floor":37,"turns":1},{"damage":11,"enemies":"Maw","floor":39,"turns":3},{"damage":0,"enemies":"Nemesis","floor":40,"turns":3},{"damage":0,"enemies":"R_Hoarder","floor":44,"turns":3},{"damage":0,"enemies":"Jaw Worm Horde","floor":46,"turns":1},{"damage":0,"enemies":"Nemesis","floor":47,"turns":3},{"damage":0,"enemies":"Sphere and 2 Shapes","floor":48,"turns":1},{"damage":0,"enemies":"Shield and Spear","floor":52,"turns":1},{"damage":15,"enemies":"The Heart","floor":53,"turns":5}],"seed_played":"-5844172717988676589","potions_obtained":[{"floor":1,"key":"SteroidPotion"},{"floor":6,"key":"PowerPotion"},{"floor":13,"key":"SkillPotion"},{"floor":16,"key":"Toxic Potion"},{"floor":19,"key":"Weak Potion"},{"floor":24,"key":"blueLaboratory:BottleOfRum"},{"floor":46,"key":"EssenceOfSteel"},{"floor":48,"key":"blueLaboratory:ArtistsPotion"}],"is_trial":false,"path_per_floor":["M","M","?","M","?","E","$","M","T","$","E","T","M","E","R","B",null,"M","M","M","M","?","R","E","M","T","$","?","M","E","?","R","B",null,"M","?","M","$","M","E","$","R","T","E","?","M","E","M","R","R","$","E","B",null],"character_chosen":"THE_SILENT","items_purchased":["reliquary:FingerTrap","Accuracy","Well Laid Plans","Membership Card","hubris:CuriousFeather","hubris:MysteriousPyramids","hubris:CrystalStatue","Gremlin Food"],"campfire_rested":0,"item_purchase_floors":[7,7,10,27,27,38,38,38],"current_hp_per_floor":[70,70,70,70,70,59,59,59,59,59,59,59,59,58,58,58,70,70,70,70,70,70,70,70,70,70,70,67,65,67,67,67,66,70,70,70,70,70,70,70,70,70,70,70,70,70,70,70,70,70,70,70,70],"gold":107,"neow_bonus":"NOSTALGIA","is_daily":false,"chose_seed":false,"campfire_upgraded":5,"win_rate":0.0,"timestamp":1614143742,"path_taken":["M","M","?","?","?","E","?","M","T","$","E","?","M","E","R","BOSS","M","?","M","M","?","R","E","M","T","$","?","M","E","?","R","BOSS","M","?","M","$","M","E","$","R","T","E","?","M","E","?","R","R","$","E","BOSS"],"items_purchased_type":["Relic","Card","Card","Relic","Relic","Relic","Relic","Relic"],"build_version":"2020-12-22","purchased_purges":5,"victory":true,"max_hp_per_floor":[70,70,70,70,70,70,70,70,70,70,70,70,70,70,70,70,70,70,70,70,70,70,70,70,70,70,70,70,70,70,70,70,70,70,70,70,70,70,70,70,70,70,70,70,70,70,70,70,70,70,70,70,70],"card_choices":[{"not_picked":["Underhanded Strike","Dagger Throw"],"picked":"Masterful Stab","floor":1},{"not_picked":["InfectiousVector","StuffTheSpire:Python"],"picked":"Riddle With Holes","floor":2},{"not_picked":["Caltrops","Leg Sweep"],"picked":"Blade Dance","floor":4},{"not_picked":["Deflect","Prepared"],"picked":"Acrobatics","floor":6},{"not_picked":["Deflect","Dodge and Roll","Slice"],"picked":"SKIP","floor":8},{"not_picked":["Catalyst","Quick Slash","Deflect"],"picked":"SKIP","floor":11},{"not_picked":["StuffTheSpire:BumpUp","hubris:TrickCloak"],"picked":"Acrobatics","floor":13},{"not_picked":["Deadly Poison","Slice"],"picked":"After Image","floor":14},{"not_picked":["Envenom","Die Die Die"],"picked":"Storm of Steel","floor":16},{"not_picked":["PiercingWail","All Out Attack"],"picked":"Hidden Blade","floor":18},{"not_picked":["ReplayTheSpireMod:The Works","Slice"],"picked":"Acrobatics+1","floor":19},{"not_picked":["Flying Knee","Replay:Poison Smokescreen","Underhanded Strike"],"picked":"SKIP","floor":20},{"not_picked":["Footwork+1","StuffTheSpire:Injection","hubris:SlightOfHand"],"picked":"SKIP","floor":21},{"not_picked":["Poison Darts","Well Laid Plans+1"],"picked":"Prepared","floor":24},{"not_picked":["StuffTheSpire:Injection","Sucker Punch","InfectiousVector"],"picked":"SKIP","floor":25},{"not_picked":["Hidden Blade","StuffTheSpire:Injection+1","Dagger Spray"],"picked":"SKIP","floor":29},{"not_picked":["ReplayTheSpireMod:The Works","Hidden Blade"],"picked":"Blade Dance","floor":30},{"not_picked":["StuffTheSpire:Python","Draining Mist"],"picked":"Backflip+1","floor":35},{"not_picked":["Cloak And Dagger+1","Prepared+1","StuffTheSpire:ReptileScales"],"picked":"SKIP","floor":37},{"not_picked":["All Out Attack+1","Deadly Poison","ShadowRift"],"picked":"SKIP","floor":39},{"not_picked":["ReplayTheSpireMod:The Works","Endless Agony","Replay:Poison Smokescreen"],"picked":"SKIP","floor":40},{"not_picked":["ReplayTheSpireMod:Exploit Weakness","Replay:Poison Smokescreen"],"picked":"Dash+1","floor":44},{"not_picked":["Outmaneuver+1","Dagger Spray+1","Poisoned Stab"],"picked":"SKIP","floor":46},{"not_picked":["Backflip+1","Quick Slash","Draining Mist+1"],"picked":"SKIP","floor":47},{"not_picked":["Backflip+1","Quick Slash","Draining Mist+1"],"picked":"SKIP","floor":47},{"not_picked":["Prepared","Bouncing Flask","Corpse Explosion"],"picked":"SKIP","floor":48},{"not_picked":["Poisoned Stab","Hidden Blade+1","Acrobatics+1"],"picked":"SKIP","floor":52}],"player_experience":1413187,"relics_obtained":[{"floor":5,"key":"Boot"},{"floor":6,"key":"Whetstone"},{"floor":9,"key":"Smiling Mask"},{"floor":11,"key":"reliquary:Vitrine"},{"floor":12,"key":"LugNut"},{"floor":14,"key":"Mercury Hourglass"},{"floor":24,"key":"hubris:TenFootPole"},{"floor":26,"key":"conspire:DecoderRing"},{"floor":30,"key":"Happy Flower"},{"floor":40,"key":"aspiration:FrozenJewel"},{"floor":43,"key":"StuffTheSpire:HeavyRock"},{"floor":44,"key":"MiniBlackHole"},{"floor":47,"key":"ReplayFunnel"},{"floor":52,"key":"Pet Ghost"}],"event_choices":[{"damage_healed":0,"gold_gain":275,"player_choice":"Desecrate","damage_taken":0,"max_hp_gain":0,"max_hp_loss":0,"event_name":"Golden Shrine","floor":3,"gold_loss":0,"cards_obtained":["Regret"]},{"damage_healed":0,"gold_gain":0,"player_choice":"Relic","damage_taken":0,"max_hp_gain":0,"max_hp_loss":0,"event_name":"Wheel of Change","floor":5,"gold_loss":0},{"cards_removed":["Strike_G"],"damage_healed":0,"gold_gain":0,"player_choice":"Offered Basic","damage_taken":0,"max_hp_gain":0,"max_hp_loss":0,"event_name":"Bonfire Elementals","floor":22,"gold_loss":0},{"damage_healed":0,"gold_gain":75,"player_choice":"Touch","damage_taken":7,"max_hp_gain":0,"max_hp_loss":0,"event_name":"FaceTrader","floor":28,"gold_loss":0},{"damage_healed":0,"gold_gain":0,"player_choice":"Ignored","damage_taken":0,"max_hp_gain":0,"max_hp_loss":0,"event_name":"betterNote:BetterNote","floor":31,"gold_loss":0,"cards_obtained":["Strike_R"]},{"damage_healed":0,"gold_gain":0,"player_choice":"Copied","damage_taken":0,"max_hp_gain":0,"max_hp_loss":0,"event_name":"Duplicator","floor":45,"gold_loss":0,"cards_obtained":["After Image"]}],"is_beta":false,"boss_relics":[{"not_picked":["energizedSpire:HighHeels","hubris:GrandSneckoEye"],"picked":"HoveringKite"},{"not_picked":["hubris:RunicObelisk","Philosopher\u0027s Stone"],"picked":"SacredBark"}],"items_purged_floors":[7,7,27,38,51],"is_endless":false,"potions_floor_spawned":[1,6,13,16,18,19,24,29,35,37,39,46,48],"ascension_level":0}}