{"host":"emqr263yqun247y7","time":1614204005,"event":{"mods":["Aspiration","BaseMod","Bestiary","BetterRewards","Colored Map","Curses Come First","Downfall","Hubris","Infinite Spire","Jorbs\u0027s Wanderer Trilogy","Marisa????????","Minty Spire (QoL Compilation)","READ ME - Guardian Mod","Replay The Spire","Robot Space Explorer","Spire Arcade","StSLib","The Bug Knight","The Cursed","The Disciple","The Hierophant","The Runesmith","The Servant 0.9.4","Yuri Mod","slay the spire mod where everything is the same but ironclad has a cowboy hat"],"gold_per_floor":[119,133,133,207,219,219,252,252,252,252,287,287,302,317,317,419,419,436,436,460,477,168,168,203,203,203],"floor_reached":25,"language":"ENG","playtime":1777,"items_purged":[],"score":229,"play_id":"9702cd43-c5ac-412e-95ee-98664e406d7f","local_time":"20210224140005","is_ascension_mode":false,"campfire_choices":[{"floor":6,"key":"RECALL"},{"data":"Inflame","floor":8,"key":"SMITH"},{"data":"Heavy Blade","floor":15,"key":"SMITH"},{"data":"Bash","floor":23,"key":"SMITH"}],"circlet_count":0,"master_deck":["Strike_R","Strike_R","Strike_R","Strike_R","Defend_R","Defend_R","Defend_R","Defend_R","Bash+1","Heavy Blade+1","Inflame+1","infinitespire:Starlight","ReplayTheSpireMod:Strike From Hell","Defy Death","Twin Strike","Sword Boomerang","Run Through","Cleave","Replay:Many Hands","Headbutt","Inflame+1","Clash+1","Pummel","Pummel","infinitespire:OneForAll"],"relics":["Burning Blood","aspiration:Nostalgia","champ:ChampionCrown","hubris:TenFootPole","Tiny Chest","hubris:FunFungus","Mark of Pain","Centennial Puzzle","infinitespire:ShieldingShard","Ice Cream"],"acts_visited":["Exordium","TheCity"],"potions_floor_usage":[7,7,16,24],"damage_taken":[{"damage":1,"enemies":"2 Louse","floor":1,"turns":3},{"damage":3,"enemies":"Jaw Worm","floor":2,"turns":5},{"damage":0,"enemies":"Cultist","floor":5,"turns":4},{"damage":7,"enemies":"Gremlin Nob","floor":7,"turns":4},{"damage":26,"enemies":"Lagavulin","floor":11,"turns":5},{"damage":5,"enemies":"Looter","floor":13,"turns":4},{"damage":11,"enemies":"Red Slaver","floor":14,"turns":3},{"damage":53,"enemies":"The Guardian","floor":16,"turns":13},{"damage":35,"enemies":"2 Thieves","floor":18,"turns":3},{"damage":19,"enemies":"Shell Parasite","floor":21,"turns":3},{"damage":32,"enemies":"Replay:Snechameleon","floor":24,"turns":5},{"damage":35,"enemies":"Masked Bandits","floor":25,"turns":3}],"seed_played":"3747642540294670164","potions_obtained":[{"floor":1,"key":"Guardian:BlockOnCardUsePotion"},{"floor":5,"key":"Fire Potion"},{"floor":13,"key":"Energy Potion"},{"floor":14,"key":"Milkshake"},{"floor":21,"key":"BlessingOfTheForge"}],"is_trial":false,"path_per_floor":["M","M","?","?","M","R","E","R","T","?","E","?","M","M","R","B",null,"M","?","T","M","$","R","E","?"],"character_chosen":"IRONCLAD","items_purchased":["infinitespire:ShieldingShard","Pummel"],"campfire_rested":0,"item_purchase_floors":[22,22],"current_hp_per_floor":[80,80,61,61,77,77,76,76,76,75,65,65,66,71,71,41,80,52,52,52,49,49,49,33,0,0],"gold":203,"neow_bonus":"NOSTALGIA","is_daily":false,"chose_seed":false,"campfire_upgraded":3,"win_rate":0.0,"timestamp":1614204005,"path_taken":["M","M","?","?","M","R","E","R","T","?","E","?","M","?","R","BOSS","M","?","?","?","$","R","E","?"],"items_purchased_type":["Relic","Card"],"build_version":"2020-12-22","purchased_purges":0,"victory":false,"max_hp_per_floor":[80,80,80,80,80,80,80,80,80,80,80,80,80,80,80,80,80,80,80,80,80,80,80,80,80,80],"card_choices":[{"not_picked":["Replay:Undeath\u0027s Touch","Life Link"],"picked":"Heavy Blade","floor":1},{"not_picked":["Sword Boomerang","Shrug It Off"],"picked":"Inflame","floor":2},{"not_picked":["infinitespire:Fortify","infinitespire:UltimateForm"],"picked":"infinitespire:Starlight","floor":3},{"not_picked":["Entrench","Shrug It Off"],"picked":"ReplayTheSpireMod:Strike From Hell","floor":5},{"not_picked":["Flame Barrier","Wild Strike"],"picked":"Defy Death","floor":7},{"not_picked":["Shockwave","Pommel Strike"],"picked":"Twin Strike","floor":11},{"not_picked":["Limit Break","Shrug It Off"],"picked":"Run Through","floor":13},{"not_picked":["Fire Breathing","Dual Wield"],"picked":"Cleave","floor":14},{"not_picked":["Exhume","Offering"],"picked":"Replay:Many Hands","floor":16},{"not_picked":["Cleave","Shrug It Off+1"],"picked":"Headbutt","floor":18},{"not_picked":["Armaments+1","Cleave+1"],"picked":"Clash+1","floor":21},{"not_picked":["Rupture","Cleave"],"picked":"infinitespire:OneForAll","floor":24}],"player_experience":723171,"relics_obtained":[{"floor":7,"key":"hubris:TenFootPole"},{"floor":11,"key":"hubris:FunFungus"},{"floor":20,"key":"Centennial Puzzle"},{"floor":24,"key":"Ice Cream"}],"event_choices":[{"damage_healed":0,"gold_gain":74,"player_choice":"Gained Gold","damage_taken":0,"max_hp_gain":0,"max_hp_loss":0,"event_name":"Golden Wing","floor":4,"gold_loss":0},{"damage_healed":0,"gold_gain":0,"player_choice":"Success","damage_taken":3,"relics_obtained":["Tiny Chest"],"max_hp_gain":0,"max_hp_loss":0,"event_name":"Scrap Ooze","floor":10,"gold_loss":0},{"damage_healed":0,"gold_gain":0,"cards_transformed":["Strike_R"],"player_choice":"Transformed","damage_taken":0,"max_hp_gain":0,"max_hp_loss":0,"event_name":"Transmorgrifier","floor":12,"gold_loss":0,"cards_obtained":["Sword Boomerang"]},{"damage_healed":0,"gold_gain":0,"player_choice":"Copied","damage_taken":0,"max_hp_gain":0,"max_hp_loss":0,"event_name":"Duplicator","floor":19,"gold_loss":0,"cards_obtained":["Inflame"]},{"damage_healed":0,"gold_gain":0,"player_choice":"Fought Bandits","damage_taken":0,"max_hp_gain":0,"max_hp_loss":0,"event_name":"Masked Bandits","floor":25,"gold_loss":0}],"is_beta":false,"boss_relics":[{"not_picked":["Philosopher\u0027s Stone","Busted Crown"],"picked":"Mark of Pain"}],"items_purged_floors":[],"is_endless":false,"potions_floor_spawned":[1,5,13,14,21],"killed_by":"Masked Bandits","ascension_level":0}}