{"host":"8g24zuco0epbjwbo","time":1614133753,"event":{"mods":["BaseMod","Library of Ruina","Library of Ruina Extra","Minty Spire (QoL Compilation)","Relic Stats","StSLib"],"gold_per_floor":[113,113,113,133,58,92,105,141,164,164,164,202,51,51,51,171,171,185,185,22,43,43,69,69,102,151,151,167,267,267,297,297,394,394,409,461,461,474,474,505,517,559,571,600,371,402,437,449,449,449,449],"floor_reached":52,"language":"ENG","playtime":1752,"items_purged":["Injury"],"score":1296,"play_id":"c44d706f-706f-4c1b-acf8-f205806b1436","local_time":"20210223212913","is_ascension_mode":true,"campfire_choices":[{"data":"DegradedShockwave","floor":11,"key":"SMITH"},{"data":"FrontalAssault","floor":15,"key":"SMITH"},{"data":"TendonChords","floor":24,"key":"SMITH"},{"data":"Marionette","floor":30,"key":"SMITH"},{"data":"DegradedPillar","floor":32,"key":"SMITH"},{"data":"Observe","floor":49,"key":"SMITH"}],"circlet_count":0,"master_deck":["DegradedFairy+1","DegradedFairy+1","DegradedFairy+1","DegradedChain+1","DegradedChain+1","DegradedLock+1","DegradedPillar+1","DegradedPillar+1","DegradedShockwave+1","FrontalAssault+1","Brawl+1","WillProduceFineSilk+1","TendonChords+1","FormingStorm+1","SerpentineBarrier+1","NightInTheBackstreets+1","Marionette+1","FrontalAssault+1","Enlightenment+1","Observe+1"],"relics":["PageOfLibrarian","Peace Pipe","Bloody Idol","Regal Pillow","PageOfTodaysShyLook","StrikeDummy","PageOfPorccubus","Dead Branch","Vajra","Philosopher\u0027s Stone","Darkstone Periapt","Blood Vial","Potion Belt","PageOfLaetitia","Bottled Lightning","Tiny Chest","Sozu","WingedGreaves","Mark of the Bloom","MawBank","PageOfNothingThere","Bottled Flame","PageOfPinocchio","PageOfBigBadWolf","Strawberry","PageOfWrath"],"acts_visited":["Exordium","TheCity","TheBeyond"],"potions_floor_usage":[],"damage_taken":[{"damage":0,"enemies":"Jaw Worm","floor":1,"turns":1},{"damage":0,"enemies":"Small Slimes","floor":4,"turns":1},{"damage":0,"enemies":"3 Sentries","floor":6,"turns":2},{"damage":0,"enemies":"Cultist","floor":7,"turns":1},{"damage":0,"enemies":"Lagavulin","floor":8,"turns":2},{"damage":0,"enemies":"3 Sentries","floor":12,"turns":2},{"damage":0,"enemies":"Slime Boss","floor":16,"turns":2},{"damage":0,"enemies":"3 Byrds","floor":18,"turns":2},{"damage":0,"enemies":"Shell Parasite","floor":21,"turns":2},{"damage":0,"enemies":"Book of Stabbing","floor":23,"turns":2},{"damage":0,"enemies":"Gremlin Leader","floor":25,"turns":4},{"damage":5,"enemies":"Sentry and Sphere","floor":28,"turns":3},{"damage":0,"enemies":"Colosseum Slavers","floor":29,"turns":2},{"damage":0,"enemies":"Colosseum Nobs","floor":29,"turns":2},{"damage":4,"enemies":"Slavers","floor":31,"turns":2},{"damage":93,"enemies":"RedHoodMercenary","floor":33,"turns":5},{"damage":0,"enemies":"Orb Walker","floor":35,"turns":1},{"damage":0,"enemies":"2 Orb Walkers","floor":36,"turns":2},{"damage":0,"enemies":"3 Darklings","floor":38,"turns":3},{"damage":0,"enemies":"Nemesis","floor":40,"turns":3},{"damage":0,"enemies":"Reptomancer","floor":42,"turns":2},{"damage":3,"enemies":"Sphere and 2 Shapes","floor":44,"turns":2},{"damage":0,"enemies":"Nemesis","floor":46,"turns":3},{"damage":0,"enemies":"Giant Head","floor":47,"turns":4},{"damage":0,"enemies":"Writhing Mass","floor":48,"turns":2},{"damage":0,"enemies":"Awakened One","floor":50,"turns":6},{"damage":0,"enemies":"Awakened One","floor":51,"turns":4}],"seed_played":"5194266706011508993","potions_obtained":[{"floor":1,"key":"Regen Potion"},{"floor":6,"key":"BlessingOfTheForge"},{"floor":8,"key":"LiquidBronze"},{"floor":18,"key":"FairyPotion"},{"floor":33,"key":"DuplicationPotion"}],"is_trial":false,"path_per_floor":["M","?","?","M","$","E","M","E","T","$","R","E","$","?","R","B",null,"M","?","$","M","?","E","R","E","T","?","M","?","R","E","R","B",null,"M","?","?","M","?","E","T","E","T","M","$","E","E","M","R","B",null,null],"character_chosen":"Librarian","items_purchased":["Vajra","FormingStorm","PageOfBigBadWolf"],"campfire_rested":0,"item_purchase_floors":[13,20,45],"current_hp_per_floor":[60,60,53,53,53,53,53,53,53,53,53,53,53,53,53,53,81,81,81,81,81,81,81,81,81,81,81,81,81,81,81,81,15,81,81,81,81,81,81,81,81,81,81,78,78,78,78,78,78,78,78],"gold":449,"neow_bonus":"ONE_RARE_RELIC","is_daily":false,"chose_seed":false,"campfire_upgraded":6,"win_rate":0.0,"timestamp":1614133753,"path_taken":["M","?","?","M","$","E","M","E","T","$","R","E","$","?","R","BOSS","M","?","$","?","?","E","R","E","T","?","?","?","R","E","R","BOSS","M","?","?","M","?","E","?","E","T","?","$","E","E","M","R","BOSS"],"items_purchased_type":["Relic","Card","Relic"],"build_version":"2020-12-22","purchased_purges":1,"victory":true,"max_hp_per_floor":[81,81,81,81,81,81,81,81,81,81,81,81,81,81,81,81,81,81,81,81,81,81,81,81,81,81,81,81,81,81,81,81,81,81,81,81,81,81,81,81,81,81,81,81,81,88,88,88,88,88,88],"relic_stats":{"Peace Pipe":0,"Darkstone Periapt":0,"Blood Vial":0,"Sozu":2,"Regal Pillow":0,"Mark of the Bloom":92,"counters":[27,67],"Bloody Idol":14,"Dead Branch":[50],"Tiny Chest":1,"MawBank":60,"obtain_stats":[{"Darkstone Periapt":23,"Regal Pillow":3,"Mark of the Bloom":39,"Vajra":13,"PageOfNothingThere":41,"Blood Vial":25,"Sozu":34,"PageOfWrath":47,"Strawberry":46,"Philosopher\u0027s Stone":17,"Tiny Chest":31,"WingedGreaves":36,"PageOfPinocchio":43,"PageOfTodaysShyLook":6,"Potion Belt":26,"PageOfBigBadWolf":45,"Golden Idol":2,"Dead Branch":12,"MawBank":40,"PageOfLibrarian":0,"Peace Pipe":0,"Bottled Flame":42,"Bloody Idol":22,"PageOfLaetitia":29,"PageOfPorccubus":9,"Bottled Lightning":29,"StrikeDummy":8},{"Darkstone Periapt":10,"Regal Pillow":1,"Mark of the Bloom":19,"Vajra":6,"PageOfNothingThere":20,"Blood Vial":11,"Sozu":16,"PageOfWrath":24,"Strawberry":23,"Philosopher\u0027s Stone":7,"Tiny Chest":15,"WingedGreaves":18,"PageOfPinocchio":21,"PageOfTodaysShyLook":3,"Potion Belt":11,"PageOfBigBadWolf":22,"Golden Idol":1,"Dead Branch":6,"MawBank":20,"PageOfLibrarian":0,"Peace Pipe":0,"Bottled Flame":21,"Bloody Idol":9,"PageOfLaetitia":14,"PageOfPorccubus":5,"Bottled Lightning":14,"StrikeDummy":5},{"Darkstone Periapt":17,"Regal Pillow":1,"Mark of the Bloom":41,"Vajra":9,"PageOfNothingThere":44,"Blood Vial":21,"Sozu":35,"PageOfWrath":55,"Strawberry":51,"Philosopher\u0027s Stone":11,"Tiny Chest":30,"WingedGreaves":38,"PageOfPinocchio":46,"PageOfTodaysShyLook":4,"Potion Belt":21,"PageOfBigBadWolf":48,"Golden Idol":1,"Dead Branch":9,"MawBank":44,"PageOfLibrarian":0,"Peace Pipe":0,"Bottled Flame":46,"Bloody Idol":15,"PageOfLaetitia":28,"PageOfPorccubus":7,"Bottled Lightning":28,"StrikeDummy":7}]},"card_choices":[{"not_picked":["BladeWhirl","GrazeTheGrass","BindingArms","GreatSerpentsImpact","Leap_lor","Guardian_lor","InkOver","HighKick"],"picked":"FrontalAssault","floor":1},{"not_picked":["FierceCharge","ICanCookAnything","DefenseOrder","EndlessBattle","SunsetBlade","BladeWhirl","HiddenBlade","Decapitation"],"picked":"FrontalAssault","floor":4},{"not_picked":["DirtyBlow","FlowOfTheSword","YourShield","MultiBlock","ClassAndRespect","Leap_lor","Track","HandleRequest","Multislash"],"picked":"SKIP","floor":6},{"not_picked":["ElectricShock","FleetEdge","FieryWaltz","Leap_lor","Quickness","RatsGuideToSurvival","SmokingPipe","Wallop_lor","DesperateStruggle"],"picked":"SKIP","floor":7},{"not_picked":["ExtremeEdge","JiaoTu","IronWall","UncannyStrike","Overcharge","FeelinGood","BurningFlash","Disposal"],"picked":"Brawl","floor":8},{"not_picked":["HeavyPeaks","VenomousFangs","Riposte","BiAn","NightInTheBackstreets","Collision","InhaleSmoke","RatsGuideToSurvival","MultiBlock"],"picked":"SKIP","floor":12},{"not_picked":["UnforgettableMelody","GroundSmash"],"picked":"WillProduceFineSilk","floor":16},{"not_picked":["PreemptiveStrike","Juggling+1","SerpentSwordTechnique","SmokingPipe","DevastatingThrash+1","TasteMyFlamingBat","Parry2","Duel_lor"],"picked":"TendonChords","floor":18},{"not_picked":["Faith+1","DesperateStruggle","FrontalAssault","Eliminate","DimensionalRift","SkitterAway","InhaleSmoke","SharpSwipe+1","DeepDrag+1"],"picked":"SKIP","floor":21},{"not_picked":["RepressedFlesh","EnergyStrike","Wallop_lor","AsThePrescriptOrders","NightInTheBackstreets","TraceOfFumes+1","SkyClearingCut","FrontalAssault","SinglePointStab+1"],"picked":"SKIP","floor":23},{"not_picked":["MultiBlock","Guardian_lor","Eradication","GreatSerpentsImpact","Brawl","SearingSword","HeavyPeaks","SmokingPipe+1"],"picked":"SerpentineBarrier+1","floor":25},{"not_picked":["GuidanceOfTheGears","SmokingPipe","ClassAndRespect","StayCalm","SuppressingShot","Leap_lor","SerpentSwordTechnique","EnergyShield","SharpSwipe+1"],"picked":"SKIP","floor":28},{"not_picked":["FlashOfSunup","HighKick","Juggling","QuickAttack","TendonChords+1","EnergyCycle","Quickness","EnergyStrike"],"picked":"Marionette","floor":29},{"not_picked":["StartinOutLightly+1","ExtremeEdge","ButterflySlash","StrongStrike","Quickness","BayonetCombat+1","Laceration","MirageStorm","SerpentSwordTechnique"],"picked":"SKIP","floor":31},{"not_picked":["QuickAttack","Faith","BladeWhirl+1","SpearedSweep+1","HeavyPeaks+1","WaitUp+1","PreemptiveStrike+1","Parry2+1"],"picked":"FrontalAssault+1","floor":35},{"not_picked":["Deep Breath","Forethought","Apotheosis","Mayhem","Dramatic Entrance","Swift Strike","Madness","Purity"],"picked":"Enlightenment","floor":37},{"not_picked":["AsThePrescriptOrders+1","ElectricShock+1","Diversion+1","GuardingStance+1","ConcentratedFire+1","DeepDrag+1","TendonChords+1","EnergyShield+1","MindWhip"],"picked":"SKIP","floor":38},{"not_picked":["PinpointShot+1","SnakesPrey+1","WildCard+1","ProselytesBlade+1","ViolentFlame+1","GuidanceOfTheGears+1","GreatSerpentsImpact","WillProduceFineSilk"],"picked":"Observe","floor":40},{"not_picked":["NightInTheBackstreets+1","IllEndYou","Thrust+1","Tailoring","HeavyPeaks+1","StartinOutLightly","SuppressingShot+1","SpearedSweep+1","Struggle+1"],"picked":"SKIP","floor":42},{"not_picked":["Diversion","TheRedNotes+1","Standoff+1","CombatPreparation+1","FierceCharge+1","QuickAttack+1","SuppressingShot","EndlessBattle+1","GaleKick+1"],"picked":"SKIP","floor":44},{"not_picked":["GutHarvesting","SturdyDefense+1","GreatSerpentsImpact","Faith","Pound+1","FlamingDragonFist","AsThePrescriptOrders+1","EndlessBattle+1","ForTheFamily"],"picked":"SKIP","floor":46},{"not_picked":["FierceOnslaught","TrimTheIngredients+1","Creak+1","CombatPreparation","Mutilate","Overpower","RulesOfTheBackstreets+1","SweepTheBackstreets+1","ConcentratedFire"],"picked":"SKIP","floor":47},{"not_picked":["Fence","MultiBlock","BiAn","SnakesPrey+1","SkyClearingCut+1","SuppressingShot","BulkyImpact","JiaoTu","GrazeTheGrass"],"picked":"SKIP","floor":48}],"player_experience":351152,"relics_obtained":[{"floor":6,"key":"PageOfTodaysShyLook"},{"floor":8,"key":"StrikeDummy"},{"floor":9,"key":"PageOfPorccubus"},{"floor":12,"key":"Dead Branch"},{"floor":23,"key":"Darkstone Periapt"},{"floor":25,"key":"Blood Vial"},{"floor":26,"key":"Potion Belt"},{"floor":29,"key":"PageOfLaetitia"},{"floor":29,"key":"Bottled Lightning"},{"floor":31,"key":"Tiny Chest"},{"floor":36,"key":"WingedGreaves"},{"floor":40,"key":"MawBank"},{"floor":41,"key":"PageOfNothingThere"},{"floor":42,"key":"Bottled Flame"},{"floor":43,"key":"PageOfPinocchio"},{"floor":46,"key":"Strawberry"},{"floor":47,"key":"PageOfWrath"}],"event_choices":[{"damage_healed":0,"gold_gain":0,"player_choice":"Take Wound","damage_taken":0,"relics_obtained":["Golden Idol"],"max_hp_gain":0,"max_hp_loss":0,"event_name":"Golden Idol","floor":2,"gold_loss":0,"cards_obtained":["Injury"]},{"damage_healed":0,"gold_gain":0,"player_choice":"Success","damage_taken":7,"relics_obtained":["Regal Pillow"],"max_hp_gain":0,"max_hp_loss":0,"event_name":"Scrap Ooze","floor":3,"gold_loss":0},{"damage_healed":0,"gold_gain":0,"player_choice":"Leave","damage_taken":0,"max_hp_gain":0,"max_hp_loss":0,"event_name":"The Cleric","floor":14,"gold_loss":0},{"damage_healed":0,"gold_gain":0,"player_choice":"Upgraded","damage_taken":0,"max_hp_gain":0,"max_hp_loss":0,"event_name":"Upgrade Shrine","floor":19,"gold_loss":0,"cards_upgraded":["DegradedLock"]},{"damage_healed":0,"gold_gain":0,"player_choice":"Gave Idol","damage_taken":0,"relics_obtained":["Bloody Idol"],"max_hp_gain":0,"max_hp_loss":0,"event_name":"Forgotten Altar","floor":22,"relics_lost":["Golden Idol"],"gold_loss":0},{"damage_healed":0,"gold_gain":0,"cards_transformed":["FrontalAssault"],"player_choice":"Transformed","damage_taken":0,"max_hp_gain":0,"max_hp_loss":0,"event_name":"Transmorgrifier","floor":27,"gold_loss":0,"cards_obtained":["NightInTheBackstreets"]},{"damage_healed":0,"gold_gain":0,"player_choice":"Fight","damage_taken":0,"max_hp_gain":0,"max_hp_loss":0,"event_name":"Colosseum","floor":29,"gold_loss":0},{"damage_healed":0,"gold_gain":0,"player_choice":"Fought Nobs","damage_taken":0,"max_hp_gain":0,"max_hp_loss":0,"event_name":"Colosseum","floor":29,"gold_loss":0},{"damage_healed":0,"gold_gain":0,"player_choice":"Fight","damage_taken":0,"max_hp_gain":0,"max_hp_loss":0,"event_name":"Mysterious Sphere","floor":36,"gold_loss":0},{"damage_healed":0,"gold_gain":0,"player_choice":"Memory 1","damage_taken":0,"max_hp_gain":0,"max_hp_loss":0,"event_name":"SensoryStone","floor":37,"gold_loss":0},{"damage_healed":0,"gold_gain":0,"player_choice":"Upgrade","damage_taken":0,"relics_obtained":["Mark of the Bloom"],"max_hp_gain":0,"max_hp_loss":0,"event_name":"MindBloom","floor":39,"gold_loss":0,"cards_upgraded":["DegradedFairy","DegradedFairy","DegradedFairy","DegradedChain","DegradedChain","DegradedPillar","Brawl","WillProduceFineSilk","FormingStorm","NightInTheBackstreets","Enlightenment"]}],"is_beta":false,"boss_relics":[{"not_picked":["Astrolabe","Coffee Dripper"],"picked":"Philosopher\u0027s Stone"},{"not_picked":["Fusion Hammer","Empty Cage"],"picked":"Sozu"}],"items_purged_floors":[5],"is_endless":false,"potions_floor_spawned":[1,6,8,12,18,21,25,33,36,40,44,47],"ascension_level":1}}