{"host":"leop","time":1614187415,"event":{"mods":["ATMod(°¢èªMod)","Act Like it!","BaseMod","Conspire","Gensokyo","GifTheSpireLib","Minty Spire (QoL Compilation)","MostiFishMod","Pale of the Ancients","Quick Restart","Reliquary","Shop Mod","Spicy Shops","StSLib","TestMod","noobMod","¡¾ÒÅÎï¿¨ÅÆ¡¿REMEMod"],"gold_per_floor":[115,115,126,139,156,156,256,218,245,270,270,405,531,563,563,761,761,776,678,697,716,735,942,942,1070,1117,1250,1250,1250,899,919,919,1221,1221,1232,982,1029,1029,635,763,774,980,980,991,1039,1172,1184,1201,1201,1300,1519,1811,2047,1633,1633,1895,1895,1429,1429,1806],"floor_reached":61,"language":"ZHS","playtime":3345,"items_purged":["Strike_R","Strike_R+1","conspire:Purge+1","Tantrum+1"],"score":2051,"play_id":"76ba3e21-e832-4c39-bb70-8d32c6d3c7cd","local_time":"20210225012335","is_ascension_mode":true,"campfire_choices":[{"floor":6.0,"key":"RECALL"},{"data":"Limit Break","floor":11.0,"key":"SMITH"},{"data":"Rupture","floor":15.0,"key":"SMITH"},{"data":"Defend_R","floor":24.0,"key":"SMITH"},{"floor":28.0,"key":"REST"},{"floor":32.0,"key":"REST"},{"floor":49,"key":"DIG"},{"floor":55,"key":"DIG"},{"floor":57,"key":"DIG"}],"circlet_count":0,"master_deck":["Burning Pact+1","Limit Break+1","Exhume+1","Rupture+1","REME_WheelOfFate+1","Sword Boomerang+1","Second Wind+1","Reaper+1","Bloodletting+1","REME_Scribble+1","Shockwave+1","Whirlwind+1","Reaper+1","Shrug It Off+1","Power Through+1","Evolve+1","Dark Embrace+1"],"relics":["Burning Blood","AT_ATBox","testmod-TestBox","REME_ComplimentaryCards","ice","DaveBox","AT_TheCollector","Membership Card","testmod-BloodSacrificeSpiritualization","SynthV:TestCard","AT_RedTearstoneRing","reliquary:TridentHead","Tiny Chest","War Paint","Singing Bowl","Black Star","Matryoshka","testmod-AssaultLearning","testmod-BlackFramedGlasses","reliquary:SharkskinSheath","Bag of Preparation","reliquary:Aerogel","reliquary:FerryPass","testmod-Nyarlathotep","MerchantsRug","AT_LudenTempest","testmod-NegativeEmotionEnhancer","Molten Egg 2","testmod-Charity","reliquary:RoseTintedGlasses","reliquary:JackalopeAntler","AT_ChloranthyRing","Ancient Tea Set","MetatronsCube","Orrery","testmod-TurbochargingSystem","reliquary:TatteredRug","Dream Catcher","Regal Pillow","Red Skull","Smiling Mask","AT_BellowingDragoncrestRing","Shovel","Nunchaku","Pen Nib","reliquary:Sideboard","AT_SunfireAegis","Centennial Puzzle","Blood Vial","paleoftheancients:Timepiece","paleoftheancients:KeyRelic","Anchor","CultistMask","AT_MibuBalloonWealth","paleoftheancients:SoulOfTheIroncluck","AT_ArchangelStaff","AT_SpeedBoots","reliquary:RosewoodLute","testmod-OneHitWonder","AT_BellDemon","REME_HourglassOfDeath","Happy Flower","Bronze Scales","Vajra","reliquary:CitrusReamer","reliquary:Tamtam","Mercury Hourglass","Letter Opener"],"acts_visited":["Gensokyo:Gensokyo","Gensokyo:Gensokyoer","Gensokyo:Gensokyoest","paleoftheancients:PaleOfTheAncients"],"potions_floor_usage":[45],"damage_taken":[{"damage":7.0,"enemies":"Gensokyo:3_Fairies","floor":1.0,"turns":3.0},{"damage":4.0,"enemies":"Gensokyo:2_Kodama","floor":3.0,"turns":2.0},{"damage":15.0,"enemies":"Gensokyo:Gryphon","floor":4.0,"turns":2.0},{"damage":22.0,"enemies":"Gensokyo:CorruptedTreant","floor":5.0,"turns":3.0},{"damage":63.0,"enemies":"Gensokyo:Cirno","floor":10.0,"turns":7.0},{"damage":11.0,"enemies":"Gensokyo:Mamizou","floor":12.0,"turns":4.0},{"damage":7.0,"enemies":"Gensokyo:Aya","floor":13.0,"turns":2.0},{"damage":37.0,"enemies":"Gensokyo:Cirno","floor":14.0,"turns":5.0},{"damage":8.0,"enemies":"Gensokyo:Yukari","floor":16.0,"turns":3.0},{"damage":15.0,"enemies":"Gensokyo:AngelMirror","floor":18.0,"turns":2.0},{"damage":8.0,"enemies":"Gensokyo:Chomper","floor":20.0,"turns":1.0},{"damage":13.0,"enemies":"Gensokyo:Wraith","floor":21.0,"turns":2.0},{"damage":13.0,"enemies":"Gensokyo:Slime_Group","floor":22.0,"turns":2.0},{"damage":14.0,"enemies":"Gensokyo:Tenshi","floor":23.0,"turns":1.0},{"damage":9.0,"enemies":"Gensokyo:Koishi","floor":25.0,"turns":2.0},{"damage":14.0,"enemies":"Gensokyo:Reisen","floor":27.0,"turns":3.0},{"damage":13.0,"enemies":"Gensokyo:Monolith_and_Dog","floor":31.0,"turns":1.0},{"damage":42.0,"enemies":"Gensokyo:Eternal_Rivals","floor":33.0,"turns":6.0},{"damage":44.0,"enemies":"Gensokyo:3_Bats","floor":35.0,"turns":4.0},{"damage":45.0,"enemies":"Gensokyo:Marisa","floor":40.0,"turns":4.0},{"damage":45,"enemies":"Gensokyo:3_Boulders","floor":41,"turns":5},{"damage":44,"enemies":"Gensokyo:Kasen","floor":42,"turns":2},{"damage":33,"enemies":"Gensokyo:4_Bats","floor":44,"turns":2},{"damage":33,"enemies":"Gensokyo:Rafflesia","floor":45,"turns":2},{"damage":29,"enemies":"Gensokyo:Marisa","floor":46,"turns":2},{"damage":20,"enemies":"Gensokyo:Dusk_and_Dawn","floor":47,"turns":2},{"damage":38,"enemies":"Gensokyo:Sharpion","floor":48,"turns":4},{"damage":31,"enemies":"Gensokyo:Yuyuko","floor":50,"turns":1},{"damage":25,"enemies":"Gensokyo:Yuyuko","floor":51,"turns":3},{"damage":30,"enemies":"Gensokyo:Yuyuko","floor":52,"turns":2},{"damage":35,"enemies":"conspire:MimicChest","floor":53,"turns":2},{"damage":34,"enemies":"conspire:MimicChest","floor":56,"turns":3},{"damage":41,"enemies":"paleoftheancients:N","floor":60,"turns":2}],"seed_played":"7859706693843151139","potions_obtained":[{"floor":3.0,"key":"PowerPotion"},{"floor":5.0,"key":"AttackPotion"},{"floor":12.0,"key":"testmod-TestPotion"},{"floor":27.0,"key":"Swift Potion"},{"floor":41,"key":"REME_GoldPotion"},{"floor":46,"key":"Dexterity Potion"}],"is_trial":false,"path_per_floor":["M","?","M","M","M","R","?","$","T","E","R","E","?","E","R","B",null,"M","$","M","M","M","E","R","E","T","E","R","?","$","M","R","B",null,"M","$","T","?","COS","E","M","E","T","M","M","E","M","M","R","B","M","M","?","$","R","M","R","$","?","B",null],"character_chosen":"IRONCLAD","items_purchased":["REME_WheelOfFate","reliquary:FerryPass","testmod-Nyarlathotep","MerchantsRug","AT_LudenTempest","Molten Egg 2","testmod-Charity","reliquary:RoseTintedGlasses","reliquary:JackalopeAntler","reliquary:RosewoodLute","testmod-OneHitWonder","AT_BellDemon","REME_HourglassOfDeath","testmod-TestPotion","reliquary:CitrusReamer","reliquary:Tamtam","Mercury Hourglass","Letter Opener","Dark Embrace","FairyPotion"],"campfire_rested":2,"item_purchase_floors":[19,30,30,30,30,36,36,36,36,54,54,54,54,54,58,58,58,58,58,58],"current_hp_per_floor":[71,71,72,63,47,47,47,47,47,52,52,51,50,79,79,77,82,75,75,75,72,87,79,79,92,92,88,94,94,94,89,96,65,96,79,81,82,82,86,112,87,71,71,131,139,145,150,146,146,161,163,180,190,191,191,203,203,204,204,202],"gold":1806,"neow_bonus":"ONE_RARE_RELIC","is_daily":false,"chose_seed":false,"campfire_upgraded":3,"win_rate":0.0,"timestamp":1614187415,"path_taken":["M","?","M","M","M","R","?","$","T","E","R","E","?","E","R","BOSS","M","$","M","M","M","E","R","E","T","E","R","?","?","M","R","BOSS","M","$","?","?","COS","E","M","E","T","M","M","E","M","M","R","BOSS","M","M","?","$","R","M","R","$","?","BOSS"],"items_purchased_type":["Card","Relic","Relic","Relic","Relic","Relic","Relic","Relic","Relic","Relic","Relic","Relic","Relic","Potion","Relic","Relic","Relic","Relic","Card","Potion"],"build_version":"2020-12-18","purchased_purges":4,"victory":true,"max_hp_per_floor":[72,72,72,72,72,72,72,72,72,75,75,76,76,81,81,82,82,85,85,87,87,90,90,90,92,92,94,94,94,94,96,96,96,96,99,101,102,102,106,112,119,126,126,131,139,145,150,155,155,161,171,180,190,191,191,203,203,204,204,216],"card_choices":[{"not_picked":["REME_FearOfPain","Pommel Strike","Anger"],"picked":"SKIP","floor":1.0},{"not_picked":["AT_IchimonjiDouble","Clash","AT_ManFootWork","Metallicize"],"picked":"Burning Pact","floor":3.0},{"not_picked":["Clash","Ghostly Armor","AT_DrawKnifeCut","Warcry"],"picked":"AT_CaressingTears","floor":4.0},{"not_picked":["Warcry","Uppercut","Headbutt","Heavy Blade","AT_IchimonjiDouble"],"picked":"SKIP","floor":5.0},{"not_picked":["Havoc","Cleave","Dual Wield","Juggernaut"],"picked":"Limit Break","floor":10.0},{"not_picked":["Dropkick","Rage","Thunderclap","Cleave"],"picked":"Exhume","floor":12.0},{"not_picked":["Clash","Anger","MostiFishMod:FlyOverUtopia","Entrench"],"picked":"Pommel Strike","floor":13.0},{"not_picked":["Pommel Strike","Twin Strike","MostiFishMod:FlyOverUtopia","Uppercut"],"picked":"Rupture","floor":14.0},{"not_picked":["MostiFishMod:DarkDeal","MostiFishMod:PerfectStrikeMKII","Fiend Fire","Demon Form"],"picked":"conspire:Purge","floor":16.0},{"not_picked":["Anger+1","Rage","Inflame","REME_FearOfPain+1","Clash"],"picked":"Singing Bowl","floor":18.0},{"not_picked":["True Grit","Thunderclap+1","Pommel Strike","Flex","Warcry+1"],"picked":"Singing Bowl","floor":20.0},{"not_picked":["Juggernaut","Rampage+1","Power Through","Ghostly Armor+1"],"picked":"Sword Boomerang","floor":21.0},{"not_picked":["Dropkick+1","Thunderclap","Pummel","Headbutt","Warcry"],"picked":"Singing Bowl","floor":22.0},{"not_picked":["Clothesline","Cleave+1","Havoc","REME_SingleHolding+1"],"picked":"Second Wind+1","floor":23.0},{"not_picked":["Anger","Havoc","Wild Strike","Rampage+1","Clothesline"],"picked":"Singing Bowl","floor":25.0},{"not_picked":["Pommel Strike","Anger+1","Fiend Fire","Clash","Uppercut"],"picked":"Singing Bowl","floor":27.0},{"not_picked":["AT_BodySlamDance","Spot Weakness","Havoc","AT_IchimonjiDouble+1","Pommel Strike"],"picked":"Singing Bowl","floor":31.0},{"not_picked":["MostiFishMod:WingOfPhoenix","conspire:HitWhereItHurts","AT_Dispersion","MostiFishMod:PerfectStrikeMKII"],"picked":"Reaper","floor":33.0},{"not_picked":["Armaments","Flex","Burning Pact","REME_FearOfPain","Thunderclap+1"],"picked":"Singing Bowl","floor":35.0},{"not_picked":["Armaments","AT_BodySlamDance","Dual Wield","Blood for Blood+1","Clothesline+1"],"picked":"Singing Bowl","floor":39.0},{"not_picked":["AT_IchimonjiDouble+1","True Grit+1","Heavy Blade+1","Pummel+1"],"picked":"Bloodletting+1","floor":39.0},{"not_picked":["Clothesline+1","Clash+1","Cleave+1","Perfected Strike+1","AT_BodySlamDance+1"],"picked":"Singing Bowl","floor":39.0},{"not_picked":["Warcry+1","Searing Blow+1","Heavy Blade+1","Sword Boomerang+1"],"picked":"REME_Scribble","floor":39.0},{"not_picked":["True Grit+1","Anger+1","AT_ShrugMaster","Warcry"],"picked":"Shockwave","floor":39.0},{"not_picked":["conspire:Charge+1","AT_DiedThrough","Disarm+1","Clash+1"],"picked":"Whirlwind+1","floor":40.0},{"not_picked":["Havoc","Anger+1","REME_Fury","Wild Strike+1","AT_IchimonjiDouble+1"],"picked":"Singing Bowl","floor":41},{"not_picked":["Shrug It Off+1","conspire:HitWhereItHurts+1","Body Slam+1","REME_FearOfPain"],"picked":"Reaper+1","floor":42},{"not_picked":["AT_IchimonjiDouble+1","MostiFishMod:#F4004+1","Warcry","Pommel Strike+1"],"picked":"Shrug It Off+1","floor":44},{"not_picked":["Anger+1","Iron Wave+1","True Grit+1","Cleave+1","REME_Cut"],"picked":"Singing Bowl","floor":45},{"not_picked":["AT_BodySlamDance+1","conspire:Charge+1","Thunderclap+1","Anger+1"],"picked":"Evolve","floor":46},{"not_picked":["Heavy Blade+1","Warcry","Flame Barrier+1","Ghostly Armor"],"picked":"Power Through","floor":47},{"not_picked":["Armaments+1","Twin Strike+1","Sever Soul+1","MostiFishMod:ChineseTea"],"picked":"Evolve+1","floor":48},{"not_picked":["Rupture","Iron Wave+1","Pommel Strike+1","Twin Strike+1","Wild Strike+1"],"picked":"Singing Bowl","floor":51},{"not_picked":["True Grit","Wild Strike+1","Body Slam+1","Shockwave+1"],"picked":"Bloodletting+1","floor":52},{"not_picked":["Thunderclap+1","conspire:Charge+1","Iron Wave+1","Blood for Blood+1","Whirlwind+1"],"picked":"Singing Bowl","floor":53},{"not_picked":["Blood for Blood+1","Armaments+1","Body Slam+1","MostiFishMod:BrandingRite","MostiFishMod:#F4004+1"],"picked":"Singing Bowl","floor":56}],"player_experience":969709,"relics_obtained":[{"floor":1.0,"key":"SynthV:TestCard"},{"floor":10.0,"key":"reliquary:TridentHead"},{"floor":12.0,"key":"Tiny Chest"},{"floor":13.0,"key":"War Paint"},{"floor":14.0,"key":"Singing Bowl"},{"floor":23.0,"key":"Matryoshka"},{"floor":23.0,"key":"Whetstone"},{"floor":25.0,"key":"StoneCalendar"},{"floor":25.0,"key":"testmod-BlackFramedGlasses"},{"floor":26.0,"key":"reliquary:SharkskinSheath"},{"floor":27.0,"key":"Bag of Preparation"},{"floor":27.0,"key":"reliquary:Aerogel"},{"floor":37.0,"key":"AT_ChloranthyRing"},{"floor":37.0,"key":"Ancient Tea Set"},{"floor":40.0,"key":"reliquary:TatteredRug"},{"floor":40.0,"key":"Dream Catcher"},{"floor":42,"key":"Red Skull"},{"floor":42,"key":"Smiling Mask"},{"floor":43,"key":"AT_BellowingDragoncrestRing"},{"floor":46,"key":"Pen Nib"},{"floor":46,"key":"reliquary:Sideboard"},{"floor":49,"key":"Centennial Puzzle"},{"floor":51,"key":"paleoftheancients:SoulOfTheIroncluck"},{"floor":53,"key":"AT_SpeedBoots"},{"floor":55,"key":"Happy Flower"},{"floor":56,"key":"Bronze Scales"},{"floor":56,"key":"paleoftheancients:SoulOfTheShrineMaiden"},{"floor":57,"key":"Vajra"}],"event_choices":[],"is_beta":true,"boss_relics":[{"not_picked":["Philosopher\u0027s Stone","Runic Dome"],"picked":"Black Star"},{"not_picked":["testmod-Fanaticism","Cursed Key"],"picked":"testmod-NegativeEmotionEnhancer"}],"items_purged_floors":[8,30,54,58],"is_endless":false,"potions_floor_spawned":[3,5,12,13,16,22,23,27,40,41,42,44,46,48,51,56],"ascension_level":3}}