{"host":"5td1gsj4mnrioltg","time":1614176756,"event":{"mods":["2.2 Compatiblity","AchievementEnabler","Act Like it!","Aspiration","BaseMod","Beaked The Cultist","Better Altar","Better Match","Better Note","Better Sensory Stone","Better Silent Start","Better Skull","Better Third Choice","Better Vampires","BetterRewards","Bossed Relics","Colored Map","Colored Powertips","Displayed Cursed Tome","Downfall","Emptier Cage","Evolution","Friendly Minions","GifTheSpireLib","Highlight Path","Ironclad Rager","Jedi Mod","JesterMod","Mad Scientist","Menagerie","Minty Spire (QoL Compilation)","Permanent Neow","Quick Restart","Reliquary","Replay The Spire","Reworked Bosses","Shade Mod","Shapeshifter Mod","Spicy Shops","StSLib","The Blue Laboratory","The Dragon Tamer","The Dragonkin","The Druid","The Elementalist","The Marked","The Necromancer","The Runesmith","Thieving Mod","Transform Curses","Wandering Minibosses"],"gold_per_floor":[113,113,38,38,59,102,102,122,122,122,161,236,236,136,136,264,264,188,188,209,84,98,98,138,138,138,171,171,171,187,205,205,330,330,343,343,359,581,600,600,631,652,679,231,269,189,189,212,212,212,212,212,16,55,55],"floor_reached":56,"language":"ENG","playtime":2393,"items_purged":["StSShapeShifter:Tortoise_Form","StSShapeShifter:ShapeShifter_Defend","ReplayTheSpireMod:Compounding Headache","StSShapeShifter:ShapeShifter_Defend"],"score":2049,"play_id":"b6570e62-d613-4bc6-9e26-2bcb9c9e84af","local_time":"20210224062556","is_ascension_mode":true,"campfire_choices":[{"data":"StSShapeShifter:WolfForm","floor":7.0,"key":"SMITH"},{"floor":13.0,"key":"REST"},{"data":"StSShapeShifter:ShapeShifter_Defend","floor":15.0,"key":"PURGE"},{"data":"StSShapeShifter:DragonForm","floor":23.0,"key":"SMITH"},{"data":"StSShapeShifter:BurstingSpore","floor":25.0,"key":"SMITH"},{"floor":32.0,"key":"RECALL"},{"floor":40.0,"key":"REST"},{"data":"StSShapeShifter:Flourish","floor":49,"key":"SMITH"},{"data":"StSShapeShifter:Spring","floor":52,"key":"SMITH"}],"circlet_count":0,"master_deck":["StSShapeShifter:BladeOfGrass","StSShapeShifter:WolfForm+1","StSShapeShifter:DragonForm+1","StSShapeShifter:BurstingSpore+1","StSShapeShifter:BaskInBloom+1","StSShapeShifter:Synchronicity","StSShapeShifter:Flourish+1","StSShapeShifter:BurstingSpore+1","StSShapeShifter:Spring+1","StSShapeShifter:Flourish+1","StSShapeShifter:Spring"],"relics":["StSShapeShifter:AnimalHeart","StSShapeShifter:TheShapeShiftersMagnolia","EVO:Axolotl","Golden Idol","StSShapeShifter:Fertilizer","Eternal Feather","Replay:Accelerometer","reliquary:OuijaBoard","Kintsugi","Bag of Marbles","Sundial","reliquary:QuartzCube","Pandora\u0027s Box","reliquary:TridentHead","StSShapeShifter:AlarmClock","jedi:bottledfury","TheAbacus","Letter Opener"],"acts_visited":["Exordium","TheCity","TheBeyond","TheEnding"],"potions_floor_usage":[55,55,55],"damage_taken":[{"damage":0.0,"enemies":"Small Slimes","floor":1.0,"turns":4.0},{"damage":0.0,"enemies":"2 Louse","floor":5.0,"turns":4.0},{"damage":65.0,"enemies":"3 Sentries","floor":6.0,"turns":12.0},{"damage":7.0,"enemies":"Jaw Worm","floor":8.0,"turns":3.0},{"damage":31.0,"enemies":"Gremlin Nob","floor":11.0,"turns":4.0},{"damage":48.0,"enemies":"The Guardian","floor":16.0,"turns":10.0},{"damage":21.0,"enemies":"Shell Parasite","floor":18.0,"turns":8.0},{"damage":3.0,"enemies":"Chosen","floor":20.0,"turns":4.0},{"damage":8.0,"enemies":"Centurion and Healer","floor":22.0,"turns":4.0},{"damage":0.0,"enemies":"Book of Stabbing","floor":24.0,"turns":5.0},{"damage":29.0,"enemies":"Slavers","floor":27.0,"turns":4.0},{"damage":0.0,"enemies":"Cultist and Chosen","floor":30.0,"turns":3.0},{"damage":0.0,"enemies":"Sentry and Sphere","floor":31.0,"turns":4.0},{"damage":21.0,"enemies":"Pondfish","floor":33.0,"turns":8.0},{"damage":0.0,"enemies":"3 Shapes","floor":35.0,"turns":3.0},{"damage":1.0,"enemies":"3 Darklings","floor":37.0,"turns":5.0},{"damage":18.0,"enemies":"Writhing Mass","floor":39.0,"turns":4.0},{"damage":13.0,"enemies":"R_Hoarder","floor":41.0,"turns":8.0},{"damage":0.0,"enemies":"Jaw Worm Horde","floor":42.0,"turns":3.0},{"damage":0,"enemies":"Reptomancer","floor":45,"turns":4},{"damage":0,"enemies":"Maw","floor":48,"turns":2},{"damage":0,"enemies":"bossMod:newAwakened","floor":50,"turns":3},{"damage":41,"enemies":"Shield and Spear","floor":54,"turns":3},{"damage":1,"enemies":"The Heart","floor":55,"turns":3}],"seed_played":"7044828822324264052","potions_obtained":[{"floor":1.0,"key":"bronze:BurnAndBuffPotion"},{"floor":8.0,"key":"LiquidMemories"},{"floor":11.0,"key":"Swift Potion"},{"floor":20.0,"key":"Weak Potion"},{"floor":30.0,"key":"SkillPotion"},{"floor":31.0,"key":"BlessingOfTheForge"},{"floor":33.0,"key":"jedi:StrikingPotion"},{"floor":37.0,"key":"Guardian:BlockOnCardUsePotion"},{"floor":41.0,"key":"blueLaboratory:BottleOfRum"},{"floor":45,"key":"Elixir"}],"is_trial":false,"path_per_floor":["M","?","$","?","M","E","R","M","T","?","E","?","R","$","R_BF","B",null,"M","?","M","$","M","R","E","R","T","E","?","?","M","M","R_BF","B",null,"M","?","M","?","M","R","E","M","T","$","E","$","?","M","R","B",null,"R","$","E","B",null],"character_chosen":"SHAPESHIFTER","items_purchased":["StSShapeShifter:AlarmClock","StSShapeShifter:Flourish","TheAbacus","Swift Potion"],"campfire_rested":2,"item_purchase_floors":[44,46,53,53],"current_hp_per_floor":[70,70,70,70,70,33,33,44,44,41,31,20,47,47,53,61,69,63,63,60,60,64,67,72,72,72,46,46,70,72,72,72,72,72,72,72,72,56,41,65,72,72,72,72,72,72,72,72,72,72,72,72,72,52,72],"gold":55,"neow_bonus":"REMOVE_CARD","is_daily":false,"chose_seed":false,"campfire_upgraded":5,"win_rate":0.0,"timestamp":1614176756,"path_taken":["M","?","$","?","M","E","R","?","T","?","E","?","R","$","R_BF","BOSS","M","?","M","$","M","R","E","R","T","E","?","?","M","?","R_BF","BOSS","M","?","M","?","?","R","E","M","T","$","E","$","?","?","R","BOSS","R","$","E","BOSS"],"items_purchased_type":["Relic","Card","Relic","Potion"],"build_version":"2020-12-22","purchased_purges":4,"victory":true,"max_hp_per_floor":[78,72,72,72,72,72,72,72,72,72,72,72,72,72,72,72,72,72,72,72,72,72,72,72,72,72,72,72,72,72,72,72,72,72,72,72,72,72,72,72,72,72,72,72,72,72,72,72,72,72,72,72,72,72,72],"card_choices":[{"not_picked":["StSShapeShifter:LeapingSlash","StSShapeShifter:Guard","StSShapeShifter:PorcupineForm"],"picked":"SKIP","floor":1.0},{"not_picked":["StSShapeShifter:ReplenishingNectar","StSShapeShifter:WiltingWrath"],"picked":"StSShapeShifter:WolfForm","floor":5.0},{"not_picked":["StSShapeShifter:Rest","StSShapeShifter:DeerForm","StSShapeShifter:ClimbTree"],"picked":"SKIP","floor":6.0},{"not_picked":["StSShapeShifter:LeapingSlash","StSShapeShifter:MonkeyForm","StSShapeShifter:RatForm"],"picked":"SKIP","floor":8.0},{"not_picked":["StSShapeShifter:BloomingSlash","StSShapeShifter:ThornToss","StSShapeShifter:VineHandcuffs"],"picked":"SKIP","floor":11.0},{"not_picked":["StSShapeShifter:Summer","StSShapeShifter:Vengeance"],"picked":"StSShapeShifter:DragonForm","floor":16.0},{"not_picked":["StSShapeShifter:VileMushroom","StSShapeShifter:Ensconce","StSShapeShifter:LeapingSlash"],"picked":"SKIP","floor":18.0},{"not_picked":["StSShapeShifter:DiverseSpirit+1","StSShapeShifter:VineHandcuffs"],"picked":"StSShapeShifter:BurstingSpore","floor":20.0},{"not_picked":["StSShapeShifter:FallingLeaves+1","StSShapeShifter:PoisonIvy+1","StSShapeShifter:Rest"],"picked":"SKIP","floor":22.0},{"not_picked":["StSShapeShifter:FesteringBite+1","StSShapeShifter:ThornToss+1","StSShapeShifter:Maul"],"picked":"SKIP","floor":24.0},{"not_picked":["StSShapeShifter:Hunt+1","StSShapeShifter:SquirrelForm"],"picked":"StSShapeShifter:BaskInBloom+1","floor":27.0},{"not_picked":["StSShapeShifter:EagleForm","StSShapeShifter:BladeOfGrass","StSShapeShifter:DeerForm"],"picked":"SKIP","floor":30.0},{"not_picked":["StSShapeShifter:Roar","StSShapeShifter:LeapingSlash"],"picked":"StSShapeShifter:Synchronicity","floor":31.0},{"not_picked":["StSShapeShifter:SquirrelForm","StSShapeShifter:Maul+1","StSShapeShifter:GoldenBerries+1"],"picked":"SKIP","floor":35.0},{"not_picked":["StSShapeShifter:BulwarkOfDiscovery","StSShapeShifter:Guard"],"picked":"StSShapeShifter:Flourish+1","floor":37.0},{"not_picked":["StSShapeShifter:FallingLeaves","StSShapeShifter:FlowerShield+1"],"picked":"StSShapeShifter:BurstingSpore+1","floor":39.0},{"not_picked":["StSShapeShifter:Mystical_Branch","StSShapeShifter:BearForm"],"picked":"StSShapeShifter:Spring","floor":41.0},{"not_picked":["StSShapeShifter:ThornedSkin","StSShapeShifter:FlowerShield+1","StSShapeShifter:ShiftingStrike"],"picked":"SKIP","floor":42.0},{"not_picked":["StSShapeShifter:Roar+1","StSShapeShifter:ThornToss","StSShapeShifter:BladeOfGrass+1"],"picked":"SKIP","floor":45},{"not_picked":["StSShapeShifter:VineHandcuffs","StSShapeShifter:Garden","StSShapeShifter:BurstingSpore+1"],"picked":"SKIP","floor":48},{"not_picked":["StSShapeShifter:PhoenixForm","StSShapeShifter:BloomingSlash","StSShapeShifter:ThornToss+1"],"picked":"SKIP","floor":54}],"player_experience":1395477,"relics_obtained":[{"floor":6.0,"key":"StSShapeShifter:Fertilizer"},{"floor":9.0,"key":"Eternal Feather"},{"floor":11.0,"key":"reliquary:OuijaBoard"},{"floor":24.0,"key":"Bag of Marbles"},{"floor":26.0,"key":"Sundial"},{"floor":27.0,"key":"reliquary:QuartzCube"},{"floor":41.0,"key":"reliquary:TridentHead"},{"floor":45,"key":"jedi:bottledfury"},{"floor":54,"key":"Letter Opener"}],"event_choices":[{"damage_healed":0.0,"max_hp_gain":0.0,"max_hp_loss":6.0,"gold_gain":0.0,"event_name":"Golden Idol","player_choice":"Lose Max HP","floor":2.0,"gold_loss":0.0,"damage_taken":0.0,"relics_obtained":["Golden Idol"]},{"damage_healed":0.0,"max_hp_gain":0.0,"max_hp_loss":0.0,"gold_gain":0.0,"event_name":"betterThird:BetterSerpent","player_choice":"Ignored","floor":4.0,"gold_loss":0.0,"damage_taken":38.0},{"damage_healed":0.0,"max_hp_gain":0.0,"max_hp_loss":0.0,"gold_gain":0.0,"event_name":"betterThird:BetterScrap","player_choice":"Relic ","floor":10.0,"gold_loss":0.0,"damage_taken":3.0,"cards_obtained":["Double Tap"]},{"damage_healed":0.0,"max_hp_gain":0.0,"max_hp_loss":0.0,"gold_gain":75.0,"event_name":"betterThird:BetterGoop","player_choice":"Gold","floor":12.0,"gold_loss":0.0,"damage_taken":11.0},{"damage_healed":24.0,"max_hp_gain":0.0,"max_hp_loss":0.0,"gold_gain":0.0,"event_name":"The Library","player_choice":"Heal","floor":29.0,"gold_loss":0.0,"damage_taken":0.0},{"cards_removed":["StSShapeShifter:ShapeShifter_Defend"],"damage_healed":0.0,"max_hp_gain":0.0,"max_hp_loss":0.0,"gold_gain":0.0,"event_name":"Falling","player_choice":"Removed Skill","floor":36.0,"gold_loss":0.0,"damage_taken":0.0},{"damage_healed":0.0,"max_hp_gain":0.0,"max_hp_loss":0.0,"gold_gain":222.0,"event_name":"betterSkull:BetterSkull","player_choice":"GO GO ","floor":38.0,"gold_loss":0.0,"damage_taken":18.0,"cards_upgraded":[],"relics_obtained":[]},{"damage_healed":0,"gold_gain":0,"player_choice":"Copied","damage_taken":0,"max_hp_gain":0,"max_hp_loss":0,"event_name":"Duplicator","floor":47,"gold_loss":0,"cards_obtained":["StSShapeShifter:Spring"]}],"is_beta":false,"boss_relics":[{"not_picked":["Ring of Chaos","Honey Jar"],"picked":"Kintsugi"},{"not_picked":["Coffee Dripper","aspiration:RitualDagger"],"picked":"Pandora\u0027s Box"}],"items_purged_floors":[3,14,21,44],"is_endless":false,"potions_floor_spawned":[1,8,11,20,30,31,33,37,41,45],"ascension_level":6}}