{"host":"a9gsz7kv8aebwp1f","time":1614151217,"event":{"mods":["AchievementEnabler","BaseMod","Minty Spire (QoL Compilation)"],"gold_per_floor":[117,117,129,129,141,175,175,189,189,189,189,289,306,317,317,420,420,432,448,467,164,164,164,164],"floor_reached":23,"language":"KOR","playtime":1168,"items_purged":[],"score":309,"play_id":"98457e08-fa6d-43cb-9580-e82ff09b6001","local_time":"20210224162017","is_ascension_mode":true,"campfire_choices":[{"data":"Perfected Strike","floor":7,"key":"SMITH"},{"data":"Heavy Blade","floor":11,"key":"SMITH"},{"floor":15,"key":"REST"}],"circlet_count":0,"master_deck":["AscendersBane","Strike_R","Strike_R","Strike_R","Strike_R","Strike_R","Defend_R","Defend_R","Defend_R","Bash","Cleave","Perfected Strike+1","True Grit","Heavy Blade+1","Wild Strike","Flex","Shrug It Off","Feed","Flame Barrier","Ghostly Armor","Twin Strike","Carnage","Flash of Steel","Necronomicurse"],"relics":["Burning Blood","Smiling Mask","Anchor","Sundial","Cursed Key","Blood Vial","Necronomicon"],"acts_visited":["Exordium","TheCity"],"potions_floor_usage":[16,20],"damage_taken":[{"damage":4,"enemies":"2 Louse","floor":1,"turns":3},{"damage":7,"enemies":"Small Slimes","floor":3,"turns":3},{"damage":6,"enemies":"Cultist","floor":5,"turns":3},{"damage":45,"enemies":"3 Sentries","floor":6,"turns":8},{"damage":0,"enemies":"2 Fungi Beasts","floor":8,"turns":3},{"damage":0,"enemies":"Gremlin Gang","floor":13,"turns":4},{"damage":4,"enemies":"Lots of Slimes","floor":14,"turns":3},{"damage":67,"enemies":"The Guardian","floor":16,"turns":12},{"damage":28,"enemies":"Spheric Guardian","floor":18,"turns":4},{"damage":22,"enemies":"2 Thieves","floor":19,"turns":4},{"damage":18,"enemies":"3 Cultists","floor":20,"turns":5},{"damage":31,"enemies":"Book of Stabbing","floor":23,"turns":4}],"seed_played":"-4876953233020621037","potions_obtained":[{"floor":3,"key":"EssenceOfSteel"},{"floor":6,"key":"SpeedPotion"},{"floor":14,"key":"FairyPotion"},{"floor":16,"key":"Fire Potion"}],"is_trial":false,"path_per_floor":["M","?","M","?","M","E","R","M","T","?","R","?","M","M","R","B",null,"M","M","M","$","?","E"],"character_chosen":"IRONCLAD","items_purchased":["Blood Vial","Carnage","Flash of Steel"],"campfire_rested":1,"item_purchase_floors":[21,21,21],"current_hp_per_floor":[74,74,73,73,73,34,34,40,40,40,40,40,46,48,72,11,63,44,31,19,19,3,0,0],"gold":164,"neow_bonus":"RANDOM_COMMON_RELIC","is_daily":false,"chose_seed":false,"campfire_upgraded":2,"win_rate":0.0,"timestamp":1614151217,"path_taken":["M","?","M","?","?","E","R","M","T","?","R","?","M","M","R","BOSS","M","?","?","$","?","E"],"items_purchased_type":["Relic","Card","Card"],"build_version":"2020-12-22","purchased_purges":0,"victory":false,"max_hp_per_floor":[80,80,80,80,80,80,80,80,80,80,80,80,80,80,80,80,80,83,86,86,86,86,86,86],"card_choices":[{"not_picked":["Twin Strike","Body Slam"],"picked":"Cleave","floor":1},{"not_picked":["Clothesline","Cleave"],"picked":"Perfected Strike","floor":3},{"not_picked":["Fire Breathing","Body Slam"],"picked":"True Grit","floor":5},{"not_picked":["Thunderclap","Ghostly Armor"],"picked":"Heavy Blade","floor":6},{"not_picked":["Uppercut","Cleave"],"picked":"Wild Strike","floor":8},{"not_picked":["Whirlwind","Warcry"],"picked":"Flex","floor":13},{"not_picked":["Iron Wave","Sword Boomerang"],"picked":"Shrug It Off","floor":14},{"not_picked":["Double Tap","Berserk"],"picked":"Feed","floor":16},{"not_picked":["Clothesline","Bloodletting+1"],"picked":"Flame Barrier","floor":18},{"not_picked":["Dark Embrace","Thunderclap"],"picked":"Ghostly Armor","floor":19},{"not_picked":["Pommel Strike","Shockwave"],"picked":"Twin Strike","floor":20}],"player_experience":479930,"relics_obtained":[{"floor":6,"key":"Anchor"},{"floor":9,"key":"Sundial"},{"floor":22,"key":"Necronomicon"}],"event_choices":[{"damage_healed":0,"gold_gain":0,"player_choice":"Ignored","damage_taken":0,"max_hp_gain":0,"max_hp_loss":0,"event_name":"Golden Wing","floor":2,"gold_loss":0},{"cards_removed":["Defend_R"],"damage_healed":0,"gold_gain":0,"player_choice":"Purged","damage_taken":0,"max_hp_gain":0,"max_hp_loss":0,"event_name":"Purifier","floor":4,"gold_loss":0},{"damage_healed":0,"gold_gain":0,"player_choice":"Ignored","damage_taken":0,"max_hp_gain":0,"max_hp_loss":0,"event_name":"Liars Game","floor":10,"gold_loss":0},{"damage_healed":0,"gold_gain":100,"player_choice":"Pray","damage_taken":0,"max_hp_gain":0,"max_hp_loss":0,"event_name":"Golden Shrine","floor":12,"gold_loss":0},{"damage_healed":0,"gold_gain":0,"player_choice":"Obtained Book","damage_taken":16,"max_hp_gain":0,"max_hp_loss":0,"event_name":"Cursed Tome","floor":22,"gold_loss":0}],"is_beta":false,"boss_relics":[{"not_picked":["Ectoplasm","Sozu"],"picked":"Cursed Key"}],"items_purged_floors":[],"is_endless":false,"potions_floor_spawned":[3,6,14,16,18,19],"killed_by":"Book of Stabbing","ascension_level":12}}