{"host":"5tnftuc8o0gay6lt","time":1614209453,"event":{"mods":["BaseMod","BetterRewards","Conspire","Marisa£®ÏF”Í°°ƒß¿Ì…≥£©","Minty Spire (QoL Compilation)","Permanent Neow","Relic Filter Mod","Spicy Shops","StSLib","°æ“≈ŒÔø®≈∆°øREMEMod"],"gold_per_floor":[118,132,132,132,58,58,58,69,69,87,118,128,128,20,20,120,120,140,151,511,526,542,576,576,603,603,603,671,671,395,445,445,598,598,628,158,158,38,100,224,224,310,310,310,336,246,312,352,352,352],"floor_reached":51,"language":"ZHS","playtime":3555,"items_purged":["Strike_MRS","Defend_MRS","Defend_MRS","Strike_MRS+1"],"score":1422,"play_id":"202d5492-1b88-4aa7-8c2f-f7a6cd747280","local_time":"20210225073053","is_ascension_mode":true,"campfire_choices":[{"data":"MasterSpark","floor":6.0,"key":"SMITH"},{"data":"MillisecondPulsars","floor":13.0,"key":"SMITH"},{"floor":15.0,"key":"REST"},{"floor":24.0,"key":"REST"},{"floor":27.0,"key":"RECALL"},{"floor":32.0,"key":"REST"},{"data":"Strike_MRS+1","floor":41,"key":"PURGE"},{"data":"Defend_MRS","floor":44,"key":"PURGE"},{"data":"Defend_MRS+1","floor":49,"key":"PURGE"}],"circlet_count":0,"master_deck":["MasterSpark+1","UpSweep+1","GalacticHalo+1","StarBarrage+1","Acceleration+1","MillisecondPulsars+1","MaximisePower+1","MeteoricShower+1","Acceleration+1","REME_ACTH+1","MilkyWay+1","Robbery+1","MagicChant+1","Acceleration+1","SporeBomb+1"],"relics":["MiniHakkero","REME_ComplimentaryCards","Toxic Egg 2","Molten Egg 2","HandmadeGrimoire","Lantern","Question Card","Letter Opener","ClockworkSouvenir","RampagingMagicTools","Whetstone","Pen Nib","Gremlin Horn","The Courier","conspire:BottledYoYo","Fusion Hammer","Peace Pipe","Medical Kit","Boot","White Beast Statue","Dream Catcher","MagicBroom"],"acts_visited":["Exordium","TheCity","TheBeyond"],"potions_floor_usage":[42],"damage_taken":[{"damage":0.0,"enemies":"Jaw Worm","floor":1.0,"turns":4.0},{"damage":0.0,"enemies":"Small Slimes","floor":2.0,"turns":3.0},{"damage":0.0,"enemies":"conspire:RoseBush","floor":8.0,"turns":2.0},{"damage":10.0,"enemies":"Exordium Thugs","floor":10.0,"turns":5.0},{"damage":6.0,"enemies":"Lagavulin","floor":11.0,"turns":5.0},{"damage":4.0,"enemies":"Red Slaver","floor":12.0,"turns":3.0},{"damage":16.0,"enemies":"Hexaghost","floor":16.0,"turns":5.0},{"damage":0.0,"enemies":"Shell Parasite","floor":18.0,"turns":1.0},{"damage":0.0,"enemies":"Spheric Guardian","floor":19.0,"turns":2.0},{"damage":0.0,"enemies":"3 Cultists","floor":21.0,"turns":2.0},{"damage":7.0,"enemies":"Chosen and Byrds","floor":22.0,"turns":2.0},{"damage":0.0,"enemies":"Slavers","floor":23.0,"turns":2.0},{"damage":0.0,"enemies":"REME_1_Revenger","floor":25.0,"turns":1.0},{"damage":0.0,"enemies":"Book of Stabbing","floor":28.0,"turns":1.0},{"damage":0.0,"enemies":"Centurion and Healer","floor":31.0,"turns":1.0},{"damage":11.0,"enemies":"Champ","floor":33.0,"turns":2.0},{"damage":0.0,"enemies":"3 Darklings","floor":35.0,"turns":1.0},{"damage":0,"enemies":"3 Shapes","floor":39,"turns":1},{"damage":0,"enemies":"Reptomancer","floor":40,"turns":1},{"damage":0,"enemies":"Jaw Worm Horde","floor":42,"turns":1},{"damage":0,"enemies":"Giant Head","floor":45,"turns":1},{"damage":0,"enemies":"Reptomancer","floor":47,"turns":1},{"damage":0,"enemies":"Transient","floor":48,"turns":1},{"damage":13,"enemies":"Time Eater","floor":50,"turns":2}],"seed_played":"-7809142723652189636","potions_obtained":[{"floor":2.0,"key":"LiquidMemories"},{"floor":8.0,"key":"DuplicationPotion"},{"floor":16.0,"key":"Regen Potion"},{"floor":28.0,"key":"Ancient Potion"},{"floor":40,"key":"Swift Potion"},{"floor":42,"key":"Ancient Potion"}],"is_trial":false,"path_per_floor":["M","M","?","?","$","R","?","M","T","M","E","M","R","$","R","B",null,"M","M","?","M","M","E","R","E","T","R","E","T","$","M","R","B",null,"M","$","?","$","M","E","R","M","T","R","E","?","E","M","R","B",null],"character_chosen":"MARISA","items_purchased":["Toxic Egg 2","Molten Egg 2","GalacticHalo+1","Lantern","ClockworkSouvenir","Acceleration+1","conspire:BottledYoYo","Peace Pipe","Medical Kit"],"campfire_rested":3,"item_purchase_floors":[0,0,0,5,14,14,30,36,36],"current_hp_per_floor":[67,67,67,64,64,64,49,49,49,39,33,29,29,29,51,35,75,75,75,39,39,32,32,54,54,54,54,54,54,54,54,75,64,75,75,75,75,75,75,75,75,75,75,75,75,75,75,75,75,62],"gold":352,"neow_bonus":"","is_daily":false,"chose_seed":false,"campfire_upgraded":2,"win_rate":0.0,"timestamp":1614209453,"path_taken":["M","M","?","?","$","R","?","M","T","M","E","?","R","$","R","BOSS","M","M","?","?","M","E","R","E","T","R","E","?","$","?","R","BOSS","M","$","?","$","?","E","R","M","T","R","E","?","E","M","R","BOSS"],"items_purchased_type":["Relic","Relic","Card","Relic","Relic","Card","Relic","Relic","Relic"],"build_version":"2020-12-22","purchased_purges":4,"victory":true,"max_hp_per_floor":[75,75,75,75,75,75,75,75,75,75,75,75,75,75,75,75,75,75,75,75,75,75,75,75,75,75,75,75,75,75,75,75,75,75,75,75,75,75,75,75,75,75,75,75,75,75,75,75,75,75],"card_choices":[{"not_picked":["MysteriousBeam+1","Acceleration+1"],"picked":"StarBarrage+1","floor":1.0},{"not_picked":["LuminesStrike+1","IllusionStar+1"],"picked":"Acceleration+1","floor":2.0},{"not_picked":["DeepEcoloBomb+1","NonDirectionalLaser+1"],"picked":"MillisecondPulsars","floor":8.0},{"not_picked":["AlicesGift+1","RefractionSpark+1","UnstableBomb+1","LuminesStrike+1"],"picked":"SKIP","floor":10.0},{"not_picked":["Singularity","EnergyRecoil+1","StarlightTyphoon+1"],"picked":"MaximisePower+1","floor":11.0},{"not_picked":["Acceleration+1","Singularity","PowerUp+1"],"picked":"MeteoricShower+1","floor":12.0},{"not_picked":["WitchOfGreed","OpenUniverse+1","PropBag+1"],"picked":"MilkyWay+1","floor":18.0},{"not_picked":["UnstableBomb+1","OrrerysSun+1","DoubleSpark+1","GalacticHalo+1"],"picked":"SKIP","floor":19.0},{"not_picked":["SprinkleStarSeal+1","ShootingEcho+1","SuperPerseids+1","MysteriousBeam+1"],"picked":"SKIP","floor":21.0},{"not_picked":["UnstableBomb+1","PulseMagic+1","TreasureHunter+1","MachineGunSpark+1"],"picked":"SKIP","floor":22.0},{"not_picked":["DC+1","MeteoricShower+1","Singularity","LuminesStrike+1"],"picked":"SKIP","floor":23.0},{"not_picked":["WitchLeyline+1","MysteriousBeam+1","UnstableBomb+1"],"picked":"Robbery+1","floor":25.0},{"not_picked":["WitchLeyline+1","AlicesGift+1","EnergyRecoil+1","DoubleSpark+1"],"picked":"SKIP","floor":28.0},{"not_picked":["StarlightTyphoon+1","DC+1","DarkMatter+1","WitchLeyline+1"],"picked":"SKIP","floor":31.0},{"not_picked":["MachineGunSpark+1","UnstableBomb+1","GalacticHalo+1","ShootingEcho+1"],"picked":"SKIP","floor":35.0},{"not_picked":["AsteroidBelt+1","WitchOfGreed+1","6A+1","UnstableBomb+1"],"picked":"SKIP","floor":39},{"not_picked":["Acceleration+1","IllusionStar+1","MachineGunSpark+1","StarBarrage+1"],"picked":"SKIP","floor":40},{"not_picked":["NonDirectionalLaser+1","RefractionSpark+1","SporeBomb+1"],"picked":"MagicChant+1","floor":42},{"not_picked":["OneTimeOff+1","RefractionSpark+1","SatelliteIllusion"],"picked":"Acceleration+1","floor":45},{"not_picked":["DeepEcoloBomb+1","IllusionStar+1","GasGiant+1","GravityBeat+1"],"picked":"SKIP","floor":47},{"not_picked":["MagicAbsorber+1","Singularity+1","MysteriousBeam+1"],"picked":"SporeBomb+1","floor":48}],"player_experience":594765,"relics_obtained":[{"floor":9.0,"key":"Question Card"},{"floor":11.0,"key":"Letter Opener"},{"floor":23.0,"key":"Whetstone"},{"floor":25.0,"key":"Pen Nib"},{"floor":26.0,"key":"Gremlin Horn"},{"floor":28.0,"key":"The Courier"},{"floor":40,"key":"Boot"},{"floor":43,"key":"White Beast Statue"},{"floor":45,"key":"Dream Catcher"},{"floor":47,"key":"MagicBroom"}],"event_choices":[{"damage_healed":0.0,"max_hp_gain":0.0,"max_hp_loss":0.0,"gold_gain":0.0,"event_name":"Liars Game","player_choice":"Ignored","floor":3.0,"gold_loss":0.0,"damage_taken":0.0},{"damage_healed":0.0,"max_hp_gain":0.0,"max_hp_loss":0.0,"gold_gain":0.0,"event_name":"Scrap Ooze","player_choice":"Success","floor":4.0,"gold_loss":0.0,"damage_taken":3.0,"relics_obtained":["HandmadeGrimoire"]},{"damage_healed":0.0,"max_hp_gain":0.0,"max_hp_loss":0.0,"gold_gain":0.0,"event_name":"Shining Light","player_choice":"Entered Light","floor":7.0,"gold_loss":0.0,"damage_taken":15.0,"cards_upgraded":["UpSweep","Strike_MRS"]},{"damage_healed":0.0,"max_hp_gain":0.0,"max_hp_loss":0.0,"gold_gain":360.0,"event_name":"Knowing Skull","player_choice":"GOLD GOLD GOLD GOLD ","floor":20.0,"potions_obtained":[],"gold_loss":0.0,"damage_taken":36.0,"cards_obtained":[]},{"damage_healed":0.0,"max_hp_gain":0.0,"max_hp_loss":0.0,"gold_gain":0.0,"event_name":"Upgrade Shrine","player_choice":"Upgraded","floor":37.0,"gold_loss":0.0,"damage_taken":0.0,"cards_upgraded":["Defend_MRS"]},{"cards_removed":["Strike_MRS"],"damage_healed":0,"gold_gain":0,"player_choice":"Removal","damage_taken":0,"max_hp_gain":0,"max_hp_loss":0,"event_name":"Designer","floor":46,"gold_loss":90}],"is_beta":false,"boss_relics":[{"not_picked":["Cursed Key","conspire:RunicOctahedron"],"picked":"RampagingMagicTools"},{"not_picked":["conspire:SpecialSausage","Sozu"],"picked":"Fusion Hammer"}],"items_purged_floors":[0,30,36,38],"is_endless":false,"potions_floor_spawned":[2,8,16,19,21,28,31,33,40,42,45,47,48],"ascension_level":4}}