{"host":"mawiva5p4keh3hg5","time":1614183869,"event":{"mods":["BaseMod","BetterRewards","Colored Map","Downfall","Hubris","Marisa????????","Minty Spire (QoL Compilation)","READ ME - Guardian Mod","Replay The Spire","StSLib","The Animator","The Cursed","The Disciple","The Necromancer","The Servant 0.9.4"],"gold_per_floor":[99,115,131,131,149,166,218,1,21,54,72,72,72,9,24,124,124,124,135,135,37,37,37,37,37,52,62,62,72,72,5,21,21,21,21],"floor_reached":33,"language":"DEU","playtime":2248,"items_purged":[],"score":299,"play_id":"b472453a-195d-40b5-b0c5-32a03f78da99","local_time":"20210224172429","is_ascension_mode":false,"campfire_choices":[{"floor":1,"key":"DIG"},{"floor":12,"key":"RECALL"},{"floor":18,"key":"DIG"},{"floor":25,"key":"REST"},{"floor":28,"key":"REST"}],"circlet_count":0,"master_deck":["Slimebound:Strike_Slimebound","Slimebound:Strike_Slimebound","Slimebound:Tackle","Slimebound:Defend_Slimebound+1","Slimebound:Defend_Slimebound","Slimebound:Defend_Slimebound","Slimebound:Defend_Slimebound","Slimebound:Split","Slimebound:CorrosiveSpit+1","Slimebound:RollThrough","Slimebound:SplitLeeching","Slimebound:MegaLick","Slimebound:FinishingTackle","Slimebound:SplitBruiser","Slimebound:Schlurp","Slimebound:ItLooksTasty","Slimebound:RollThrough","Slimebound:GoopSpray","Slimebound:SamplingLick","Flex","hubris:NaturalOne","Slimebound:OozeBath","Hallucinations","TheCursedMod:Dregs","hubris:Lust","Slimebound:Schlurp","Slimebound:LevelUp","expansioncontent:AwakenDeath","Slimebound:GrowthPunch+1","Slimebound:DisruptingSlam+1","Slimebound:Gluttony+1","Slimebound:CheckThePlaybook","Slimebound:ProtectTheBoss+1","Slimebound:MegaLick+1"],"relics":["Slimebound:AbsorbEndCombat","War Paint","Pen Nib","Bag of Marbles","hubris:DisguiseKit","hubris:Icosahedron","Replay:Ancient Bell","Shuriken","Ice Cream","ReplayTheSpireMod:Ninjato","downfall:RedIOU","Orichalcum"],"acts_visited":["Exordium","TheCity"],"potions_floor_usage":[9,10,10,10,16,16,16,19,29,31],"damage_taken":[{"damage":3,"enemies":"Cultist","floor":2,"turns":3},{"damage":5,"enemies":"Small Slimes","floor":3,"turns":4},{"damage":1,"enemies":"Jaw Worm","floor":5,"turns":4},{"damage":0,"enemies":"2 Fungi Beasts","floor":6,"turns":2},{"damage":4,"enemies":"downfall:FleeingMerchant","floor":8,"turns":4},{"damage":2,"enemies":"Exordium Wildlife","floor":9,"turns":3},{"damage":0,"enemies":"3 Sentries","floor":10,"turns":5},{"damage":1,"enemies":"downfall:LooterAlt","floor":11,"turns":3},{"damage":0,"enemies":"downfall:FleeingMerchant","floor":14,"turns":4},{"damage":8,"enemies":"Large Slime","floor":15,"turns":4},{"damage":22,"enemies":"DF_ARCHETYPE_STREAMLINE","floor":16,"turns":8},{"damage":21,"enemies":"downfall:LooterAlt2","floor":19,"turns":4},{"damage":15,"enemies":"downfall:FleeingMerchant","floor":21,"turns":4},{"damage":32,"enemies":"3 Byrds","floor":26,"turns":5},{"damage":53,"enemies":"3 Cultists","floor":27,"turns":9},{"damage":14,"enemies":"Centurion and Healer","floor":29,"turns":9},{"damage":8,"enemies":"downfall:FleeingMerchant","floor":31,"turns":4},{"damage":30,"enemies":"Shelled Parasite and Fungi","floor":32,"turns":6},{"damage":70,"enemies":"IC_MUSHROOM_ARCHETYPE","floor":33,"turns":7}],"seed_played":"-2348058198334236932","potions_obtained":[{"floor":2,"key":"Toxic Potion"},{"floor":6,"key":"Block Potion"},{"floor":9,"key":"Slimebound:SlimyTonguePotion"},{"floor":10,"key":"Weak Potion"},{"floor":11,"key":"SteroidPotion"},{"floor":16,"key":"Milkshake"},{"floor":27,"key":"AttackPotion"},{"floor":29,"key":"Elixir"}],"is_trial":false,"path_per_floor":["R_BF","M","M","T","M","M","T","$","M","E","M","R","?","$","M","B",null,"R_BF","M","?","$","?","?","T","R","M","M","R","M","?","$","M","B"],"character_chosen":"SLIMEBOUND","items_purchased":["Bag of Marbles","AttackPotion","Block Potion","expansioncontent:AwakenDeath","Slimebound:ProtectTheBoss+1"],"campfire_rested":2,"item_purchase_floors":[8,8,14,21,31],"current_hp_per_floor":[65,64,61,61,64,65,65,63,61,65,65,65,65,65,59,45,65,65,48,48,35,35,35,35,54,28,14,33,27,48,46,24,0,0,0],"gold":21,"neow_bonus":"TRANSFORM_CARD","is_daily":false,"chose_seed":false,"campfire_upgraded":0,"win_rate":0.0,"timestamp":1614183869,"path_taken":["R_BF","M","M","?","M","?","T","$","M","E","M","R","?","?","M","BOSS","R_BF","M","?","$","?","?","T","R","M","M","R","M","?","?","M","BOSS"],"items_purchased_type":["Relic","Potion","Potion","Card","Card"],"build_version":"2020-12-22","purchased_purges":0,"victory":false,"max_hp_per_floor":[65,65,65,65,65,65,65,65,65,65,65,65,65,65,65,65,65,65,65,65,65,65,65,65,65,65,65,65,65,65,65,65,65,65,65],"card_choices":[{"not_picked":["Slimebound:GoopTackle","Slimebound:ComboTackle"],"picked":"Slimebound:SplitLeeching","floor":2},{"not_picked":["Slimebound:LeechEnergy","Slimebound:GoopSpray"],"picked":"Slimebound:MegaLick","floor":3},{"not_picked":["Slimebound:FirmFortitude","Slimebound:LeadByExample"],"picked":"Slimebound:FinishingTackle","floor":5},{"not_picked":["Slimebound:TongueLash","Slimebound:FinishingTackle"],"picked":"Slimebound:SplitBruiser","floor":6},{"not_picked":["Slimebound:Dissolve","Slimebound:Prepare"],"picked":"Slimebound:Schlurp","floor":8},{"not_picked":["Slimebound:FinishingTackle","Slimebound:SplitAcid"],"picked":"Slimebound:ItLooksTasty","floor":9},{"not_picked":["Slimebound:WasteNot","Slimebound:ItLooksTasty"],"picked":"Slimebound:RollThrough","floor":10},{"not_picked":["Slimebound:LeechEnergy","Slimebound:ComboTackle","Uppercut"],"picked":"Slimebound:GoopSpray","floor":11},{"not_picked":["Slimebound:HauntingLick","Slimebound:SplitLeeching","Iron Wave"],"picked":"Slimebound:SamplingLick","floor":14},{"not_picked":["Slimebound:Schlurp","Slimebound:LeechingTouch","Slimebound:SlimeBarrage"],"picked":"Flex","floor":15},{"not_picked":["Slimebound:FirmFortitude","Slimebound:MassFeed","Hemogenesis"],"picked":"Slimebound:OozeBath","floor":16},{"not_picked":["Shame","downfall:Bewildered","hubris:Compulsion"],"picked":"Hallucinations","floor":17},{"not_picked":["downfall:Malfunctioning","ReplayTheSpireMod:IOU","hubris:Disease"],"picked":"TheCursedMod:Dregs","floor":17},{"not_picked":["downfall:Bewildered","hubris:Sloth","hubris:Gluttony"],"picked":"hubris:Lust","floor":17},{"not_picked":["Slimebound:DisruptingSlam","Slimebound:TongueLash","Replay:Undeath\u0027s Touch"],"picked":"Slimebound:Schlurp","floor":19},{"not_picked":["Slimebound:SlimeTap","Slimebound:Prepare","Disarm"],"picked":"Slimebound:LevelUp","floor":21},{"not_picked":["Slimebound:ComboTackle+1","Slimebound:SplitMire+1","Flex"],"picked":"Slimebound:GrowthPunch+1","floor":26},{"not_picked":["Slimebound:RainOfGoop+1","Slimebound:FlameTackle","Headbutt"],"picked":"Slimebound:DisruptingSlam+1","floor":27},{"not_picked":["Slimebound:ItLooksTasty","Slimebound:Prepare","Corruption"],"picked":"Slimebound:Gluttony+1","floor":29},{"not_picked":["Slimebound:LeechLife","Slimebound:SplitMire","Shrug It Off"],"picked":"Slimebound:CheckThePlaybook","floor":31},{"not_picked":["Slimebound:LeechEnergy","Slimebound:LivingWall","Wild Strike"],"picked":"Slimebound:MegaLick+1","floor":32}],"player_experience":398347,"relics_obtained":[{"floor":1,"key":"War Paint"},{"floor":7,"key":"Pen Nib"},{"floor":10,"key":"hubris:DisguiseKit"},{"floor":18,"key":"ReplayTheSpireMod:Ninjato"},{"floor":24,"key":"Orichalcum"}],"event_choices":[{"damage_healed":21,"gold_gain":0,"player_choice":"Heal","damage_taken":0,"max_hp_gain":0,"max_hp_loss":0,"event_name":"The Library","floor":30,"gold_loss":0}],"is_beta":false,"boss_relics":[{"not_picked":["Replay:Drink Me","Snecko Eye"],"picked":"Replay:Ancient Bell"},{"not_picked":["Gremlin Food","Anchor"],"picked":"Bronze Scales"},{"not_picked":["hubris:MysteriousPyramids","hubris:PeanutButter"],"picked":"Shuriken"},{"not_picked":["Prayer Wheel","hubris:Spice"],"picked":"Ice Cream"}],"items_purged_floors":[],"is_endless":false,"potions_floor_spawned":[2,6,9,10,11,16,27,29],"killed_by":"IC_MUSHROOM_ARCHETYPE","ascension_level":0}}