{"host":"y4fuci1jk2rsxnep","time":1614196422,"event":{"mods":["AchievementEnabler","BaseMod","Colored Powertips","Custom Start","Defuse TimeMaze Blight","Dio Mod","Downfall","Hermit","Hero for Fun","Hubris","Hunter ??","Infinite Spire","Minty Spire (QoL Compilation)","Quick Restart","Reliquary","Remove Card Discount Mod","Replay The Spire","StSLib","The Blackbeard","The Bug Knight","The Mystic","The Runesmith"],"gold_per_floor":[130,159,192,227,245,309,309,0,25,50,77,77,90,20,20,125,125,138,138,153,153,153],"floor_reached":21,"language":"ENG","playtime":1259,"items_purged":["hermit:Strike_Hermit","hermit:Strike_Hermit","hermit:Defend_Hermit"],"score":222,"play_id":"c48ee5ed-2ec1-46d9-9d18-afe1319a69d0","local_time":"20210224205342","is_ascension_mode":true,"campfire_choices":[{"data":"hermit:WideOpen","floor":12,"key":"SMITH"},{"floor":15,"key":"REST"}],"circlet_count":0,"master_deck":["hermit:Strike_Hermit","hermit:Strike_Hermit","hermit:Defend_Hermit","hermit:Defend_Hermit","hermit:Defend_Hermit","hermit:Snapshot","hermit:Covet","hermit:DeadOrAlive","hermit:Virtue","hermit:Enervate","hermit:Malice","hermit:Ricochet","hermit:Midnight","hermit:Brawl","hermit:Horror","hermit:WideOpen+1","hermit:Brawl","hermit:EternalForm","hermit:Quickdraw+1"],"relics":["hermit:Momento","Sling","Replay:Grab Bag","reliquary:RedPaperclip","Philosopher\u0027s Stone","Nloth\u0027s Gift"],"acts_visited":["Exordium","TheCity"],"potions_floor_usage":[1],"damage_taken":[{"damage":0,"enemies":"Cultist","floor":1,"turns":2},{"damage":12,"enemies":"Jaw Worm","floor":2,"turns":3},{"damage":2,"enemies":"2 Louse","floor":3,"turns":2},{"damage":4,"enemies":"Red Slaver","floor":4,"turns":3},{"damage":10,"enemies":"Large Slime","floor":5,"turns":5},{"damage":24,"enemies":"HollowMod:MossKnight","floor":6,"turns":9},{"damage":14,"enemies":"Exordium Wildlife","floor":10,"turns":3},{"damage":8,"enemies":"3 Louse","floor":11,"turns":3},{"damage":11,"enemies":"Looter","floor":13,"turns":2},{"damage":24,"enemies":"Slime Boss","floor":16,"turns":6},{"damage":24,"enemies":"Shell Parasite","floor":18,"turns":4},{"damage":25,"enemies":"2 Thieves","floor":20,"turns":3},{"damage":26,"enemies":"Snake Plant","floor":21,"turns":2}],"seed_played":"-1873415217442689044","potions_obtained":[{"floor":1,"key":"EntropicBrew"},{"floor":3,"key":"PowerPotion"},{"floor":5,"key":"hermit:Eclipse"}],"is_trial":false,"path_per_floor":["M","M","M","M","M","E","?","$","T","M","M","R","M","$","R","B",null,"M","?","M","M"],"character_chosen":"HERMIT","items_purchased":["hermit:Brawl","Sling","hermit:Horror","hermit:Brawl"],"campfire_rested":1,"item_purchase_floors":[8,8,8,14],"current_hp_per_floor":[75,63,61,57,47,23,23,23,23,21,25,25,26,26,48,36,75,51,51,26,0,0],"gold":153,"neow_bonus":"ONE_RANDOM_RARE_CARD","is_daily":false,"chose_seed":false,"campfire_upgraded":1,"win_rate":0.0,"timestamp":1614196422,"path_taken":["M","M","M","M","M","E","?","$","T","M","M","R","M","?","R","BOSS","M","?","?","M"],"items_purchased_type":["Card","Relic","Card","Card"],"build_version":"2020-12-22","purchased_purges":3,"victory":false,"max_hp_per_floor":[75,75,75,75,75,75,75,75,75,75,75,75,75,75,75,75,75,75,75,75,75,75],"card_choices":[{"not_picked":["hermit:Dive","hermit:Deadeye"],"picked":"hermit:Virtue","floor":1},{"not_picked":["hermit:Shortfuse","hermit:Vantage"],"picked":"hermit:Enervate","floor":2},{"not_picked":["hermit:ItchyTrigger","hermit:Manifest"],"picked":"hermit:DeadMansHand","floor":3},{"not_picked":["hermit:Spite","hermit:HoleUp"],"picked":"hermit:Malice","floor":4},{"not_picked":["hermit:Scavenge","hermit:SprayPray"],"picked":"hermit:Ricochet","floor":5},{"not_picked":["hermit:EyeOfTheStorm","hermit:Cheat"],"picked":"hermit:Midnight","floor":6},{"not_picked":["hermit:Misfire","hermit:BigShot"],"picked":"hermit:WideOpen","floor":10},{"not_picked":["hermit:Roulette","hermit:Midnight","hermit:HoleUp"],"picked":"SKIP","floor":11},{"not_picked":["hermit:Grudge","hermit:Snipe","hermit:Dive"],"picked":"SKIP","floor":13},{"not_picked":["hermit:FromBeyond","hermit:Gambit"],"picked":"hermit:EternalForm","floor":16},{"not_picked":["hermit:Glare","hermit:ItchyTrigger"],"picked":"hermit:Quickdraw+1","floor":18},{"not_picked":["hermit:Vantage+1","hermit:HighCaliber","hermit:Feint"],"picked":"SKIP","floor":20}],"player_experience":708750,"relics_obtained":[{"floor":6,"key":"Meat on the Bone"}],"event_choices":[{"cards_removed":["hermit:DeadMansHand"],"damage_healed":0,"gold_gain":0,"player_choice":"Gave Card","damage_taken":0,"relics_obtained":["Oddly Smooth Stone"],"max_hp_gain":0,"max_hp_loss":0,"event_name":"WeMeetAgain","floor":7,"gold_loss":0},{"damage_healed":0,"gold_gain":0,"player_choice":"Traded Relic","damage_taken":0,"relics_obtained":["Nloth\u0027s Gift"],"max_hp_gain":0,"max_hp_loss":0,"event_name":"N\u0027loth","floor":19,"relics_lost":["Black Star"],"gold_loss":0}],"is_beta":false,"boss_relics":[{"not_picked":["hubris:BlackHole","hubris:CrackedHourglass"],"picked":"Replay:Grab Bag"},{"not_picked":["bronze:MakeshiftBattery","hubris:TerracottaHorce"],"picked":"reliquary:RedPaperclip"},{"not_picked":["Painkiller Herb","ReplayTheSpireMod:DimensionalGlitch"],"picked":"Philosopher\u0027s Stone"},{"not_picked":["Kintsugi","hubris:HollowSoul"],"picked":"Black Star"}],"items_purged_floors":[8,8,8],"is_endless":false,"potions_floor_spawned":[1,3,5,6,18],"killed_by":"Snake Plant","ascension_level":4}}