{"host":"ie50qk0ts9eskyyo","time":1614131087,"event":{"mods":["BaseMod","BetterRewards","Colored Map","Curses Come First","Downfall","Highlight Path","Hubris","Infinite Spire","Minty Spire (QoL Compilation)","Quick Restart","Reliquary","Replay The Spire","Shop Mod","StSLib","SuperFastMode","The Jungle"],"gold_per_floor":[99,99,99,99,99,9,9,9,24,49,69,54,74,74,92,197,247,47,47,47,61,61,74,74,87,87,87,87,87],"floor_reached":27,"language":"ENG","playtime":1612,"items_purged":["hubris:Wrath"],"score":259,"play_id":"22bb2f9a-fb03-4a4d-b499-d27874ad2293","local_time":"20210223204447","is_ascension_mode":false,"campfire_choices":[{"floor":1,"key":"RECALL"},{"data":"Slimebound:DouseInSlime","floor":18,"key":"SMITH"},{"data":"Slimebound:Equalize","floor":26,"key":"SMITH"}],"circlet_count":0,"master_deck":["Slimebound:Tackle","Slimebound:Defend_Slimebound","Slimebound:Defend_Slimebound","Slimebound:Defend_Slimebound","Slimebound:Defend_Slimebound","Slimebound:Split","Slimebound:CorrosiveSpit","Slimebound:SplitLeeching","Slimebound:Repurpose","Slimebound:DuplicatedForm","Slimebound:RejuvenatingLick","Slimebound:GoopSpray","Slimebound:Equalize+1","Pain","Slimebound:SplitMire","Slimebound:LevelUp+1","Slimebound:LivingWall","Slimebound:Repurpose","Slimebound:DouseInSlime+1","Slimebound:Equalize"],"relics":["Slimebound:AbsorbEndCombat","downfall:HeartsMalice","WarpedTongs","Bird Faced Urn","hubris:Icosahedron","Tiny House","downfall:HeartBlessingRed","downfall:HeartBlessingBlue","hubris:PeanutButter"],"acts_visited":["Exordium","TheCity"],"potions_floor_usage":[12,27],"damage_taken":[{"damage":0,"enemies":"Jaw Worm","floor":2,"turns":1},{"damage":0,"enemies":"downfall:FleeingMerchant","floor":4,"turns":1},{"damage":0,"enemies":"Cultist","floor":5,"turns":1},{"damage":3,"enemies":"downfall:FleeingMerchant","floor":6,"turns":4},{"damage":3,"enemies":"2 Louse","floor":9,"turns":3},{"damage":22,"enemies":"3 Sentries","floor":10,"turns":7},{"damage":4,"enemies":"Blue Slaver","floor":11,"turns":3},{"damage":24,"enemies":"downfall:FleeingMerchant","floor":12,"turns":4},{"damage":20,"enemies":"Exordium Thugs","floor":13,"turns":4},{"damage":10,"enemies":"Large Slime","floor":15,"turns":4},{"damage":14,"enemies":"SI_SHIV_ARCHETYPE","floor":16,"turns":7},{"damage":29,"enemies":"3 Byrds","floor":21,"turns":7},{"damage":6,"enemies":"Shell Parasite","floor":23,"turns":8},{"damage":36,"enemies":"Sentry and Sphere","floor":25,"turns":6},{"damage":92,"enemies":"3 Cultists","floor":27,"turns":6}],"seed_played":"1615886090108631227","potions_obtained":[{"floor":9,"key":"Regen Potion"},{"floor":10,"key":"hexamod:SoulburnPotion"},{"floor":11,"key":"ColorlessPotion"},{"floor":15,"key":"Weak Potion"}],"is_trial":false,"path_per_floor":["R","M","?","$","M","$","T","?","M","E","M","$","M","?","M","B",null,"R","?","T","M","?","M","T","M","R","M"],"character_chosen":"SLIMEBOUND","items_purchased":[],"campfire_rested":0,"item_purchase_floors":[],"current_hp_per_floor":[65,65,65,65,65,65,65,65,65,51,55,62,61,61,65,65,70,80,80,80,65,65,69,69,49,49,0,0,0],"gold":87,"neow_bonus":"THREE_ENEMY_KILL","is_daily":false,"chose_seed":false,"campfire_upgraded":2,"win_rate":0.0,"timestamp":1614131087,"path_taken":["R","M","?","$","?","$","T","?","M","E","M","$","?","?","M","BOSS","R","?","?","M","?","M","T","M","R","?"],"items_purchased_type":[],"build_version":"2020-12-22","purchased_purges":1,"victory":false,"max_hp_per_floor":[65,65,65,65,65,65,65,65,65,65,65,65,65,65,65,65,70,80,80,80,80,80,80,80,80,80,80,80,80],"card_choices":[{"not_picked":["Slimebound:Nibble","Slimebound:DisruptingSlam"],"picked":"Slimebound:SplitLeeching","floor":2},{"not_picked":["Slimebound:LivingWall","Slimebound:ItLooksTasty"],"picked":"Slimebound:GoopSpray","floor":4},{"not_picked":["Slimebound:AcidTongue","Slimebound:Replication","Slimebound:PressTheAttack"],"picked":"SKIP","floor":5},{"not_picked":["Slimebound:Schlurp","Slimebound:GoopTackle"],"picked":"Slimebound:Equalize","floor":6},{"not_picked":["Slimebound:HauntingLick","Slimebound:FormOfPuddle"],"picked":"Slimebound:SplitMire","floor":9},{"not_picked":["Slimebound:LivingWall","Slimebound:SelfFormingGoo"],"picked":"Slimebound:LevelUp","floor":10},{"not_picked":["Slimebound:Prepare","Slimebound:Schlurp","Slimebound:FlameTackle"],"picked":"SKIP","floor":11},{"not_picked":["Slimebound:Nibble","Slimebound:LeechingTouch"],"picked":"Slimebound:LivingWall","floor":12},{"not_picked":["Slimebound:SlimeSpikes","Slimebound:Nibble"],"picked":"Slimebound:Repurpose","floor":13},{"not_picked":["Slimebound:SamplingLick","Slimebound:ItLooksTasty","Slimebound:SlimeSpikes"],"picked":"SKIP","floor":15},{"not_picked":["Slimebound:SelfFormingGoo","Slimebound:PrepareCrush"],"picked":"Slimebound:DouseInSlime","floor":16},{"not_picked":["Slimebound:GoopSpray+1","Slimebound:SplitLeeching","Slimebound:TongueLash"],"picked":"SKIP","floor":21},{"not_picked":["Slimebound:LeechEnergy","Slimebound:FinishingTackle"],"picked":"Slimebound:Equalize","floor":23},{"not_picked":["Slimebound:PressTheAttack+1","Slimebound:HauntingLick","Slimebound:ViciousTackle"],"picked":"SKIP","floor":25}],"player_experience":126277,"relics_obtained":[{"floor":10,"key":"Bird Faced Urn"},{"floor":20,"key":"hubris:PeanutButter"}],"event_choices":[{"damage_healed":0,"gold_gain":0,"player_choice":"Rummage","damage_taken":0,"relics_obtained":["WarpedTongs"],"max_hp_gain":0,"max_hp_loss":0,"event_name":"Accursed Blacksmith","floor":8,"gold_loss":0,"cards_obtained":["Pain"]},{"damage_healed":0,"gold_gain":0,"player_choice":"Ignored","damage_taken":0,"max_hp_gain":0,"max_hp_loss":0,"event_name":"Ghosts","floor":19,"gold_loss":0},{"damage_healed":0,"gold_gain":0,"player_choice":"Ignored","damage_taken":0,"max_hp_gain":0,"max_hp_loss":0,"event_name":"NoteForYourself","floor":22,"gold_loss":0}],"is_beta":false,"boss_relics":[{"not_picked":["Replay:Drink Me","reliquary:KinkedSpring"],"picked":"Tiny House"}],"items_purged_floors":[6],"is_endless":false,"potions_floor_spawned":[9,10,11,15,16,21,25],"killed_by":"3 Cultists","ascension_level":0}}