{"host":"q79dm2j0pr18ov08","time":1614178582,"event":{"mods":["Act Like it!","Arknights","BaseMod","CapriCore","Colored Powertips","Gensokyo","Googly Eyes","Koishi","Marisa（F雨　魔理沙）","Minty Spire (QoL Compilation)","MostiFishMod","Pale of the Ancients","Reimu（博丽灵梦）","Replay The Spire","Ruina","RumiaBox-露米娅的神秘盒子","StSLib","TestMod","The Administrix","The Construct","The Immortal","The IronCluck","The Jungle","The Servant 0.9.4","UnlockEverythingMod","Waifu the Spire","[IsaacMod]以撒尖塔","noobMod","【遗物卡牌】REMEMod"],"gold_per_floor":[116,132,57,69,88,121,121,155,155,155,171,201,201,231,231,306,306,318,338,76,76,96,96,124,124,124,158,158,171,198,248,248,325,325,337,84,84,99,99,130,130,346,396,416,134,162,162,195,195,202,202,202],"floor_reached":51,"language":"ZHS","playtime":3805,"items_purged":["Strike_R","Strike_R","Pride"],"score":2202,"play_id":"a172d3d1-1374-49a6-aa1a-0c0263e96c1b","local_time":"20210224225622","is_ascension_mode":true,"campfire_choices":[{"data":"MostiFishMod:HellRitual","floor":7.0,"key":"SMITH"},{"data":"Body Slam","floor":10.0,"key":"SMITH"},{"data":"Shrug It Off","floor":15.0,"key":"SMITH"},{"data":"REME_ACTH","floor":23.0,"key":"SMITH"},{"floor":28.0,"key":"RECALL"},{"data":"Intimidate","floor":32.0,"key":"SMITH"},{"data":"Gensokyo:HAARP","floor":41.0,"key":"SMITH"},{"data":"Gensokyo:PrivateSquare","floor":49.0,"key":"SMITH"}],"circlet_count":0,"master_deck":["AscendersBane","Strike_R","Strike_R+1","Strike_R","Defend_R","Defend_R","Defend_R","Defend_R","Bash","Bash","Cleave","Body Slam+1","MostiFishMod:HellRitual+1","Shrug It Off+1","REME_ACTH+1","Intimidate+1","Ghostly Armor","Heavy Blade+1","Shrug It Off","Uppercut+1","Gensokyo:HAARP+1","Heavy Blade+1","Gensokyo:PrivateSquare+1"],"relics":["Burning Blood","HushsDoor","ice","DianPoetry","Void","SynthV:TestCard","GodSword5","Replay:Bottled Flurry","Gremlin Horn","RhineCircuit","Replay:Baseball","ImprovedEquipment","Onion Ring","Lantern","Iron Hammer","Pet Ghost","EasyGame_NEW","SatanicBible","Gensokyo:EmptyGrave","BelialBook","SalivaCoin","Whetstone","Mummified Hand","Nunchaku","testmod-AssaultLearning"],"acts_visited":["Gensokyo:Gensokyo","Gensokyo:Gensokyoer","Gensokyo:Gensokyoest"],"potions_floor_usage":[],"damage_taken":[{"damage":12.0,"enemies":"Gensokyo:3_Fairies","floor":1.0,"turns":4.0},{"damage":3.0,"enemies":"Gensokyo:Gryphon","floor":2.0,"turns":3.0},{"damage":3.0,"enemies":"Gensokyo:2_Kodama","floor":4.0,"turns":2.0},{"damage":0.0,"enemies":"Gensokyo:Gryphon_and_Rabbit","floor":5.0,"turns":2.0},{"damage":13.0,"enemies":"Gensokyo:Mamizou","floor":6.0,"turns":7.0},{"damage":3.0,"enemies":"Gensokyo:Aya","floor":8.0,"turns":5.0},{"damage":0.0,"enemies":"Gensokyo:LivingMonolith","floor":11.0,"turns":3.0},{"damage":0.0,"enemies":"Gensokyo:Mamizou","floor":12.0,"turns":5.0},{"damage":5.0,"enemies":"Gensokyo:Cirno","floor":14.0,"turns":4.0},{"damage":3.0,"enemies":"Gensokyo:Yukari","floor":16.0,"turns":7.0},{"damage":14.0,"enemies":"Gensokyo:3_Dogs","floor":18.0,"turns":4.0},{"damage":4.0,"enemies":"Gensokyo:CosmicMonolith","floor":19.0,"turns":4.0},{"damage":7.0,"enemies":"Gensokyo:Slime_Group","floor":22.0,"turns":4.0},{"damage":5.0,"enemies":"Gensokyo:Koishi","floor":24.0,"turns":4.0},{"damage":0.0,"enemies":"Gensokyo:Tenshi","floor":27.0,"turns":3.0},{"damage":0.0,"enemies":"Gensokyo:Wraith","floor":29.0,"turns":2.0},{"damage":0.0,"enemies":"Gensokyo:Reisen","floor":30.0,"turns":2.0},{"damage":0.0,"enemies":"Hiden Room Battle","floor":31.0,"turns":4.0},{"damage":8.0,"enemies":"Gensokyo:Kaguya","floor":33.0,"turns":6.0},{"damage":0.0,"enemies":"Gensokyo:AncientGuardian","floor":35.0,"turns":3.0},{"damage":0.0,"enemies":"Gensokyo:3_Bats","floor":38.0,"turns":3.0},{"damage":16.0,"enemies":"Gensokyo:Kasen","floor":40.0,"turns":6.0},{"damage":0.0,"enemies":"Gensokyo:Sharpion","floor":42.0,"turns":4.0},{"damage":0.0,"enemies":"Gensokyo:AtlasGolem","floor":44.0,"turns":4.0},{"damage":0.0,"enemies":"Gensokyo:Doremy","floor":46.0,"turns":4.0},{"damage":0.0,"enemies":"Gensokyo:Marisa","floor":48.0,"turns":5.0},{"damage":0.0,"enemies":"Gensokyo:Scarlet_Devils","floor":50.0,"turns":6.0},{"damage":0,"enemies":"Gensokyo:Shinki","floor":51,"turns":1}],"seed_played":"-7107352598789136773","potions_obtained":[{"floor":5.0,"key":"AttackPotion"},{"floor":6.0,"key":"Block Potion"},{"floor":18.0,"key":"REME_GoldPotion"},{"floor":24.0,"key":"SneckoOil"},{"floor":27.0,"key":"Toxic Potion"}],"is_trial":false,"path_per_floor":["M","M","$","M","M","E","R","E","T","R","M","E","?","E","R","B",null,"M","M","$","?","M","R","E","?","T","E","R","M","E","?","R","B",null,"M","COS","?","M","?","E","R","M","T","M","$","E","?","E","R","B","B"],"character_chosen":"IRONCLAD","items_purchased":["Replay:Baseball","SatanicBible","Whetstone"],"campfire_rested":0,"item_purchase_floors":[20,34,45],"current_hp_per_floor":[62,66,66,69,75,68,68,72,72,72,75,75,75,75,72,72,72,65,68,68,68,68,68,70,69,69,69,69,69,69,61,61,60,59,59,59,54,54,54,45,45,51,51,51,51,51,51,51,51,51,51,51],"gold":202,"neow_bonus":"RANDOM_COLORLESS","is_daily":false,"chose_seed":false,"campfire_upgraded":7,"win_rate":0.0,"timestamp":1614178582,"path_taken":["M","M","?","M","M","E","R","E","T","R","M","E","?","E","R","BOSS","M","M","$","?","M","R","E","?","T","E","R","M","E","?","R","BOSS","M","COS","?","M","?","E","R","?","T","?","$","E","?","E","R","BOSS","BOSS"],"items_purchased_type":["Relic","Relic","Relic"],"build_version":"2020-12-22","purchased_purges":3,"victory":false,"max_hp_per_floor":[75,75,75,75,75,75,75,75,75,75,75,75,75,75,72,72,72,72,72,72,72,72,72,72,69,69,69,69,69,69,69,69,69,59,59,59,54,54,54,51,51,51,51,51,51,51,51,51,51,51,51,51],"card_choices":[{"not_picked":["Swift Strike","BettingIsNotGood"],"picked":"Bomb","floor":0.0},{"not_picked":["REME_FearOfPain","Wild Strike","Sword Boomerang"],"picked":"SKIP","floor":1.0},{"not_picked":["Sentinel","Massacre","Flex","Infernal Blade"],"picked":"Cleave","floor":2.0},{"not_picked":["Replay:Undeath\u0027s Touch","Pummel","Clothesline","Clash","Anger"],"picked":"SKIP","floor":4.0},{"not_picked":["Dark Embrace","Fiend Fire","Infernal Blade","True Grit"],"picked":"Body Slam","floor":5.0},{"not_picked":["True Grit","Dark Embrace","Perfected Strike","Anger"],"picked":"MostiFishMod:HellRitual","floor":6.0},{"not_picked":["Wild Strike","Whirlwind","ReplayTheSpireMod:Strike From Hell","Heavy Blade"],"picked":"Shrug It Off","floor":8.0},{"not_picked":["Combust","Twin Strike","Reckless Charge","Dual Wield","Rampage"],"picked":"SKIP","floor":11.0},{"not_picked":["REME_Cut","Spot Weakness","MostiFishMod:WingOfPhoenix","Rupture","Run Through"],"picked":"SKIP","floor":12.0},{"not_picked":["Dropkick","MostiFishMod:OrdinaryWorld","Fire Breathing","Burning Pact","Searing Blow"],"picked":"SKIP","floor":14.0},{"not_picked":["Corruption","Hemogenesis","MostiFishMod:CullingBlade","MostiFishMod:DoubleSword"],"picked":"REME_ACTH","floor":16.0},{"not_picked":["Iron Wave","Perfected Strike","Sword Boomerang","Cleave"],"picked":"Intimidate","floor":18.0},{"not_picked":["Replay:Undeath\u0027s Touch","Disarm+1","Dual Wield","REME_SingleHolding","ReplayReversal"],"picked":"SKIP","floor":19.0},{"not_picked":["Cleave","MostiFishMod:Mania","Seeing Red","Power Through"],"picked":"Heavy Blade+1","floor":22.0},{"not_picked":["ReplayTheSpireMod:Strike From Hell","Clash","Iron Wave","Disarm"],"picked":"Shrug It Off","floor":24.0},{"not_picked":["Life Link","Clash+1","Blood for Blood","Brutality","Sword Boomerang+1"],"picked":"SKIP","floor":27.0},{"not_picked":["Battle Trance","Second Wind","Body Slam","Havoc","Iron Wave"],"picked":"SKIP","floor":29.0},{"not_picked":["Burning Pact","Run Through","MostiFishMod:Chiaki","Defy Death","Infernal Blade"],"picked":"SKIP","floor":30.0},{"not_picked":["Ghostly Armor","Metallicize","Clash","Run Through"],"picked":"Uppercut+1","floor":31.0},{"not_picked":["Run Through","ReplayTheSpireMod:Strike From Hell+1","Iron Wave+1","Cleave+1","Thunderclap"],"picked":"SKIP","floor":35.0},{"not_picked":["Dark Embrace","True Grit","Dropkick+1","Sword Boomerang"],"picked":"Heavy Blade","floor":38.0},{"not_picked":["ReplayTheSpireMod:Corrosion Curse+1","Run Through+1","Heavy Blade+1","Combust","Sword Boomerang"],"picked":"SKIP","floor":40.0},{"not_picked":["REME_Fury","Run Through","MostiFishMod:BrandingRite+1","ReplayTheSpireMod:Strike From Hell+1","Thunderclap"],"picked":"SKIP","floor":42.0},{"not_picked":["Heavy Blade+1","ReplayTheSpireMod:Muscle Training+1","Twin Strike","Flame Barrier","Infernal Blade"],"picked":"SKIP","floor":44.0},{"not_picked":["Abandon","Twin Strike","Combust","Limit Break","Blood for Blood"],"picked":"SKIP","floor":46.0},{"not_picked":["Twin Strike","MostiFishMod:BrandingRite","Wild Strike+1","Heavy Blade","Whirlwind"],"picked":"SKIP","floor":48.0}],"player_experience":370043,"relics_obtained":[{"floor":1.0,"key":"SynthV:TestCard"},{"floor":6.0,"key":"GodSword5"},{"floor":8.0,"key":"Replay:Bottled Flurry"},{"floor":12.0,"key":"Gremlin Horn"},{"floor":14.0,"key":"GuppysPaw"},{"floor":24.0,"key":"Darkstone Periapt"},{"floor":26.0,"key":"ImprovedEquipment"},{"floor":27.0,"key":"Onion Ring"},{"floor":30.0,"key":"Lantern"},{"floor":31.0,"key":"Iron Hammer"},{"floor":31.0,"key":"Pet Ghost"},{"floor":40.0,"key":"Replay:PocketPolymizer"},{"floor":43.0,"key":"SalivaCoin"},{"floor":46.0,"key":"Mummified Hand"},{"floor":48.0,"key":"testmod-AssaultLearning"}],"event_choices":[{"damage_healed":0.0,"max_hp_gain":0.0,"max_hp_loss":0.0,"gold_gain":0.0,"event_name":"给自己的盒子","player_choice":"Ignored","floor":25.0,"gold_loss":0.0,"damage_taken":0.0},{"damage_healed":0.0,"max_hp_gain":0.0,"max_hp_loss":0.0,"gold_gain":0.0,"event_name":"HidenRoomEvent","player_choice":"Fight","floor":31.0,"gold_loss":0.0,"damage_taken":0.0}],"is_beta":false,"boss_relics":[{"not_picked":["Mark of Pain","GreenFoldingFan"],"picked":"RhineCircuit"},{"not_picked":[]},{"not_picked":["Sozu","Honey Jar"],"picked":"EasyGame_NEW"},{"not_picked":[]}],"items_purged_floors":[3,20,45],"is_endless":false,"potions_floor_spawned":[5,6,8,11,16,18,24,27,33,35,38,44,46],"killed_by":"Gensokyo:Shinki","ascension_level":20}}