{"host":"q9sqrn60n8lvmavn","time":1614155723,"event":{"mods":["AchievementEnabler","AlwaysNeverKeys","BaseMod","Better Third Choice","Better Vampires","Better-Laid Plans","Block Reminder","Colored Powertips","Curses Come First","DNKmod","Emptier Cage","Friendly Minions","Minty Spire (QoL Compilation)","Permanent Neow","Relic Filter Mod","Reorder Act Four","Shop Mod","StSLib","Weighted Paths"],"gold_per_floor":[1019,1019,1037,1037,686,716,716,733,733,763,775,820,832,854,866,952,964,987,999,1110,1122,1148,1160,1205,1217,1229,1241,1283,1313,738,758,758,832,832,843,859,869,889,294,326,326,359,359,35,35,46,46,63,63,63,63,38,38,73,73],"floor_reached":56,"language":"ENG","playtime":2140,"items_purged":["Strike_B","Zap","Defend_B","Defend_B","Defend_B"],"score":1967,"play_id":"5f13723d-eeab-4904-878c-c3fb2dc7ff46","local_time":"20210224003523","is_ascension_mode":true,"campfire_choices":[{"data":"Reprogram","floor":7,"key":"SMITH"},{"data":"Scrape","floor":11,"key":"SMITH"},{"data":"Go for the Eyes","floor":15,"key":"SMITH"},{"data":"Beam Cell","floor":23,"key":"SMITH"},{"data":"Gash","floor":25,"key":"SMITH"},{"data":"All For One","floor":27,"key":"SMITH"},{"data":"Steam","floor":32,"key":"SMITH"},{"data":"Machine Learning","floor":41,"key":"SMITH"},{"data":"Scrape","floor":47,"key":"SMITH"},{"data":"Gash","floor":49,"key":"SMITH"},{"data":"Gash","floor":53,"key":"SMITH"}],"circlet_count":0,"master_deck":["AscendersBane","Defend_B","Steam+1","Scrape+1","Gash+1","Reprogram+1","Go for the Eyes+1","Echo Form","All For One+1","Bite","Bite","Bite","Beam Cell+1","Machine Learning+1","Auto Shields+1","Scrape+1","Gash+1","Hologram+1","Hologram+1","Gash","Madness+1","Madness+1","Go for the Eyes+1","Gash+1"],"relics":["Incense Burner","PreservedInsect","MerchantsRug","HandDrill","Toxic Egg 2","Black Star","Ancient Tea Set","The Courier","Sundial","InkBottle","Anchor","Bag of Marbles","Pantograph","Bag of Preparation","Nuclear Battery","Shuriken","Matryoshka","Lizard Tail","Blood Vial","Nunchaku","Vajra","Mummified Hand","Bottled Flame","Oddly Smooth Stone"],"acts_visited":["Exordium","TheCity","TheBeyond","TheEnding"],"potions_floor_usage":[6,33,33],"damage_taken":[{"damage":0,"enemies":"Jaw Worm","floor":1,"turns":3},{"damage":0,"enemies":"Cultist","floor":3,"turns":4},{"damage":1,"enemies":"Lagavulin","floor":6,"turns":6},{"damage":3,"enemies":"Small Slimes","floor":8,"turns":3},{"damage":0,"enemies":"Looter","floor":10,"turns":3},{"damage":16,"enemies":"3 Sentries","floor":12,"turns":7},{"damage":0,"enemies":"Blue Slaver","floor":14,"turns":3},{"damage":45,"enemies":"The Guardian","floor":16,"turns":8},{"damage":6,"enemies":"Spheric Guardian","floor":18,"turns":4},{"damage":0,"enemies":"2 Thieves","floor":22,"turns":4},{"damage":8,"enemies":"Slavers","floor":24,"turns":6},{"damage":12,"enemies":"Book of Stabbing","floor":28,"turns":4},{"damage":14,"enemies":"Snake Plant","floor":29,"turns":4},{"damage":0,"enemies":"Cultist and Chosen","floor":31,"turns":4},{"damage":24,"enemies":"Collector","floor":33,"turns":7},{"damage":8,"enemies":"3 Darklings","floor":35,"turns":6},{"damage":0,"enemies":"3 Shapes","floor":36,"turns":3},{"damage":0,"enemies":"Sphere and 2 Shapes","floor":37,"turns":4},{"damage":0,"enemies":"Writhing Mass","floor":38,"turns":4},{"damage":14,"enemies":"Reptomancer","floor":40,"turns":3},{"damage":0,"enemies":"Giant Head","floor":42,"turns":4},{"damage":12,"enemies":"4 Shapes","floor":46,"turns":3},{"damage":0,"enemies":"Jaw Worm Horde","floor":48,"turns":2},{"damage":31,"enemies":"Awakened One","floor":50,"turns":5},{"damage":7,"enemies":"Shield and Spear","floor":54,"turns":3},{"damage":97,"enemies":"The Heart","floor":55,"turns":6}],"seed_played":"-8982432906840448834","potions_obtained":[{"floor":3,"key":"Regen Potion"},{"floor":6,"key":"FocusPotion"},{"floor":10,"key":"PotionOfCapacity"},{"floor":16,"key":"DuplicationPotion"},{"floor":18,"key":"CultistPotion"},{"floor":31,"key":"PowerPotion"},{"floor":35,"key":"FearPotion"},{"floor":37,"key":"LiquidBronze"},{"floor":48,"key":"FairyPotion"}],"is_trial":false,"path_per_floor":["M","?","M","?","$","E","R","M","T","M","R","E","?","M","R","B",null,"M","?","?","?","M","R","E","R","T","R","E","M","$","M","R","B",null,"M","M","M","M","$","E","R","E","T","$","?","M","R","M","R","B",null,"$","R","E","B",null],"character_chosen":"DEFECT","items_purchased":["MerchantsRug","Gash","HandDrill","Anchor","Lee\u0027s Waffle","Bag of Marbles","Pantograph","Bag of Preparation","Scrape","Gash","Shuriken","Matryoshka","Hologram+1","Vajra","Mummified Hand","Gash"],"campfire_rested":0,"item_purchase_floors":[5,5,5,30,30,30,30,30,39,39,39,39,39,44,44,44],"current_hp_per_floor":[100,97,97,87,87,95,95,92,92,92,92,76,76,76,76,31,83,77,77,77,77,81,81,79,79,79,79,73,61,88,88,88,67,83,80,84,88,88,88,74,74,82,82,88,77,71,71,79,79,61,81,81,81,83,26],"gold":73,"neow_bonus":"BOSS_RELIC","is_daily":false,"chose_seed":false,"campfire_upgraded":11,"win_rate":0.0,"timestamp":1614155723,"path_taken":["M","?","M","?","$","E","R","?","T","M","R","E","?","M","R","BOSS","M","?","?","?","M","R","E","R","T","R","E","M","$","M","R","BOSS","M","M","M","M","$","E","R","E","T","$","?","M","R","M","R","BOSS","$","R","E","BOSS"],"items_purchased_type":["Relic","Card","Relic","Relic","Relic","Relic","Relic","Relic","Card","Card","Relic","Relic","Card","Relic","Relic","Card"],"build_version":"2020-12-22","purchased_purges":5,"victory":true,"max_hp_per_floor":[100,100,100,100,100,100,100,100,100,100,100,100,100,100,100,100,100,100,81,81,81,81,81,81,81,81,81,81,81,88,88,88,88,88,88,88,88,88,88,88,88,88,88,88,88,88,88,88,88,88,88,88,88,88,88],"card_choices":[{"not_picked":["Sweeping Beam","Rip and Tear"],"picked":"Steam","floor":1},{"not_picked":["Compile Driver","Gash"],"picked":"Scrape","floor":3},{"not_picked":["Cold Snap","Echo Form"],"picked":"Reprogram","floor":6},{"not_picked":["Cold Snap","Redo"],"picked":"Go for the Eyes","floor":8},{"not_picked":["Leap","Capacitor","Lockon"],"picked":"SKIP","floor":10},{"not_picked":["Force Field+1","Stack+1"],"picked":"Echo Form","floor":12},{"not_picked":["Chaos+1","Chill+1","Barrage"],"picked":"SKIP","floor":14},{"not_picked":["Meteor Strike","Reboot+1"],"picked":"All For One","floor":16},{"not_picked":["Streamline+1","Stack+1","Turbo+1"],"picked":"SKIP","floor":18},{"not_picked":["Redo+1","Go for the Eyes"],"picked":"Beam Cell","floor":22},{"not_picked":["Loop","Cold Snap","Storm"],"picked":"SKIP","floor":24},{"not_picked":["Melter+1","Double Energy+1","Rebound"],"picked":"SKIP","floor":28},{"not_picked":["Recycle+1","White Noise+1","Rebound"],"picked":"SKIP","floor":29},{"not_picked":["Doom and Gloom","Coolheaded+1","Recycle+1"],"picked":"SKIP","floor":31},{"not_picked":["Amplify+1","Thunder Strike"],"picked":"Machine Learning","floor":33},{"not_picked":["Lockon","Stack+1"],"picked":"Auto Shields+1","floor":35},{"not_picked":["Fusion+1","Force Field+1","Streamline"],"picked":"SKIP","floor":36},{"not_picked":["Force Field+1","Defragment+1","Stack+1"],"picked":"SKIP","floor":37},{"not_picked":["Compile Driver+1","Barrage","Rebound"],"picked":"SKIP","floor":38},{"not_picked":["Consume+1","Ball Lightning"],"picked":"Hologram+1","floor":40},{"not_picked":["Compile Driver","Rip and Tear","Reinforced Body+1"],"picked":"SKIP","floor":42},{"not_picked":["Ball Lightning","Undo+1"],"picked":"Go for the Eyes+1","floor":46},{"not_picked":["Conserve Battery+1","Darkness+1"],"picked":"Gash","floor":48},{"not_picked":["Barrage+1","Meteor Strike","White Noise+1"],"picked":"SKIP","floor":54}],"player_experience":253906,"relics_obtained":[{"floor":6,"key":"MealTicket"},{"floor":9,"key":"MawBank"},{"floor":12,"key":"Toxic Egg 2"},{"floor":24,"key":"Boot"},{"floor":24,"key":"Ancient Tea Set"},{"floor":26,"key":"The Courier"},{"floor":28,"key":"Sundial"},{"floor":28,"key":"InkBottle"},{"floor":40,"key":"Orichalcum"},{"floor":40,"key":"Lizard Tail"},{"floor":42,"key":"Blood Vial"},{"floor":42,"key":"Dream Catcher"},{"floor":43,"key":"Bronze Scales"},{"floor":43,"key":"Nunchaku"},{"floor":54,"key":"Bottled Flame"},{"floor":54,"key":"Oddly Smooth Stone"}],"event_choices":[{"damage_healed":0,"gold_gain":0,"player_choice":"Relic ","damage_taken":3,"max_hp_gain":0,"max_hp_loss":0,"event_name":"betterThird:BetterScrap","floor":2,"gold_loss":0,"cards_obtained":["SandsOfTime"]},{"damage_healed":0,"gold_gain":0,"player_choice":"Damaged","damage_taken":10,"max_hp_gain":0,"max_hp_loss":0,"event_name":"Wheel of Change","floor":4,"gold_loss":0},{"damage_healed":0,"gold_gain":0,"player_choice":"Ignored","damage_taken":832,"max_hp_gain":0,"max_hp_loss":0,"event_name":"betterThird:BetterSerpent","floor":13,"gold_loss":0},{"damage_healed":0,"gold_gain":0,"player_choice":"Became a vampire","damage_taken":0,"max_hp_gain":0,"max_hp_loss":19,"event_name":"Vampires","floor":19,"gold_loss":0,"cards_obtained":["Bite","Bite","Bite"]},{"damage_healed":0,"gold_gain":99,"player_choice":"Steal","damage_taken":0,"max_hp_gain":0,"max_hp_loss":0,"event_name":"betterThird:BetterNest","floor":20,"gold_loss":0},{"cards_removed":["Dualcast"],"damage_healed":0,"gold_gain":0,"player_choice":"Elegance","damage_taken":0,"max_hp_gain":0,"max_hp_loss":0,"event_name":"betterThird:BetterWriting","floor":21,"gold_loss":0},{"damage_healed":0,"gold_gain":0,"player_choice":"Embrace Madness","damage_taken":11,"max_hp_gain":0,"max_hp_loss":0,"event_name":"Winding Halls","floor":45,"gold_loss":0,"cards_obtained":["Madness","Madness"]}],"is_beta":false,"boss_relics":[{"not_picked":["Empty Cage","Sozu"],"picked":"Black Star"},{"not_picked":["Runic Pyramid","Coffee Dripper"],"picked":"Nuclear Battery"}],"items_purged_floors":[5,30,39,44,52],"is_endless":false,"potions_floor_spawned":[3,6,10,14,16,18,24,31,35,37,38,48],"ascension_level":13}}