{"host":"p9xedk00duaz8l9n","time":1614174060,"event":{"mods":["BaseMod","Colored Map","DeckTracker","Highlight Path","Minty Spire (QoL Compilation)","Relic Stats","SuperFastMode"],"gold_per_floor":[119,134,147,147,162,162,187,187,213,241,341,341,341],"floor_reached":12,"language":"JPN","playtime":546,"items_purged":[],"score":226,"play_id":"bd4c4c14-053a-4451-8e44-21a0c88b80be","local_time":"20210224224100","is_ascension_mode":true,"campfire_choices":[{"data":"Bash","floor":6,"key":"SMITH"},{"data":"Thunderclap","floor":8,"key":"SMITH"}],"circlet_count":0,"master_deck":["AscendersBane","Strike_R","Strike_R","Strike_R","Strike_R","Strike_R","Defend_R","Defend_R+1","Defend_R","Defend_R","Bash+1","Offering","Thunderclap+1","Seeing Red","Sever Soul+1","Flame Barrier","Shrug It Off","Spot Weakness"],"relics":["Burning Blood","Dream Catcher","Nunchaku","Vajra"],"acts_visited":["Exordium"],"potions_floor_usage":[5,7,12],"damage_taken":[{"damage":7,"enemies":"Jaw Worm","floor":1,"turns":3},{"damage":7,"enemies":"Cultist","floor":2,"turns":4},{"damage":11,"enemies":"Small Slimes","floor":3,"turns":3},{"damage":11,"enemies":"Gremlin Gang","floor":5,"turns":4},{"damage":6,"enemies":"3 Sentries","floor":7,"turns":4},{"damage":21,"enemies":"Lagavulin","floor":10,"turns":5},{"damage":21,"enemies":"3 Sentries","floor":12,"turns":4}],"seed_played":"395446432543414776","potions_obtained":[{"floor":2,"key":"Energy Potion"},{"floor":5,"key":"PowerPotion"},{"floor":7,"key":"SteroidPotion"}],"is_trial":false,"path_per_floor":["M","M","M","?","M","R","E","R","T","E","?","E"],"character_chosen":"IRONCLAD","items_purchased":[],"campfire_rested":0,"item_purchase_floors":[],"current_hp_per_floor":[67,66,61,38,33,33,33,33,33,18,18,0,0],"gold":341,"neow_bonus":"ONE_RANDOM_RARE_CARD","is_daily":false,"chose_seed":false,"campfire_upgraded":2,"win_rate":0.0,"timestamp":1614174060,"path_taken":["M","M","M","?","M","R","E","R","T","E","?","E"],"items_purchased_type":[],"build_version":"2020-12-22","purchased_purges":0,"victory":false,"max_hp_per_floor":[75,75,75,75,75,75,75,75,75,75,75,75,75],"relic_stats":{"Dream Catcher":0,"Nunchaku":[1],"counters":[7,27],"obtain_stats":[{"Dream Catcher":7,"Nunchaku":9,"Vajra":10,"Burning Blood":0},{"Dream Catcher":5,"Nunchaku":5,"Vajra":6,"Burning Blood":0},{"Dream Catcher":18,"Nunchaku":18,"Vajra":23,"Burning Blood":0}],"Burning Blood":36},"card_choices":[{"not_picked":["Armaments","Combust"],"picked":"Thunderclap","floor":1},{"not_picked":["Ghostly Armor","Perfected Strike"],"picked":"Seeing Red","floor":2},{"not_picked":["Combust","Armaments"],"picked":"Sever Soul","floor":3},{"not_picked":["Evolve","Thunderclap"],"picked":"Flame Barrier","floor":5},{"not_picked":["Rupture","Armaments"],"picked":"Shrug It Off","floor":7},{"not_picked":["Body Slam","Combust"],"picked":"Spot Weakness","floor":10}],"player_experience":855493,"relics_obtained":[{"floor":7,"key":"Dream Catcher"},{"floor":9,"key":"Nunchaku"},{"floor":10,"key":"Vajra"}],"event_choices":[{"damage_healed":0,"gold_gain":0,"player_choice":"Entered Light","damage_taken":23,"max_hp_gain":0,"max_hp_loss":0,"event_name":"Shining Light","floor":4,"gold_loss":0,"cards_upgraded":["Defend_R","Sever Soul"]},{"damage_healed":0,"gold_gain":100,"player_choice":"Gold","damage_taken":0,"max_hp_gain":0,"max_hp_loss":0,"event_name":"Wheel of Change","floor":11,"gold_loss":0}],"is_beta":false,"boss_relics":[],"items_purged_floors":[],"is_endless":false,"potions_floor_spawned":[2,5,7],"killed_by":"3 Sentries","ascension_level":20}}