{"host":"og21o26alpnbwmz8","time":1614195133,"event":{"mods":["2.2 Compatiblity","Act Like it!","Aspiration","BaseMod","Conspire","Downfall","Gensokyo","Halation","Hermit","Hubris","Jedi Mod","Mimic Mod","Minty Spire (QoL Compilation)","Pale of the Ancients","Reliquary","Replay The Spire","Shop Mod","Spikes Relics","StSLib","The Alterego","The Animator","The Blue Laboratory","The Bug Knight","The Clintock","Waifu the Spire","Yuri Mod"],"gold_per_floor":[118,118,132,2,20,20,50,50,74,103,103,114,114,129,129,234,234,245,345,345,95,114,114,114,114,188,88,88,102,120,151,151,247,247,267,267,267,119,132,167,16,16,50,64,64,178,197,211,211,211],"floor_reached":51,"language":"ENG","playtime":2570,"items_purged":["clintock:ClintockStrike","clintock:BaseSynthesis"],"score":695,"play_id":"56ead3db-6c87-4839-a14a-6ed27e7d7c93","local_time":"20210224143213","is_ascension_mode":false,"campfire_choices":[{"data":"Dash","floor":6,"key":"SMITH"},{"data":"Dagger Spray","floor":8,"key":"SMITH"},{"data":"clintock:ClintockDefend","floor":11,"key":"SMITH"},{"data":"clintock:ClintockDefend","floor":13,"key":"SMITH"},{"data":"clintock:ClintockDefend","floor":15,"key":"SMITH"},{"data":"clintock:DCMP","floor":23,"key":"SMITH"},{"data":"clintock:Sting","floor":25,"key":"SMITH"},{"data":"clintock:Deoxycytidine","floor":28,"key":"SMITH"},{"data":"clintock:DCMP","floor":32,"key":"SMITH"},{"data":"Heel Hook","floor":42,"key":"SMITH"},{"floor":45,"key":"REST"},{"floor":49,"key":"REST"}],"circlet_count":0,"master_deck":["clintock:ClintockDefend+1","clintock:ClintockDefend","clintock:ClintockDefend+1","clintock:ClintockDefend+1","clintock:Replenish","clintock:Sting+1","Dash+1","Dagger Spray+1","Heel Hook+1","clintock:DCMP+1","clintock:DCMP+1","AbeCurse","clintock:Deoxycytidine+1","clintock:SuperSeqX1+1"],"relics":["clintock:BiomoleculePool","NeowsBlessing","Counterbalance","HollowMod:PaleOreRelic","jedi:kaleidoscope","Replay:Grab Bag","conspire:SlowCooker","Abe\u0027s Treasure","Sandwich","hubris:64BitClover","Guardian:GemstoneGun","Ornamental Fan","Molten Egg 2","Incense Burner","SlaversCollar","hubris:Icosahedron","ReplayTheSpireMod:TigerMarble","LugNut","Pen Nib","jedi:archwizardhat"],"acts_visited":["Exordium","Gensokyo:Gensokyo","TheBeyond"],"potions_floor_usage":[33],"damage_taken":[{"damage":0,"enemies":"Gensokyo:3_Fairies","floor":1,"turns":2},{"damage":0,"enemies":"Gensokyo:2_Kodama","floor":3,"turns":1},{"damage":0,"enemies":"Gensokyo:Gryphon","floor":5,"turns":1},{"damage":16,"enemies":"Gensokyo:Mamizou","floor":7,"turns":10},{"damage":18,"enemies":"conspire:MimicChest","floor":10,"turns":7},{"damage":0,"enemies":"Gensokyo:Kitsune","floor":12,"turns":3},{"damage":4,"enemies":"Gensokyo:Gryphon_and_Rabbit","floor":14,"turns":5},{"damage":12,"enemies":"Gensokyo:Kokoro","floor":16,"turns":9},{"damage":6,"enemies":"Gensokyo:CosmicMonolith","floor":18,"turns":3},{"damage":0,"enemies":"Gensokyo:CosmicMonolith","floor":19,"turns":7},{"damage":8,"enemies":"Gensokyo:AngelMirror","floor":22,"turns":3},{"damage":9,"enemies":"Gensokyo:Slime_Group","floor":29,"turns":3},{"damage":0,"enemies":"Gensokyo:Wraith","floor":30,"turns":4},{"damage":5,"enemies":"Gensokyo:Reisen","floor":31,"turns":4},{"damage":24,"enemies":"Gensokyo:Eternal_Rivals","floor":33,"turns":11},{"damage":0,"enemies":"3 Shapes","floor":35,"turns":4},{"damage":12,"enemies":"3 Darklings","floor":39,"turns":4},{"damage":33,"enemies":"HollowMod:StalkingDevout","floor":40,"turns":6},{"damage":0,"enemies":"Writhing Mass","floor":43,"turns":5},{"damage":18,"enemies":"Writhing Mass","floor":44,"turns":4},{"damage":10,"enemies":"Jaw Worm Horde","floor":46,"turns":3},{"damage":10,"enemies":"Sphere and 2 Shapes","floor":47,"turns":3},{"damage":25,"enemies":"4 Shapes","floor":48,"turns":2},{"damage":13,"enemies":"Donu and Deca","floor":50,"turns":12}],"seed_played":"-6959948475411337553","potions_obtained":[{"floor":1,"key":"Explosive Potion"},{"floor":12,"key":"blueLaboratory:LouseDecoction"},{"floor":14,"key":"ColorlessPotion"},{"floor":16,"key":"Energy Potion"},{"floor":35,"key":"SteroidPotion"}],"is_trial":false,"path_per_floor":["M","?","M","$","M","R","E","R","T","?","R","M","R","M","R","B",null,"M","?","?","$","M","R","?","R","T","$","R","M","M","E","R","B",null,"M","?","?","$","M","E","$","R","MIM","M","R","M","M","M","R","B",null],"character_chosen":"CLINTOCK_CLASS","items_purchased":["clintock:DCMP","Ornamental Fan","ReplayTheSpireMod:TigerMarble","Pen Nib"],"campfire_rested":2,"item_purchase_floors":[4,21,38,41],"current_hp_per_floor":[80,80,80,80,80,80,64,64,64,46,46,46,46,42,42,30,80,74,74,74,74,66,66,66,66,66,66,66,57,57,52,52,28,80,80,80,80,80,68,44,44,44,44,26,50,40,30,5,29,16],"gold":211,"neow_bonus":"THREE_ENEMY_KILL","is_daily":false,"chose_seed":false,"campfire_upgraded":10,"win_rate":0.0,"timestamp":1614195133,"path_taken":["M","?","?","?","M","R","E","R","T","?","R","M","R","M","R","BOSS","M","?","?","$","?","R","?","R","T","?","R","M","M","E","R","BOSS","M","?","?","$","M","E","$","R","MIM","M","R","?","M","M","R","BOSS"],"items_purchased_type":["Card","Relic","Relic","Relic"],"build_version":"2020-12-22","purchased_purges":2,"victory":true,"max_hp_per_floor":[80,80,80,80,80,80,80,80,80,80,80,80,80,80,80,80,80,80,80,80,80,80,80,80,80,80,80,80,80,80,80,80,80,80,80,80,80,80,80,80,80,80,80,80,80,80,80,80,80,80],"card_choices":[{"not_picked":["clintock:CompostBin","clintock:ATPReserves"],"picked":"clintock:Sting","floor":1},{"not_picked":["clintock:BruteForce","clintock:Polymerize","clintock:Reductase"],"picked":"SKIP","floor":3},{"not_picked":["clintock:BruteForce","clintock:Immunodeficiency","clintock:DGMP"],"picked":"SKIP","floor":5},{"not_picked":["clintock:Eureka","clintock:Polymerize","clintock:ImpulsiveShot"],"picked":"SKIP","floor":7},{"not_picked":["clintock:DTMP","clintock:DAMP","clintock:MendelPro"],"picked":"SKIP","floor":12},{"not_picked":["clintock:ImpulsiveShot","clintock:Irradiate","clintock:ATPReserves"],"picked":"SKIP","floor":14},{"not_picked":["clintock:GlucoseToxicity","clintock:SampleSwap","clintock:Epidemic"],"picked":"SKIP","floor":18},{"not_picked":["clintock:Deoxycytidine+1","clintock:BruteForce","clintock:Epidemic"],"picked":"SKIP","floor":22},{"not_picked":["clintock:DegradedPrimer+1","clintock:EnergyMetabolism","clintock:GeneticsLab"],"picked":"SKIP","floor":29},{"not_picked":["clintock:PurineMetabolism","clintock:Obstruct","clintock:MendelPro"],"picked":"SKIP","floor":30},{"not_picked":["clintock:TelomereErosion+1","clintock:Interrupt+1","clintock:DegradedPrimer+1"],"picked":"SKIP","floor":31},{"not_picked":["clintock:GeneAmplification","clintock:SinsheimerT3"],"picked":"clintock:SuperSeqX1","floor":33},{"not_picked":["clintock:Splinter+1","clintock:Polymerize","clintock:GeneticPollution+1"],"picked":"SKIP","floor":35},{"not_picked":["clintock:Interrupt+1","clintock:Fluorescein","clintock:DGMP+1"],"picked":"SKIP","floor":39},{"not_picked":["clintock:DGMP","clintock:SuperSeqX1","clintock:Mitosis+1"],"picked":"SKIP","floor":40},{"not_picked":["clintock:Deoxyguanosine","clintock:ImpulsiveShot+1","clintock:Eureka"],"picked":"SKIP","floor":44},{"not_picked":["clintock:Reductase+1","clintock:VectorFlow+1","clintock:BruteForce+1"],"picked":"SKIP","floor":46},{"not_picked":["clintock:Efflux","clintock:Outbreak+1","clintock:ATPReserves"],"picked":"SKIP","floor":47},{"not_picked":["clintock:ATPReserves+1","clintock:CompostBin","clintock:ImpulsiveShot+1"],"picked":"SKIP","floor":48}],"player_experience":437017,"relics_obtained":[{"floor":7,"key":"Counterbalance"},{"floor":9,"key":"HollowMod:PaleOreRelic"},{"floor":10,"key":"jedi:kaleidoscope"},{"floor":19,"key":"hubris:64BitClover"},{"floor":19,"key":"Guardian:GemstoneGun"},{"floor":26,"key":"Molten Egg 2"},{"floor":31,"key":"Incense Burner"},{"floor":40,"key":"LugNut"},{"floor":44,"key":"jedi:archwizardhat"}],"event_choices":[],"is_beta":false,"boss_relics":[{"not_picked":["halation:CatFaceCupcake","CosmicIsotope"],"picked":"Replay:Grab Bag"},{"not_picked":["hubris:GrandSneckoEye","ReplayTheSpireMod:Onyx Gauntlets"],"picked":"conspire:SlowCooker"},{"not_picked":["hubris:CrackedHourglass","reliquary:WritOfMandamus"],"picked":"Abe\u0027s Treasure"},{"not_picked":["Replay:Drink Me","halation:LoveArrow"],"picked":"Sandwich"},{"not_picked":["Ring of Chaos","hubris:ScarierMask"],"picked":"SlaversCollar"}],"items_purged_floors":[4,27],"is_endless":false,"potions_floor_spawned":[1,12,14,16,18,22,35,44,46,48],"ascension_level":0}}