{"host":"watt8gvwfmxuscaf","time":1614206076,"event":{"mods":["100% Spire Juice","Act Like it!","Arknights","BaseMod","Bestiary","CatGirl Mod","Colored Map","Colored Powertips","Conspire","Downfall","GifTheSpireLib","Hermit","Hubris","Infinite Spire","Marisa????????","Minty Spire (QoL Compilation)","Quick Restart","Rare Cards Sparkle","Relic Stats","Replay The Spire","Shop Mod","StSLib","Stuff the Spire","SuperFastMode","The Alterego","The Animator","The Cursed","The Hierophant","The Marked","The Mystic","The Necromancer","The Poker Player","The Runesmith","The Servant 0.9.4","The Wild Card"],"gold_per_floor":[109,128,128,53,82,82,119,130,130,130,130],"floor_reached":10,"language":"ENG","playtime":393,"items_purged":["CommonCold"],"score":61,"play_id":"aaa9a67d-50e7-4eb6-b456-18ca2a6b6ab4","local_time":"20210224173436","is_ascension_mode":true,"campfire_choices":[{"data":"animator:MamiTomoe","floor":6,"key":"SMITH"}],"circlet_count":0,"master_deck":["animator:Strike_MadokaMagica","animator:Defend_MadokaMagica","animator:Strike","animator:Strike","animator:Strike","animator:Defend","animator:Defend","animator:Defend","animator:IrohaTamaki","animator:YuiTsuruno","animator:Rimuru","animator:MamiTomoe+1","animator:OrikoMikuni","animator:OrikoMikuni"],"relics":["animator:LivingPicture","animator:TheMissingPiece","Ring of Fangs","Ring of Hypnosis","hubris:CuriousFeather","Gremlin Food"],"acts_visited":["Exordium"],"potions_floor_usage":[],"damage_taken":[{"damage":10,"enemies":"Jaw Worm","floor":1,"turns":5},{"damage":7,"enemies":"2 Louse","floor":2,"turns":4},{"damage":0,"enemies":"Cultist","floor":5,"turns":4},{"damage":21,"enemies":"Exordium Wildlife","floor":8,"turns":7},{"damage":18,"enemies":"Lagavulin","floor":10,"turns":3}],"seed_played":"4899855906833289237","potions_obtained":[{"floor":2,"key":"Death Potion"}],"is_trial":false,"path_per_floor":["M","M","?","$","M","R","?","M","T","E"],"character_chosen":"THE_ANIMATOR","items_purchased":[],"campfire_rested":0,"item_purchase_floors":[],"current_hp_per_floor":[56,49,49,49,49,49,34,13,13,0,0],"gold":130,"neow_bonus":"ONE_RANDOM_RARE_CARD","is_daily":false,"chose_seed":false,"campfire_upgraded":1,"win_rate":0.0,"timestamp":1614206076,"path_taken":["M","M","?","$","M","R","?","M","T","E"],"items_purchased_type":[],"build_version":"2020-12-22","purchased_purges":1,"victory":false,"max_hp_per_floor":[66,66,66,66,66,66,67,67,67,67,67],"relic_stats":{"counters":[5,23],"obtain_stats":[{"Gremlin Food":9,"Ring of Fangs":3,"Ring of Hypnosis":3,"animator:TheMissingPiece":0,"animator:LivingPicture":0,"hubris:CuriousFeather":7},{"Gremlin Food":4,"Ring of Fangs":2,"Ring of Hypnosis":2,"animator:TheMissingPiece":0,"animator:LivingPicture":0,"hubris:CuriousFeather":3},{"Gremlin Food":20,"Ring of Fangs":9,"Ring of Hypnosis":9,"animator:TheMissingPiece":0,"animator:LivingPicture":0,"hubris:CuriousFeather":13}]},"card_choices":[{"not_picked":["animator:Viivi","animator:RinTohsaka","animator:Mitsurugi"],"picked":"SKIP","floor":1},{"not_picked":["animator:Guy","animator:ElricEdward","animator:MetalKnight"],"picked":"SKIP","floor":2},{"not_picked":["animator:Sloth","animator:GazelDwargon"],"picked":"animator:MamiTomoe","floor":5},{"not_picked":["animator:Berserker","animator:Rider"],"picked":"animator:OrikoMikuni","floor":7},{"not_picked":["animator:KyokoSakura","animator:SuzuneAmano"],"picked":"animator:OrikoMikuni","floor":8}],"player_experience":610141,"relics_obtained":[{"floor":3,"key":"Ring of Fangs"},{"floor":3,"key":"Ring of Hypnosis"},{"floor":7,"key":"hubris:CuriousFeather"},{"floor":9,"key":"Gremlin Food"}],"event_choices":[],"is_beta":false,"boss_relics":[],"items_purged_floors":[4],"is_endless":false,"potions_floor_spawned":[2],"killed_by":"Lagavulin","ascension_level":1}}