{"host":"aq6zgkax5kiz71xp","time":1614175088,"event":{"mods":["BaseMod","Bestiary","Minty Spire (QoL Compilation)","Quick Restart","StSLib","The Cursed","The Runesmith"],"gold_per_floor":[116,116,116,130,55,82,99,99,99,99,114,134,144,24,24,120,120,138,138,318,165,177,177,33,46,46,46,46,75,75,108,108,206,206,216,216,216,235,246,246,276,294,363,380,380,203,223,251,251,251,251,251,26,52,52,52],"floor_reached":55,"language":"ZHS","playtime":2212,"items_purged":["Defend_R","Strike_R","Parasite","Defend_R"],"score":956,"play_id":"5470ecfc-d766-4878-86c5-3e1e79177bef","local_time":"20210224215808","is_ascension_mode":true,"campfire_choices":[{"data":"Bash","floor":8.0,"key":"SMITH"},{"data":"Flex","floor":15.0,"key":"SMITH"},{"floor":23,"key":"REST"},{"floor":30,"key":"RECALL"},{"floor":32,"key":"REST"},{"floor":40,"key":"REST"},{"floor":45,"key":"REST"},{"floor":49,"key":"REST"},{"floor":52,"key":"REST"}],"circlet_count":0,"master_deck":["Strike_R+1","Strike_R+1","Defend_R","Defend_R","Bash+1","Heavy Blade+1","Pummel+1","Impervious","Shockwave","Pummel+1","Inflame","Flex+1","Double Tap","Sword Boomerang+1","Flex","Flex","Whirlwind+1","Limit Break","Heavy Blade+1","Ghostly Armor+1","Exhume","Inflame+1","Burning Pact"],"relics":["Burning Blood","NeowsBlessing","Molten Egg 2","Pantograph","Fusion Hammer","Brimstone","Frozen Egg 2","Thread and Needle","Nunchaku","Velvet Choker","Juzu Bracelet","Ornamental Fan","Bronze Scales"],"acts_visited":["Exordium","TheCity","TheBeyond","TheEnding"],"potions_floor_usage":[22,29,41,41,42,50],"damage_taken":[{"damage":0.0,"enemies":"2 Louse","floor":1.0,"turns":1.0},{"damage":0.0,"enemies":"Cultist","floor":4.0,"turns":1.0},{"damage":0.0,"enemies":"Gremlin Nob","floor":6.0,"turns":1.0},{"damage":11.0,"enemies":"Jaw Worm","floor":7.0,"turns":4.0},{"damage":11.0,"enemies":"3 Louse","floor":11.0,"turns":4.0},{"damage":5.0,"enemies":"Exordium Wildlife","floor":12.0,"turns":4.0},{"damage":11.0,"enemies":"Exordium Thugs","floor":13.0,"turns":3.0},{"damage":30.0,"enemies":"The Guardian","floor":16.0,"turns":8.0},{"damage":0.0,"enemies":"Spheric Guardian","floor":18.0,"turns":2.0},{"damage":0,"enemies":"Shell Parasite","floor":22,"turns":1},{"damage":0,"enemies":"Snecko","floor":25,"turns":2},{"damage":1,"enemies":"Book of Stabbing","floor":29,"turns":3},{"damage":46,"enemies":"Gremlin Leader","floor":31,"turns":5},{"damage":16,"enemies":"Automaton","floor":33,"turns":4},{"damage":0,"enemies":"3 Darklings","floor":35,"turns":3},{"damage":8,"enemies":"Orb Walker","floor":38,"turns":2},{"damage":0,"enemies":"3 Darklings","floor":39,"turns":1},{"damage":31,"enemies":"Nemesis","floor":41,"turns":3},{"damage":25,"enemies":"Maw","floor":42,"turns":3},{"damage":21,"enemies":"Writhing Mass","floor":44,"turns":4},{"damage":0,"enemies":"Spire Growth","floor":47,"turns":3},{"damage":6,"enemies":"Giant Head","floor":48,"turns":3},{"damage":50,"enemies":"Time Eater","floor":50,"turns":5},{"damage":38,"enemies":"Shield and Spear","floor":54,"turns":3},{"damage":73,"enemies":"The Heart","floor":55,"turns":2}],"seed_played":"-3469845014416716811","potions_obtained":[{"floor":4.0,"key":"Energy Potion"},{"floor":7.0,"key":"SmokeBomb"},{"floor":16.0,"key":"DistilledChaos"},{"floor":22,"key":"SkillPotion"},{"floor":29,"key":"SpeedPotion"},{"floor":31,"key":"ColorlessPotion"},{"floor":35,"key":"Dexterity Potion"},{"floor":38,"key":"FearPotion"},{"floor":47,"key":"Weak Potion"}],"is_trial":false,"path_per_floor":["M","$","?","M","$","E","M","R","T","?","M","M","M","$","R","B",null,"M","?","?","$","M","R","$","M","T","?","?","E","R","E","R","B",null,"M","?","?","M","M","R","E","M","T","M","R","$","M","E","R","B",null,"R","$","E","B"],"character_chosen":"IRONCLAD","items_purchased":["Inflame","Flex","Flex","Brimstone","Heavy Blade+1","Inflame+1"],"campfire_rested":6,"item_purchase_floors":[14,14,21,24,46,53],"current_hp_per_floor":[80,80,80,80,80,80,75,75,75,59,54,55,50,50,50,51,73,79,79,60,60,66,80,80,80,80,80,65,70,70,30,55,70,81,85,81,81,79,81,81,56,37,37,22,46,46,52,52,75,34,67,78,78,46,0,0],"gold":52,"neow_bonus":"THREE_ENEMY_KILL","is_daily":false,"chose_seed":false,"campfire_upgraded":2,"win_rate":0.0,"timestamp":1614175088,"path_taken":["M","$","?","M","$","E","?","R","T","?","M","M","M","$","R","BOSS","M","?","?","$","?","R","$","M","T","?","?","E","R","E","R","BOSS","M","?","?","?","M","R","E","M","T","M","R","$","M","E","R","BOSS","R","$","E","BOSS"],"items_purchased_type":["Card","Card","Card","Relic","Card","Card"],"build_version":"2020-12-22","purchased_purges":4,"victory":false,"max_hp_per_floor":[80,80,80,80,80,80,80,80,80,80,80,80,80,80,80,80,80,80,80,80,80,80,80,80,80,80,80,85,85,85,85,85,85,85,85,81,81,81,81,81,81,81,81,81,81,78,78,78,78,78,78,78,78,78,78,78],"card_choices":[{"not_picked":["Cleave","Blood for Blood","Twin Strike"],"picked":"SKIP","floor":1.0},{"not_picked":["True Grit","Feel No Pain","Flex"],"picked":"SKIP","floor":4.0},{"not_picked":["Disarm","Flame Barrier"],"picked":"Heavy Blade+1","floor":6.0},{"not_picked":["Pommel Strike+1","Wild Strike+1"],"picked":"Pummel+1","floor":7.0},{"not_picked":["Carnage+1","Pommel Strike+1"],"picked":"Impervious","floor":11.0},{"not_picked":["Warcry","Sever Soul+1"],"picked":"Shockwave","floor":12.0},{"not_picked":["Clash+1","Sword Boomerang+1"],"picked":"Pummel+1","floor":13.0},{"not_picked":["Juggernaut","Exhume"],"picked":"Double Tap","floor":16.0},{"not_picked":["Clash+1","Havoc+1","True Grit+1"],"picked":"SKIP","floor":18.0},{"not_picked":["Dropkick+1","Dark Embrace+1","Shrug It Off"],"picked":"SKIP","floor":22},{"not_picked":["Iron Wave+1","Entrench"],"picked":"Flex","floor":25},{"not_picked":["Perfected Strike+1","Infernal Blade","Clothesline+1"],"picked":"SKIP","floor":29},{"not_picked":["Searing Blow+1","Clash+1"],"picked":"Whirlwind+1","floor":31},{"not_picked":["Demon Form+1","Reaper+1"],"picked":"Limit Break","floor":33},{"not_picked":["Armaments","Headbutt+1","Wild Strike+1"],"picked":"SKIP","floor":35},{"not_picked":["Iron Wave+1","Havoc","Metallicize+1"],"picked":"SKIP","floor":38},{"not_picked":["Body Slam+1","Burning Pact+1","Corruption+1"],"picked":"SKIP","floor":39},{"not_picked":["Anger+1","Iron Wave+1","Havoc+1"],"picked":"SKIP","floor":41},{"not_picked":["Iron Wave+1","True Grit","Feel No Pain+1"],"picked":"SKIP","floor":42},{"not_picked":["Seeing Red","Rampage+1","True Grit"],"picked":"SKIP","floor":44},{"not_picked":["Hemokinesis+1","Sword Boomerang+1"],"picked":"Ghostly Armor+1","floor":47},{"not_picked":["Pummel+1","True Grit"],"picked":"Exhume","floor":48},{"not_picked":["Sever Soul+1","Flame Barrier"],"picked":"Burning Pact","floor":54}],"player_experience":471252,"relics_obtained":[{"floor":6.0,"key":"Molten Egg 2"},{"floor":9.0,"key":"Pantograph"},{"floor":26,"key":"Frozen Egg 2"},{"floor":29,"key":"Thread and Needle"},{"floor":31,"key":"Nunchaku"},{"floor":41,"key":"Juzu Bracelet"},{"floor":48,"key":"Ornamental Fan"},{"floor":54,"key":"Bronze Scales"}],"event_choices":[{"cards_removed":["Strike_R"],"damage_healed":0.0,"max_hp_gain":0.0,"max_hp_loss":0.0,"gold_gain":0.0,"event_name":"Bonfire Elementals","player_choice":"Offered Basic","floor":3.0,"gold_loss":0.0,"damage_taken":0.0},{"damage_healed":0.0,"max_hp_gain":0.0,"max_hp_loss":0.0,"gold_gain":0.0,"event_name":"Shining Light","player_choice":"Entered Light","floor":10.0,"gold_loss":0.0,"damage_taken":16.0,"cards_upgraded":["Strike_R","Strike_R"]},{"damage_healed":0.0,"max_hp_gain":0.0,"max_hp_loss":0.0,"gold_gain":0.0,"event_name":"The Library","player_choice":"Read","floor":19.0,"gold_loss":0.0,"damage_taken":0.0,"cards_obtained":["Sword Boomerang"]},{"damage_healed":0.0,"max_hp_gain":0.0,"max_hp_loss":0.0,"gold_gain":180.0,"event_name":"Knowing Skull","player_choice":"GOLD GOLD ","floor":20.0,"potions_obtained":[],"gold_loss":0.0,"damage_taken":19.0,"cards_obtained":[]},{"damage_healed":0,"gold_gain":0,"player_choice":"Shed Blood","damage_taken":20,"max_hp_gain":5,"max_hp_loss":0,"event_name":"Forgotten Altar","floor":28,"gold_loss":0},{"damage_healed":0,"gold_gain":0,"player_choice":"Max HP","damage_taken":0,"max_hp_gain":0,"max_hp_loss":4,"event_name":"Winding Halls","floor":36,"gold_loss":0},{"cards_removed":["Strike_R"],"damage_healed":0,"gold_gain":0,"player_choice":"Purged","damage_taken":0,"max_hp_gain":0,"max_hp_loss":0,"event_name":"Purifier","floor":37,"gold_loss":0}],"is_beta":false,"boss_relics":[{"not_picked":["Sozu","Mark of Pain"],"picked":"Fusion Hammer"},{"not_picked":["SacredBark","Black Star"],"picked":"Velvet Choker"}],"items_purged_floors":[5,21,46,53],"is_endless":false,"potions_floor_spawned":[4,7,16,22,29,31,35,38,47],"killed_by":"The Heart","ascension_level":5}}