{"host":"5tzvto3beate6p8b","time":1614198798,"event":{"mods":["BaseMod","Colored Map","DeckTracker","Minty Spire (QoL Compilation)","Relic Stats","StSLib","SuperFastMode"],"gold_per_floor":[113,113,113,129,144,144,144,144,144],"floor_reached":8,"language":"JPN","playtime":137,"items_purged":[],"score":92,"play_id":"3a610224-926e-49ce-9b5f-cb7418f1307f","local_time":"20210225053318","is_ascension_mode":true,"campfire_choices":[{"data":"Dagger Spray","floor":6,"key":"SMITH"}],"circlet_count":0,"master_deck":["AscendersBane","Strike_G","Strike_G","Strike_G","Strike_G","Defend_G","Defend_G","Defend_G","Defend_G","Defend_G","Survivor","Neutralize","Heel Hook","Noxious Fumes","Dagger Spray+1","Parasite"],"relics":["Ring of the Snake","NeowsBlessing","Unceasing Top"],"acts_visited":["Exordium"],"potions_floor_usage":[],"damage_taken":[{"damage":0,"enemies":"2 Louse","floor":1,"turns":1},{"damage":0,"enemies":"Cultist","floor":4,"turns":1},{"damage":0,"enemies":"Jaw Worm","floor":5,"turns":1},{"damage":70,"enemies":"Gremlin Nob","floor":8,"turns":6}],"seed_played":"3115637702762251975","potions_obtained":[{"floor":1,"key":"Ancient Potion"}],"is_trial":false,"path_per_floor":["M","?","?","M","M","R","?","E"],"character_chosen":"THE_SILENT","items_purchased":[],"campfire_rested":0,"item_purchase_floors":[],"current_hp_per_floor":[59,52,52,52,52,52,66,0,0],"gold":144,"neow_bonus":"THREE_ENEMY_KILL","is_daily":false,"chose_seed":false,"campfire_upgraded":1,"win_rate":0.0,"timestamp":1614198798,"path_taken":["M","?","?","?","M","R","?","E"],"items_purchased_type":[],"build_version":"2020-12-22","purchased_purges":0,"victory":false,"max_hp_per_floor":[66,66,66,66,66,66,66,66,66],"relic_stats":{"counters":[4,9],"obtain_stats":[{"NeowsBlessing":0,"Unceasing Top":3,"Ring of the Snake":0},{"NeowsBlessing":0,"Unceasing Top":1,"Ring of the Snake":0},{"NeowsBlessing":0,"Unceasing Top":1,"Ring of the Snake":0}],"Unceasing Top":[1],"Ring of the Snake":[8]},"card_choices":[{"not_picked":["Poisoned Stab","Cloak And Dagger"],"picked":"Heel Hook","floor":1},{"not_picked":["Poisoned Stab","Prepared"],"picked":"Noxious Fumes","floor":4},{"not_picked":["Noxious Fumes","Deadly Poison"],"picked":"Dagger Spray","floor":5}],"player_experience":880394,"relics_obtained":[],"event_choices":[{"cards_removed":["Strike_G"],"damage_healed":0,"gold_gain":0,"player_choice":"Card Removal","damage_taken":7,"max_hp_gain":0,"max_hp_loss":0,"event_name":"Golden Wing","floor":2,"gold_loss":0},{"damage_healed":0,"gold_gain":0,"player_choice":"Gave Potion","damage_taken":0,"relics_obtained":["Unceasing Top"],"max_hp_gain":0,"max_hp_loss":0,"event_name":"WeMeetAgain","floor":3,"gold_loss":0},{"damage_healed":16,"gold_gain":0,"player_choice":"Healed and dodged fight","damage_taken":0,"max_hp_gain":0,"max_hp_loss":0,"event_name":"Mushrooms","floor":7,"gold_loss":0,"cards_obtained":["Parasite"]}],"is_beta":false,"boss_relics":[],"items_purged_floors":[],"is_endless":false,"potions_floor_spawned":[1],"killed_by":"Gremlin Nob","ascension_level":20}}