{"host":"v54ek091sdz7ha6h","time":1614155878,"event":{"mods":["BaseMod","Colored Map","Colored Powertips","Custom Start","DeckTracker","Highlight Path","KOR Keyword Fix","Minty Spire (QoL Compilation)","Random Character Button","Rare Cards Sparkle","Relic Stats","StSLib","SuperFastMode","everything is the same but u backflip on backflip"],"gold_per_floor":[111,111,36,46,63,63,90,90,90,103,103,118,118,118,118,218,218,232,232,242,252,272,61,72,72,154,154,178,178,197,216,216,318,318,337,237,247,247,247,276,276,276,276,276,293,343,343,52,52,52,52,52,3,35,35,35],"floor_reached":55,"language":"KOR","playtime":1479,"items_purged":["Strike_R","Reckless Charge"],"score":670,"play_id":"997ca6c4-83de-4508-b94b-ff4a256ac6f4","local_time":"20210224173758","is_ascension_mode":false,"campfire_choices":[{"data":"Combust","floor":6.0,"key":"SMITH"},{"data":"Enlightenment","floor":8.0,"key":"SMITH"},{"data":"Bash","floor":13.0,"key":"SMITH"},{"data":"Pommel Strike","floor":15.0,"key":"SMITH"},{"floor":25.0,"key":"REST"},{"data":"Immolate","floor":27.0,"key":"SMITH"},{"data":"Offering","floor":29.0,"key":"SMITH"},{"data":"Demon Form","floor":32.0,"key":"SMITH"},{"data":"Demon Form","floor":41.0,"key":"SMITH"},{"data":"Spot Weakness","floor":44.0,"key":"SMITH"},{"floor":49.0,"key":"RECALL"},{"data":"Offering","floor":52.0,"key":"SMITH"}],"circlet_count":0,"master_deck":["Bash+1","Enlightenment+1","Pommel Strike+1","Combust+1","Barricade","Demon Form+1","Offering+1","Demon Form+1","Spot Weakness+1","Clothesline","Pommel Strike+1","Sentinel","Immolate+1","Power Through","Shrug It Off","Offering+1","Sentinel+1","Evolve+1","Inflame+1","Entrench+1","Disarm+1","Dual Wield"],"relics":["Burning Blood","InkBottle","Sundial","Pandora\u0027s Box","Oddly Smooth Stone","Snecko Eye","Potion Belt","MealTicket","Champion Belt","Anchor","Gambling Chip"],"acts_visited":["Exordium","TheCity","TheBeyond","TheEnding"],"potions_floor_usage":[54,55],"damage_taken":[{"damage":2.0,"enemies":"2 Louse","floor":1.0,"turns":3.0},{"damage":4.0,"enemies":"Jaw Worm","floor":4.0,"turns":4.0},{"damage":0.0,"enemies":"Small Slimes","floor":5.0,"turns":3.0},{"damage":25.0,"enemies":"Lagavulin","floor":7.0,"turns":6.0},{"damage":10.0,"enemies":"3 Louse","floor":10.0,"turns":2.0},{"damage":11.0,"enemies":"Exordium Thugs","floor":12.0,"turns":5.0},{"damage":21.0,"enemies":"Slime Boss","floor":16.0,"turns":6.0},{"damage":11.0,"enemies":"3 Byrds","floor":18.0,"turns":3.0},{"damage":35.0,"enemies":"2 Thieves","floor":20.0,"turns":3.0},{"damage":30.0,"enemies":"3 Cultists","floor":21.0,"turns":4.0},{"damage":16.0,"enemies":"Centurion and Healer","floor":22.0,"turns":3.0},{"damage":6.0,"enemies":"Snake Plant","floor":24.0,"turns":2.0},{"damage":6.0,"enemies":"Snecko","floor":30.0,"turns":3.0},{"damage":7.0,"enemies":"Cultist and Chosen","floor":31.0,"turns":3.0},{"damage":29.0,"enemies":"Champ","floor":33.0,"turns":7.0},{"damage":12.0,"enemies":"Orb Walker","floor":35.0,"turns":3.0},{"damage":14.0,"enemies":"3 Darklings","floor":37.0,"turns":3.0},{"damage":16.0,"enemies":"Giant Head","floor":40.0,"turns":3.0},{"damage":6.0,"enemies":"4 Shapes","floor":45.0,"turns":2.0},{"damage":6.0,"enemies":"Mind Bloom Boss Battle","floor":46.0,"turns":3.0},{"damage":20.0,"enemies":"Awakened One","floor":50.0,"turns":9.0},{"damage":69,"enemies":"Shield and Spear","floor":54,"turns":5},{"damage":39,"enemies":"The Heart","floor":55,"turns":2}],"seed_played":"4771197020148035468","potions_obtained":[{"floor":1.0,"key":"BlessingOfTheForge"},{"floor":5.0,"key":"Dexterity Potion"},{"floor":12.0,"key":"LiquidMemories"},{"floor":18.0,"key":"DuplicationPotion"},{"floor":21.0,"key":"PowerPotion"},{"floor":40.0,"key":"DistilledChaos"}],"is_trial":false,"path_per_floor":["M","?","$","M","M","R","E","R","T","M","?","M","R","?","R","B",null,"M","?","M","M","M","$","M","R","T","R","T","R","M","M","R","B",null,"M","$","M","?","?","E","R","?","T","R","M","?","?","$","R","B",null,"R","$","E","B"],"character_chosen":"IRONCLAD","items_purchased":["Immolate","Power Through","Dual Wield","Anchor","HeartOfIron","Swift Potion"],"campfire_rested":1,"item_purchase_floors":[23,23,48,48,48,53],"current_hp_per_floor":[80,85,85,85,85,85,66,66,66,62,62,57,57,50,50,35,85,80,80,51,27,17,17,17,42,42,42,42,42,42,41,41,18,85,79,79,71,71,61,51,51,51,51,51,51,51,51,66,66,52,81,81,81,18,0,0],"gold":35,"neow_bonus":"RANDOM_COLORLESS","is_daily":false,"chose_seed":false,"campfire_upgraded":10,"win_rate":0.0,"timestamp":1614155878,"path_taken":["M","?","?","?","M","R","E","R","T","M","?","M","R","?","R","BOSS","M","?","M","M","M","$","M","R","T","R","?","R","M","?","R","BOSS","M","$","M","?","?","E","R","?","T","R","M","?","?","$","R","BOSS","R","$","E","BOSS"],"items_purchased_type":["Card","Card","Card","Relic","Potion","Potion"],"build_version":"2020-12-22","purchased_purges":2,"victory":false,"max_hp_per_floor":[80,85,85,85,85,85,85,85,85,85,85,85,85,85,85,85,85,85,85,85,85,85,85,85,85,85,85,85,85,85,85,85,85,85,85,85,85,81,81,81,81,81,81,81,81,81,81,81,81,81,81,81,81,81,81,81],"relic_stats":{"counters":[23,87],"Sundial":[24],"Gambling Chip":[6],"Snecko Eye":[88,77,84,63],"Pandora\u0027s Box":["Demon Form","Offering","Demon Form","Reckless Charge","Inflame","Twin Strike","Spot Weakness"],"MealTicket":15,"Champion Belt":[4],"obtain_stats":[{"Potion Belt":40,"Anchor":48,"Sundial":9,"Gambling Chip":54,"Oddly Smooth Stone":28,"Snecko Eye":34,"Pandora\u0027s Box":17,"MealTicket":43,"Champion Belt":46,"Burning Blood":0,"InkBottle":7},{"Potion Belt":18,"Anchor":20,"Sundial":4,"Gambling Chip":22,"Oddly Smooth Stone":12,"Snecko Eye":15,"Pandora\u0027s Box":7,"MealTicket":18,"Champion Belt":20,"Burning Blood":0,"InkBottle":4},{"Potion Belt":66,"Anchor":71,"Sundial":16,"Gambling Chip":85,"Oddly Smooth Stone":44,"Snecko Eye":57,"Pandora\u0027s Box":29,"MealTicket":66,"Champion Belt":71,"Burning Blood":0,"InkBottle":16}],"Burning Blood":120,"InkBottle":[30]},"card_choices":[{"not_picked":["Deep Breath","Dark Shackles"],"picked":"Enlightenment","floor":0.0},{"not_picked":["Cleave","Warcry","Armaments"],"picked":"SKIP","floor":1.0},{"not_picked":["Rupture","Sword Boomerang"],"picked":"Pommel Strike","floor":4.0},{"not_picked":["Thunderclap","Havoc"],"picked":"Combust","floor":5.0},{"not_picked":["Warcry","Clothesline","Flex"],"picked":"SKIP","floor":7.0},{"not_picked":["Infernal Blade","True Grit","Perfected Strike"],"picked":"SKIP","floor":10.0},{"not_picked":["Clash","Power Through","Anger"],"picked":"SKIP","floor":12.0},{"not_picked":["Corruption","Exhume"],"picked":"Barricade","floor":16.0},{"not_picked":["Twin Strike+1","Warcry"],"picked":"Clothesline","floor":18.0},{"not_picked":["Pummel","Headbutt+1","Twin Strike+1"],"picked":"SKIP","floor":20.0},{"not_picked":["Clash+1","Warcry+1"],"picked":"Pommel Strike+1","floor":21.0},{"not_picked":["Havoc","Combust"],"picked":"Sentinel","floor":22.0},{"not_picked":["Perfected Strike","Body Slam","Spot Weakness"],"picked":"SKIP","floor":24.0},{"not_picked":["Shockwave","Thunderclap+1"],"picked":"Shrug It Off","floor":30.0},{"not_picked":["Barricade","Anger","Wild Strike"],"picked":"SKIP","floor":31.0},{"not_picked":["Berserk","Immolate"],"picked":"Offering","floor":33.0},{"not_picked":["Flex+1","Sword Boomerang+1"],"picked":"Sentinel+1","floor":35.0},{"not_picked":["Sentinel+1","Headbutt+1"],"picked":"Evolve+1","floor":37.0},{"not_picked":["Headbutt","Reckless Charge+1"],"picked":"Inflame+1","floor":40.0},{"not_picked":["Shrug It Off+1","Twin Strike"],"picked":"Entrench+1","floor":45.0},{"not_picked":["Warcry","True Grit"],"picked":"Disarm+1","floor":46.0},{"not_picked":["Headbutt","Pommel Strike","Clash+1"],"picked":"SKIP","floor":54}],"player_experience":1498356,"relics_obtained":[{"floor":7.0,"key":"InkBottle"},{"floor":9.0,"key":"Sundial"},{"floor":28.0,"key":"Oddly Smooth Stone"},{"floor":40.0,"key":"Potion Belt"},{"floor":43.0,"key":"MealTicket"},{"floor":46.0,"key":"Champion Belt"},{"floor":54,"key":"Gambling Chip"}],"event_choices":[{"damage_healed":0.0,"max_hp_gain":5.0,"max_hp_loss":0.0,"gold_gain":0.0,"event_name":"Big Fish","player_choice":"Donut","floor":2.0,"gold_loss":0.0,"damage_taken":0.0},{"damage_healed":0.0,"max_hp_gain":0.0,"max_hp_loss":0.0,"gold_gain":0.0,"event_name":"Liars Game","player_choice":"Ignored","floor":11.0,"gold_loss":0.0,"damage_taken":0.0},{"cards_removed":["Defend_R"],"damage_healed":0.0,"max_hp_gain":0.0,"max_hp_loss":0.0,"gold_gain":0.0,"event_name":"Golden Wing","player_choice":"Card Removal","floor":14.0,"gold_loss":0.0,"damage_taken":7.0},{"damage_healed":0.0,"max_hp_gain":0.0,"max_hp_loss":0.0,"gold_gain":0.0,"event_name":"Vampires","player_choice":"Ignored","floor":19.0,"gold_loss":0.0,"damage_taken":0.0},{"damage_healed":0.0,"max_hp_gain":0.0,"max_hp_loss":4.0,"gold_gain":0.0,"event_name":"Winding Halls","player_choice":"Max HP","floor":38.0,"gold_loss":0.0,"damage_taken":0.0},{"damage_healed":0.0,"max_hp_gain":0.0,"max_hp_loss":0.0,"gold_gain":0.0,"event_name":"SensoryStone","player_choice":"Memory 3","floor":39.0,"gold_loss":0.0,"damage_taken":10.0},{"cards_removed":["Inflame"],"damage_healed":0.0,"max_hp_gain":0.0,"max_hp_loss":0.0,"gold_gain":0.0,"event_name":"Falling","player_choice":"Removed Power","floor":42.0,"gold_loss":0.0,"damage_taken":0.0},{"damage_healed":0.0,"max_hp_gain":0.0,"max_hp_loss":0.0,"gold_gain":0.0,"event_name":"MindBloom","player_choice":"Fight","floor":46.0,"gold_loss":0.0,"damage_taken":0.0},{"cards_removed":["Twin Strike"],"damage_healed":0.0,"max_hp_gain":0.0,"max_hp_loss":0.0,"gold_gain":0.0,"event_name":"Purifier","player_choice":"Purged","floor":47.0,"gold_loss":0.0,"damage_taken":0.0}],"is_beta":false,"boss_relics":[{"not_picked":["Sozu","Velvet Choker"],"picked":"Pandora\u0027s Box"},{"not_picked":["Coffee Dripper","Tiny House"],"picked":"Snecko Eye"}],"items_purged_floors":[3,36],"is_endless":false,"potions_floor_spawned":[1,5,12,18,21,30,33,37,40],"killed_by":"The Heart","ascension_level":0}}