{"host":"bvp2uifzy1c463d9","time":1614206575,"event":{"mods":["AchievementEnabler","BaseMod","Better Note","Block Reminder","Bossed Relics","Colored Map","Colored Powertips","Highlight Path","Hubris","Infinite Spire","Minty Spire (QoL Compilation)","Relic Sorter","Relic Stats","Reliquary","Replay The Spire","StSLib","The Blue Laboratory","Wandering Minibosses"],"gold_per_floor":[119,130,147,167,167,202,221,221,298,328,328,348,348,363,363,468,468,484,484,484,472,318,318,361,361,361,361,397,413,338,308,308,308,308],"floor_reached":33,"language":"ENG","playtime":1539,"items_purged":["Strike_P"],"score":512,"play_id":"13b66cdf-da4f-4b61-9cb8-5aacdcb0cde3","local_time":"20210224164255","is_ascension_mode":true,"campfire_choices":[{"data":"Perseverance","floor":8.0,"key":"SMITH"},{"data":"Wallop","floor":11.0,"key":"SMITH"},{"data":"ReachHeaven","floor":13.0,"key":"SMITH"},{"floor":15.0,"key":"REST"},{"data":"infinitespire:DeathsTouch","floor":23,"key":"SMITH"},{"data":"MentalFortress","floor":25,"key":"SMITH"},{"floor":27,"key":"REST"},{"floor":32,"key":"REST"}],"circlet_count":0,"master_deck":["Strike_P","Defend_P","Defend_P","Defend_P","Defend_P","Eruption+1","Vigilance","Perseverance+1","WreathOfFlame","ReachHeaven+1","WaveOfTheHand","BowlingBash","Wallop+1","DeceiveReality","SandsOfTime","EmptyBody","MasterReality","Deep Breath","infinitespire:DeathsTouch+1","Adaptation+1","MentalFortress+1","Halt+1","Ragnarok"],"relics":["PureWater","Iron Hammer","infinitespire:BottledMercury","Oddly Smooth Stone","infinitespire:Cupcake","hubris:MedicalManual","hubris:Backtick","OrangePellets","CeramicFish","The Courier"],"acts_visited":["Exordium","TheCity"],"potions_floor_usage":[18,28],"damage_taken":[{"damage":0.0,"enemies":"Cultist","floor":1.0,"turns":2.0},{"damage":0.0,"enemies":"Small Slimes","floor":2.0,"turns":5.0},{"damage":3.0,"enemies":"2 Louse","floor":3.0,"turns":4.0},{"damage":22.0,"enemies":"Looter","floor":4.0,"turns":3.0},{"damage":17.0,"enemies":"Gremlin Nob","floor":6.0,"turns":3.0},{"damage":7.0,"enemies":"Gremlin Gang","floor":7.0,"turns":4.0},{"damage":8.0,"enemies":"3 Sentries","floor":10.0,"turns":6.0},{"damage":4.0,"enemies":"Large Slime","floor":12.0,"turns":4.0},{"damage":2.0,"enemies":"Exordium Wildlife","floor":14.0,"turns":5.0},{"damage":0.0,"enemies":"Slime Boss","floor":16.0,"turns":6.0},{"damage":22,"enemies":"3 Byrds","floor":18,"turns":7},{"damage":4,"enemies":"2 Thieves","floor":21,"turns":4},{"damage":25,"enemies":"Book of Stabbing","floor":24,"turns":5},{"damage":19,"enemies":"Slavers","floor":28,"turns":4},{"damage":0,"enemies":"Cultist and Chosen","floor":29,"turns":5},{"damage":45,"enemies":"Champ","floor":33,"turns":9}],"seed_played":"-1824632494882873868","potions_obtained":[{"floor":4.0,"key":"Fire Potion"},{"floor":7.0,"key":"Adrenaline Potion"},{"floor":10.0,"key":"blueLaboratory:NullPotion"},{"floor":14.0,"key":"blueLaboratory:PhilterOfMotion"},{"floor":28,"key":"blueLaboratory:AbyssPotion"},{"floor":31,"key":"Swift Potion"}],"is_trial":false,"path_per_floor":["M","M","M","M","?","E","M","R","T","E","R","M","R","M","R","B",null,"M","?","AVR","M","$","R","E","R","T","R","E","M","?","?","R","B"],"character_chosen":"WATCHER","items_purchased":["MentalFortress"],"campfire_rested":3,"item_purchase_floors":[22],"current_hp_per_floor":[72,72,69,47,47,30,23,23,23,15,15,11,11,9,30,30,72,50,50,50,46,46,46,21,21,21,42,23,23,23,23,44,0,0],"gold":308,"neow_bonus":"TRANSFORM_CARD","is_daily":false,"chose_seed":false,"campfire_upgraded":5,"win_rate":0.0,"timestamp":1614206575,"path_taken":["M","M","M","?","?","E","M","R","T","E","R","?","R","M","R","BOSS","M","?","AVR","M","$","R","E","R","T","R","E","?","?","?","R","BOSS"],"items_purchased_type":["Card"],"build_version":"2020-12-22","purchased_purges":1,"victory":false,"max_hp_per_floor":[72,72,72,72,72,72,72,72,72,72,72,72,72,72,72,72,72,72,72,72,72,72,72,72,72,72,72,72,72,72,72,72,72,72],"relic_stats":{"OrangePellets":[3],"counters":[16,76],"CeramicFish":18,"obtain_stats":[{"infinitespire:BottledMercury":9,"OrangePellets":20,"hubris:Backtick":20,"CeramicFish":24,"Oddly Smooth Stone":10,"Iron Hammer":6,"hubris:MedicalManual":20,"The Courier":28,"PureWater":0,"infinitespire:Cupcake":17},{"infinitespire:BottledMercury":6,"OrangePellets":11,"hubris:Backtick":11,"CeramicFish":13,"Oddly Smooth Stone":7,"Iron Hammer":5,"hubris:MedicalManual":11,"The Courier":14,"PureWater":0,"infinitespire:Cupcake":10},{"infinitespire:BottledMercury":21,"OrangePellets":49,"hubris:Backtick":49,"CeramicFish":58,"Oddly Smooth Stone":27,"Iron Hammer":17,"hubris:MedicalManual":49,"The Courier":62,"PureWater":0,"infinitespire:Cupcake":42}]},"card_choices":[{"not_picked":["Prostrate","EmptyBody"],"picked":"Perseverance","floor":1.0},{"not_picked":["FlyingSleeves","ClearTheMind"],"picked":"WreathOfFlame","floor":2.0},{"not_picked":["Replay:ManipulateFuture","CrushJoints"],"picked":"ReachHeaven","floor":3.0},{"not_picked":["Fasting2","ReachHeaven"],"picked":"WaveOfTheHand","floor":4.0},{"not_picked":["Nirvana","Brilliance"],"picked":"BowlingBash","floor":6.0},{"not_picked":["Crescendo","Protect"],"picked":"Wallop","floor":7.0},{"not_picked":["CrushJoints","Prostrate"],"picked":"DeceiveReality","floor":10.0},{"not_picked":["Replay:Hum","BowlingBash"],"picked":"SandsOfTime","floor":12.0},{"not_picked":["Evaluate","SandsOfTime"],"picked":"EmptyBody","floor":14.0},{"not_picked":["Replay:AllIn","Brilliance"],"picked":"MasterReality","floor":16.0},{"not_picked":["Crescendo","Replay:AtTheReady+1","ClearTheMind"],"picked":"SKIP","floor":18},{"not_picked":["Wallop","PathToVictory"],"picked":"Adaptation+1","floor":21},{"not_picked":["Indignation","PathToVictory"],"picked":"Halt+1","floor":24},{"not_picked":["FollowUp","Weave"],"picked":"Ragnarok","floor":28},{"not_picked":["JustLucky+1","Replay:BluntJabs","SashWhip"],"picked":"SKIP","floor":29}],"player_experience":276075,"relics_obtained":[{"floor":6.0,"key":"Iron Hammer"},{"floor":9.0,"key":"infinitespire:BottledMercury"},{"floor":10.0,"key":"Oddly Smooth Stone"},{"floor":24,"key":"CeramicFish"},{"floor":28,"key":"The Courier"}],"event_choices":[{"damage_healed":0.0,"max_hp_gain":0.0,"max_hp_loss":0.0,"gold_gain":0.0,"event_name":"Upgrade Shrine","player_choice":"Upgraded","floor":5.0,"gold_loss":0.0,"damage_taken":0.0,"cards_upgraded":["Eruption"]},{"damage_healed":0,"gold_gain":0,"player_choice":"1 cards matched","damage_taken":0,"max_hp_gain":0,"max_hp_loss":0,"event_name":"Match and Keep!","floor":19,"gold_loss":0,"cards_obtained":["Deep Breath"]},{"cards_removed":["Strike_P"],"damage_healed":0,"gold_gain":0,"player_choice":"Gave Gold","damage_taken":0,"max_hp_gain":0,"max_hp_loss":0,"event_name":"Beggar","floor":30,"gold_loss":75},{"damage_healed":0,"gold_gain":0,"player_choice":"Bought 2 Potions","damage_taken":0,"max_hp_gain":0,"max_hp_loss":0,"event_name":"The Woman in Blue","floor":31,"gold_loss":0}],"is_beta":false,"boss_relics":[{"not_picked":["reliquary:KinkedSpring","Abe\u0027s Treasure"],"picked":"infinitespire:Cupcake"}],"items_purged_floors":[22],"is_endless":false,"potions_floor_spawned":[4,7,10,14,16,28],"killed_by":"Champ","ascension_level":3}}