{"host":"wit788p0mfrnfops","time":1614167988,"event":{"mods":["ATMod(阿瑾Mod)","Act Like it!","Aspiration","BaseMod","Conspire","Dota2Spire","Energized Spire","Friendly Minions","Gensokyo","Jedi Mod","Library of Ruina Extra","Minty Spire (QoL Compilation)","MostiFishMod","Permanent Neow","Prisma Mod","Quarter Circle Forward PUNCH!","Quick Restart","Reliquary","Replay The Spire","RumiaBox-露米?的神秘盒子","Spicy Shops","StSLib","TestMod","The Alterego","Wide Potions","[IsaacMod]以撒尖塔","【功能Mod】混沌之?修复?丁","【功能Mod】?明的最?Boss","【?物卡牌】REMEMod","篝火指南"],"gold_per_floor":[114,121,121,121,121,121,121,121,121,55,55,55,59,75,75,197,197,207,237,256,158,29,29,29,0,75,75,83,99,46,61,61,61,61],"floor_reached":33,"language":"ZHS","playtime":1489,"items_purged":[],"score":633,"play_id":"3ee846d8-e2c9-4670-ba56-229d9fa0ecb3","local_time":"20210224195948","daily_mods":["Hoarder","Insanity","Chimera","Specialized","Vintage","ControlledChaos","Allstar","Diverse","Colorless Cards","Heirloom","Time Dilation","Flight"],"is_ascension_mode":false,"campfire_choices":[{"data":"Demon Form","floor":6.0,"key":"SMITH"},{"data":"AT_Dispersion","floor":8.0,"key":"SMITH"},{"data":"AT_Dispersion","floor":11.0,"key":"SMITH"},{"floor":23.0,"key":"REST"},{"data":"AT_Dispersion","floor":27.0,"key":"SMITH"},{"data":"Pain","floor":32,"key":"PURGE"}],"circlet_count":0,"master_deck":["Demon Form+1","Wraith Form v2","Echo Form","AT_Dispersion+1","AT_Dispersion+1","AT_Dispersion+1","ReplayGash+1","ReplayGash+1","Pain","Pain","Combust+1","Combust","Combust","Pain","Pain","Pain","MostiFishMod:DoubleSword","MostiFishMod:DoubleSword","MostiFishMod:DoubleSword+1","Gensokyo:SummonYinYangFox","Gensokyo:SummonYinYangFox","Gensokyo:SummonYinYangFox","Gensokyo:SummonFieryMouse","Gensokyo:SummonFieryMouse","Gensokyo:ExoticEgg","MostiFishMod:#F4004","MostiFishMod:#F4004","MostiFishMod:#F4004","Gensokyo:SummonPsychicCat","Gensokyo:SummonPsychicCat","Gensokyo:SummonYinYangFox","Gensokyo:SummonYinYangFox","Gensokyo:SummonYinYangFox","Havoc","Havoc","Havoc","Gensokyo:SummonYinYangFox","Gensokyo:SummonYinYangFox","Gensokyo:SummonYinYangFox"],"relics":["Snecko Eye","Unceasing Top","Ring of Chaos","replay:Trail_Library","jedi:maincommand","HushsDoor","testmod-TestBox","REME_ComplimentaryCards","DaveBox","AT_ATBox","TheBible","testmod-BouquetWithThorns","RhineFirstAidKit","DaCapo","reliquary:TridentHead","Baka","SynthV:TestCard","Replay:Kaleidoscope","Gensokyo:Mercy","Gensokyo:LunaticRedEyes","Yang","TuHaoJin","Replay:Antivirus Software","conspire:Dentures","HereWithMe","SSSystem","PlanX","qcfpunch:Not_Strongest_Fighting_Style_Guidebook","reliquary:MedicineBall","Symbiotic Virus","Gensokyo:Companionship","testmod-OneHitWonder","reliquary:SilkGlove","MoneyPower"],"acts_visited":["Gensokyo:Gensokyo","Gensokyo:Gensokyoer"],"potions_floor_usage":[33],"damage_taken":[{"damage":11.0,"enemies":"Gensokyo:Python","floor":1.0,"turns":5.0},{"damage":15.0,"enemies":"Gensokyo:2_Kodama","floor":2.0,"turns":2.0},{"damage":13.0,"enemies":"Gensokyo:3_Fairies","floor":13.0,"turns":3.0},{"damage":12.0,"enemies":"Gensokyo:3_Kodama","floor":14.0,"turns":2.0},{"damage":11.0,"enemies":"Gensokyo:Yukari","floor":16.0,"turns":5.0},{"damage":46.0,"enemies":"Gensokyo:AngelMirror","floor":18.0,"turns":3.0},{"damage":60.0,"enemies":"conspire:MimicChest","floor":19.0,"turns":4.0},{"damage":50.0,"enemies":"Gensokyo:CosmicMonolith","floor":20.0,"turns":3.0},{"damage":58,"enemies":"Gensokyo:Slime_Group","floor":28,"turns":4},{"damage":8,"enemies":"Gensokyo:Monolith_and_Dog","floor":29,"turns":5},{"damage":0,"enemies":"Gensokyo:Wraith","floor":31,"turns":1},{"damage":123,"enemies":"Gensokyo:Kaguya","floor":33,"turns":18}],"seed_played":"5612967042029123166","potions_obtained":[{"floor":2.0,"key":"SpeedPotion"},{"floor":13.0,"key":"jedi:StrikingPotion"},{"floor":20.0,"key":"Adrenaline Potion"},{"floor":28,"key":"Dota2Spire:HealingSalve"},{"floor":31,"key":"Adrenaline Potion"}],"is_trial":true,"path_per_floor":["M","M","?","?","?","R","T","R","T","COS","R","$","M","M","R","B",null,"M","?","M","COS","$","R","?","?","T","R","M","M","$","M","R","B"],"character_chosen":"IRONCLAD","items_purchased":["jedi:command_uncommon","Havoc"],"campfire_rested":1,"item_purchase_floors":[22,30],"current_hp_per_floor":[93,78,78,78,78,78,78,78,78,78,78,78,65,53,84,73,104,72,107,57,57,57,89,89,89,89,89,31,44,44,107,107,0,0],"gold":61,"neow_bonus":"","is_daily":false,"chose_seed":false,"campfire_upgraded":4,"win_rate":0.0,"timestamp":1614167988,"path_taken":["?","?","?","?","?","R","?","R","T","COS","R","?","?","M","R","BOSS","M","?","?","COS","$","R","?","?","T","R","?","M","$","?","R","BOSS"],"items_purchased_type":["Relic","Card"],"build_version":"2020-12-22","purchased_purges":0,"victory":false,"max_hp_per_floor":[104,104,104,104,104,104,104,104,104,104,104,104,104,104,104,104,104,107,107,107,107,107,107,107,107,107,107,107,107,107,107,107,107,107],"card_choices":[{"not_picked":["alterego_mod:STier","Doppelganger","REME_GrazeFinale","Venomology"],"picked":"MostiFishMod:DoubleSword","floor":16.0}],"player_experience":887428,"relics_obtained":[{"floor":1.0,"key":"jedi:command_uncommon"},{"floor":1.0,"key":"Baka"},{"floor":1.0,"key":"SynthV:TestCard"},{"floor":2.0,"key":"jedi:command_rare"},{"floor":7.0,"key":"jedi:command_uncommon"},{"floor":9.0,"key":"TuHaoJin"},{"floor":13.0,"key":"jedi:command_common"},{"floor":14.0,"key":"jedi:command_uncommon"},{"floor":18.0,"key":"jedi:command_common"},{"floor":19.0,"key":"jedi:command_rare"},{"floor":20.0,"key":"jedi:command_common"},{"floor":26.0,"key":"jedi:command_uncommon"},{"floor":28,"key":"jedi:command_common"},{"floor":29,"key":"jedi:command_common"},{"floor":31,"key":"MoneyPower"}],"event_choices":[{"damage_healed":0.0,"max_hp_gain":0.0,"max_hp_loss":0.0,"gold_gain":0.0,"event_name":"conspire:Investor","player_choice":"Leave","floor":24.0,"gold_loss":0.0,"damage_taken":0.0}],"is_beta":false,"boss_relics":[{"not_picked":["jedi:command_boss","jedi:command_boss"],"picked":"jedi:command_boss"},{"not_picked":[]}],"items_purged_floors":[],"is_endless":true,"potions_floor_spawned":[2,13,20,28,31],"killed_by":"Gensokyo:Kaguya","ascension_level":0}}