{"host":"5xgshhlcaxmkr24q","time":1614169419,"event":{"mods":["AchievementEnabler","BaseMod","Colored Map","Colored Powertips","Curses Come First","DeckTracker","Humility","Minty Spire (QoL Compilation)","StSLib","Together in Spire"],"gold_per_floor":[117,117,127,202,215,215,247,260,305,316,316,346,346,376,376,474,474,487,402,49,68,68,94,94,14,14,48,48,48,64,89,89,185,185,199,18,31,41,61,61,93,18,18,31,50,83,83,0,0,0],"floor_reached":51,"language":"ENG","playtime":6518,"items_purged":["Strike_B","Strike_B","Dualcast+1","Defend_B"],"score":833,"play_id":"6d4eec50-0a1e-48cd-ab4c-3ec6d6065eb1","local_time":"20210224132339","is_ascension_mode":false,"campfire_choices":[{"data":"Zap","floor":6.0,"key":"SMITH"},{"data":"Loop","floor":11.0,"key":"SMITH"},{"data":"Defragment","floor":13.0,"key":"SMITH"},{"data":"Conserve Battery","floor":15.0,"key":"SMITH"},{"data":"Force Field","floor":24.0,"key":"SMITH"},{"floor":32.0,"key":"DIG"},{"floor":40.0,"key":"DIG"},{"data":"Thunder Strike","floor":47,"key":"SMITH"},{"floor":49,"key":"DIG"}],"circlet_count":0,"master_deck":["Defend_B+1","Defend_B","Zap+1","Ball Lightning","Force Field+1","Loop+1","Conserve Battery+1","Defragment+1","Electrodynamics","Double Energy","Storm","Reboot","Biased Cognition","Force Field+1","Thunder Strike+1","CurseOfTheBell","Consume+1","Echo Form","Defragment","Undo+1"],"relics":["Cracked Core","War Paint","InkBottle","Potion Belt","Bronze Scales","PreservedInsect","Snecko Eye","Du-Vu Doll","White Beast Statue","The Courier","Ice Cream","Bottled Lightning","Shovel","Singing Bowl","Calling Bell","Centennial Puzzle","Gremlin Horn","Girya","Membership Card","Vajra","Bird Faced Urn","HornCleat","Orichalcum","Red Mask","Bag of Marbles"],"acts_visited":[],"potions_floor_usage":[46,46,46,50,50],"damage_taken":[{"damage":0.0,"enemies":"2 Louse","floor":1.0,"turns":2.0},{"damage":0.0,"enemies":"Jaw Worm","floor":3.0,"turns":2.0},{"damage":0.0,"enemies":"Small Slimes","floor":5.0,"turns":1.0},{"damage":6.0,"enemies":"Gremlin Nob","floor":7.0,"turns":4.0},{"damage":0.0,"enemies":"Looter","floor":8.0,"turns":1.0},{"damage":1.0,"enemies":"Exordium Thugs","floor":10.0,"turns":3.0},{"damage":0.0,"enemies":"Lagavulin","floor":12.0,"turns":3.0},{"damage":14.0,"enemies":"Gremlin Nob","floor":14.0,"turns":3.0},{"damage":8.0,"enemies":"Slime Boss","floor":16.0,"turns":5.0},{"damage":0.0,"enemies":"3 Byrds","floor":18.0,"turns":2.0},{"damage":2.0,"enemies":"Shell Parasite","floor":21.0,"turns":4.0},{"damage":0.0,"enemies":"Book of Stabbing","floor":23.0,"turns":3.0},{"damage":0.0,"enemies":"Gremlin Leader","floor":27.0,"turns":3.0},{"damage":0.0,"enemies":"Snake Plant","floor":30.0,"turns":2.0},{"damage":0.0,"enemies":"Slavers","floor":31.0,"turns":2.0},{"damage":0.0,"enemies":"Collector","floor":33.0,"turns":4.0},{"damage":0.0,"enemies":"3 Shapes","floor":35.0,"turns":2.0},{"damage":1.0,"enemies":"3 Darklings","floor":37.0,"turns":2.0},{"damage":0.0,"enemies":"Transient","floor":38.0,"turns":6.0},{"damage":1.0,"enemies":"Spire Growth","floor":39.0,"turns":2.0},{"damage":0.0,"enemies":"Giant Head","floor":41.0,"turns":3.0},{"damage":0.0,"enemies":"Writhing Mass","floor":44.0,"turns":1.0},{"damage":0.0,"enemies":"Transient","floor":45.0,"turns":6.0},{"damage":0,"enemies":"Nemesis","floor":46,"turns":4},{"damage":0,"enemies":"Donu and Deca","floor":50,"turns":4}],"seed_played":"-3544493478177982393","potions_obtained":[{"floor":1.0,"key":"Block Potion"},{"floor":8.0,"key":"Energy Potion"},{"floor":14.0,"key":"FearPotion"},{"floor":18.0,"key":"FearPotion"},{"floor":21.0,"key":"Weak Potion"},{"floor":23.0,"key":"PowerPotion"},{"floor":27.0,"key":"SkillPotion"},{"floor":31.0,"key":"SkillPotion"},{"floor":33.0,"key":"Ancient Potion"},{"floor":35.0,"key":"CultistPotion"},{"floor":37.0,"key":"Fire Potion"},{"floor":38.0,"key":"SteroidPotion"},{"floor":39.0,"key":"Explosive Potion"},{"floor":41.0,"key":"FearPotion"},{"floor":44.0,"key":"SneckoOil"},{"floor":45.0,"key":"FearPotion"},{"floor":46,"key":"Block Potion"}],"is_trial":false,"path_per_floor":["M","?","M","?","M","R","E","M","T","M","R","E","R","E","R","B",null,"M","?","$","M","?","E","R","$","T","E","?","?","M","E","R","B",null,"M","$","M","M","M","R","E","$","T","M","M","E","R","?","R","B",null],"character_chosen":"DEFECT","items_purchased":["White Beast Statue","Double Energy","Membership Card"],"campfire_rested":0,"item_purchase_floors":[20,20,36],"current_hp_per_floor":[75,68,68,57,57,57,51,51,51,50,50,50,50,36,36,28,75,75,75,75,73,73,73,73,73,73,73,73,73,73,73,73,73,75,77,77,78,80,79,79,79,79,79,81,81,83,83,83,83,83],"gold":0,"neow_bonus":"RANDOM_COMMON_RELIC","is_daily":false,"chose_seed":false,"campfire_upgraded":6,"win_rate":0.0,"timestamp":1614169419,"path_taken":["M","?","M","?","M","R","E","M","T","M","R","E","R","E","R","BOSS","M","?","$","M","?","E","R","$","T","E","?","?","?","E","R","BOSS","M","$","?","M","M","R","E","$","T","M","M","E","R","?","R","BOSS"],"items_purchased_type":["Relic","Card","Relic"],"build_version":"2020-12-22","purchased_purges":4,"victory":true,"max_hp_per_floor":[75,75,75,75,75,75,75,75,75,75,75,75,75,75,75,75,75,75,75,75,75,75,75,75,75,75,75,75,75,75,75,75,75,75,77,77,79,81,81,81,81,81,81,81,81,83,83,83,83,83],"card_choices":[{"not_picked":["Hologram","Barrage"],"picked":"Ball Lightning","floor":1.0},{"not_picked":["Cold Snap","Beam Cell"],"picked":"Force Field","floor":3.0},{"not_picked":["Leap","Tempest","Streamline"],"picked":"SKIP","floor":5.0},{"not_picked":["Sweeping Beam","Fission","Barrage"],"picked":"SKIP","floor":7.0},{"not_picked":["Doom and Gloom","Reinforced Body"],"picked":"Loop","floor":8.0},{"not_picked":["Rebound","Beam Cell"],"picked":"Conserve Battery","floor":10.0},{"not_picked":["Scrape","Genetic Algorithm"],"picked":"Defragment","floor":12.0},{"not_picked":["Chill","Reprogram","Stack"],"picked":"SKIP","floor":14.0},{"not_picked":["Biased Cognition","Rainbow"],"picked":"Electrodynamics","floor":16.0},{"not_picked":["Coolheaded","Stack+1","Conserve Battery+1"],"picked":"SKIP","floor":18.0},{"not_picked":["Beam Cell","Turbo"],"picked":"Storm","floor":21.0},{"not_picked":["Steam","Turbo+1","Barrage+1"],"picked":"SKIP","floor":23.0},{"not_picked":["Ball Lightning","Tempest","BootSequence"],"picked":"SKIP","floor":27.0},{"not_picked":["Rebound","Gash","Coolheaded"],"picked":"SKIP","floor":30.0},{"not_picked":["FTL","Streamline","Chill+1"],"picked":"SKIP","floor":31.0},{"not_picked":["Multi-Cast","Fission"],"picked":"Thunder Strike","floor":33.0},{"not_picked":["Stack+1","Turbo","Barrage"],"picked":"Singing Bowl","floor":35.0},{"not_picked":["Leap+1","Steam","Gash+1"],"picked":"Singing Bowl","floor":37.0},{"not_picked":["Gash+1","Genetic Algorithm+1","Sweeping Beam"],"picked":"Singing Bowl","floor":38.0},{"not_picked":["Melter+1","Hologram+1"],"picked":"Consume+1","floor":39.0},{"not_picked":["Turbo","Rebound"],"picked":"Echo Form","floor":41.0},{"not_picked":["Rebound+1","Hologram"],"picked":"Defragment","floor":44.0},{"not_picked":["Cold Snap","Chaos+1"],"picked":"Undo+1","floor":45.0},{"not_picked":["Skim+1","Darkness+1","Undo+1"],"picked":"Singing Bowl","floor":46}],"player_experience":693043,"relics_obtained":[{"floor":7.0,"key":"InkBottle"},{"floor":9.0,"key":"Potion Belt"},{"floor":12.0,"key":"Bronze Scales"},{"floor":14.0,"key":"PreservedInsect"},{"floor":23.0,"key":"The Courier"},{"floor":26.0,"key":"Ice Cream"},{"floor":27.0,"key":"Bottled Lightning"},{"floor":31.0,"key":"Shovel"},{"floor":32.0,"key":"Singing Bowl"},{"floor":34.0,"key":"Centennial Puzzle"},{"floor":34.0,"key":"Gremlin Horn"},{"floor":34.0,"key":"Girya"},{"floor":40.0,"key":"Vajra"},{"floor":41.0,"key":"Bird Faced Urn"},{"floor":43.0,"key":"HornCleat"},{"floor":46,"key":"Orichalcum"},{"floor":49,"key":"Bag of Marbles"}],"event_choices":[{"cards_removed":["Strike_B"],"damage_healed":0.0,"max_hp_gain":0.0,"max_hp_loss":0.0,"gold_gain":0.0,"event_name":"Golden Wing","player_choice":"Card Removal","floor":2.0,"gold_loss":0.0,"damage_taken":7.0},{"damage_healed":0.0,"max_hp_gain":0.0,"max_hp_loss":0.0,"gold_gain":75.0,"event_name":"World of Goop","player_choice":"Gather Gold","floor":4.0,"gold_loss":0.0,"damage_taken":11.0},{"damage_healed":0.0,"max_hp_gain":0.0,"max_hp_loss":0.0,"gold_gain":0.0,"event_name":"Addict","player_choice":"Obtained Relic","floor":19.0,"gold_loss":85.0,"damage_taken":0.0,"relics_obtained":["Du-Vu Doll"]},{"damage_healed":0.0,"max_hp_gain":0.0,"max_hp_loss":0.0,"gold_gain":0.0,"event_name":"Vampires","player_choice":"Ignored","floor":22.0,"gold_loss":0.0,"damage_taken":0.0},{"damage_healed":0.0,"max_hp_gain":0.0,"max_hp_loss":0.0,"gold_gain":0.0,"cards_transformed":["Strike_B","Defend_B"],"event_name":"Drug Dealer","player_choice":"Became Test Subject","floor":28.0,"gold_loss":0.0,"damage_taken":0.0,"cards_obtained":["Reboot","Biased Cognition"]},{"damage_healed":0.0,"max_hp_gain":0.0,"max_hp_loss":0.0,"gold_gain":0.0,"event_name":"Duplicator","player_choice":"Copied","floor":29.0,"gold_loss":0.0,"damage_taken":0.0,"cards_obtained":["Force Field"]},{"damage_healed":0,"gold_gain":0,"player_choice":"Paid","damage_taken":0,"relics_obtained":["Red Mask"],"max_hp_gain":0,"max_hp_loss":0,"event_name":"Tomb of Lord Red Mask","floor":48,"gold_loss":83}],"is_beta":false,"boss_relics":[{"not_picked":["Sozu","Cursed Key"],"picked":"Snecko Eye"},{"not_picked":["Empty Cage","Tiny House"],"picked":"Calling Bell"}],"items_purged_floors":[20,25,36,42],"is_endless":false,"potions_floor_spawned":[1,8,14,18,21,23,27,30,31,33,35,37,38,39,41,44,45,46],"ascension_level":0,"is_humility":true}}