{"host":"s41rn2jhghpwfrvz","time":1614142965,"event":{"mods":["BaseMod","Minty Spire (QoL Compilation)","Quick Restart","Relic Stats","SuperFastMode"],"gold_per_floor":[112,112,127,52,62,62,91,103,103,128,128,163,173,204,204,278,278,296,296,296,308,323,350,89,119,165,165,195,214,214,240,240,318,318,336,354,370,370,390,419,419,454,454,484,484,511,521,555,555,555,555,555,555,5,31,31],"floor_reached":57,"language":"ENG","playtime":1433,"items_purged":["Disarm","Gash"],"score":4016,"play_id":"05ac328b-268b-4667-b97d-c500958bc09c","local_time":"20210224070245","daily_mods":["SealedDeck","Diverse","Elite Swarm"],"is_ascension_mode":true,"campfire_choices":[{"data":"Body Slam","floor":6,"key":"SMITH"},{"data":"Footwork","floor":11,"key":"SMITH"},{"data":"Backflip","floor":15,"key":"SMITH"},{"data":"Barricade","floor":27,"key":"SMITH"},{"data":"Pommel Strike","floor":30,"key":"SMITH"},{"data":"Shrug It Off","floor":32,"key":"SMITH"},{"floor":41,"key":"RECALL"},{"data":"Grand Finale","floor":45,"key":"SMITH"},{"data":"Dodge and Roll","floor":49,"key":"SMITH"},{"data":"1","floor":53,"key":"LIFT"}],"circlet_count":0,"master_deck":["AscendersBane","Fire Breathing","Dodge and Roll+1","Pommel Strike+1","Body Slam+1","Shrug It Off+1","Footwork+1","Backflip+1","Grand Finale+1","Barricade+1"],"relics":["Black Blood","Omamori","StrikeDummy","Singing Bowl","Girya","Cursed Key","Nilry\u0027s Codex","Oddly Smooth Stone","Red Skull","PreservedInsect","Kunai","Anchor","FossilizedHelix","Centennial Puzzle","Regal Pillow","Nunchaku","Du-Vu Doll","Juzu Bracelet","Mercury Hourglass","Self Forming Clay","InkBottle","Blood Vial"],"acts_visited":["Exordium","TheCity","TheBeyond","TheEnding"],"potions_floor_usage":[16,23,25,51,56],"damage_taken":[{"damage":0,"enemies":"Jaw Worm","floor":1,"turns":5},{"damage":0,"enemies":"Cultist","floor":3,"turns":3},{"damage":0,"enemies":"2 Louse","floor":5,"turns":3},{"damage":20,"enemies":"Gremlin Nob","floor":7,"turns":4},{"damage":0,"enemies":"Large Slime","floor":8,"turns":4},{"damage":0,"enemies":"Lagavulin","floor":10,"turns":5},{"damage":5,"enemies":"3 Sentries","floor":12,"turns":4},{"damage":0,"enemies":"Blue Slaver","floor":13,"turns":2},{"damage":20,"enemies":"Gremlin Nob","floor":14,"turns":4},{"damage":0,"enemies":"Slime Boss","floor":16,"turns":5},{"damage":0,"enemies":"3 Byrds","floor":18,"turns":3},{"damage":0,"enemies":"Chosen","floor":21,"turns":4},{"damage":19,"enemies":"Snake Plant","floor":22,"turns":3},{"damage":27,"enemies":"Slavers","floor":23,"turns":4},{"damage":0,"enemies":"Gremlin Leader","floor":25,"turns":3},{"damage":0,"enemies":"Book of Stabbing","floor":28,"turns":3},{"damage":0,"enemies":"Chosen and Byrds","floor":29,"turns":4},{"damage":0,"enemies":"Gremlin Leader","floor":31,"turns":3},{"damage":0,"enemies":"Automaton","floor":33,"turns":4},{"damage":0,"enemies":"Orb Walker","floor":35,"turns":2},{"damage":0,"enemies":"3 Shapes","floor":36,"turns":2},{"damage":0,"enemies":"3 Darklings","floor":37,"turns":3},{"damage":9,"enemies":"Sphere and 2 Shapes","floor":39,"turns":2},{"damage":0,"enemies":"Reptomancer","floor":40,"turns":3},{"damage":0,"enemies":"Giant Head","floor":42,"turns":3},{"damage":0,"enemies":"Reptomancer","floor":44,"turns":3},{"damage":0,"enemies":"Nemesis","floor":46,"turns":3},{"damage":0,"enemies":"4 Shapes","floor":47,"turns":1},{"damage":0,"enemies":"Reptomancer","floor":48,"turns":3},{"damage":1,"enemies":"Awakened One","floor":50,"turns":6},{"damage":0,"enemies":"Time Eater","floor":51,"turns":6},{"damage":6,"enemies":"Shield and Spear","floor":55,"turns":2},{"damage":20,"enemies":"The Heart","floor":56,"turns":8}],"seed_played":"2335697527699652422","potions_obtained":[{"floor":1,"key":"BloodPotion"},{"floor":7,"key":"EssenceOfSteel"},{"floor":16,"key":"DuplicationPotion"},{"floor":25,"key":"BloodPotion"},{"floor":33,"key":"SkillPotion"}],"is_trial":true,"path_per_floor":["M","?","M","$","M","R","E","M","T","E","R","E","M","E","R","B",null,"M","?","?","M","M","E","$","E","T","R","E","M","R","E","R","B",null,"M","M","M","?","M","E","R","E","T","E","R","E","M","E","R","B","B",null,"R","$","E","B",null],"character_chosen":"IRONCLAD","items_purchased":["PreservedInsect","Self Forming Clay","InkBottle"],"campfire_rested":0,"item_purchase_floors":[24,54,54],"current_hp_per_floor":[74,74,75,75,75,75,61,67,67,73,73,76,79,67,67,81,81,83,62,62,70,59,40,40,63,63,63,71,79,79,87,87,95,97,99,101,103,103,105,107,107,109,109,111,111,113,115,117,117,117,117,117,117,117,119,111],"gold":31,"neow_bonus":"","is_daily":false,"chose_seed":false,"campfire_upgraded":8,"win_rate":0.0,"timestamp":1614142965,"path_taken":["M","?","M","$","M","R","E","?","T","E","R","E","M","E","R","BOSS","M","?","?","M","M","E","$","E","T","R","E","M","R","E","R","BOSS","M","M","M","?","M","E","R","E","T","E","R","E","M","E","R","BOSS","BOSS","R","$","E","BOSS"],"items_purchased_type":["Relic","Relic","Relic"],"build_version":"2020-12-22","purchased_purges":2,"victory":true,"max_hp_per_floor":[75,75,75,75,75,75,75,75,75,75,75,77,79,81,81,81,81,83,83,83,85,87,89,89,89,89,89,91,93,93,95,95,97,97,99,101,103,103,105,107,107,109,109,111,111,113,115,117,117,117,117,117,117,117,119,119],"relic_stats":{"Regal Pillow":0,"Singing Bowl":44,"counters":[33,117],"Self Forming Clay":[24],"Black Blood":120,"PreservedInsect":578,"Juzu Bracelet":0,"Cursed Key":1,"Mercury Hourglass":[75],"Blood Vial":0,"Centennial Puzzle":[12],"Nunchaku":[6],"Kunai":[22],"obtain_stats":[{"Girya":14,"Regal Pillow":40,"Singing Bowl":12,"Nilry\u0027s Codex":19,"Self Forming Clay":54,"Oddly Smooth Stone":20,"Black Blood":34,"PreservedInsect":24,"Omamori":7,"Juzu Bracelet":46,"Cursed Key":17,"Burning Blood":0,"Mercury Hourglass":48,"Du-Vu Doll":44,"Blood Vial":55,"Anchor":26,"Centennial Puzzle":31,"Nunchaku":42,"Kunai":25,"StrikeDummy":10,"Red Skull":23,"FossilizedHelix":28,"InkBottle":54},{"Girya":9,"Regal Pillow":24,"Singing Bowl":7,"Nilry\u0027s Codex":11,"Self Forming Clay":31,"Oddly Smooth Stone":11,"Black Blood":19,"PreservedInsect":14,"Omamori":4,"Juzu Bracelet":27,"Cursed Key":10,"Burning Blood":0,"Mercury Hourglass":29,"Du-Vu Doll":26,"Blood Vial":32,"Anchor":15,"Centennial Puzzle":18,"Nunchaku":25,"Kunai":15,"StrikeDummy":6,"Red Skull":14,"FossilizedHelix":16,"InkBottle":31},{"Girya":34,"Regal Pillow":82,"Singing Bowl":28,"Nilry\u0027s Codex":42,"Self Forming Clay":107,"Oddly Smooth Stone":42,"Black Blood":70,"PreservedInsect":53,"Omamori":15,"Juzu Bracelet":91,"Cursed Key":39,"Burning Blood":0,"Mercury Hourglass":95,"Du-Vu Doll":88,"Blood Vial":109,"Anchor":56,"Centennial Puzzle":66,"Nunchaku":85,"Kunai":56,"StrikeDummy":24,"Red Skull":53,"FossilizedHelix":59,"InkBottle":107}],"InkBottle":[4]},"card_choices":[{"not_picked":["Skewer","Streamline","Outmaneuver"],"picked":"SKIP","floor":1},{"not_picked":["Dodge and Roll","Auto Shields","PiercingWail"],"picked":"SKIP","floor":3},{"not_picked":["JustLucky","Perfected Strike","BowlingBash"],"picked":"SKIP","floor":5},{"not_picked":["Immolate","Burst","After Image"],"picked":"SKIP","floor":7},{"not_picked":["Shockwave","Pommel Strike"],"picked":"Backflip","floor":8},{"not_picked":["Fission","Bludgeon","Exhume"],"picked":"SKIP","floor":10},{"not_picked":["Storm of Steel","Burst","Blasphemy"],"picked":"Singing Bowl","floor":12},{"not_picked":["Acrobatics","Slice","Deflect"],"picked":"Singing Bowl","floor":13},{"not_picked":["Tools of the Trade","Electrodynamics","MasterReality"],"picked":"Singing Bowl","floor":14},{"not_picked":["Immolate","Electrodynamics"],"picked":"Grand Finale","floor":16},{"not_picked":["Halt","Rebound","White Noise"],"picked":"Singing Bowl","floor":18},{"not_picked":["Pommel Strike","Rampage","Static Discharge"],"picked":"Singing Bowl","floor":21},{"not_picked":["Catalyst+1","True Grit","Slice+1"],"picked":"Singing Bowl","floor":22},{"not_picked":["Envenom","Fiend Fire","DevaForm"],"picked":"Singing Bowl","floor":23},{"not_picked":["Devotion","Juggernaut"],"picked":"Barricade","floor":25},{"not_picked":["Machine Learning","Judgement","Hyperbeam"],"picked":"Singing Bowl","floor":28},{"not_picked":["Flame Barrier","JustLucky","Dagger Spray"],"picked":"Singing Bowl","floor":29},{"not_picked":["Wish","Electrodynamics","Reaper"],"picked":"Singing Bowl","floor":31},{"not_picked":["Glass Knife","All For One","Hyperbeam"],"picked":"Singing Bowl","floor":33},{"not_picked":["Reflex","ForeignInfluence+1","JustLucky"],"picked":"Singing Bowl","floor":35},{"not_picked":["Protect","Dropkick","SashWhip"],"picked":"Singing Bowl","floor":36},{"not_picked":["Power Through","Sentinel","Pommel Strike+1"],"picked":"Singing Bowl","floor":37},{"not_picked":["Quick Slash","Compile Driver","Crescendo"],"picked":"Singing Bowl","floor":39},{"not_picked":["Establishment","Creative AI","Seek"],"picked":"Singing Bowl","floor":40},{"not_picked":["Malaise","A Thousand Cuts","Bullet Time"],"picked":"Singing Bowl","floor":42},{"not_picked":["Reaper","Blasphemy","Fission"],"picked":"Singing Bowl","floor":44},{"not_picked":["Exhume","Storm of Steel","SpiritShield"],"picked":"Singing Bowl","floor":46},{"not_picked":["Thunderclap","Well Laid Plans","Chaos"],"picked":"Singing Bowl","floor":47},{"not_picked":["Core Surge","Wish","Die Die Die"],"picked":"Singing Bowl","floor":48},{"not_picked":["Blasphemy","Buffer","Tools of the Trade"],"picked":"Singing Bowl","floor":55}],"player_experience":2000188,"relics_obtained":[{"floor":7,"key":"Omamori"},{"floor":10,"key":"StrikeDummy"},{"floor":12,"key":"Singing Bowl"},{"floor":14,"key":"Girya"},{"floor":19,"key":"Nilry\u0027s Codex"},{"floor":23,"key":"Red Skull"},{"floor":25,"key":"Kunai"},{"floor":26,"key":"Anchor"},{"floor":28,"key":"FossilizedHelix"},{"floor":31,"key":"Centennial Puzzle"},{"floor":40,"key":"Regal Pillow"},{"floor":42,"key":"Nunchaku"},{"floor":44,"key":"Du-Vu Doll"},{"floor":46,"key":"Juzu Bracelet"},{"floor":48,"key":"Mercury Hourglass"},{"floor":55,"key":"Blood Vial"}],"event_choices":[{"cards_removed":["Fire Breathing"],"damage_healed":0,"gold_gain":0,"player_choice":"Purged","damage_taken":0,"max_hp_gain":0,"max_hp_loss":0,"event_name":"Purifier","floor":2,"gold_loss":0},{"damage_healed":0,"gold_gain":0,"player_choice":"Obtained Book","damage_taken":21,"max_hp_gain":0,"max_hp_loss":0,"event_name":"Cursed Tome","floor":19,"gold_loss":0},{"damage_healed":0,"gold_gain":0,"player_choice":"Opened","damage_taken":0,"relics_obtained":["Oddly Smooth Stone"],"max_hp_gain":0,"max_hp_loss":0,"event_name":"The Mausoleum","floor":20,"gold_loss":0,"cards_obtained":["Writhe"]},{"cards_removed":["Disarm"],"damage_healed":0,"gold_gain":0,"player_choice":"Removed Skill","damage_taken":0,"max_hp_gain":0,"max_hp_loss":0,"event_name":"Falling","floor":38,"gold_loss":0}],"is_beta":false,"boss_relics":[{"not_picked":["Runic Cube","Runic Dome"],"picked":"Cursed Key"},{"not_picked":["Snecko Eye","Mark of Pain"],"picked":"Black Blood"}],"items_purged_floors":[4,24],"is_endless":false,"potions_floor_spawned":[1,7,10,13,14,16,18,22,25,33,36,40,44,47],"ascension_level":20}}