{"host":"9n6i2vl93jt4o42q","time":1614192531,"event":{"mods":["BaseMod","Minty Spire (QoL Compilation)","Relic Stats"],"gold_per_floor":[112,162,176,194,38,38,53,53,77,90,124,144,144,21,21,94,94,113,24,42,42,56,88,88,88,112,122,139,172,43,43,43],"floor_reached":31,"language":"ENG","playtime":4297,"items_purged":["Unload"],"score":554,"play_id":"a9177d47-ecdf-413b-94c7-3f4d16ee5851","local_time":"20210224194851","is_ascension_mode":true,"campfire_choices":[{"data":"Envenom","floor":6.0,"key":"SMITH"},{"data":"Malaise","floor":8.0,"key":"SMITH"},{"floor":15.0,"key":"REST"},{"floor":25.0,"key":"REST"}],"circlet_count":0,"master_deck":["AscendersBane","Survivor","Neutralize","Malaise+1","Underhanded Strike","All Out Attack","Blade Dance","Dash","Envenom+1","Dagger Throw","Deadly Poison","Adrenaline","PiercingWail","Well Laid Plans","Finisher","Adrenaline","Leg Sweep","Heel Hook","Deadly Poison","Heel Hook","Envenom","Crippling Poison","Flying Knee","Bullet Time","Deflect","Backflip","PiercingWail","Reflex","Cloak And Dagger+1","Backflip","PiercingWail"],"relics":["Ring of the Snake","Lantern","Centennial Puzzle","Pandora\u0027s Box","Gremlin Horn","MealTicket","White Beast Statue"],"acts_visited":["Exordium","TheCity"],"potions_floor_usage":[],"damage_taken":[{"damage":8.0,"enemies":"Jaw Worm","floor":1.0,"turns":6.0},{"damage":7.0,"enemies":"Cultist","floor":3.0,"turns":5.0},{"damage":7.0,"enemies":"Small Slimes","floor":4.0,"turns":3.0},{"damage":3.0,"enemies":"Blue Slaver","floor":7.0,"turns":4.0},{"damage":4.0,"enemies":"Large Slime","floor":10.0,"turns":4.0},{"damage":16.0,"enemies":"Gremlin Nob","floor":11.0,"turns":4.0},{"damage":1.0,"enemies":"Exordium Thugs","floor":12.0,"turns":2.0},{"damage":25.0,"enemies":"Slime Boss","floor":16.0,"turns":8.0},{"damage":0.0,"enemies":"3 Byrds","floor":18.0,"turns":4.0},{"damage":10.0,"enemies":"Spheric Guardian","floor":20.0,"turns":4.0},{"damage":3.0,"enemies":"Snecko","floor":22.0,"turns":4.0},{"damage":33.0,"enemies":"Slavers","floor":23.0,"turns":5.0},{"damage":6.0,"enemies":"Centurion and Healer","floor":27.0,"turns":5.0},{"damage":11.0,"enemies":"Snake Plant","floor":28.0,"turns":3.0},{"damage":6.0,"enemies":"Book of Stabbing","floor":29.0,"turns":6.0},{"damage":17,"enemies":"Slavers","floor":31,"turns":2}],"seed_played":"8891276978457273226","potions_obtained":[{"floor":1.0,"key":"Energy Potion"},{"floor":4.0,"key":"Block Potion"},{"floor":22.0,"key":"EssenceOfSteel"},{"floor":23.0,"key":"ColorlessPotion"},{"floor":28.0,"key":"Strength Potion"}],"is_trial":false,"path_per_floor":["M","?","M","M","$","R","M","R","T","M","E","M","?","$","R","B",null,"M","$","M","?","M","E","?","R","T","M","M","E","$","E"],"character_chosen":"THE_SILENT","items_purchased":["Dash","Envenom","Well Laid Plans","Finisher","Bullet Time","PiercingWail"],"campfire_rested":2,"item_purchase_floors":[5,5,14,14,19,30],"current_hp_per_floor":[51,51,44,37,37,37,34,34,34,30,14,13,13,13,32,7,51,51,51,41,41,38,5,5,24,24,18,7,1,16,0,0],"gold":43,"neow_bonus":"TRANSFORM_CARD","is_daily":false,"chose_seed":false,"campfire_upgraded":2,"win_rate":0.0,"timestamp":1614192531,"path_taken":["M","?","M","M","$","R","M","R","T","?","E","M","?","$","R","BOSS","M","?","M","?","M","E","?","R","T","?","M","E","$","E"],"items_purchased_type":["Card","Card","Card","Card","Card","Card"],"build_version":"2020-12-22","purchased_purges":1,"victory":false,"max_hp_per_floor":[66,66,66,66,66,66,66,66,66,66,66,66,66,66,66,66,66,66,66,66,66,66,66,66,66,66,66,66,66,66,66,66],"relic_stats":{"Centennial Puzzle":[27],"Gremlin Horn":[1,1],"counters":[16,69],"Pandora\u0027s Box":["Leg Sweep","Heel Hook","Unload","Deadly Poison","Heel Hook","Envenom","Crippling Poison","Flying Knee"],"MealTicket":15,"obtain_stats":[{"Lantern":9,"Centennial Puzzle":11,"Gremlin Horn":23,"Pandora\u0027s Box":17,"MealTicket":26,"White Beast Statue":29,"Ring of the Snake":0},{"Lantern":4,"Centennial Puzzle":6,"Gremlin Horn":12,"Pandora\u0027s Box":8,"MealTicket":12,"White Beast Statue":15,"Ring of the Snake":0},{"Lantern":18,"Centennial Puzzle":26,"Gremlin Horn":53,"Pandora\u0027s Box":36,"MealTicket":53,"White Beast Statue":67,"Ring of the Snake":0}],"Ring of the Snake":[32]},"card_choices":[{"not_picked":["Cloak And Dagger","Outmaneuver"],"picked":"Underhanded Strike","floor":1.0},{"not_picked":["Blade Dance","Outmaneuver"],"picked":"All Out Attack","floor":3.0},{"not_picked":["Quick Slash","Accuracy"],"picked":"Blade Dance","floor":4.0},{"not_picked":["Deflect","Slice"],"picked":"Dagger Throw","floor":7.0},{"not_picked":["Bane","Caltrops"],"picked":"Deadly Poison","floor":10.0},{"not_picked":["Acrobatics","Sucker Punch"],"picked":"Adrenaline","floor":11.0},{"not_picked":["Quick Slash","Expertise"],"picked":"PiercingWail","floor":12.0},{"not_picked":["Bullet Time","Malaise"],"picked":"Adrenaline","floor":16.0},{"not_picked":["Dash","Bane","Calculated Gamble"],"picked":"SKIP","floor":18.0},{"not_picked":["Outmaneuver","Deadly Poison"],"picked":"Deflect","floor":20.0},{"not_picked":["Heel Hook","Caltrops","Dagger Throw"],"picked":"SKIP","floor":22.0},{"not_picked":["Flying Knee","Phantasmal Killer"],"picked":"PiercingWail","floor":23.0},{"not_picked":["Blur","Crippling Poison"],"picked":"Reflex","floor":27.0},{"not_picked":["Dagger Throw","Escape Plan"],"picked":"Cloak And Dagger+1","floor":28.0},{"not_picked":["Dagger Throw","Acrobatics"],"picked":"Backflip","floor":29.0}],"player_experience":2623754,"relics_obtained":[{"floor":9.0,"key":"Lantern"},{"floor":11.0,"key":"Centennial Puzzle"},{"floor":23.0,"key":"Gremlin Horn"},{"floor":26.0,"key":"MealTicket"},{"floor":29.0,"key":"White Beast Statue"}],"event_choices":[{"damage_healed":0.0,"max_hp_gain":0.0,"max_hp_loss":0.0,"gold_gain":50.0,"event_name":"Golden Shrine","player_choice":"Pray","floor":2.0,"gold_loss":0.0,"damage_taken":0.0},{"cards_removed":["Strike_G"],"damage_healed":0.0,"max_hp_gain":0.0,"max_hp_loss":0.0,"gold_gain":0.0,"event_name":"Purifier","player_choice":"Purged","floor":13.0,"gold_loss":0.0,"damage_taken":0.0},{"damage_healed":0.0,"max_hp_gain":0.0,"max_hp_loss":0.0,"gold_gain":0.0,"event_name":"The Library","player_choice":"Read","floor":21.0,"gold_loss":0.0,"damage_taken":0.0,"cards_obtained":["Backflip"]},{"damage_healed":0.0,"max_hp_gain":0.0,"max_hp_loss":0.0,"gold_gain":0.0,"event_name":"Cursed Tome","player_choice":"Ignored","floor":24.0,"gold_loss":0.0,"damage_taken":0.0}],"is_beta":false,"boss_relics":[{"not_picked":["SlaversCollar","Busted Crown"],"picked":"Pandora\u0027s Box"}],"items_purged_floors":[30],"is_endless":false,"potions_floor_spawned":[1,4,7,22,23,28],"killed_by":"Slavers","ascension_level":20}}