{"host":"8zow35rkxv448q2r","time":1614195722,"event":{"mods":["AchievementEnabler","BaseMod","Colored Map","Colored Powertips","Minty Spire (QoL Compilation)","Relic Stats"],"gold_per_floor":[119,99086,99099,98436,98456,98456,98482,98482,98482,98511,98572,98584,98584,98099,98099,98176,98176,98195,97816,97830,97848,97862,97862,97890,97890,97890,97890,97890,97615,97645,97661,97661,97734,97734,97746,97797,97504,97529,97529,97529,97559,97559,97585,97585,97249,97269,97269,97269,97269,97269,97269,97269,96741,96771,96771,96771],"floor_reached":55,"language":"ENG","playtime":7373,"items_purged":["Fire Breathing"],"score":1537,"play_id":"2e7de001-0801-474a-84d4-51b4913add8e","local_time":"20210224144202","is_ascension_mode":true,"campfire_choices":[{"data":"Armaments","floor":6,"key":"SMITH"},{"floor":15,"key":"REST"},{"floor":23,"key":"RECALL"},{"data":"Wild Strike","floor":28,"key":"SMITH"},{"floor":32,"key":"REST"},{"data":"Whirlwind","floor":40,"key":"SMITH"},{"data":"Shockwave","floor":44,"key":"SMITH"},{"data":"Reaper","floor":47,"key":"SMITH"},{"data":"Perfected Strike","floor":49,"key":"SMITH"},{"data":"Uppercut","floor":52,"key":"PURGE"}],"circlet_count":0,"master_deck":["AscendersBane","Strike_R+1","Strike_R+1","Strike_R+1","Strike_R+1","Defend_R+1","Defend_R+1","Defend_R+1","Bash","Headbutt","Pommel Strike","Cleave","Armaments+1","Perfected Strike+1","Inflame+1","Spot Weakness","Metallicize+1","Wild Strike+1","Rampage+1","Shockwave+1","Reaper+1","Whirlwind+1","Mayhem+1","Fire Breathing+1","Apotheosis"],"relics":["Philosopher\u0027s Stone","Gremlin Horn","Singing Bowl","Medical Kit","Frozen Egg 2","Happy Flower","Sling","Matryoshka","White Beast Statue","Pantograph","Juzu Bracelet","Mercury Hourglass","Lantern","Membership Card","Bag of Preparation","Snecko Eye","Strawberry","Brimstone","Red Skull","War Paint","Nilry\u0027s Codex","Centennial Puzzle","Regal Pillow","Vajra","Toolbox","StrikeDummy","Mark of Pain","CaptainsWheel","Toy Ornithopter","Anchor","TheAbacus","Peace Pipe","MealTicket","PreservedInsect","Potion Belt","CeramicFish","Orrery","StoneCalendar","Paper Frog","Strange Spoon","Torii"],"acts_visited":["Exordium","TheCity","TheBeyond","TheEnding"],"potions_floor_usage":[10,11,12,16,16,18,19,22,24,25,30,31,33,36,36,36,41,41,50,50,54,54,55,55,55],"damage_taken":[{"damage":2,"enemies":"Cultist","floor":1,"turns":3},{"damage":0,"enemies":"Small Slimes","floor":3,"turns":2},{"damage":3,"enemies":"Jaw Worm","floor":5,"turns":3},{"damage":22,"enemies":"3 Sentries","floor":7,"turns":4},{"damage":0,"enemies":"Gremlin Nob","floor":10,"turns":3},{"damage":21,"enemies":"Lagavulin Event","floor":11,"turns":3},{"damage":10,"enemies":"2 Fungi Beasts","floor":12,"turns":2},{"damage":24,"enemies":"Slime Boss","floor":16,"turns":5},{"damage":0,"enemies":"Chosen","floor":18,"turns":3},{"damage":0,"enemies":"2 Thieves","floor":20,"turns":2},{"damage":0,"enemies":"Snake Plant","floor":21,"turns":1},{"damage":11,"enemies":"Centurion and Healer","floor":22,"turns":2},{"damage":0,"enemies":"Gremlin Leader","floor":24,"turns":2},{"damage":33,"enemies":"Slavers","floor":30,"turns":4},{"damage":0,"enemies":"Shelled Parasite and Fungi","floor":31,"turns":1},{"damage":15,"enemies":"Collector","floor":33,"turns":4},{"damage":14,"enemies":"Orb Walker","floor":35,"turns":3},{"damage":26,"enemies":"2 Orb Walkers","floor":36,"turns":3},{"damage":1,"enemies":"Mind Bloom Boss Battle","floor":38,"turns":3},{"damage":6,"enemies":"Reptomancer","floor":41,"turns":3},{"damage":16,"enemies":"3 Shapes","floor":46,"turns":2},{"damage":84,"enemies":"Time Eater","floor":50,"turns":7},{"damage":86,"enemies":"Shield and Spear","floor":54,"turns":4},{"damage":133,"enemies":"The Heart","floor":55,"turns":3}],"seed_played":"-7443636821855709043","potions_obtained":[{"floor":1,"key":"EssenceOfSteel"},{"floor":5,"key":"CultistPotion"},{"floor":10,"key":"Fire Potion"},{"floor":11,"key":"ColorlessPotion"},{"floor":12,"key":"PowerPotion"},{"floor":16,"key":"EntropicBrew"},{"floor":18,"key":"Fruit Juice"},{"floor":20,"key":"CultistPotion"},{"floor":21,"key":"ColorlessPotion"},{"floor":22,"key":"BlessingOfTheForge"},{"floor":24,"key":"BloodPotion"},{"floor":30,"key":"Fire Potion"},{"floor":33,"key":"LiquidBronze"},{"floor":35,"key":"Dexterity Potion"},{"floor":36,"key":"Fruit Juice"},{"floor":38,"key":"DistilledChaos"},{"floor":41,"key":"SteroidPotion"},{"floor":42,"key":"Regen Potion"},{"floor":54,"key":"PowerPotion"}],"is_trial":false,"path_per_floor":["M","$","M","$","M","R","E","?","T","E","?","M","?","$","R","B",null,"M","$","M","M","M","R","E","?","T","?","R","$","E","M","R","B",null,"M","?","$","?","?","R","E","?","T","R","$","M","R","?","R","B",null,"R","$","E","B"],"character_chosen":"IRONCLAD","items_purchased":["Pommel Strike","Gremlin Horn","Singing Bowl","Block Potion","Cleave","Medical Kit","Fire Breathing","Frozen Egg 2","Happy Flower","Sling","Armaments","Regen Potion","Lantern","Membership Card","Bag of Preparation","Fruit Juice","Ancient Potion","Strawberry","Brimstone","Red Skull","Spot Weakness","Fire Potion","Regal Pillow","Vajra","Toolbox","Explosive Potion","Toy Ornithopter","Anchor","TheAbacus","Whirlwind","Potion Belt","SteroidPotion","PowerPotion","CeramicFish","Orrery","Apotheosis","StoneCalendar","Paper Frog","Strange Spoon","Explosive Potion","SpeedPotion"],"campfire_rested":2,"item_purchase_floors":[2,2,2,2,2,2,2,4,4,4,4,14,14,14,14,19,19,19,19,19,19,29,29,29,29,37,37,37,37,37,45,45,45,45,45,53,53,53,53,53,53],"current_hp_per_floor":[66,66,68,68,67,67,47,47,47,47,26,18,18,18,42,59,79,86,98,100,100,91,91,91,91,91,91,91,91,58,58,105,93,104,92,101,101,118,112,112,119,119,119,119,133,119,119,119,119,85,123,123,135,52,0,0],"gold":96771,"neow_bonus":"BOSS_RELIC","is_daily":false,"chose_seed":false,"campfire_upgraded":6,"win_rate":0.0,"timestamp":1614195722,"path_taken":["M","$","M","$","?","R","E","?","T","E","?","M","?","$","R","BOSS","M","$","M","M","M","R","E","?","T","?","R","$","E","M","R","BOSS","M","?","$","?","?","R","E","?","T","R","$","M","R","?","R","BOSS","R","$","E","BOSS"],"items_purchased_type":["Card","Relic","Relic","Potion","Card","Relic","Card","Relic","Relic","Relic","Card","Potion","Relic","Relic","Relic","Potion","Potion","Relic","Relic","Relic","Card","Potion","Relic","Relic","Relic","Potion","Relic","Relic","Relic","Card","Relic","Potion","Potion","Relic","Relic","Card","Relic","Relic","Relic","Potion","Potion"],"build_version":"2020-12-22","purchased_purges":1,"victory":false,"max_hp_per_floor":[75,75,77,77,79,79,81,81,81,81,81,83,83,83,83,85,85,92,104,106,106,108,108,108,108,108,108,108,108,108,108,108,108,108,110,117,117,119,123,123,125,125,125,125,133,135,135,135,135,135,135,135,135,137,137,137],"relic_stats":{"Regal Pillow":15,"Gremlin Horn":[22,23],"Singing Bowl":40,"Happy Flower":[22],"Torii":1,"counters":[24,72],"CeramicFish":18,"StoneCalendar":[0],"PreservedInsect":77,"Juzu Bracelet":3,"Bag of Preparation":[34],"War Paint":["Defend_R","Defend_R"],"Medical Kit":[28],"Mercury Hourglass":[235],"Peace Pipe":1,"Strange Spoon":[6],"Centennial Puzzle":[30],"TheAbacus":[24],"Pantograph":85,"Snecko Eye":[107,89,87,81],"MealTicket":18,"obtain_stats":[{"Lantern":14,"Regal Pillow":29,"Gremlin Horn":2,"Singing Bowl":2,"Torii":54,"Nilry\u0027s Codex":25,"CeramicFish":45,"Vajra":29,"StoneCalendar":53,"Juzu Bracelet":10,"Bag of Preparation":14,"Sling":4,"Burning Blood":0,"Centennial Puzzle":26,"Matryoshka":7,"TheAbacus":37,"Pantograph":9,"Strawberry":19,"Toolbox":29,"Philosopher\u0027s Stone":0,"MealTicket":41,"Red Skull":19,"Paper Frog":53,"Potion Belt":45,"Happy Flower":4,"PreservedInsect":43,"Frozen Egg 2":4,"War Paint":24,"Medical Kit":2,"White Beast Statue":9,"Mercury Hourglass":11,"Peace Pipe":38,"Strange Spoon":53,"CaptainsWheel":36,"Anchor":37,"Brimstone":19,"Snecko Eye":17,"Orrery":45,"Mark of Pain":34,"Membership Card":14,"StrikeDummy":30,"Toy Ornithopter":37},{"Lantern":7,"Regal Pillow":13,"Gremlin Horn":1,"Singing Bowl":1,"Torii":23,"Nilry\u0027s Codex":13,"CeramicFish":20,"Vajra":13,"StoneCalendar":22,"Juzu Bracelet":5,"Bag of Preparation":7,"Sling":2,"Burning Blood":0,"Centennial Puzzle":13,"Matryoshka":4,"TheAbacus":18,"Pantograph":4,"Strawberry":9,"Toolbox":13,"Philosopher\u0027s Stone":0,"MealTicket":20,"Red Skull":9,"Paper Frog":22,"Potion Belt":20,"Happy Flower":2,"PreservedInsect":20,"Frozen Egg 2":2,"War Paint":13,"Medical Kit":1,"White Beast Statue":4,"Mercury Hourglass":6,"Peace Pipe":19,"Strange Spoon":22,"CaptainsWheel":18,"Anchor":18,"Brimstone":9,"Snecko Eye":8,"Orrery":20,"Mark of Pain":16,"Membership Card":7,"StrikeDummy":14,"Toy Ornithopter":18},{"Lantern":20,"Regal Pillow":35,"Gremlin Horn":3,"Singing Bowl":3,"Torii":69,"Nilry\u0027s Codex":35,"CeramicFish":56,"Vajra":35,"StoneCalendar":65,"Juzu Bracelet":15,"Bag of Preparation":20,"Sling":5,"Burning Blood":0,"Centennial Puzzle":35,"Matryoshka":12,"TheAbacus":50,"Pantograph":12,"Strawberry":28,"Toolbox":35,"Philosopher\u0027s Stone":0,"MealTicket":56,"Red Skull":28,"Paper Frog":65,"Potion Belt":56,"Happy Flower":5,"PreservedInsect":56,"Frozen Egg 2":5,"War Paint":35,"Medical Kit":3,"White Beast Statue":12,"Mercury Hourglass":18,"Peace Pipe":53,"Strange Spoon":65,"CaptainsWheel":50,"Anchor":50,"Brimstone":28,"Snecko Eye":25,"Orrery":56,"Mark of Pain":44,"Membership Card":20,"StrikeDummy":39,"Toy Ornithopter":50}],"Toy Ornithopter":26},"card_choices":[{"not_picked":["Blood for Blood","Power Through"],"picked":"Headbutt","floor":1},{"not_picked":["Battle Trance","Havoc","True Grit"],"picked":"Singing Bowl","floor":3},{"not_picked":["Cleave","Armaments","Body Slam"],"picked":"Singing Bowl","floor":5},{"not_picked":["Iron Wave","Sword Boomerang","Warcry"],"picked":"Singing Bowl","floor":7},{"not_picked":["Feed","Fiend Fire"],"picked":"Uppercut","floor":10},{"not_picked":["Entrench","Armaments"],"picked":"Inflame+1","floor":11},{"not_picked":["Dropkick","Armaments","Clothesline"],"picked":"Singing Bowl","floor":12},{"not_picked":["Limit Break","Fiend Fire","Juggernaut+1"],"picked":"Singing Bowl","floor":16},{"not_picked":["Body Slam","Sword Boomerang+1","Rage+1"],"picked":"Singing Bowl","floor":18},{"not_picked":["Body Slam","Perfected Strike","Havoc"],"picked":"Singing Bowl","floor":20},{"not_picked":["Second Wind","Perfected Strike"],"picked":"Metallicize+1","floor":21},{"not_picked":["Pummel","Sword Boomerang","Dropkick"],"picked":"Singing Bowl","floor":22},{"not_picked":["Offering","Brutality+1"],"picked":"Wild Strike","floor":24},{"not_picked":["Juggernaut+1","Perfected Strike"],"picked":"Rampage+1","floor":30},{"not_picked":["Shrug It Off","Body Slam"],"picked":"Shockwave","floor":31},{"not_picked":["Offering","Impervious"],"picked":"Reaper","floor":33},{"not_picked":["Iron Wave+1","Flex+1","Perfected Strike"],"picked":"Singing Bowl","floor":35},{"not_picked":["Blood for Blood","Battle Trance","Sword Boomerang+1"],"picked":"Singing Bowl","floor":36},{"not_picked":["Sword Boomerang","Clothesline+1","Ghostly Armor"],"picked":"Singing Bowl","floor":38},{"not_picked":["Chrysalis","The Bomb"],"picked":"Mayhem+1","floor":39},{"not_picked":["Deep Breath","Swift Strike","Transmutation"],"picked":"Singing Bowl","floor":39},{"not_picked":["Bandage Up","Swift Strike","Enlightenment"],"picked":"Singing Bowl","floor":39},{"not_picked":["Clothesline","Wild Strike","Pommel Strike+1"],"picked":"Singing Bowl","floor":41},{"not_picked":["Infernal Blade","Perfected Strike","Carnage"],"picked":"Singing Bowl","floor":45},{"not_picked":["Pommel Strike","Havoc"],"picked":"Fire Breathing+1","floor":45},{"not_picked":["Infernal Blade","Twin Strike","Whirlwind"],"picked":"Singing Bowl","floor":45},{"not_picked":["Fire Breathing+1","Pummel","Sentinel+1"],"picked":"Singing Bowl","floor":45},{"not_picked":["Spot Weakness+1","Sword Boomerang","Rampage+1"],"picked":"Singing Bowl","floor":45},{"not_picked":["Headbutt","Impervious","Clothesline"],"picked":"Singing Bowl","floor":46},{"not_picked":["Sword Boomerang+1","Hemokinesis+1","Clash"],"picked":"Singing Bowl","floor":54}],"player_experience":236836,"relics_obtained":[{"floor":7,"key":"Matryoshka"},{"floor":9,"key":"White Beast Statue"},{"floor":9,"key":"Pantograph"},{"floor":10,"key":"Juzu Bracelet"},{"floor":11,"key":"Mercury Hourglass"},{"floor":24,"key":"War Paint"},{"floor":25,"key":"Nilry\u0027s Codex"},{"floor":26,"key":"Centennial Puzzle"},{"floor":30,"key":"StrikeDummy"},{"floor":36,"key":"CaptainsWheel"},{"floor":38,"key":"Peace Pipe"},{"floor":41,"key":"MealTicket"},{"floor":43,"key":"PreservedInsect"},{"floor":54,"key":"Torii"}],"event_choices":[{"damage_healed":0,"gold_gain":0,"cards_transformed":["Strike_R"],"player_choice":"Transformed","damage_taken":0,"max_hp_gain":0,"max_hp_loss":0,"event_name":"Transmorgrifier","floor":8,"gold_loss":0,"cards_obtained":["Perfected Strike"]},{"damage_healed":0,"gold_gain":0,"player_choice":"Searched \u00272\u0027 times","damage_taken":0,"max_hp_gain":0,"max_hp_loss":0,"event_name":"Dead Adventurer","floor":11,"gold_loss":0},{"damage_healed":0,"gold_gain":0,"player_choice":"Ignored","damage_taken":0,"max_hp_gain":0,"max_hp_loss":0,"event_name":"Liars Game","floor":13,"gold_loss":0},{"damage_healed":0,"gold_gain":0,"player_choice":"Obtained Book","damage_taken":21,"max_hp_gain":0,"max_hp_loss":0,"event_name":"Cursed Tome","floor":25,"gold_loss":0},{"damage_healed":0,"gold_gain":0,"player_choice":"Simplicity","damage_taken":0,"max_hp_gain":0,"max_hp_loss":0,"event_name":"Back to Basics","floor":27,"gold_loss":0,"cards_upgraded":["Strike_R","Strike_R","Strike_R","Strike_R","Defend_R","Defend_R"]},{"damage_healed":0,"gold_gain":0,"player_choice":"Fight","damage_taken":0,"max_hp_gain":0,"max_hp_loss":0,"event_name":"Mysterious Sphere","floor":36,"gold_loss":0},{"damage_healed":0,"gold_gain":0,"player_choice":"Fight","damage_taken":0,"max_hp_gain":0,"max_hp_loss":0,"event_name":"MindBloom","floor":38,"gold_loss":0},{"damage_healed":0,"gold_gain":0,"player_choice":"Memory 3","damage_taken":10,"max_hp_gain":0,"max_hp_loss":0,"event_name":"SensoryStone","floor":39,"gold_loss":0},{"damage_healed":0,"gold_gain":0,"player_choice":"Got Potions","damage_taken":0,"max_hp_gain":0,"max_hp_loss":0,"event_name":"Lab","floor":42,"gold_loss":0},{"cards_removed":["Defend_R"],"damage_healed":0,"gold_gain":0,"player_choice":"Removed Skill","damage_taken":0,"max_hp_gain":0,"max_hp_loss":0,"event_name":"Falling","floor":48,"gold_loss":0}],"is_beta":false,"boss_relics":[{"not_picked":["Astrolabe","Tiny House"],"picked":"Snecko Eye"},{"not_picked":["Calling Bell","Empty Cage"],"picked":"Mark of Pain"}],"items_purged_floors":[45],"is_endless":false,"potions_floor_spawned":[1,5,10,11,12,16,18,20,21,22,24,30,31,33,35,36,38,41,46,54],"killed_by":"The Heart","ascension_level":19}}