{"host":"7t8rqoeeopyy0nh0","time":1614154918,"event":{"mods":["AchievementEnabler","Aspiration","BaseMod","Better Third Choice","BetterRewards","Colored Map","Colored Powertips","Conspire","Downfall","Hubris","Minty Spire (QoL Compilation)","Permanent Neow","Quick Restart","Random Character Button","Rare Cards Sparkle","Reliquary","Replay The Spire","StSLib"],"gold_per_floor":[114,164,180,3,3,3,3,3],"floor_reached":7,"language":"ENG","playtime":184,"items_purged":[],"score":78,"play_id":"2c0afbce-0ff0-4988-a0a9-11880b683e46","local_time":"20210224032158","is_ascension_mode":true,"campfire_choices":[{"data":"Inflame","floor":6,"key":"SMITH"}],"circlet_count":0,"master_deck":["AscendersBane","Strike_R","Strike_R","Strike_R","Strike_R","Strike_R","Defend_R","Defend_R","Defend_R","Defend_R","Bash","Shrug It Off","Shrug It Off","Iron Wave","Feel No Pain","Inflame+1","hubris:StunningStrike","Thunderclap"],"relics":["Burning Blood","hubris:64BitClover","reliquary:OuijaBoard","ReplayTheSpireMod:Ring of Collecting","Ring of Greed","The Courier","Tiny Chest"],"acts_visited":["Exordium"],"potions_floor_usage":[],"damage_taken":[{"damage":11,"enemies":"Jaw Worm","floor":1,"turns":6},{"damage":0,"enemies":"2 Louse","floor":3,"turns":3},{"damage":33,"enemies":"Lagavulin","floor":7,"turns":8}],"seed_played":"2127683338138989028","potions_obtained":[],"is_trial":false,"path_per_floor":["M","?","M","$","?","R","E"],"character_chosen":"IRONCLAD","items_purchased":["hubris:64BitClover","Shrug It Off","Inflame","hubris:StunningStrike","Thunderclap"],"campfire_rested":0,"item_purchase_floors":[0,0,4,4,4],"current_hp_per_floor":[28,28,34,34,34,34,1,1],"gold":3,"neow_bonus":"","is_daily":false,"chose_seed":false,"campfire_upgraded":1,"win_rate":0.0,"timestamp":1614154918,"path_taken":["M","?","M","$","?","R","E"],"items_purchased_type":["Relic","Card","Card","Card","Card"],"build_version":"2020-12-22","purchased_purges":0,"victory":false,"max_hp_per_floor":[75,75,75,75,75,75,75,75],"card_choices":[{"not_picked":["Armaments","Shrug It Off"],"picked":"Iron Wave","floor":1},{"not_picked":["Run Through","True Grit"],"picked":"Feel No Pain","floor":3}],"player_experience":453161,"relics_obtained":[{"floor":2,"key":"ReplayTheSpireMod:Ring of Collecting"},{"floor":2,"key":"Ring of Greed"},{"floor":2,"key":"The Courier"},{"floor":2,"key":"Tiny Chest"}],"event_choices":[{"cards_removed":["Voices"],"damage_healed":0,"gold_gain":0,"player_choice":"Purged","damage_taken":0,"max_hp_gain":0,"max_hp_loss":0,"event_name":"Purifier","floor":5,"gold_loss":0}],"is_beta":false,"boss_relics":[],"items_purged_floors":[],"is_endless":false,"potions_floor_spawned":[],"killed_by":"Lagavulin","ascension_level":20}}