{"host":"2d926qfvvz477zl6","time":1614142189,"event":{"mods":["Aspiration","BaseMod","Challenge The Spire","Colorless Booster Pack","Conspire","Defective Defect","Downfall","GifTheSpireLib","Googly Eyes","GungeonMod","Halation","Hermit","Hero for Fun","Hubris","Infinite Spire","Minty Spire (QoL Compilation)","Morshu Shopkeeper","Permanent Neow","Pikachu Mod","Poor People Problems","Quick Restart","Rare Cards Sparkle","Reliquary","Replay The Spire","Shedinja","Shop Mod","Somnambulant","Spicy Shops","StS++","StSLib","Stuff the Spire","Td1madao Mod","The Awakened One except there are too many feathers","The Blue Laboratory","The Bug Knight","The Construct","The Cursed","The Disciple","The Edgeheg","The Forsaken","The Hierophant","The Servant 0.9.4","TheFirefly","Uncapped","Useless Jewels Mod","Wandering Minibosses","Wide Potions","[JumpMod]????","egg","everything is the same but u backflip on backflip","slay the spire mod where everything is the same but ironclad has a cowboy hat","thorton"],"gold_per_floor":[80,80,80,91,106,106,106,106,159,159,171,171,189,200,280,378,378,396,396,396],"floor_reached":19,"language":"ENG","playtime":521,"items_purged":[],"score":184,"play_id":"8874949f-7cef-4b87-b8eb-7ea2d134ac02","local_time":"20210223234949","is_ascension_mode":false,"campfire_choices":[{"data":"theEdgeheg:SexyGirlfriend","floor":6,"key":"SMITH"},{"data":"theEdgeheg:BloodyKatana","floor":8,"key":"SMITH"},{"data":"theEdgeheg:ChaosGrenade","floor":10,"key":"SMITH"},{"data":"theEdgeheg:TeleportsAbove","floor":12,"key":"SMITH"}],"circlet_count":0,"master_deck":["theEdgeheg:StarterShootAttack","theEdgeheg:StarterShootAttack","theEdgeheg:StarterShootAttack","theEdgeheg:StarterShootAttack","theEdgeheg:StarterDodgeSkill","theEdgeheg:StarterDodgeSkill","theEdgeheg:StarterDodgeSkill","theEdgeheg:BloodyKatana+1","theEdgeheg:ChaosControlSkill","theEdgeheg:GatherChaos","theEdgeheg:DashKatana","theEdgeheg:ChaosGrenade+1","theEdgeheg:SexyGirlfriend+1","theEdgeheg:TeleportsAbove+1","theEdgeheg:RollAndShoot","theEdgeheg:RollAndShoot","Delirium","theEdgeheg:CSGun","theEdgeheg:BloodyKatana"],"relics":["theEdgeheg:UltimateLifeformRelic","theEdgeheg:GreenEmeraldRelic","HowToJump","reliquary:SilkGlove","halation:YellowSoulGem","Pen Nib","hubris:VirtuousBlindfold"],"acts_visited":["Exordium","TheCity"],"potions_floor_usage":[4,5,16,19],"damage_taken":[{"damage":0,"enemies":"Small Slimes","floor":1,"turns":3},{"damage":0,"enemies":"2 Louse","floor":4,"turns":2},{"damage":0,"enemies":"Cultist","floor":5,"turns":3},{"damage":0,"enemies":"Blue Slaver","floor":11,"turns":3},{"damage":0,"enemies":"Exordium Wildlife","floor":13,"turns":2},{"damage":0,"enemies":"Red Slaver","floor":14,"turns":3},{"damage":6,"enemies":"The Guardian","floor":16,"turns":8},{"damage":0,"enemies":"2 Thieves","floor":18,"turns":4},{"damage":4,"enemies":"3 Byrds","floor":19,"turns":2}],"seed_played":"-8485327640224950770","potions_obtained":[{"floor":1,"key":"FearPotion"},{"floor":3,"key":"hexamod:SoulburnPotion"},{"floor":3,"key":"blueLaboratory:FruitPunch"},{"floor":4,"key":"blueLaboratory:BubblePotion"},{"floor":13,"key":"Cursed Concoction"},{"floor":16,"key":"blueLaboratory:RememoryPotion"}],"is_trial":false,"path_per_floor":["M","?","?","M","M","R","?","R","T","R","M","R","M","M","R","B",null,"M","M"],"character_chosen":"THE_DEFAULT","items_purchased":[],"campfire_rested":0,"item_purchase_floors":[],"current_hp_per_floor":[4,5,5,6,6,6,6,6,6,6,6,6,7,7,7,2,3,4,0,0],"gold":396,"neow_bonus":"RANDOM_COMMON_RELIC","is_daily":false,"chose_seed":false,"campfire_upgraded":4,"win_rate":0.0,"timestamp":1614142189,"path_taken":["M","?","?","M","?","R","?","R","T","R","M","R","M","M","R","BOSS","M","M"],"items_purchased_type":[],"build_version":"2020-12-22","purchased_purges":0,"victory":false,"max_hp_per_floor":[5,6,6,8,8,8,8,8,8,8,8,8,8,8,8,8,8,8,8,8],"card_choices":[{"not_picked":["theEdgeheg:Butt","theEdgeheg:ChaosCards"],"picked":"theEdgeheg:DashKatana","floor":1},{"not_picked":["theEdgeheg:DashKatana","theEdgeheg:BlowCover"],"picked":"theEdgeheg:ChaosGrenade","floor":4},{"not_picked":["theEdgeheg:ChaosWhip","theEdgeheg:Reload"],"picked":"theEdgeheg:SexyGirlfriend","floor":5},{"not_picked":["theEdgeheg:Butt","theEdgeheg:DodgeKatana"],"picked":"theEdgeheg:TeleportsAbove","floor":11},{"not_picked":["theEdgeheg:GunFu","theEdgeheg:Fastness"],"picked":"theEdgeheg:RollAndShoot","floor":13},{"not_picked":["theEdgeheg:TeleportsAbove","theEdgeheg:Shotgun"],"picked":"theEdgeheg:RollAndShoot","floor":14},{"not_picked":["theEdgeheg:SoulSiphon","theEdgeheg:RuleOfCool"],"picked":"theEdgeheg:CSGun","floor":16},{"not_picked":["theEdgeheg:CrazyGirlfriend","theEdgeheg:SupersonicSpeed"],"picked":"theEdgeheg:BloodyKatana","floor":18}],"player_experience":553653,"relics_obtained":[{"floor":9,"key":"Pen Nib"}],"event_choices":[{"damage_healed":0,"gold_gain":0,"player_choice":"Got Potions","damage_taken":0,"max_hp_gain":0,"max_hp_loss":0,"event_name":"Lab","floor":3,"gold_loss":0}],"is_beta":false,"boss_relics":[{"not_picked":["Painkiller Herb","reliquary:Ember"],"picked":"hubris:VirtuousBlindfold"}],"items_purged_floors":[],"is_endless":false,"potions_floor_spawned":[1,4,13,16],"killed_by":"3 Byrds","ascension_level":0}}