{"host":"n3r7007bx0xr1slw","time":1614141644,"event":{"mods":["BaseMod","Colored Powertips","DeckTracker","Googly Eyes","Highlight Path","Minty Spire (QoL Compilation)","Relic Stats","StSLib"],"gold_per_floor":[18,31,31,31,106,106,106,31,31,31,72,84,110,137,149,285,297,325,337,349,386,298,337,337,357,357,123,144,144,168,168,168],"floor_reached":31,"language":"ENG","playtime":1208,"items_purged":["Regret","Writhe"],"score":276,"play_id":"1aed55c1-1bde-421d-b859-811099d75496","local_time":"20210223234044","is_ascension_mode":false,"campfire_choices":[{"data":"Apotheosis","floor":6,"key":"SMITH"},{"floor":7,"key":"REST"},{"floor":15,"key":"REST"},{"floor":24,"key":"REST"}],"circlet_count":0,"master_deck":["Defend_B","Defend_B","Defend_B","Defend_B","Zap","Dualcast","Apotheosis+1","Ball Lightning","Capacitor","Electrodynamics","Defragment","Seek","Tempest","Coolheaded+1","White Noise","Bite","Bite","Bite","Bite","Bite"],"relics":["Cracked Core","Golden Idol","WingedGreaves","Lantern","MawBank","Inserter","White Beast Statue","Nunchaku","Chemical X","Ancient Tea Set"],"acts_visited":["Exordium","TheCity"],"potions_floor_usage":[16,16,31],"damage_taken":[{"damage":3,"enemies":"Jaw Worm","floor":1,"turns":2},{"damage":4,"enemies":"Small Slimes","floor":2,"turns":3},{"damage":28,"enemies":"Gremlin Nob","floor":11,"turns":4},{"damage":7,"enemies":"2 Louse","floor":13,"turns":2},{"damage":0,"enemies":"Blue Slaver","floor":14,"turns":3},{"damage":16,"enemies":"Hexaghost","floor":16,"turns":6},{"damage":9,"enemies":"3 Byrds","floor":18,"turns":3},{"damage":0,"enemies":"Chosen","floor":21,"turns":4},{"damage":24,"enemies":"Slavers","floor":23,"turns":2},{"damage":42,"enemies":"Shelled Parasite and Fungi","floor":25,"turns":5},{"damage":3,"enemies":"Centurion and Healer","floor":28,"turns":3},{"damage":29,"enemies":"Sentry and Sphere","floor":31,"turns":3}],"seed_played":"-7887148287166692277","potions_obtained":[{"floor":2,"key":"Block Potion"},{"floor":14,"key":"LiquidMemories"},{"floor":16,"key":"FearPotion"},{"floor":21,"key":"BlessingOfTheForge"},{"floor":23,"key":"SteroidPotion"},{"floor":25,"key":"Weak Potion"},{"floor":28,"key":"FearPotion"}],"is_trial":false,"path_per_floor":["M","M","?","?","?","R","R","$","T","?","E","$","M","M","R","B",null,"M","?","?","M","$","E","R","M","T","$","M","?","T","M"],"character_chosen":"DEFECT","items_purchased":["Chemical X","White Noise"],"campfire_rested":3,"item_purchase_floors":[27,27],"current_hp_per_floor":[72,68,50,50,39,39,61,61,61,61,33,33,26,26,48,32,75,66,66,66,66,66,42,64,24,24,24,23,23,23,0,0],"gold":168,"neow_bonus":"RANDOM_COLORLESS_2","is_daily":false,"chose_seed":false,"campfire_upgraded":1,"win_rate":0.0,"timestamp":1614141644,"path_taken":["M","M","?","?","?","R","R","?","T","?","E","?","M","?","R","BOSS","M","?","?","M","$","E","R","M","T","?","M","?","?","M"],"items_purchased_type":["Relic","Card"],"build_version":"2020-12-22","purchased_purges":2,"victory":false,"max_hp_per_floor":[75,75,75,75,75,75,75,75,75,75,75,75,75,75,75,75,75,75,75,75,75,75,75,75,75,75,75,75,75,75,75,75],"relic_stats":{"Nunchaku":[0],"Inserter":[10],"counters":[12,40],"Golden Idol":63,"Chemical X":[2],"MawBank":132,"obtain_stats":[{"Blood Vial":23,"Lantern":9,"Nunchaku":26,"Inserter":17,"Golden Idol":3,"WingedGreaves":4,"Chemical X":27,"Cracked Core":0,"MawBank":11,"Ancient Tea Set":30,"White Beast Statue":19},{"Blood Vial":9,"Lantern":2,"Nunchaku":10,"Inserter":6,"Golden Idol":2,"WingedGreaves":2,"Chemical X":10,"Cracked Core":0,"MawBank":3,"Ancient Tea Set":11,"White Beast Statue":7},{"Blood Vial":29,"Lantern":5,"Nunchaku":34,"Inserter":20,"Golden Idol":5,"WingedGreaves":5,"Chemical X":34,"Cracked Core":0,"MawBank":9,"Ancient Tea Set":37,"White Beast Statue":23}]},"card_choices":[{"not_picked":["HandOfGreed","Transmutation"],"picked":"Apotheosis","floor":0},{"not_picked":["Hologram","Sweeping Beam","Compile Driver"],"picked":"SKIP","floor":1},{"not_picked":["Streamline","Go for the Eyes"],"picked":"Ball Lightning","floor":2},{"not_picked":["BootSequence","Go for the Eyes"],"picked":"Electrodynamics","floor":11},{"not_picked":["Reinforced Body","Hologram","BootSequence"],"picked":"SKIP","floor":13},{"not_picked":["Leap","Steam"],"picked":"Defragment","floor":14},{"not_picked":["Reboot","Hyperbeam"],"picked":"Seek","floor":16},{"not_picked":["Hologram","Steam Power","Redo+1"],"picked":"SKIP","floor":18},{"not_picked":["Streamline","Melter","Doom and Gloom"],"picked":"SKIP","floor":21},{"not_picked":["Redo","Gash+1"],"picked":"Tempest","floor":23},{"not_picked":["Self Repair","Darkness"],"picked":"Coolheaded+1","floor":25},{"not_picked":["Beam Cell","Static Discharge","Redo"],"picked":"SKIP","floor":28}],"player_experience":170732,"relics_obtained":[{"floor":9,"key":"Lantern"},{"floor":11,"key":"MawBank"},{"floor":23,"key":"Blood Vial"},{"floor":26,"key":"Nunchaku"},{"floor":30,"key":"Ancient Tea Set"}],"event_choices":[{"damage_healed":0,"gold_gain":0,"player_choice":"Take Damage","damage_taken":18,"relics_obtained":["Golden Idol"],"max_hp_gain":0,"max_hp_loss":0,"event_name":"Golden Idol","floor":3,"gold_loss":0},{"damage_healed":0,"gold_gain":0,"player_choice":"Box","damage_taken":0,"relics_obtained":["WingedGreaves"],"max_hp_gain":0,"max_hp_loss":0,"event_name":"Big Fish","floor":4,"gold_loss":0,"cards_obtained":["Regret"]},{"damage_healed":0,"gold_gain":75,"player_choice":"Gather Gold","damage_taken":11,"max_hp_gain":0,"max_hp_loss":0,"event_name":"World of Goop","floor":5,"gold_loss":0},{"damage_healed":0,"gold_gain":0,"cards_transformed":["Strike_B"],"player_choice":"Change","damage_taken":0,"max_hp_gain":0,"max_hp_loss":0,"event_name":"Living Wall","floor":10,"gold_loss":0,"cards_obtained":["Capacitor"]},{"damage_healed":0,"gold_gain":0,"player_choice":"Opened","damage_taken":0,"relics_obtained":["White Beast Statue"],"max_hp_gain":0,"max_hp_loss":0,"event_name":"The Mausoleum","floor":19,"gold_loss":0,"cards_obtained":["Writhe"]},{"damage_healed":0,"gold_gain":0,"player_choice":"Ignored","damage_taken":0,"max_hp_gain":0,"max_hp_loss":0,"event_name":"Ghosts","floor":20,"gold_loss":0},{"damage_healed":0,"gold_gain":0,"player_choice":"Became a vampire (Vial)","damage_taken":0,"max_hp_gain":0,"max_hp_loss":0,"event_name":"Vampires","floor":29,"relics_lost":["Blood Vial"],"gold_loss":0,"cards_obtained":["Bite","Bite","Bite","Bite","Bite"]}],"is_beta":false,"boss_relics":[{"not_picked":["Busted Crown","Coffee Dripper"],"picked":"Inserter"}],"items_purged_floors":[8,22],"is_endless":false,"potions_floor_spawned":[2,14,16,21,23,25,28],"killed_by":"Sentry and Sphere","ascension_level":0}}