{"host":"feffzurv61v3a0s2","time":1614174436,"event":{"mods":["2.2 Compatiblity","BaseMod","Bestiary","Colored Map","Colored Powertips","Dark Map","Downfall","Hermit","Highlight Path","Minty Spire (QoL Compilation)","Quick Restart","Random Character Button","Random Character Mod","Rare Cards Sparkle","Relic Stats","StSLib","Synergy Search","The Cursed","The Disciple","The Hierophant","The Runesmith"],"gold_per_floor":[111,121,183,34,48,48,77,101,101,114,126,157,169,184,184,284,284,297,497,509,528,528,528],"floor_reached":22,"language":"ENG","playtime":2036,"items_purged":[],"score":200,"play_id":"fdf11619-d7c4-4407-a376-5c0cff9744d8","local_time":"20210224054716","is_ascension_mode":false,"campfire_choices":[{"data":"hermit:Snapshot","floor":6.0,"key":"SMITH"},{"data":"hermit:LoneWolf","floor":15,"key":"SMITH"}],"circlet_count":0,"master_deck":["hermit:Strike_Hermit","hermit:Strike_Hermit","hermit:Strike_Hermit","hermit:Strike_Hermit","hermit:Defend_Hermit","hermit:Defend_Hermit","hermit:Defend_Hermit","hermit:Defend_Hermit","hermit:Snapshot+1","hermit:Covet","hermit:GhostlyPresence","hermit:Gestalt","hermit:Brawl","hermit:Virtue","hermit:Ricochet","hermit:LoneWolf+1","hermit:RoundhouseKick","hermit:TrackingShot","hermit:Dive","hermit:HeroicBravado","hermit:DeadMansHand","hermit:GoldenBullet","hermit:EyeOfTheStorm"],"relics":["hermit:Momento","Tiny Chest","StoneCalendar","Odd Mushroom","Ice Cream","Bronze Scales","Black Star"],"acts_visited":["Exordium","TheCity"],"potions_floor_usage":[12,12,16,16],"damage_taken":[{"damage":0.0,"enemies":"Small Slimes","floor":1.0,"turns":3.0},{"damage":0.0,"enemies":"2 Louse","floor":2.0,"turns":2.0},{"damage":2.0,"enemies":"Cultist","floor":5.0,"turns":4.0},{"damage":26.0,"enemies":"3 Sentries","floor":7.0,"turns":8.0},{"damage":11,"enemies":"The Mushroom Lair","floor":8,"turns":5},{"damage":7,"enemies":"2 Fungi Beasts","floor":10,"turns":2},{"damage":25,"enemies":"Exordium Thugs","floor":11,"turns":5},{"damage":2,"enemies":"Gremlin Nob","floor":12,"turns":4},{"damage":0,"enemies":"Lots of Slimes","floor":13,"turns":1},{"damage":2,"enemies":"Exordium Wildlife","floor":14,"turns":4},{"damage":1,"enemies":"Slime Boss","floor":16,"turns":7},{"damage":10,"enemies":"Shell Parasite","floor":18,"turns":7},{"damage":34,"enemies":"3 Byrds","floor":20,"turns":5},{"damage":35,"enemies":"Shelled Parasite and Fungi","floor":21,"turns":6},{"damage":6,"enemies":"Centurion and Healer","floor":22,"turns":1}],"seed_played":"-3435228253917214309","potions_obtained":[{"floor":1.0,"key":"BlessingOfTheForge"},{"floor":2.0,"key":"Regen Potion"},{"floor":7.0,"key":"Strength Potion"},{"floor":10,"key":"DistilledChaos"},{"floor":14,"key":"Energy Potion"},{"floor":16,"key":"Weak Potion"},{"floor":20,"key":"SneckoOil"}],"is_trial":false,"path_per_floor":["M","M","?","$","M","R","E","?","T","M","M","E","M","M","R","B",null,"M","?","M","M","M"],"character_chosen":"HERMIT","items_purchased":["Tiny Chest"],"campfire_rested":0,"item_purchase_floors":[4],"current_hp_per_floor":[82,82,82,82,80,80,69,58,58,51,26,24,24,22,22,21,82,72,72,38,3,0,0],"gold":528,"neow_bonus":"TEN_PERCENT_HP_BONUS","is_daily":false,"chose_seed":false,"campfire_upgraded":2,"win_rate":0.0,"timestamp":1614174436,"path_taken":["M","M","?","$","M","R","E","?","T","M","M","E","M","M","R","BOSS","M","?","M","?","M"],"items_purchased_type":["Relic"],"build_version":"2020-12-22","purchased_purges":0,"victory":false,"max_hp_per_floor":[82,82,82,82,82,82,82,82,82,82,82,82,82,82,82,82,82,82,82,82,82,82,82],"relic_stats":{"counters":[15,64],"Bronze Scales":[112],"Tiny Chest":0,"StoneCalendar":[42],"Black Star":0,"obtain_stats":[{"Ice Cream":9,"Bronze Scales":12,"Tiny Chest":4,"StoneCalendar":7,"Black Star":17,"Odd Mushroom":8,"hermit:Momento":0},{"Ice Cream":5,"Bronze Scales":8,"Tiny Chest":2,"StoneCalendar":4,"Black Star":11,"Odd Mushroom":5,"hermit:Momento":0},{"Ice Cream":22,"Bronze Scales":33,"Tiny Chest":5,"StoneCalendar":17,"Black Star":45,"Odd Mushroom":22,"hermit:Momento":0}]},"card_choices":[{"not_picked":["hermit:ItchyTrigger","hermit:LowProfile"],"picked":"hermit:GhostlyPresence","floor":1.0},{"not_picked":["hermit:DeadMansHand","hermit:BodyArmor"],"picked":"hermit:Gestalt","floor":2.0},{"not_picked":["hermit:Manifest","hermit:WideOpen"],"picked":"hermit:Brawl","floor":5.0},{"not_picked":["hermit:Shortfuse","hermit:BlackWind"],"picked":"hermit:Virtue","floor":7.0},{"not_picked":["hermit:Roulette","hermit:Snipe"],"picked":"hermit:Ricochet","floor":8},{"not_picked":["hermit:Quickdraw","hermit:Dive"],"picked":"hermit:LoneWolf","floor":10},{"not_picked":["hermit:BodyArmor","hermit:Virtue","hermit:FullyLoaded"],"picked":"SKIP","floor":11},{"not_picked":["hermit:Virtue","hermit:Coalescence"],"picked":"hermit:RoundhouseKick","floor":12},{"not_picked":["hermit:LoneWolf","hermit:Manifest"],"picked":"hermit:TrackingShot","floor":13},{"not_picked":["hermit:CalledShot","hermit:Snipe"],"picked":"hermit:Dive","floor":14},{"not_picked":["hermit:DeadOrAlive","hermit:HighNoon"],"picked":"hermit:HeroicBravado","floor":16},{"not_picked":["hermit:SprayPray","hermit:Coalescence"],"picked":"hermit:DeadMansHand","floor":18},{"not_picked":["hermit:Manifest","hermit:TrackingShot"],"picked":"hermit:GoldenBullet","floor":20},{"not_picked":["hermit:HoleUp+1","hermit:WideOpen"],"picked":"hermit:EyeOfTheStorm","floor":21}],"player_experience":139681,"relics_obtained":[{"floor":7.0,"key":"StoneCalendar"},{"floor":8,"key":"Odd Mushroom"},{"floor":9,"key":"Ice Cream"},{"floor":12,"key":"Bronze Scales"}],"event_choices":[{"damage_healed":0.0,"max_hp_gain":0.0,"max_hp_loss":0.0,"gold_gain":62.0,"event_name":"Golden Wing","player_choice":"Gained Gold","floor":3.0,"gold_loss":0.0,"damage_taken":0.0},{"damage_healed":0,"gold_gain":0,"player_choice":"Fought Mushrooms","damage_taken":0,"max_hp_gain":0,"max_hp_loss":0,"event_name":"Mushrooms","floor":8,"gold_loss":0},{"damage_healed":0,"gold_gain":250,"player_choice":"Bet on Owner","damage_taken":0,"max_hp_gain":0,"max_hp_loss":0,"event_name":"The Joust","floor":19,"gold_loss":50}],"is_beta":false,"boss_relics":[{"not_picked":["Astrolabe","Sozu"],"picked":"Black Star"}],"items_purged_floors":[],"is_endless":false,"potions_floor_spawned":[1,2,7,10,14,16,20],"killed_by":"Centurion and Healer","ascension_level":0}}