{"host":"Ovy","time":1614189819,"event":{"mods":["AchievementEnabler","BaseMod","Minty Spire (QoL Compilation)","Relic Stats"],"gold_per_floor":[15,31,50,50,10,10,43,43,69,102,116,126,141,176,176,176,176],"floor_reached":16,"language":"ENG","playtime":834,"items_purged":[],"score":244,"play_id":"a49372ee-a4a1-478b-b551-85b58ee6ded1","local_time":"20210224130339","is_ascension_mode":true,"campfire_choices":[{"data":"Apotheosis","floor":6,"key":"SMITH"},{"data":"Footwork","floor":8,"key":"SMITH"},{"data":"Well Laid Plans","floor":15,"key":"SMITH"}],"circlet_count":0,"master_deck":["AscendersBane","Strike_G","Strike_G","Strike_G","Strike_G","Strike_G","Defend_G","Defend_G","Defend_G","Defend_G","Defend_G","Survivor","Neutralize","Apotheosis+1","Finisher","Blade Dance","Backflip","Well Laid Plans+1","Footwork+1","Accuracy","Footwork"],"relics":["Ring of the Snake","Snake Skull","MealTicket","Singing Bowl","Ice Cream"],"acts_visited":["Exordium"],"potions_floor_usage":[7,7,11],"damage_taken":[{"damage":7,"enemies":"2 Louse","floor":1,"turns":3},{"damage":0,"enemies":"Cultist","floor":2,"turns":4},{"damage":0,"enemies":"Jaw Worm","floor":3,"turns":4},{"damage":3,"enemies":"Gremlin Nob","floor":7,"turns":3},{"damage":6,"enemies":"Lagavulin","floor":10,"turns":8},{"damage":0,"enemies":"Gremlin Gang","floor":11,"turns":4},{"damage":2,"enemies":"Large Slime","floor":12,"turns":5},{"damage":4,"enemies":"Red Slaver","floor":13,"turns":4},{"damage":15,"enemies":"3 Sentries","floor":14,"turns":10},{"damage":29,"enemies":"The Guardian","floor":16,"turns":2}],"seed_played":"-8392584343919862276","potions_obtained":[{"floor":2,"key":"AttackPotion"},{"floor":3,"key":"LiquidMemories"},{"floor":10,"key":"AttackPotion"}],"is_trial":false,"path_per_floor":["M","M","M","?","$","R","E","R","T","E","M","M","M","E","R","B"],"character_chosen":"THE_SILENT","items_purchased":["Well Laid Plans"],"campfire_rested":0,"item_purchase_floors":[5],"current_hp_per_floor":[52,52,52,52,52,52,49,49,49,43,43,43,41,28,28,0,0],"gold":176,"neow_bonus":"RANDOM_COLORLESS_2","is_daily":false,"chose_seed":false,"campfire_upgraded":3,"win_rate":0.0,"timestamp":1614189819,"path_taken":["M","M","M","?","$","R","E","R","T","E","M","M","M","E","R","BOSS"],"items_purchased_type":["Card"],"build_version":"2020-12-18","purchased_purges":0,"victory":false,"max_hp_per_floor":[66,66,66,66,66,66,66,66,66,66,66,68,70,72,72,72,72],"relic_stats":{"Singing Bowl":6,"counters":[10,47],"MealTicket":0,"Snake Skull":[0],"obtain_stats":[{"Ice Cream":14,"Singing Bowl":10,"MealTicket":9,"Snake Skull":7,"Ring of the Snake":0},{"Ice Cream":9,"Singing Bowl":5,"MealTicket":4,"Snake Skull":4,"Ring of the Snake":0},{"Ice Cream":45,"Singing Bowl":22,"MealTicket":14,"Snake Skull":14,"Ring of the Snake":0}],"Ring of the Snake":[20]},"card_choices":[{"not_picked":["Thinking Ahead","Chrysalis"],"picked":"Apotheosis","floor":0},{"not_picked":["PiercingWail","Underhanded Strike"],"picked":"Finisher","floor":1},{"not_picked":["Sucker Punch","All Out Attack"],"picked":"Blade Dance","floor":2},{"not_picked":["Outmaneuver","Predator"],"picked":"Backflip","floor":3},{"not_picked":["Deflect","Underhanded Strike"],"picked":"Footwork","floor":7},{"not_picked":["Bouncing Flask","Sucker Punch"],"picked":"Accuracy","floor":10},{"not_picked":["Heel Hook","Deflect"],"picked":"Footwork","floor":11},{"not_picked":["Caltrops","Choke","Grand Finale"],"picked":"Singing Bowl","floor":12},{"not_picked":["Sucker Punch","Deadly Poison","PiercingWail"],"picked":"Singing Bowl","floor":13},{"not_picked":["Dodge and Roll","Dash","Sucker Punch"],"picked":"Singing Bowl","floor":14}],"player_experience":1350436,"relics_obtained":[{"floor":7,"key":"Snake Skull"},{"floor":9,"key":"MealTicket"},{"floor":10,"key":"Singing Bowl"},{"floor":14,"key":"Ice Cream"}],"event_choices":[{"damage_healed":0,"gold_gain":0,"player_choice":"Leave","damage_taken":0,"max_hp_gain":0,"max_hp_loss":0,"event_name":"The Cleric","floor":4,"gold_loss":0}],"is_beta":true,"boss_relics":[],"items_purged_floors":[],"is_endless":false,"potions_floor_spawned":[2,3,10],"killed_by":"The Guardian","ascension_level":20}}