{"host":"m1hrbr0uwda4cktq","time":1614129874,"event":{"mods":["AchievementEnabler","BaseMod","Better Match","BetterRewards","Colored Map","Highlight Path","Minty Spire (QoL Compilation)","Quick Restart","Relic Stats","Shop Mod","StSLib","SuperFastMode","The Bug Knight"],"gold_per_floor":[113,113,126,138,153,182,182,182,182],"floor_reached":8,"language":"ENG","playtime":413,"items_purged":[],"score":75,"play_id":"a854baf7-4283-4141-85b9-daf1f119665d","local_time":"20210223222434","is_ascension_mode":true,"campfire_choices":[{"data":"Genetic Algorithm","floor":7,"key":"SMITH"}],"circlet_count":0,"master_deck":["Strike_B","Strike_B","Strike_B","Strike_B","Defend_B","Defend_B","Defend_B","Defend_B","Zap","Dualcast","Compile Driver","Cold Snap","Compile Driver","Genetic Algorithm+1","Gash"],"relics":["Cracked Core","Blood Vial","TungstenRod","Meat on the Bone"],"acts_visited":["Exordium"],"potions_floor_usage":[8],"damage_taken":[{"damage":3,"enemies":"2 Louse","floor":1,"turns":2},{"damage":0,"enemies":"Cultist","floor":3,"turns":3},{"damage":6,"enemies":"Small Slimes","floor":4,"turns":3},{"damage":12,"enemies":"Exordium Thugs","floor":5,"turns":4},{"damage":39,"enemies":"3 Sentries","floor":6,"turns":8},{"damage":21,"enemies":"Lagavulin","floor":8,"turns":5}],"seed_played":"-3414947825463399557","potions_obtained":[{"floor":1,"key":"Strength Potion"},{"floor":6,"key":"BlessingOfTheForge"}],"is_trial":false,"path_per_floor":["M","?","M","M","M","E","R","E"],"character_chosen":"DEFECT","items_purchased":["Blood Vial","TungstenRod","Compile Driver"],"campfire_rested":0,"item_purchase_floors":[0,0,0],"current_hp_per_floor":[67,67,69,65,55,18,18,0,0],"gold":182,"neow_bonus":"","is_daily":false,"chose_seed":false,"campfire_upgraded":1,"win_rate":0.0,"timestamp":1614129874,"path_taken":["M","?","M","M","M","E","R","E"],"items_purchased_type":["Relic","Relic","Card"],"build_version":"2020-12-22","purchased_purges":0,"victory":false,"max_hp_per_floor":[75,75,75,75,75,75,75,75,75],"relic_stats":{"Blood Vial":12,"counters":[6,25],"obtain_stats":[{"Blood Vial":0,"Cracked Core":0,"TungstenRod":0,"Meat on the Bone":6},{"Blood Vial":0,"Cracked Core":0,"TungstenRod":0,"Meat on the Bone":5},{"Blood Vial":0,"Cracked Core":0,"TungstenRod":0,"Meat on the Bone":20}],"TungstenRod":12,"Meat on the Bone":0},"card_choices":[{"not_picked":["Stack","Steam"],"picked":"Cold Snap","floor":1},{"not_picked":["Turbo","Streamline","Barrage"],"picked":"SKIP","floor":3},{"not_picked":["Streamline","Rip and Tear"],"picked":"Compile Driver","floor":4},{"not_picked":["Barrage","Steam"],"picked":"Genetic Algorithm","floor":5},{"not_picked":["Creative AI","Coolheaded"],"picked":"Gash","floor":6}],"player_experience":201357,"relics_obtained":[{"floor":6,"key":"Meat on the Bone"}],"event_choices":[{"damage_healed":0,"gold_gain":0,"player_choice":"Bought 0 Potions","damage_taken":0,"max_hp_gain":0,"max_hp_loss":0,"event_name":"The Woman in Blue","floor":2,"gold_loss":0}],"is_beta":false,"boss_relics":[],"items_purged_floors":[],"is_endless":false,"potions_floor_spawned":[1,6],"killed_by":"Lagavulin","ascension_level":6}}