{"host":"bikm2o78umlg9iwk","time":1614173890,"event":{"mods":["AchievementEnabler","BaseMod","Colored Map","Colored Powertips","Googly Eyes","Highlight Path","Minty Spire (QoL Compilation)","Quick Restart","Relic Stats"],"gold_per_floor":[116,130,147,158,59,73,100,117,144,160,173,200,212,224,236,327,339,361,373,385,397,397],"floor_reached":21,"language":"ENG","playtime":1951,"items_purged":["Strike_B"],"score":376,"play_id":"dd0bf32d-cd5f-488c-bc12-fd77be2f74ba","local_time":"20210224143810","is_ascension_mode":true,"campfire_choices":[{"floor":13.0,"key":"REST"},{"data":"Loop","floor":15.0,"key":"SMITH"}],"circlet_count":0,"master_deck":["AscendersBane","Strike_B","Strike_B","Strike_B","Defend_B","Defend_B","Defend_B","Defend_B","Zap","Dualcast","Cold Snap","Sweeping Beam","Compile Driver","BootSequence","Cold Snap","Rebound","Go for the Eyes","Loop+1","Electrodynamics","Pain","Buffer"],"relics":["Singing Bowl","Vajra","MawBank","WarpedTongs","Nuclear Battery","Nloth\u0027s Gift"],"acts_visited":["Exordium","TheCity"],"potions_floor_usage":[],"damage_taken":[{"damage":0.0,"enemies":"Cultist","floor":1.0,"turns":3.0},{"damage":3.0,"enemies":"Jaw Worm","floor":2.0,"turns":3.0},{"damage":0.0,"enemies":"2 Louse","floor":3.0,"turns":2.0},{"damage":13.0,"enemies":"Lots of Slimes","floor":4.0,"turns":4.0},{"damage":0.0,"enemies":"Looter","floor":6.0,"turns":3.0},{"damage":19.0,"enemies":"3 Sentries","floor":7.0,"turns":9.0},{"damage":7.0,"enemies":"Blue Slaver","floor":8.0,"turns":3.0},{"damage":0.0,"enemies":"Large Slime","floor":10.0,"turns":5.0},{"damage":0.0,"enemies":"2 Fungi Beasts","floor":11.0,"turns":3.0},{"damage":13.0,"enemies":"Gremlin Nob","floor":12.0,"turns":4.0},{"damage":33.0,"enemies":"The Guardian","floor":16.0,"turns":12.0},{"damage":13.0,"enemies":"Shell Parasite","floor":18.0,"turns":4.0},{"damage":51,"enemies":"Chosen","floor":21,"turns":5}],"seed_played":"-263043227679800928","potions_obtained":[{"floor":3.0,"key":"DistilledChaos"},{"floor":4.0,"key":"CultistPotion"},{"floor":11.0,"key":"Regen Potion"},{"floor":12.0,"key":"Swift Potion"}],"is_trial":false,"path_per_floor":["M","M","M","M","$","M","E","M","T","M","M","E","R","?","R","B",null,"M","?","?","M"],"character_chosen":"DEFECT","items_purchased":["Cold Snap"],"campfire_rested":1,"item_purchase_floors":[5],"current_hp_per_floor":[64,61,61,48,48,48,31,24,24,24,26,13,35,35,35,17,61,50,50,50,0,0],"gold":397,"neow_bonus":"BOSS_RELIC","is_daily":false,"chose_seed":false,"campfire_upgraded":1,"win_rate":0.0,"timestamp":1614173890,"path_taken":["M","M","M","M","$","M","E","?","T","M","M","E","R","?","R","BOSS","M","?","?","?"],"items_purchased_type":["Card"],"build_version":"2020-12-22","purchased_purges":1,"victory":false,"max_hp_per_floor":[71,71,71,71,71,71,73,73,73,73,75,75,75,75,75,75,75,77,77,77,77,77],"relic_stats":{"Singing Bowl":6,"counters":[13,60],"Nloth\u0027s Gift":0,"MawBank":108,"obtain_stats":[{"Singing Bowl":7,"Vajra":9,"Philosopher\u0027s Stone":0,"Nloth\u0027s Gift":20,"Cracked Core":0,"MawBank":12,"WarpedTongs":14,"Nuclear Battery":17},{"Singing Bowl":6,"Vajra":7,"Philosopher\u0027s Stone":0,"Nloth\u0027s Gift":12,"Cracked Core":0,"MawBank":10,"WarpedTongs":10,"Nuclear Battery":11},{"Singing Bowl":24,"Vajra":27,"Philosopher\u0027s Stone":0,"Nloth\u0027s Gift":55,"Cracked Core":0,"MawBank":39,"WarpedTongs":39,"Nuclear Battery":51}],"WarpedTongs":[21]},"card_choices":[{"not_picked":["Go for the Eyes","Undo"],"picked":"Cold Snap","floor":1.0},{"not_picked":["Barrage","Stack"],"picked":"Sweeping Beam","floor":2.0},{"not_picked":["Sweeping Beam","Coolheaded"],"picked":"Compile Driver","floor":3.0},{"not_picked":["Skim","Sweeping Beam"],"picked":"BootSequence","floor":4.0},{"not_picked":["Auto Shields","Thunder Strike"],"picked":"Rebound","floor":6.0},{"not_picked":["Barrage","Chill","Double Energy"],"picked":"Singing Bowl","floor":7.0},{"not_picked":["Cold Snap","Aggregate"],"picked":"Go for the Eyes","floor":8.0},{"not_picked":["Turbo","Stack"],"picked":"Loop","floor":10.0},{"not_picked":["Turbo","Chill","Aggregate"],"picked":"Singing Bowl","floor":11.0},{"not_picked":["BootSequence","Go for the Eyes"],"picked":"Electrodynamics","floor":12.0},{"not_picked":["Reboot","Meteor Strike"],"picked":"Buffer","floor":16.0},{"not_picked":["Rebound","Redo","Sweeping Beam"],"picked":"Singing Bowl","floor":18.0}],"player_experience":1676859,"relics_obtained":[{"floor":7.0,"key":"Singing Bowl"},{"floor":9.0,"key":"Vajra"},{"floor":12.0,"key":"MawBank"}],"event_choices":[{"damage_healed":0.0,"max_hp_gain":0.0,"max_hp_loss":0.0,"gold_gain":0.0,"event_name":"Accursed Blacksmith","player_choice":"Rummage","floor":14.0,"gold_loss":0.0,"damage_taken":0.0,"relics_obtained":["WarpedTongs"],"cards_obtained":["Pain"]},{"damage_healed":0.0,"max_hp_gain":0.0,"max_hp_loss":0.0,"gold_gain":0.0,"event_name":"The Mausoleum","player_choice":"Ignored","floor":19.0,"gold_loss":0.0,"damage_taken":0.0},{"damage_healed":0.0,"max_hp_gain":0.0,"max_hp_loss":0.0,"gold_gain":0.0,"event_name":"N\u0027loth","player_choice":"Traded Relic","floor":20.0,"relics_lost":["Philosopher\u0027s Stone"],"gold_loss":0.0,"damage_taken":0.0,"relics_obtained":["Nloth\u0027s Gift"]}],"is_beta":false,"boss_relics":[{"not_picked":["Sozu","SacredBark"],"picked":"Nuclear Battery"}],"items_purged_floors":[5],"is_endless":false,"potions_floor_spawned":[3,4,6,10,11,12],"killed_by":"Chosen","ascension_level":19}}