{"host":"ztzf20fs6w35ztzf","time":1614171415,"event":{"mods":["AchievementEnabler","AlwaysNeverKeys","BaseMod","BetterRewards","Colored Powertips","DeckTracker","Downfall","Grow up Mod","Lobotomy","Minty Spire (QoL Compilation)","Rare Cards Sparkle","Remove Card Discount Mod","Replay The Spire","StSLib","SuperFastMode"],"gold_per_floor":[149,172,634,638,650,490,490,523,544,569,569,604,779,779,801,909,909,909,929,929,952,952,963,990,1004,1029,1029,1058,901,926,965,984,1093,1093,993,1011,885,902,902,749,749,779,779,791,801,552,583,583,600,600,600],"floor_reached":52,"language":"ENG","playtime":2256,"items_purged":["downfall:Icky","downfall:Icky","downfall:Icky","Regret","hexamod:Strike","hexamod:Strike","hexamod:Strike+1","hexamod:Strike","hexamod:Defend","hexamod:Defend","hexamod:Defend"],"score":976,"play_id":"d9d6c16e-2550-42c6-9a24-27b00182759b","local_time":"20210224205655","is_ascension_mode":true,"campfire_choices":[{"floor":1,"key":"DIG"},{"data":"hexamod:FlamesFromBeyond","floor":11,"key":"SMITH"},{"data":"hexamod:FlamesFromBeyond","floor":18,"key":"SMITH"},{"data":"RitualDagger","floor":27,"key":"SMITH"},{"floor":35,"key":"RECALL"},{"data":"hexamod:GhostLash","floor":43,"key":"SMITH"}],"circlet_count":0,"master_deck":["hexamod:Sear","hexamod:Float","hexamod:GhostLash","hexamod:FlamesFromBeyond+1","hexamod:GhostLash+1","hexamod:ChargedBarrage","hexamod:FlamesFromBeyond+1","hexamod:GhostLash","hexamod:Firestarter","hexamod:BurningTouch","hexamod:NightmareStrike","hexamod:TimeWarp+1","hexamod:VolcanoVisage+1","hexamod:GiftsFromTheDead+1","hexamod:GhostLash+1","RitualDagger+1","hexamod:Firestarter","hexamod:BurningTouch","Madness+1","hexamod:EmpoweredFlame+1","hexamod:SpectersWail","hexamod:PowerFromBeyond","hexamod:ForkedFlame+1","hexamod:ExtraCrispy+1"],"relics":["Tiny House","Omamori","Toolbox","White Beast Statue","Blue Doll","Gambling Chip","Frozen Egg 2","Busted Crown","Tiny Chest","Pear","Nunchaku","hexamod:TheBrokenSeal","hexamod:IceCube","downfall:HeartBlessingGreen","Frozen Eye","Thread and Needle","Guide Book","MealTicket","Replay:Wax Seal","Bottled Flame","hexamod:InflammatoryLetter","Replay:Arrowhead"],"acts_visited":["Exordium","TheCity","TheBeyond"],"potions_floor_usage":[38],"damage_taken":[{"damage":11,"enemies":"Jaw Worm","floor":2,"turns":3},{"damage":9,"enemies":"downfall:FleeingMerchant","floor":6,"turns":4},{"damage":66,"enemies":"3 Sentries","floor":8,"turns":9},{"damage":10,"enemies":"Small Slimes","floor":9,"turns":4},{"damage":13,"enemies":"2 Louse","floor":10,"turns":4},{"damage":19,"enemies":"Replay:BlueRogue","floor":12,"turns":3},{"damage":9,"enemies":"Exordium Wildlife","floor":15,"turns":3},{"damage":99,"enemies":"DF_ARCHETYPE_STREAMLINE","floor":16,"turns":10},{"damage":10,"enemies":"Shell Parasite","floor":19,"turns":3},{"damage":22,"enemies":"downfall:LooterAlt2","floor":21,"turns":3},{"damage":7,"enemies":"3 Cultists","floor":23,"turns":3},{"damage":27,"enemies":"Chosen and Byrds","floor":25,"turns":6},{"damage":11,"enemies":"Cultist and Chosen","floor":26,"turns":4},{"damage":70,"enemies":"Book of Stabbing","floor":28,"turns":5},{"damage":15,"enemies":"downfall:FleeingMerchant","floor":29,"turns":4},{"damage":42,"enemies":"Snake Plant","floor":30,"turns":3},{"damage":51,"enemies":"Gremlin Leader","floor":31,"turns":5},{"damage":46,"enemies":"Centurion and Healer","floor":32,"turns":5},{"damage":71,"enemies":"WA_ARCHETYPE_CALM","floor":33,"turns":8},{"damage":40,"enemies":"3 Shapes","floor":36,"turns":3},{"damage":14,"enemies":"downfall:FleeingMerchant","floor":37,"turns":4},{"damage":36,"enemies":"3 Darklings","floor":38,"turns":4},{"damage":118,"enemies":"Reptomancer","floor":42,"turns":5},{"damage":25,"enemies":"Writhing Mass","floor":44,"turns":4},{"damage":22,"enemies":"Maw","floor":45,"turns":4},{"damage":75,"enemies":"Nemesis","floor":47,"turns":7},{"damage":30,"enemies":"3 Darklings","floor":49,"turns":3},{"damage":4,"enemies":"SI_POISON_ARCHETYPE","floor":50,"turns":5}],"seed_played":"-6307523705813419250","potions_obtained":[{"floor":0,"key":"GamblersBrew"},{"floor":6,"key":"AttackPotion"},{"floor":8,"key":"FearPotion"},{"floor":8,"key":"Guardian:BlockOnCardUsePotion"},{"floor":12,"key":"BlessingOfTheForge"},{"floor":38,"key":"Fruit Juice"},{"floor":39,"key":"EssenceOfSteel"},{"floor":39,"key":"hexamod:SoulburnPotion"}],"is_trial":false,"path_per_floor":["R","M","?","?","?","$","T","E","M","M","R","E","?","T","M","B",null,"R","M","?","M","?","M","T","M","M","R","E","$","M","E","M","B",null,"R","M","$","M","?","$","T","E","R","M","M","$","E","T","M","B",null,null],"character_chosen":"THE_SPIRIT","items_purchased":["Toolbox","Madness+1","hexamod:EmpoweredFlame+1","Frozen Eye","Thread and Needle","Guide Book","Bottled Flame"],"campfire_rested":0,"item_purchase_floors":[6,29,29,37,37,40,46],"current_hp_per_floor":[95,94,104,107,117,125,135,86,93,97,107,98,108,118,126,44,255,265,272,276,264,274,277,287,277,283,293,250,245,220,186,157,383,445,455,425,421,400,410,420,430,322,332,317,305,330,265,275,255,261,271],"gold":600,"neow_bonus":"BOSS_RELIC","is_daily":false,"chose_seed":false,"campfire_upgraded":4,"win_rate":0.0,"timestamp":1614171415,"path_taken":["R","M","?","?","?","$","T","E","M","M","R","E","?","?","M","BOSS","R","M","?","M","?","?","T","M","M","R","E","$","M","E","M","BOSS","R","M","$","?","?","?","T","E","R","M","M","$","E","?","M","BOSS"],"items_purchased_type":["Relic","Card","Card","Relic","Relic","Relic","Relic"],"build_version":"2020-12-22","purchased_purges":11,"victory":true,"max_hp_per_floor":[95,105,115,125,135,145,155,165,175,185,195,205,215,225,235,245,255,265,275,285,295,305,315,325,335,345,355,375,385,395,405,415,435,445,455,465,475,490,500,510,520,530,540,550,560,570,580,590,600,610,620],"card_choices":[{"not_picked":["hexamod:FlamesFromBeyond","hexamod:GhostflameBarrier"],"picked":"hexamod:GhostLash","floor":0},{"not_picked":["hexamod:FastForward","hexamod:PhantomFireball"],"picked":"hexamod:GhostLash","floor":2},{"not_picked":["hexamod:AdvancingGuard","hexamod:VolcanoVisage"],"picked":"hexamod:FlamesFromBeyond","floor":6},{"not_picked":["hexamod:AdvancingGuard","hexamod:FourthSeal"],"picked":"hexamod:GhostLash","floor":6},{"not_picked":["hexamod:BacktrackSmack","hexamod:InspiringFlames"],"picked":"hexamod:ChargedBarrage","floor":8},{"not_picked":["hexamod:SwordOfDarkness","hexamod:ThermalTransfer","hexamod:HeatCrush"],"picked":"SKIP","floor":8},{"not_picked":["hexamod:FourthSeal","hexamod:Rewind"],"picked":"hexamod:FlamesFromBeyond","floor":9},{"not_picked":["hexamod:NightmareGuise","hexamod:ChargedBarrage"],"picked":"hexamod:GhostLash","floor":10},{"not_picked":["hexamod:PhantomFireball","hexamod:ThermalTransfer"],"picked":"hexamod:Firestarter","floor":10},{"not_picked":["hexamod:BacktrackSmack","hexamod:FastForward"],"picked":"hexamod:BurningTouch","floor":12},{"not_picked":["hexamod:AdvancingGuard","hexamod:FourthSeal"],"picked":"hexamod:NightmareStrike","floor":12},{"not_picked":["hexamod:SwordOfDarkness","hexamod:StepThrough"],"picked":"hexamod:TimeWarp","floor":15},{"not_picked":["hexamod:ParanormalForm+1","hexamod:SearingWound"],"picked":"hexamod:VolcanoVisage+1","floor":16},{"not_picked":["hexamod:TimeWarp","hexamod:UnlimitedPower"],"picked":"hexamod:GiftsFromTheDead+1","floor":16},{"not_picked":[],"picked":"hexamod:GhostLash+1","floor":19},{"not_picked":["hexamod:DynamicBlow+1"],"picked":"SKIP","floor":21},{"not_picked":["hexamod:SpectralAdrenaline"],"picked":"SKIP","floor":23},{"not_picked":["hexamod:HauntingEcho"],"picked":"SKIP","floor":23},{"not_picked":[],"picked":"hexamod:Firestarter","floor":25},{"not_picked":["hexamod:HauntingEcho"],"picked":"SKIP","floor":25},{"not_picked":[],"picked":"hexamod:BurningTouch","floor":26},{"not_picked":["hexamod:GhostShield"],"picked":"SKIP","floor":26},{"not_picked":["hexamod:ShieldOfDarkness"],"picked":"SKIP","floor":28},{"not_picked":["hexamod:PhantomFireball"],"picked":"SKIP","floor":28},{"not_picked":["hexamod:Hexaguard"],"picked":"SKIP","floor":29},{"not_picked":[],"picked":"hexamod:FifthSeal","floor":30},{"not_picked":[],"picked":"hexamod:SpectersWail","floor":30},{"not_picked":[],"picked":"hexamod:PowerFromBeyond","floor":31},{"not_picked":["hexamod:SecondSeal"],"picked":"SKIP","floor":31},{"not_picked":["hexamod:FourthSeal","hexamod:SecondSeal"],"picked":"hexamod:SixthSeal","floor":32},{"not_picked":["hexamod:ThermalTransfer+1"],"picked":"SKIP","floor":32},{"not_picked":["hexamod:SwordOfDarkness+1"],"picked":"SKIP","floor":32},{"not_picked":[],"picked":"hexamod:ForkedFlame","floor":33},{"not_picked":["hexamod:InspiringFlames+1"],"picked":"SKIP","floor":36},{"not_picked":["hexamod:Firestarter"],"picked":"SKIP","floor":37},{"not_picked":["hexamod:BacktrackSmack"],"picked":"SKIP","floor":38},{"not_picked":["hexamod:AdvancingGuard+1"],"picked":"SKIP","floor":42},{"not_picked":[],"picked":"hexamod:ExtraCrispy+1","floor":44},{"not_picked":["hexamod:Haunt"],"picked":"SKIP","floor":45},{"not_picked":["hexamod:NightmareStrike"],"picked":"SKIP","floor":47},{"not_picked":["hexamod:HeatCrush"],"picked":"SKIP","floor":49}],"player_experience":161818,"relics_obtained":[{"floor":1,"key":"MawBank"},{"floor":7,"key":"White Beast Statue"},{"floor":8,"key":"Blue Doll"},{"floor":12,"key":"Gambling Chip"},{"floor":14,"key":"Frozen Egg 2"},{"floor":24,"key":"Tiny Chest"},{"floor":28,"key":"Pear"},{"floor":31,"key":"Nunchaku"},{"floor":41,"key":"MealTicket"},{"floor":42,"key":"Replay:Wax Seal"},{"floor":47,"key":"hexamod:InflammatoryLetter"},{"floor":48,"key":"Replay:Arrowhead"}],"event_choices":[{"damage_healed":0,"gold_gain":0,"player_choice":"Box","damage_taken":0,"relics_obtained":["Omamori"],"max_hp_gain":0,"max_hp_loss":0,"event_name":"Big Fish","floor":5,"gold_loss":0,"cards_obtained":["Regret"]},{"cards_removed":["hexamod:Defend"],"damage_healed":0,"gold_gain":0,"player_choice":"Offered Basic","damage_taken":0,"max_hp_gain":0,"max_hp_loss":0,"event_name":"Bonfire Elementals","floor":22,"gold_loss":0}],"is_beta":false,"boss_relics":[{"not_picked":["bronze:MakeshiftBattery","SacredBark"],"picked":"Busted Crown"},{"not_picked":["Ring of Chaos","Astrolabe"],"picked":"hexamod:IceCube"}],"items_purged_floors":[6,6,6,6,29,29,29,29,29,29,29],"is_endless":false,"potions_floor_spawned":[8,9,10,12,15,16,19,21,23,25,26,28,29,30,31,32,33,36,37,38,42,44,45,47,49],"ascension_level":1}}