{"host":"yx5rao87132cy5xq","time":1614208282,"event":{"mods":["2.2 Compatiblity","AchievementEnabler","BaseMod","Bestiary","Colored Map","Colored Powertips","Highlight Path","Minty Spire (QoL Compilation)","Quick Restart","Relic Stats","Slay-I","SuperFastMode"],"gold_per_floor":[359,278,278,293,308,308,343,343,343,32,107,118,130,160,160,160,160],"floor_reached":16,"language":"ENG","playtime":626,"items_purged":["Strike_G"],"score":142,"play_id":"b6fd8126-a1da-4b6c-b672-7fb9a049adfb","local_time":"20210225001122","is_ascension_mode":true,"campfire_choices":[{"data":"Neutralize","floor":6.0,"key":"SMITH"},{"data":"All Out Attack","floor":8,"key":"SMITH"},{"data":"Footwork","floor":15,"key":"SMITH"}],"circlet_count":0,"master_deck":["Strike_G","Strike_G","Strike_G","Strike_G","Defend_G","Defend_G","Defend_G","Defend_G","Defend_G","Survivor","Neutralize+1","Quick Slash","Footwork+1","Flying Knee","Finisher","All Out Attack+1","Infinite Blades+1","Slice","Footwork+1","Glass Knife","Dagger Throw","PiercingWail"],"relics":["Ring of the Snake","White Beast Statue","HornCleat","Frozen Egg 2","DollysMirror","Gambling Chip"],"acts_visited":["Exordium"],"potions_floor_usage":[7,7,16],"damage_taken":[{"damage":0.0,"enemies":"Cultist","floor":1.0,"turns":4.0},{"damage":1.0,"enemies":"Jaw Worm","floor":4.0,"turns":5.0},{"damage":2.0,"enemies":"2 Louse","floor":5.0,"turns":2.0},{"damage":0,"enemies":"Gremlin Nob","floor":7,"turns":3},{"damage":0,"enemies":"2 Fungi Beasts","floor":12,"turns":4},{"damage":5,"enemies":"Blue Slaver","floor":13,"turns":3},{"damage":3,"enemies":"Lagavulin","floor":14,"turns":7},{"damage":33,"enemies":"The Guardian","floor":16,"turns":7}],"seed_played":"6538679154620894889","potions_obtained":[{"floor":4.0,"key":"DistilledChaos"},{"floor":5.0,"key":"FearPotion"},{"floor":7,"key":"BlessingOfTheForge"},{"floor":12,"key":"SneckoOil"},{"floor":13,"key":"PowerPotion"},{"floor":14,"key":"Strength Potion"}],"is_trial":false,"path_per_floor":["M","$","?","M","M","R","E","R","T","$","?","M","M","E","R","B"],"character_chosen":"THE_SILENT","items_purchased":["Footwork","Infinite Blades+1","Slice","DollysMirror"],"campfire_rested":0,"item_purchase_floors":[2,10,10,10],"current_hp_per_floor":[63,63,60,59,57,57,57,57,57,57,46,46,41,38,38,5,5],"gold":160,"neow_bonus":"TWO_FIFTY_GOLD","is_daily":false,"chose_seed":false,"campfire_upgraded":3,"win_rate":0.0,"timestamp":1614208282,"path_taken":["M","?","?","M","M","R","E","R","T","$","?","M","M","E","R","BOSS"],"items_purchased_type":["Card","Card","Card","Relic"],"build_version":"2020-12-22","purchased_purges":1,"victory":false,"max_hp_per_floor":[63,63,63,63,63,63,63,63,63,63,63,63,63,63,63,63,63],"relic_stats":{"counters":[8,35],"Gambling Chip":[4],"obtain_stats":[{"HornCleat":7,"DollysMirror":10,"Gambling Chip":14,"Frozen Egg 2":9,"White Beast Statue":3,"Ring of the Snake":0},{"HornCleat":4,"DollysMirror":4,"Gambling Chip":7,"Frozen Egg 2":4,"White Beast Statue":1,"Ring of the Snake":0},{"HornCleat":14,"DollysMirror":14,"Gambling Chip":28,"Frozen Egg 2":14,"White Beast Statue":4,"Ring of the Snake":0}],"Ring of the Snake":[16]},"card_choices":[{"not_picked":["Slice","Prepared"],"picked":"Quick Slash","floor":1.0},{"not_picked":["Outmaneuver","Skewer"],"picked":"Flying Knee","floor":4.0},{"not_picked":["Well Laid Plans","Storm of Steel"],"picked":"Finisher","floor":5.0},{"not_picked":["Finisher","Deflect"],"picked":"All Out Attack","floor":7},{"not_picked":["Deadly Poison","Cloak And Dagger"],"picked":"Glass Knife","floor":12},{"not_picked":["Acrobatics","Setup"],"picked":"Dagger Throw","floor":13},{"not_picked":["Leg Sweep","Corpse Explosion"],"picked":"PiercingWail","floor":14}],"player_experience":1181678,"relics_obtained":[{"floor":7,"key":"HornCleat"},{"floor":9,"key":"Frozen Egg 2"},{"floor":14,"key":"Gambling Chip"}],"event_choices":[{"damage_healed":0.0,"max_hp_gain":0.0,"max_hp_loss":0.0,"gold_gain":0.0,"event_name":"Scrap Ooze","player_choice":"Success","floor":3.0,"gold_loss":0.0,"damage_taken":3.0,"relics_obtained":["White Beast Statue"]},{"damage_healed":0,"gold_gain":75,"player_choice":"Gather Gold","damage_taken":11,"max_hp_gain":0,"max_hp_loss":0,"event_name":"World of Goop","floor":11,"gold_loss":0}],"is_beta":false,"boss_relics":[],"items_purged_floors":[10],"is_endless":false,"potions_floor_spawned":[4,5,7,12,13,14],"killed_by":"The Guardian","ascension_level":1}}