{"host":"3g4eblpl3h3xsaol","time":1614189068,"event":{"mods":["AchievementEnabler","Act Like it!","Aspiration","BaseMod","Better Third Choice","BetterRewards","Colored Powertips","Conspire","Downfall","Hallownest","Hubris","Infinite Spire","Mimic Mod","Minty Spire (QoL Compilation)","Pale of the Ancients","Ruina","StSLib","Td1madao Mod","The Bug Knight","The Cursed","TheBandit"],"gold_per_floor":[99,113,130,147,147,147,199,35,20,20,20,31,31,60,70,70,70,70],"floor_reached":16,"language":"ENG","playtime":709,"items_purged":[],"score":100,"play_id":"ec2718b4-f3b0-4577-aa45-51afbb9b4815","local_time":"20210224175108","is_ascension_mode":false,"campfire_choices":[{"floor":1,"key":"RECALL"}],"circlet_count":0,"master_deck":["Guardian:Strike_Guardian","Guardian:Strike_Guardian","Guardian:Strike_Guardian","Guardian:Strike_Guardian","Guardian:Defend_Guardian","Guardian:Defend_Guardian","Guardian:Defend_Guardian","Guardian:Defend_Guardian","Guardian:CurlUp","Guardian:TwinSlam","Guardian:RefractedBeam","Guardian:SentryBeam","Guardian:TemporalStrike","Guardian:Incinerate","Guardian:RollAttack","Guardian:TimeSifter","Guardian:Gem_Yellow","Guardian:PrimingBeam","Guardian:Gem_Synthetic","Guardian:Gem_Crimson","Guardian:Gem_Blue","Guardian:Reroute"],"relics":["Guardian:ModeShifter","Guardian:PickAxe","aspiration:Lifesprig"],"acts_visited":["Hallownest:Greenpath"],"potions_floor_usage":[14,14],"damage_taken":[{"damage":11,"enemies":"Hallownest:2_MossCreeps","floor":2,"turns":5},{"damage":6,"enemies":"Hallownest:monsterHuskWarrior","floor":3,"turns":4},{"damage":9,"enemies":"Hallownest:2_Tiktiks_and_1_Crawlid","floor":4,"turns":2},{"damage":0,"enemies":"Hallownest:monsterAspidMother","floor":5,"turns":3},{"damage":5,"enemies":"downfall:FleeingMerchant","floor":8,"turns":4},{"damage":0,"enemies":"downfall:FleeingMerchant","floor":9,"turns":4},{"damage":8,"enemies":"Hallownest:monsterFoolEater","floor":12,"turns":3},{"damage":40,"enemies":"Hallownest:eliteMossKnight","floor":14,"turns":18},{"damage":7,"enemies":"Hallownest:Guard_and_Warrior","floor":15,"turns":4},{"damage":15,"enemies":"IC_STATUS_ARCHETYPE","floor":16,"turns":2}],"seed_played":"3832758245094271051","potions_obtained":[{"floor":2,"key":"PowerPotion"},{"floor":4,"key":"LiquidMemories"},{"floor":12,"key":"Energy Potion"},{"floor":14,"key":"Guardian:DefensiveModePotion"}],"is_trial":false,"path_per_floor":["R","M","M","M","M","?","T","$","$","?","R","M","R","E","M","B"],"character_chosen":"GUARDIAN","items_purchased":["Guardian:PickAxe"],"campfire_rested":0,"item_purchase_floors":[8],"current_hp_per_floor":[88,77,71,62,62,71,71,66,66,66,66,58,58,18,11,0,0,0],"gold":70,"neow_bonus":"TEN_PERCENT_HP_BONUS","is_daily":false,"chose_seed":false,"campfire_upgraded":0,"win_rate":0.0,"timestamp":1614189068,"path_taken":["R","M","M","M","M","?","T","?","$","?","R","M","R","E","M","BOSS"],"items_purchased_type":["Relic"],"build_version":"2020-12-22","purchased_purges":0,"victory":false,"max_hp_per_floor":[88,88,88,88,88,88,88,88,88,88,88,88,88,88,88,88,88,88],"card_choices":[{"not_picked":["Guardian:TemporalStrike","Guardian:PiercingHide"],"picked":"Guardian:RefractedBeam","floor":2},{"not_picked":["Guardian:Recover","Guardian:CrystalBeam"],"picked":"Guardian:SentryBeam","floor":3},{"not_picked":["Guardian:Preprogram","Guardian:PiercingHide"],"picked":"Guardian:TemporalStrike","floor":4},{"not_picked":["Guardian:ArmoredProtocol","Guardian:Gem_Cyan"],"picked":"Guardian:Incinerate","floor":5},{"not_picked":["Guardian:SpikerProtocol","Guardian:Emergency"],"picked":"Guardian:RollAttack","floor":8},{"not_picked":["Guardian:StasisField","Guardian:Suspension"],"picked":"Guardian:TimeSifter","floor":9},{"not_picked":["Guardian:ShieldCharger","Guardian:ChargeCore"],"picked":"Guardian:PrimingBeam","floor":12},{"not_picked":["Guardian:BodySlam","Guardian:Gem_Lightblue"],"picked":"Guardian:Gem_Blue","floor":14},{"not_picked":["Guardian:TimeBomb","Guardian:VentSteam"],"picked":"Guardian:Reroute","floor":15}],"player_experience":195641,"relics_obtained":[{"floor":14,"key":"aspiration:Lifesprig"}],"event_choices":[{"damage_healed":0,"gold_gain":0,"player_choice":"Leave","damage_taken":0,"max_hp_gain":0,"max_hp_loss":0,"event_name":"conspire:Investor","floor":10,"gold_loss":0}],"is_beta":false,"boss_relics":[],"items_purged_floors":[],"is_endless":false,"potions_floor_spawned":[2,4,12,14],"killed_by":"IC_STATUS_ARCHETYPE","ascension_level":0}}