{"host":"kh6fvhxn285ncg0o","time":1614153594,"event":{"mods":["Act Like it!","BaseMod","Colored Map","Friendly Minions","Keyboard Shortcuts","Minty Spire (QoL Compilation)","Quick Restart","Relic Stats","StSLib","SuperFastMode","UnlockEverythingMod"],"gold_per_floor":[112,112,129,139,139,167,182,182,182],"floor_reached":8,"language":"KOR","playtime":205,"items_purged":[],"score":116,"play_id":"941ce250-40c2-4bee-845a-3531c7314f79","local_time":"20210224165954","is_ascension_mode":true,"campfire_choices":[],"circlet_count":0,"master_deck":["AscendersBane","Strike_R","Strike_R","Strike_R","Defend_R","Defend_R","Defend_R","Defend_R","Bash","Entrench","Anger+1","Armaments","Shrug It Off","Pain","Second Wind","Dark Embrace"],"relics":["Burning Blood","WarpedTongs","Happy Flower"],"acts_visited":["Exordium"],"potions_floor_usage":[6,7,7,8],"damage_taken":[{"damage":4,"enemies":"2 Louse","floor":1,"turns":3},{"damage":2,"enemies":"Cultist","floor":3,"turns":4},{"damage":7,"enemies":"Small Slimes","floor":4,"turns":4},{"damage":39,"enemies":"Lagavulin","floor":6,"turns":11},{"damage":10,"enemies":"Gremlin Gang","floor":7,"turns":4},{"damage":33,"enemies":"Gremlin Nob","floor":8,"turns":3}],"seed_played":"-4717102223929779300","potions_obtained":[{"floor":3,"key":"HeartOfIron"},{"floor":4,"key":"EntropicBrew"},{"floor":6,"key":"Explosive Potion"}],"is_trial":false,"path_per_floor":["M","?","M","M","?","E","M","E"],"character_chosen":"IRONCLAD","items_purchased":[],"campfire_rested":0,"item_purchase_floors":[],"current_hp_per_floor":[68,68,68,67,67,34,30,0,0],"gold":182,"neow_bonus":"TRANSFORM_TWO_CARDS","is_daily":false,"chose_seed":false,"campfire_upgraded":0,"win_rate":0.0,"timestamp":1614153594,"path_taken":["M","?","?","M","?","E","M","E"],"items_purchased_type":[],"build_version":"2020-12-22","purchased_purges":0,"victory":false,"max_hp_per_floor":[68,68,68,68,68,68,68,68,68],"relic_stats":{"Happy Flower":[2],"counters":[6,29],"obtain_stats":[{"Happy Flower":6,"Burning Blood":0,"WarpedTongs":5},{"Happy Flower":4,"Burning Blood":0,"WarpedTongs":3},{"Happy Flower":22,"Burning Blood":0,"WarpedTongs":11}],"Burning Blood":24,"WarpedTongs":[15]},"card_choices":[{"not_picked":["Twin Strike","Flex","Clash"],"picked":"SKIP","floor":1},{"not_picked":["Havoc","Reckless Charge"],"picked":"Armaments","floor":3},{"not_picked":["Burning Pact","Clash"],"picked":"Shrug It Off","floor":4},{"not_picked":["Inflame","Entrench"],"picked":"Second Wind","floor":6},{"not_picked":["Sever Soul","Dropkick"],"picked":"Dark Embrace","floor":7}],"player_experience":1508160,"relics_obtained":[{"floor":6,"key":"Happy Flower"}],"event_choices":[{"damage_healed":0,"gold_gain":0,"player_choice":"Upgraded","damage_taken":0,"max_hp_gain":0,"max_hp_loss":0,"event_name":"Upgrade Shrine","floor":2,"gold_loss":0,"cards_upgraded":["Anger"]},{"damage_healed":0,"gold_gain":0,"player_choice":"Rummage","damage_taken":0,"relics_obtained":["WarpedTongs"],"max_hp_gain":0,"max_hp_loss":0,"event_name":"Accursed Blacksmith","floor":5,"gold_loss":0,"cards_obtained":["Pain"]}],"is_beta":false,"boss_relics":[],"items_purged_floors":[],"is_endless":false,"potions_floor_spawned":[3,4,6],"killed_by":"Gremlin Nob","ascension_level":20}}