{"host":"d52brwsy6af8zvaq","time":1614186927,"event":{"mods":["AchievementEnabler","BaseMod","Bestiary","Highlight Path","Minty Spire (QoL Compilation)","Quick Restart","Relic Stats","ojb\u0027s Better Paths Mod"],"gold_per_floor":[114,129,144,144,157,157,197,197,223,258,258,292,315,328,328,422,422,445,445,131,91,91],"floor_reached":21,"language":"ENG","playtime":679,"items_purged":["Strike_B"],"score":398,"play_id":"3452e895-05f5-4957-8a98-70947de2cc37","local_time":"20210224101527","is_ascension_mode":true,"campfire_choices":[{"data":"Defragment","floor":6.0,"key":"SMITH"},{"floor":11.0,"key":"REST"},{"floor":15.0,"key":"REST"}],"circlet_count":0,"master_deck":["AscendersBane","Strike_B","Strike_B","Strike_B","Defend_B","Defend_B","Defend_B","Defend_B","Zap","Dualcast","Undo","Defragment+1","Doom and Gloom","Leap","Capacitor","Parasite","Barrage","Barrage","Ball Lightning","Coolheaded","Machine Learning","Defragment","Loop"],"relics":["Cracked Core","Golden Idol","Nunchaku","Regal Pillow","Potion Belt","Du-Vu Doll","Inserter","ClockworkSouvenir"],"acts_visited":["TheCity"],"potions_floor_usage":[],"damage_taken":[{"damage":0.0,"enemies":"Small Slimes","floor":1.0,"turns":2.0},{"damage":9.0,"enemies":"Jaw Worm","floor":2.0,"turns":4.0},{"damage":7.0,"enemies":"Cultist","floor":3.0,"turns":4.0},{"damage":15.0,"enemies":"Lots of Slimes","floor":5.0,"turns":3.0},{"damage":28.0,"enemies":"3 Sentries","floor":7.0,"turns":8.0},{"damage":10.0,"enemies":"Lagavulin","floor":10.0,"turns":8.0},{"damage":33.0,"enemies":"3 Sentries","floor":12.0,"turns":6.0},{"damage":13.0,"enemies":"Blue Slaver","floor":13.0,"turns":3.0},{"damage":7.0,"enemies":"Looter","floor":14.0,"turns":3.0},{"damage":32.0,"enemies":"Hexaghost","floor":16.0,"turns":11.0},{"damage":45,"enemies":"3 Byrds","floor":18,"turns":5},{"damage":22,"enemies":"2 Thieves","floor":21,"turns":2}],"seed_played":"647413685006614268","potions_obtained":[{"floor":1.0,"key":"Energy Potion"},{"floor":5.0,"key":"PowerPotion"},{"floor":10.0,"key":"FocusPotion"},{"floor":12.0,"key":"SkillPotion"},{"floor":13.0,"key":"FairyPotion"},{"floor":18,"key":"FearPotion"},{"floor":19,"key":"EntropicBrew"},{"floor":19,"key":"Fire Potion"}],"is_trial":false,"path_per_floor":["M","M","M","?","M","R","E","?","T","E","R","E","M","M","R","B",null,"M","?","$","M"],"character_chosen":"DEFECT","items_purchased":["ClockworkSouvenir","Loop"],"campfire_rested":2,"item_purchase_floors":[20,20],"current_hp_per_floor":[71,62,55,55,40,40,12,29,29,19,55,22,9,2,38,6,55,10,10,10,10,10],"gold":91,"neow_bonus":"TEN_PERCENT_HP_BONUS","is_daily":false,"chose_seed":false,"campfire_upgraded":1,"win_rate":0.0,"timestamp":1614186927,"path_taken":["M","M","M","?","M","R","E","?","T","E","R","E","M","?","R","BOSS","M","?","$","M"],"items_purchased_type":["Relic","Card"],"build_version":"2020-12-22","purchased_purges":1,"victory":false,"max_hp_per_floor":[78,78,78,71,71,71,71,71,71,71,71,71,71,71,71,71,71,71,71,71,71,71],"relic_stats":{"Nunchaku":[3],"Regal Pillow":30,"Inserter":[3],"counters":[12,59],"Golden Idol":57,"obtain_stats":[{"Potion Belt":10,"Du-Vu Doll":12,"Nunchaku":7,"Regal Pillow":9,"Inserter":17,"Golden Idol":4,"Cracked Core":0,"ClockworkSouvenir":20},{"Potion Belt":6,"Du-Vu Doll":7,"Nunchaku":5,"Regal Pillow":5,"Inserter":10,"Golden Idol":3,"Cracked Core":0,"ClockworkSouvenir":11},{"Potion Belt":29,"Du-Vu Doll":35,"Nunchaku":21,"Regal Pillow":21,"Inserter":52,"Golden Idol":10,"Cracked Core":0,"ClockworkSouvenir":57}]},"card_choices":[{"not_picked":["Scrape","Turbo"],"picked":"Undo","floor":1.0},{"not_picked":["Blizzard","Loop"],"picked":"Defragment","floor":2.0},{"not_picked":["Ball Lightning","Beam Cell"],"picked":"Doom and Gloom","floor":3.0},{"not_picked":["Auto Shields","Beam Cell"],"picked":"Leap","floor":5.0},{"not_picked":["Gash","Compile Driver"],"picked":"Capacitor","floor":7.0},{"not_picked":["Streamline","Scrape"],"picked":"Barrage","floor":10.0},{"not_picked":["Force Field","Storm"],"picked":"Barrage","floor":12.0},{"not_picked":["Capacitor","Reprogram"],"picked":"Ball Lightning","floor":13.0},{"not_picked":["Stack","Steam Power"],"picked":"Coolheaded","floor":14.0},{"not_picked":["Thunder Strike","Rainbow"],"picked":"Machine Learning","floor":16.0},{"not_picked":["Rebound","Beam Cell"],"picked":"Defragment","floor":18}],"player_experience":2355377,"relics_obtained":[{"floor":7.0,"key":"Nunchaku"},{"floor":9.0,"key":"Regal Pillow"},{"floor":10.0,"key":"Potion Belt"},{"floor":12.0,"key":"Du-Vu Doll"}],"event_choices":[{"damage_healed":0.0,"max_hp_gain":0.0,"max_hp_loss":7.0,"gold_gain":0.0,"event_name":"Golden Idol","player_choice":"Lose Max HP","floor":4.0,"gold_loss":0.0,"damage_taken":0.0,"relics_obtained":["Golden Idol"]},{"damage_healed":17.0,"max_hp_gain":0.0,"max_hp_loss":0.0,"gold_gain":0.0,"event_name":"Mushrooms","player_choice":"Healed and dodged fight","floor":8.0,"gold_loss":0.0,"damage_taken":0.0,"cards_obtained":["Parasite"]},{"damage_healed":0,"gold_gain":0,"player_choice":"Got Potions","damage_taken":0,"max_hp_gain":0,"max_hp_loss":0,"event_name":"Lab","floor":19,"gold_loss":0}],"is_beta":false,"boss_relics":[{"not_picked":["Velvet Choker","Sozu"],"picked":"Inserter"}],"items_purged_floors":[20],"is_endless":false,"potions_floor_spawned":[1,5,10,12,13,18],"killed_by":"2 Thieves","ascension_level":20}}