{"host":"ju1b3c4x8n2jtjm7","time":1614193213,"event":{"mods":["AchievementEnabler","BaseMod","Colored Map","Colored Powertips","Highlight Path","Minty Spire (QoL Compilation)","Quick Restart","Rare Cards Sparkle","Relic Stats","StSLib"],"gold_per_floor":[367,379,454,12,30,60,60,73,73,3,3,78,94,107,107,180,230,249,249,275,300,300,300,310,323,370,370,388,418,418,320,320,398,398,416,434,451,21,21,49,49,49,49,67,84,84,22,54,54,54,54],"floor_reached":50,"language":"ENG","playtime":3594,"items_purged":["Strike_G","Strike_G"],"score":966,"play_id":"afc4e5cd-07bd-4e68-befe-d87ccad7f0c9","local_time":"20210224200013","is_ascension_mode":true,"campfire_choices":[{"floor":11.0,"key":"REST"},{"data":"Well Laid Plans","floor":15.0,"key":"SMITH"},{"floor":23.0,"key":"REST"},{"data":"Tactician","floor":27.0,"key":"SMITH"},{"floor":30.0,"key":"REST"},{"data":"Well Laid Plans","floor":32.0,"key":"SMITH"},{"data":"Venomology","floor":41,"key":"SMITH"},{"data":"Prepared","floor":46,"key":"SMITH"},{"data":"Terror","floor":49,"key":"SMITH"}],"circlet_count":0,"master_deck":["AscendersBane","Strike_G","Strike_G","Strike_G","Defend_G","Defend_G+1","Defend_G","Defend_G+1","Survivor","Neutralize","Poisoned Stab","Eviscerate+1","Well Laid Plans+1","All Out Attack","Tactician+1","Backstab","Reflex+1","Bandage Up","Well Laid Plans+1","PiercingWail","Corpse Explosion","Terror+1","Prepared+1","Footwork","Calculated Gamble+1","Venomology+1","Wraith Form v2","Prepared+1","Acrobatics","Terror+1","Accuracy","Adrenaline+1"],"relics":["Ring of the Snake","Vajra","Pen Nib","Dead Branch","The Courier","Tiny House","Enchiridion","Anchor","Red Mask","Happy Flower","Letter Opener","SlaversCollar","Incense Burner","War Paint","Toxic Egg 2","Toy Ornithopter"],"acts_visited":["Exordium","TheCity","TheBeyond"],"potions_floor_usage":[37,40,44,45,48,48,50,50,50],"damage_taken":[{"damage":18.0,"enemies":"Jaw Worm","floor":1.0,"turns":7.0},{"damage":0.0,"enemies":"2 Louse","floor":2.0,"turns":4.0},{"damage":0.0,"enemies":"Cultist","floor":5.0,"turns":4.0},{"damage":10.0,"enemies":"Lagavulin","floor":6.0,"turns":5.0},{"damage":0.0,"enemies":"Exordium Thugs","floor":8.0,"turns":2.0},{"damage":0.0,"enemies":"Blue Slaver","floor":13.0,"turns":2.0},{"damage":0.0,"enemies":"Lots of Slimes","floor":14.0,"turns":1.0},{"damage":24.0,"enemies":"The Guardian","floor":16.0,"turns":12.0},{"damage":6.0,"enemies":"Spheric Guardian","floor":18.0,"turns":6.0},{"damage":18.0,"enemies":"Masked Bandits","floor":21.0,"turns":3.0},{"damage":16.0,"enemies":"Shell Parasite","floor":24.0,"turns":5.0},{"damage":18.0,"enemies":"Chosen and Byrds","floor":25.0,"turns":5.0},{"damage":3.0,"enemies":"Snake Plant","floor":28.0,"turns":3.0},{"damage":18.0,"enemies":"Slavers","floor":29.0,"turns":5.0},{"damage":13.0,"enemies":"Collector","floor":33.0,"turns":7.0},{"damage":0.0,"enemies":"Orb Walker","floor":35.0,"turns":2.0},{"damage":4,"enemies":"3 Shapes","floor":36,"turns":3},{"damage":4,"enemies":"Jaw Worm Horde","floor":37,"turns":4},{"damage":0,"enemies":"Reptomancer","floor":40,"turns":3},{"damage":10,"enemies":"Spire Growth","floor":44,"turns":3},{"damage":20,"enemies":"Maw","floor":45,"turns":5},{"damage":28,"enemies":"Nemesis","floor":48,"turns":7},{"damage":62,"enemies":"Time Eater","floor":50,"turns":9}],"seed_played":"656156321733066001","potions_obtained":[{"floor":5.0,"key":"CunningPotion"},{"floor":6.0,"key":"Fruit Juice"},{"floor":8.0,"key":"SmokeBomb"},{"floor":17.0,"key":"EssenceOfSteel"},{"floor":25.0,"key":"Swift Potion"},{"floor":35.0,"key":"DuplicationPotion"},{"floor":37,"key":"Poison Potion"},{"floor":44,"key":"Swift Potion"}],"is_trial":false,"path_per_floor":["M","M","?","$","M","E","?","M","T","$","R","?","M","M","R","B",null,"M","?","T","?","?","R","M","M","T","R","M","E","R","$","R","B",null,"M","M","M","$","?","E","R","?","T","M","M","R","$","E","R","B"],"character_chosen":"THE_SILENT","items_purchased":["Vajra","Pen Nib","Well Laid Plans","All Out Attack","Bandage Up","Dexterity Potion","Incense Burner","War Paint","Accuracy"],"campfire_rested":3,"item_purchase_floors":[4,4,4,4,10,31,38,38,47],"current_hp_per_floor":[27,27,16,16,16,6,6,6,6,6,27,27,27,31,31,11,65,63,47,47,29,29,53,41,27,27,27,28,14,38,38,38,29,67,75,75,75,75,75,76,76,76,76,66,50,50,50,26,26,0,0],"gold":54,"neow_bonus":"TWO_FIFTY_GOLD","is_daily":false,"chose_seed":false,"campfire_upgraded":6,"win_rate":0.0,"timestamp":1614193213,"path_taken":["M","M","?","$","M","E","?","M","T","$","R","?","M","M","R","BOSS","M","?","?","?","?","R","M","M","T","R","M","E","R","$","R","BOSS","M","?","M","$","?","E","R","?","T","M","M","R","$","E","R","BOSS"],"items_purchased_type":["Relic","Relic","Card","Card","Card","Potion","Relic","Relic","Card"],"build_version":"2020-12-22","purchased_purges":2,"victory":false,"max_hp_per_floor":[70,70,70,70,70,70,70,70,70,70,70,70,70,70,70,70,80,80,80,80,80,80,80,80,80,80,80,80,80,80,80,80,80,80,80,80,80,80,76,76,76,76,76,76,76,76,76,76,76,76,76],"relic_stats":{"Happy Flower":[17],"counters":[23,107],"Dead Branch":[132],"Pen Nib":[21],"Letter Opener":[154],"War Paint":["Defend_G","Reflex"],"obtain_stats":[{"Tiny House":17,"Happy Flower":26,"Dead Branch":6,"Vajra":4,"Enchiridion":19,"Pen Nib":4,"The Courier":9,"Incense Burner":38,"Letter Opener":29,"War Paint":38,"SlaversCollar":34,"Anchor":20,"Red Mask":21,"Toxic Egg 2":40,"Toy Ornithopter":48,"Ring of the Snake":0},{"Tiny House":8,"Happy Flower":12,"Dead Branch":4,"Vajra":2,"Enchiridion":9,"Pen Nib":2,"The Courier":5,"Incense Burner":18,"Letter Opener":14,"War Paint":18,"SlaversCollar":15,"Anchor":9,"Red Mask":10,"Toxic Egg 2":19,"Toy Ornithopter":22,"Ring of the Snake":0},{"Tiny House":37,"Happy Flower":56,"Dead Branch":20,"Vajra":11,"Enchiridion":43,"Pen Nib":11,"The Courier":22,"Incense Burner":80,"Letter Opener":64,"War Paint":80,"SlaversCollar":71,"Anchor":43,"Red Mask":46,"Toxic Egg 2":83,"Toy Ornithopter":98,"Ring of the Snake":0}],"Toy Ornithopter":15,"Ring of the Snake":[46]},"card_choices":[{"not_picked":["Deflect","Calculated Gamble"],"picked":"Poisoned Stab","floor":1.0},{"not_picked":["Dodge and Roll","Cloak And Dagger"],"picked":"Eviscerate","floor":2.0},{"not_picked":["Choke","Die Die Die"],"picked":"Tactician","floor":5.0},{"not_picked":["Flechettes","Flying Knee"],"picked":"Backstab","floor":6.0},{"not_picked":["Prepared","Outmaneuver"],"picked":"Reflex","floor":8.0},{"not_picked":["Calculated Gamble","Endless Agony"],"picked":"Well Laid Plans","floor":13.0},{"not_picked":["Poisoned Stab","Escape Plan"],"picked":"PiercingWail","floor":14.0},{"not_picked":["Unload","Doppelganger"],"picked":"Corpse Explosion","floor":16.0},{"not_picked":["Infinite Blades","Finisher"],"picked":"Terror","floor":17.0},{"not_picked":["Deflect","Cloak And Dagger","PiercingWail"],"picked":"SKIP","floor":18.0},{"not_picked":["Deadly Poison","Riddle With Holes+1"],"picked":"Prepared","floor":24.0},{"not_picked":["Slice","Deadly Poison"],"picked":"Footwork","floor":25.0},{"not_picked":["Dagger Throw","Masterful Stab"],"picked":"Calculated Gamble+1","floor":28.0},{"not_picked":["Bouncing Flask","Flying Knee"],"picked":"Venomology","floor":29.0},{"not_picked":["Grand Finale","Night Terror"],"picked":"Wraith Form v2","floor":33.0},{"not_picked":["Acrobatics","Noxious Fumes"],"picked":"Prepared+1","floor":35.0},{"not_picked":["Prepared","Bouncing Flask","Dagger Throw"],"picked":"SKIP","floor":36},{"not_picked":["Deadly Poison","Backflip"],"picked":"Acrobatics","floor":37},{"not_picked":["Dash","Outmaneuver+1"],"picked":"Terror+1","floor":40},{"not_picked":["Dagger Spray","Deadly Poison+1","Slice+1"],"picked":"SKIP","floor":44},{"not_picked":["Slice+1","Masterful Stab","Distraction+1"],"picked":"SKIP","floor":45},{"not_picked":["Acrobatics+1","Tactician+1"],"picked":"Adrenaline+1","floor":48}],"player_experience":535543,"relics_obtained":[{"floor":6.0,"key":"Dead Branch"},{"floor":9.0,"key":"The Courier"},{"floor":19.0,"key":"Enchiridion"},{"floor":20.0,"key":"Anchor"},{"floor":21.0,"key":"Red Mask"},{"floor":26.0,"key":"Happy Flower"},{"floor":29.0,"key":"Letter Opener"},{"floor":40,"key":"Toxic Egg 2"},{"floor":48,"key":"Toy Ornithopter"}],"event_choices":[{"damage_healed":0.0,"max_hp_gain":0.0,"max_hp_loss":0.0,"gold_gain":75.0,"event_name":"World of Goop","player_choice":"Gather Gold","floor":3.0,"gold_loss":0.0,"damage_taken":11.0},{"damage_healed":0.0,"max_hp_gain":0.0,"max_hp_loss":0.0,"gold_gain":0.0,"event_name":"Living Wall","player_choice":"Grow","floor":7.0,"gold_loss":0.0,"damage_taken":0.0,"cards_upgraded":["Eviscerate"]},{"damage_healed":0.0,"max_hp_gain":0.0,"max_hp_loss":0.0,"gold_gain":75.0,"event_name":"Golden Wing","player_choice":"Gained Gold","floor":12.0,"gold_loss":0.0,"damage_taken":0.0},{"damage_healed":0.0,"max_hp_gain":0.0,"max_hp_loss":0.0,"gold_gain":0.0,"event_name":"Cursed Tome","player_choice":"Obtained Book","floor":19.0,"gold_loss":0.0,"damage_taken":16.0},{"damage_healed":0.0,"max_hp_gain":0.0,"max_hp_loss":0.0,"gold_gain":0.0,"event_name":"Masked Bandits","player_choice":"Fought Bandits","floor":21.0,"gold_loss":0.0,"damage_taken":0.0},{"damage_healed":0.0,"max_hp_gain":0.0,"max_hp_loss":0.0,"gold_gain":0.0,"event_name":"N\u0027loth","player_choice":"Ignored","floor":22.0,"gold_loss":0.0,"damage_taken":0.0},{"damage_healed":0,"gold_gain":0,"player_choice":"Max HP","damage_taken":0,"max_hp_gain":0,"max_hp_loss":4,"event_name":"Winding Halls","floor":39,"gold_loss":0},{"cards_removed":["Defend_G"],"damage_healed":0,"gold_gain":0,"player_choice":"Purged","damage_taken":0,"max_hp_gain":0,"max_hp_loss":0,"event_name":"Purifier","floor":42,"gold_loss":0}],"is_beta":false,"boss_relics":[{"not_picked":["Velvet Choker","Runic Pyramid"],"picked":"Tiny House"},{"not_picked":["WristBlade","Calling Bell"],"picked":"SlaversCollar"}],"items_purged_floors":[31,38],"is_endless":false,"potions_floor_spawned":[5,6,8,18,25,28,33,35,37,44],"killed_by":"Time Eater","ascension_level":13}}