{"host":"ow66nzv2xecjoor3","time":1614151576,"event":{"mods":["BaseMod","Bestiary","Block Reminder","Colored Powertips","Curses Come First","Highlight Path","Keyboard Shortcuts","Minty Spire (QoL Compilation)","Permanent Neow","Relic Stats","StSLib","UnlockEverythingMod"],"gold_per_floor":[18,18,41,62,87,87,121,29,29,29,60,60,80,96,96,185,185,206,219,235,235,235,276,291,325,379,393,429,454,492,515,515,614,614,634,488,504,454,469,469,469],"floor_reached":40,"language":"ENG","playtime":2252,"items_purged":["Predator","Setup"],"score":1014,"play_id":"0dfed837-2544-49e2-a1cf-3bed445177c0","local_time":"20210224012616","is_ascension_mode":true,"campfire_choices":[{"data":"Predator","floor":6.0,"key":"SMITH"},{"floor":10.0,"key":"REST"},{"data":"Acrobatics","floor":15.0,"key":"SMITH"},{"data":"Well Laid Plans","floor":32.0,"key":"SMITH"}],"circlet_count":0,"master_deck":["AscendersBane","Survivor","Neutralize+1","Venomology","Escape Plan","Blade Dance","Quick Slash","Predator+1","Deflect","Backstab","Acrobatics+1","Escape Plan","Malaise","Bullet Time","Slice","Well Laid Plans+1","Phantasmal Killer","Riddle With Holes","Dash","Backstab","Blur","Necronomicurse","Glass Knife","Setup","Corpse Explosion","Bouncing Flask","Venomology","Sucker Punch+1","Outmaneuver+1","Night Terror","Catalyst","Finesse","PiercingWail"],"relics":["Ring of the Snake","Golden Idol","Snake Skull","Smiling Mask","Eternal Feather","Pandora\u0027s Box","Necronomicon","Ninja Scroll","Akabeko","PreservedInsect","Meat on the Bone","Shuriken"],"acts_visited":["Exordium","TheCity","TheBeyond"],"potions_floor_usage":[],"damage_taken":[{"damage":25.0,"enemies":"Jaw Worm","floor":1.0,"turns":11.0},{"damage":0.0,"enemies":"2 Louse","floor":3.0,"turns":5.0},{"damage":0.0,"enemies":"Cultist","floor":4.0,"turns":3.0},{"damage":7.0,"enemies":"Large Slime","floor":5.0,"turns":7.0},{"damage":12.0,"enemies":"Lagavulin","floor":7.0,"turns":5.0},{"damage":14.0,"enemies":"3 Sentries","floor":11.0,"turns":5.0},{"damage":0.0,"enemies":"Looter","floor":13.0,"turns":3.0},{"damage":0.0,"enemies":"Lots of Slimes","floor":14.0,"turns":3.0},{"damage":8.0,"enemies":"Hexaghost","floor":16.0,"turns":9.0},{"damage":1.0,"enemies":"Chosen","floor":18.0,"turns":3.0},{"damage":11.0,"enemies":"Shell Parasite","floor":19.0,"turns":3.0},{"damage":0.0,"enemies":"Snecko","floor":20.0,"turns":3.0},{"damage":6.0,"enemies":"Slavers","floor":23.0,"turns":4.0},{"damage":0.0,"enemies":"Cultist and Chosen","floor":24.0,"turns":5.0},{"damage":4.0,"enemies":"Book of Stabbing","floor":25.0,"turns":3.0},{"damage":0.0,"enemies":"Sentry and Sphere","floor":27.0,"turns":2.0},{"damage":0.0,"enemies":"Gremlin Leader","floor":28.0,"turns":3.0},{"damage":12.0,"enemies":"Shelled Parasite and Fungi","floor":29.0,"turns":3.0},{"damage":13.0,"enemies":"Book of Stabbing","floor":30.0,"turns":2.0},{"damage":6.0,"enemies":"3 Cultists","floor":31.0,"turns":4.0},{"damage":21.0,"enemies":"Champ","floor":33.0,"turns":7.0},{"damage":9.0,"enemies":"3 Shapes","floor":35.0,"turns":4.0},{"damage":11.0,"enemies":"Orb Walker","floor":37.0,"turns":2.0},{"damage":27.0,"enemies":"Spire Growth","floor":39.0,"turns":4.0},{"damage":40,"enemies":"Reptomancer","floor":40,"turns":3}],"seed_played":"-3968363638862282173","potions_obtained":[{"floor":3.0,"key":"GamblersBrew"},{"floor":4.0,"key":"CunningPotion"},{"floor":16.0,"key":"GamblersBrew"},{"floor":19.0,"key":"Fire Potion"},{"floor":27.0,"key":"ColorlessPotion"},{"floor":28.0,"key":"GamblersBrew"},{"floor":29.0,"key":"ColorlessPotion"},{"floor":37.0,"key":"LiquidBronze"}],"is_trial":false,"path_per_floor":["M","?","M","M","M","R","E","$","T","R","E","?","M","M","R","B",null,"M","M","M","?","?","E","M","E","T","M","E","M","E","M","R","B",null,"M","$","M","$","M","E"],"character_chosen":"THE_SILENT","items_purchased":["SteroidPotion","Backstab","Finesse"],"campfire_rested":1,"item_purchase_floors":[8,8,36],"current_hp_per_floor":[34,34,34,34,27,27,15,15,15,33,19,19,19,19,31,23,51,50,39,39,18,18,12,12,8,8,8,8,30,29,35,53,32,53,44,44,33,33,18,0,0],"gold":469,"neow_bonus":"TRANSFORM_TWO_CARDS","is_daily":false,"chose_seed":false,"campfire_upgraded":3,"win_rate":0.0,"timestamp":1614151576,"path_taken":["M","?","M","M","M","R","E","$","T","R","E","?","M","M","R","BOSS","M","M","?","?","?","E","M","E","T","M","E","M","E","M","R","BOSS","M","$","?","$","M","E"],"items_purchased_type":["Potion","Card","Card"],"build_version":"2020-12-22","purchased_purges":2,"victory":false,"max_hp_per_floor":[66,60,60,60,60,60,60,60,60,60,60,60,60,60,60,60,60,60,60,60,60,60,60,60,60,60,60,60,60,60,60,60,60,60,60,60,60,60,60,60,60],"relic_stats":{"counters":[25,106],"Golden Idol":138,"Shuriken":[18],"Eternal Feather":30,"Pandora\u0027s Box":["Bullet Time","Slice","Well Laid Plans","Setup","Phantasmal Killer","Riddle With Holes","Dash","Backstab"],"Snake Skull":[10],"PreservedInsect":149,"Necronomicon":[23],"Smiling Mask":75,"obtain_stats":[{"Golden Idol":2,"Ninja Scroll":23,"Shuriken":30,"Eternal Feather":11,"Pandora\u0027s Box":17,"Snake Skull":7,"PreservedInsect":26,"Necronomicon":21,"Smiling Mask":9,"Akabeko":25,"Ring of the Snake":0,"Meat on the Bone":28},{"Golden Idol":1,"Ninja Scroll":13,"Shuriken":19,"Eternal Feather":6,"Pandora\u0027s Box":9,"Snake Skull":5,"PreservedInsect":15,"Necronomicon":12,"Smiling Mask":5,"Akabeko":15,"Ring of the Snake":0,"Meat on the Bone":17},{"Golden Idol":11,"Ninja Scroll":64,"Shuriken":82,"Eternal Feather":36,"Pandora\u0027s Box":51,"Snake Skull":31,"PreservedInsect":72,"Necronomicon":60,"Smiling Mask":31,"Akabeko":72,"Ring of the Snake":0,"Meat on the Bone":77}],"Ring of the Snake":[50],"Meat on the Bone":48},"card_choices":[{"not_picked":["Setup","Acrobatics"],"picked":"Blade Dance","floor":1.0},{"not_picked":["Concentrate","Bane"],"picked":"Quick Slash","floor":3.0},{"not_picked":["Leg Sweep","Doppelganger"],"picked":"Predator","floor":4.0},{"not_picked":["Dodge and Roll","Backflip"],"picked":"Slice","floor":5.0},{"not_picked":["Sucker Punch","Dagger Spray"],"picked":"Deflect","floor":7.0},{"not_picked":["Dagger Spray","Dodge and Roll"],"picked":"Predator","floor":11.0},{"not_picked":["Blade Dance","Flechettes"],"picked":"Acrobatics","floor":13.0},{"not_picked":["Blade Dance","Backflip"],"picked":"Escape Plan","floor":14.0},{"not_picked":["Phantasmal Killer","Night Terror"],"picked":"Malaise","floor":16.0},{"not_picked":["Slice","Quick Slash","Dodge and Roll+1"],"picked":"SKIP","floor":18.0},{"not_picked":["Outmaneuver","Finisher","Reflex"],"picked":"SKIP","floor":19.0},{"not_picked":["Cloak And Dagger","Tactician"],"picked":"Blur","floor":20.0},{"not_picked":["Flying Knee","Dagger Throw+1"],"picked":"Setup","floor":23.0},{"not_picked":["Cloak And Dagger","Dash"],"picked":"Corpse Explosion","floor":24.0},{"not_picked":["Outmaneuver","Poisoned Stab+1","Backflip"],"picked":"SKIP","floor":25.0},{"not_picked":["Dodge and Roll","Acrobatics"],"picked":"Bouncing Flask","floor":27.0},{"not_picked":["Backflip","Cloak And Dagger"],"picked":"Venomology","floor":28.0},{"not_picked":["Bane","Backflip"],"picked":"Sucker Punch+1","floor":29.0},{"not_picked":["Slice","Flying Knee","Bouncing Flask"],"picked":"SKIP","floor":30.0},{"not_picked":["Sucker Punch","Quick Slash"],"picked":"Outmaneuver+1","floor":31.0},{"not_picked":["Corpse Explosion","Malaise"],"picked":"Night Terror","floor":33.0},{"not_picked":["Outmaneuver+1","Setup"],"picked":"Catalyst","floor":35.0},{"not_picked":["Acrobatics","Outmaneuver"],"picked":"PiercingWail","floor":37.0},{"not_picked":["Concentrate","Endless Agony","Choke"],"picked":"SKIP","floor":39.0}],"player_experience":2978334,"relics_obtained":[{"floor":7.0,"key":"Snake Skull"},{"floor":9.0,"key":"Smiling Mask"},{"floor":11.0,"key":"Eternal Feather"},{"floor":21.0,"key":"Necronomicon"},{"floor":23.0,"key":"Ninja Scroll"},{"floor":25.0,"key":"Akabeko"},{"floor":26.0,"key":"PreservedInsect"},{"floor":28.0,"key":"Meat on the Bone"},{"floor":30.0,"key":"Shuriken"}],"event_choices":[{"damage_healed":0.0,"max_hp_gain":0.0,"max_hp_loss":6.0,"gold_gain":0.0,"event_name":"Golden Idol","player_choice":"Lose Max HP","floor":2.0,"gold_loss":0.0,"damage_taken":0.0,"relics_obtained":["Golden Idol"]},{"damage_healed":0.0,"max_hp_gain":0.0,"max_hp_loss":0.0,"gold_gain":0.0,"event_name":"Upgrade Shrine","player_choice":"Upgraded","floor":12.0,"gold_loss":0.0,"damage_taken":0.0,"cards_upgraded":["Neutralize"]},{"damage_healed":0.0,"max_hp_gain":0.0,"max_hp_loss":0.0,"gold_gain":0.0,"event_name":"Cursed Tome","player_choice":"Obtained Book","floor":21.0,"gold_loss":0.0,"damage_taken":21.0},{"damage_healed":0.0,"max_hp_gain":0.0,"max_hp_loss":0.0,"gold_gain":0.0,"cards_transformed":["Slice"],"event_name":"Transmorgrifier","player_choice":"Transformed","floor":22.0,"gold_loss":0.0,"damage_taken":0.0,"cards_obtained":["Glass Knife"]}],"is_beta":false,"boss_relics":[{"not_picked":["Busted Crown","SlaversCollar"],"picked":"Pandora\u0027s Box"},{"not_picked":["Sozu","HoveringKite","Runic Dome"]}],"items_purged_floors":[36,38],"is_endless":false,"potions_floor_spawned":[3,4,5,14,16,19,27,28,29,30,37],"killed_by":"Reptomancer","ascension_level":20}}