{"host":"puhn14s7bdwcyqz6","time":1614128254,"event":{"mods":["BaseMod","CapriCore","Koishi","Marisa（霧雨　魔理沙）","Minty Spire (QoL Compilation)","Reimu（博丽灵梦）","Remilia（蕾米莉亚）","StSLib","The Administrix","The Immortal","The Senshi","The Servant 0.9.4"],"gold_per_floor":[117,132,152,169,129,129,163,163,163,179,179,195,195,206,206,310,310,330,345,360,360,378,378,412,412,435,465,465,479,479,496,496,592,592,602,233,243,243,243],"floor_reached":38,"language":"ENG","playtime":7073,"items_purged":["Decay"],"score":470,"play_id":"b8e41fd4-9aef-4176-82ba-77cc92d48ec3","local_time":"20210223195734","is_ascension_mode":false,"campfire_choices":[{"floor":6,"key":"REST"},{"data":"SoulSculpture","floor":8,"key":"SMITH"},{"floor":13,"key":"REST"},{"data":"Ricochet","floor":15,"key":"SMITH"},{"floor":23,"key":"REST"},{"floor":28,"key":"REST"},{"floor":32,"key":"REST"}],"circlet_count":0,"master_deck":["Defend_S","Defend_S","Defend_S","Defend_S","KidneyShot","Exchange","PanicButton","MoonPhase","GearUp","Potential+1","Starlight","SoulSculpture+1","Alleviate","Luminosity","Ricochet+1","FlawlessForm","ShatteredReality","BestPractice","Hightail","Rewind+1","Foresight","Necronomicurse","Potential+1","SilverBlades+1","Bite","Bite","Bite","Bite","Bite","Alleviate","Deny","TimeWarp","Chrysalis"],"relics":["SplendidAttire","PaintedHorse:ReiMu","Pear","Shuriken","SlaversCollar","Gremlin Horn","Necronomicon","Boot","Anchor"],"acts_visited":["Exordium","TheCity","TheBeyond"],"potions_floor_usage":[14,16,22,33,33,35,38],"damage_taken":[{"damage":0,"enemies":"Small Slimes","floor":1,"turns":3},{"damage":15,"enemies":"2 Louse","floor":2,"turns":3},{"damage":4,"enemies":"Cultist","floor":3,"turns":5},{"damage":21,"enemies":"Exordium Wildlife","floor":4,"turns":9},{"damage":12,"enemies":"Lagavulin","floor":7,"turns":8},{"damage":0,"enemies":"Large Slime","floor":10,"turns":4},{"damage":8,"enemies":"Exordium Thugs","floor":12,"turns":6},{"damage":0,"enemies":"3 Louse","floor":14,"turns":2},{"damage":12,"enemies":"Hexaghost","floor":16,"turns":12},{"damage":5,"enemies":"Shell Parasite","floor":18,"turns":5},{"damage":16,"enemies":"3 Byrds","floor":19,"turns":4},{"damage":22,"enemies":"Cultist and Chosen","floor":20,"turns":6},{"damage":11,"enemies":"Centurion and Healer","floor":22,"turns":6},{"damage":0,"enemies":"Book of Stabbing","floor":24,"turns":7},{"damage":25,"enemies":"Slavers","floor":27,"turns":6},{"damage":1,"enemies":"Shelled Parasite and Fungi","floor":29,"turns":5},{"damage":9,"enemies":"Snecko","floor":31,"turns":4},{"damage":32,"enemies":"Collector","floor":33,"turns":8},{"damage":37,"enemies":"3 Darklings","floor":35,"turns":6},{"damage":15,"enemies":"Orb Walker","floor":37,"turns":3},{"damage":17,"enemies":"Spire Growth","floor":38,"turns":2}],"seed_played":"-2189562846620492080","potions_obtained":[{"floor":3,"key":"GrandPatriotsElixir:ReiMu"},{"floor":10,"key":"Strength Potion"},{"floor":12,"key":"AttackPotion"},{"floor":14,"key":"Block Potion"},{"floor":22,"key":"FearPotion"},{"floor":27,"key":"Energy Potion"},{"floor":33,"key":"Weak Potion"},{"floor":35,"key":"SpeedPotion"}],"is_trial":false,"path_per_floor":["M","M","M","M","?","R","E","R","T","M","?","M","R","M","R","B",null,"M","M","M","?","M","R","E","?","T","E","R","M","?","M","R","B",null,"M","$","M","M"],"character_chosen":"THE_SERVANT","items_purchased":["CultistPotion","Chrysalis"],"campfire_rested":5,"item_purchase_floors":[36,36],"current_hp_per_floor":[65,50,46,25,25,44,42,42,42,42,42,34,56,56,56,44,75,70,54,32,32,21,43,43,27,27,2,24,23,23,19,34,17,52,23,23,14,0,0],"gold":243,"neow_bonus":"RANDOM_COLORLESS","is_daily":false,"chose_seed":false,"campfire_upgraded":2,"win_rate":0.0,"timestamp":1614128254,"path_taken":["M","M","M","M","?","R","E","R","T","M","?","M","R","M","R","BOSS","M","M","M","?","M","R","E","?","T","E","R","M","?","M","R","BOSS","M","$","M","M"],"items_purchased_type":["Potion","Card"],"build_version":"2020-12-22","purchased_purges":1,"victory":false,"max_hp_per_floor":[65,65,65,65,65,65,75,75,75,75,75,75,75,75,75,75,75,75,75,75,75,75,75,75,75,75,75,75,75,52,52,52,52,52,52,52,52,52,52],"card_choices":[{"not_picked":["Trip","Forethought"],"picked":"PanicButton","floor":0},{"not_picked":["BottledTime","Unruled"],"picked":"MoonPhase","floor":1},{"not_picked":["Snipe","WasteNot"],"picked":"GearUp","floor":2},{"not_picked":["DoubleEdge","Unruled"],"picked":"Potential","floor":3},{"not_picked":["Collapse","Unruled"],"picked":"Starlight","floor":4},{"not_picked":["StarChef","Unruled"],"picked":"SoulSculpture","floor":7},{"not_picked":["Rewind","Unruled"],"picked":"Alleviate","floor":10},{"not_picked":["Revamp","SpecialFormula"],"picked":"Luminosity","floor":12},{"not_picked":["Contraction","Alleviate"],"picked":"Ricochet","floor":14},{"not_picked":["PendulumOfEternity","Deny"],"picked":"FlawlessForm","floor":16},{"not_picked":["Moonlight","Starlight"],"picked":"ShatteredReality","floor":18},{"not_picked":["Rewind","Comet+1"],"picked":"BestPractice","floor":19},{"not_picked":["DoubleEdge","FastForward"],"picked":"Hightail","floor":20},{"not_picked":["MoonPhase","Spin"],"picked":"Rewind+1","floor":22},{"not_picked":["Snipe+1","Barrier"],"picked":"Foresight","floor":24},{"not_picked":["LightFlow","DoubleEdge+1"],"picked":"Potential+1","floor":27},{"not_picked":["Desolation","FastForward"],"picked":"SilverBlades+1","floor":29},{"not_picked":["BestPractice","ShatteredReality"],"picked":"Alleviate","floor":31},{"not_picked":["Initiator","LightFlow"],"picked":"Deny","floor":33},{"not_picked":["Replace+1","Desolation+1"],"picked":"TimeWarp","floor":35},{"not_picked":["BottledTime","Misdirection","Comet"],"picked":"SKIP","floor":37}],"player_experience":65549,"relics_obtained":[{"floor":7,"key":"Pear"},{"floor":9,"key":"Shuriken"},{"floor":24,"key":"Gremlin Horn"},{"floor":25,"key":"Necronomicon"},{"floor":26,"key":"Boot"},{"floor":27,"key":"Anchor"}],"event_choices":[{"damage_healed":0,"gold_gain":0,"player_choice":"Donate","damage_taken":0,"relics_obtained":["PaintedHorse:ReiMu"],"max_hp_gain":0,"max_hp_loss":0,"event_name":"yidonshenshe","floor":5,"gold_loss":40},{"damage_healed":0,"gold_gain":0,"player_choice":"Grow","damage_taken":0,"max_hp_gain":0,"max_hp_loss":0,"event_name":"Living Wall","floor":11,"gold_loss":0,"cards_upgraded":["Potential"]},{"damage_healed":0,"gold_gain":0,"player_choice":"Smashed Altar","damage_taken":0,"max_hp_gain":0,"max_hp_loss":0,"event_name":"Forgotten Altar","floor":21,"gold_loss":0,"cards_obtained":["Decay"]},{"damage_healed":0,"gold_gain":0,"player_choice":"Obtained Book","damage_taken":16,"max_hp_gain":0,"max_hp_loss":0,"event_name":"Cursed Tome","floor":25,"gold_loss":0},{"damage_healed":0,"gold_gain":0,"player_choice":"Became a vampire","damage_taken":0,"max_hp_gain":0,"max_hp_loss":23,"event_name":"Vampires","floor":30,"gold_loss":0,"cards_obtained":["Bite","Bite","Bite","Bite","Bite"]}],"is_beta":false,"boss_relics":[{"not_picked":["Cursed Key","Astrolabe"],"picked":"SlaversCollar"},{"not_picked":["Velvet Choker","Busted Crown"],"picked":"SplendidAttire"}],"items_purged_floors":[36],"is_endless":false,"potions_floor_spawned":[3,10,12,14,22,27,31,33,35],"killed_by":"Spire Growth","ascension_level":0}}