{"host":"wqwfknj40rilnol1","time":1614167413,"event":{"mods":["AchievementEnabler","Aspiration","BaseMod","BetterRewards","Block Reminder","Colored Map","Conspire","Highlight Path","Hubris","Minty Spire (QoL Compilation)","Permanent Neow","Quick Restart","Relic Stats","Replay The Spire","Shop Mod","StSLib","The Cursed"],"gold_per_floor":[116,134,134,146,162,162,17,45,45,320,351,370,399,399,399,105,105,178,178,191,9,29,29,43,74,74,102,173,173,173,206,224,243,243,317,317,327,342,1,1,1,1,16,27,74,88,104,129,129,0,0,0],"floor_reached":53,"language":"ENG","playtime":2717,"items_purged":["Regret"],"score":1427,"play_id":"c2b7e3ae-85d7-44a1-a073-0673216fbf24","local_time":"20210224125013","is_ascension_mode":true,"campfire_choices":[{"floor":17.0,"key":"REST"},{"data":"Limit Break","floor":26,"key":"SMITH"},{"floor":29,"key":"REST"},{"floor":34,"key":"REST"},{"data":"Inflame","floor":42,"key":"SMITH"},{"floor":49,"key":"REST"},{"data":"Bash","floor":51,"key":"SMITH"}],"circlet_count":0,"master_deck":["AscendersBane","Bash+1","Cleave","Disarm","Flex","Power Through","Clothesline+1","Flame Barrier","Fiend Fire+1","Inflame+1","Anger+1","Pommel Strike+1","Limit Break+1","conspire:ExplosiveBarrier","Flex","Spot Weakness","Flex","ReplayTheSpireMod:Muscle Training","Shrug It Off","Poisoned Strike+1","Cleave+1","Headbutt+1","Wild Strike+1","Hemogenesis+1","Run Through+1","Flame Barrier","Ragnarok+1","Shrug It Off+1","ReplayReversal","Sword Boomerang+1","Sword Boomerang+1","Flash of Steel+1","ReplayTheSpireMod:LeadingStrike+1","Uppercut+1","TalkToTheHand+1"],"relics":["hubris:GrandSneckoEye","CultistMask","Brimstone","hubris:SlimyHat","Molten Egg 2","hubris:Potato","hubris:PeanutButter","hubris:ChampionShield","Pandora\u0027s Box","hubris:Metronome","conspire:Boomerang","hubris:DisguiseKit","Replay:Rubber Ducky","Painkiller Herb","ReplayTheSpireMod:Lightbulb","Blue Doll","Calipers","Red Mask"],"acts_visited":["Exordium","TheCity","TheBeyond"],"potions_floor_usage":[25,30,44,52,52],"damage_taken":[{"damage":7.0,"enemies":"Jaw Worm","floor":1.0,"turns":2.0},{"damage":1.0,"enemies":"Cultist","floor":2.0,"turns":3.0},{"damage":0.0,"enemies":"2 Louse","floor":4.0,"turns":2.0},{"damage":4.0,"enemies":"Exordium Thugs","floor":5.0,"turns":3.0},{"damage":0.0,"enemies":"Lagavulin","floor":8.0,"turns":2.0},{"damage":23.0,"enemies":"Gremlin Nob","floor":11.0,"turns":3.0},{"damage":6.0,"enemies":"3 Louse","floor":12.0,"turns":2.0},{"damage":13.0,"enemies":"3 Sentries","floor":13.0,"turns":5.0},{"damage":0.0,"enemies":"Fading Forest","floor":18.0,"turns":11.0},{"damage":0.0,"enemies":"Chosen","floor":20.0,"turns":3.0},{"damage":8.0,"enemies":"Shell Parasite","floor":22.0,"turns":4.0},{"damage":17.0,"enemies":"conspire:HollyBat","floor":24.0,"turns":6.0},{"damage":2,"enemies":"Replay:Snechameleon","floor":25,"turns":3},{"damage":23,"enemies":"conspire:Head Lice","floor":27,"turns":3},{"damage":14,"enemies":"Book of Stabbing","floor":31,"turns":5},{"damage":5,"enemies":"Sentry and Sphere","floor":32,"turns":3},{"damage":0,"enemies":"3 Cultists","floor":33,"turns":4},{"damage":28,"enemies":"conspire:MysteriousRune","floor":35,"turns":6},{"damage":8,"enemies":"Orb Walker","floor":37,"turns":3},{"damage":0,"enemies":"3 Shapes","floor":38,"turns":3},{"damage":16,"enemies":"Spire Growth","floor":43,"turns":3},{"damage":0,"enemies":"3 Darklings","floor":44,"turns":3},{"damage":0,"enemies":"Maw","floor":46,"turns":4},{"damage":12,"enemies":"Spire Growth","floor":47,"turns":4},{"damage":0,"enemies":"Mind Bloom Boss Battle","floor":48,"turns":4},{"damage":70,"enemies":"Time Eater","floor":52,"turns":6}],"seed_played":"3008827810060256702","potions_obtained":[{"floor":2.0,"key":"DuplicationPotion"},{"floor":8.0,"key":"Dexterity Potion"},{"floor":11.0,"key":"FearPotion"},{"floor":13.0,"key":"Regen Potion"},{"floor":24.0,"key":"AttackPotion"},{"floor":25,"key":"Dexterity Potion"},{"floor":30,"key":"Fruit Juice"},{"floor":30,"key":"DistilledChaos"},{"floor":46,"key":"ColorlessPotion"}],"is_trial":false,"path_per_floor":["M","M","?","M","M","?","$","E","T","?","E","M","E","PTL","PTL","$","R","B",null,"M","$","M","$","M","E","R","E","T","R","?","E","M","M","R","B",null,"?","?","T","?","T","T","?","?","T","?","?","?","T","?","T","B",null],"character_chosen":"IRONCLAD","items_purchased":["Brimstone","hubris:ChampionShield","DistilledChaos","Poisoned Strike+1","ReplayTheSpireMod:Lightbulb","Sword Boomerang+1","Flash of Steel+1"],"campfire_rested":4,"item_purchase_floors":[7,16,16,21,39,39,39],"current_hp_per_floor":[61,60,49,49,45,45,45,45,45,45,22,16,3,3,3,3,25,33,65,65,65,57,57,40,47,47,24,24,46,51,37,32,40,64,44,71,63,71,71,90,90,90,74,74,74,74,62,62,89,89,89,19],"gold":0,"neow_bonus":"BOSS_RELIC","is_daily":false,"chose_seed":false,"campfire_upgraded":3,"win_rate":0.0,"timestamp":1614167413,"path_taken":["M","M","?","M","?","?","?","E","T","?","E","M","E","PTL","PTL","$","R","BOSS","M","$","M","?","M","E","R","E","T","R","?","E","?","?","R","BOSS","?","?","T","?","?","T","?","?","T","?","?","?","T","?","T","BOSS"],"items_purchased_type":["Relic","Relic","Potion","Card","Relic","Card","Card"],"build_version":"2020-12-22","purchased_purges":1,"victory":true,"max_hp_per_floor":[75,75,75,75,75,75,75,75,75,75,75,75,75,75,75,75,75,75,75,75,75,75,75,75,75,75,75,75,75,80,80,80,80,80,80,80,80,80,80,90,90,90,90,90,90,90,90,90,90,90,90,90],"relic_stats":{"counters":[26,100],"Pandora\u0027s Box":["Inflame","Anger","Pommel Strike","Limit Break","conspire:ExplosiveBarrier","Flex","Spot Weakness","Flex","ReplayTheSpireMod:Muscle Training"],"obtain_stats":[{"hubris:DisguiseKit":28,"hubris:Metronome":25,"Calipers":48,"Painkiller Herb":36,"Blue Doll":45,"hubris:SlimyHat":8,"conspire:Boomerang":27,"Burning Blood":0,"Replay:Rubber Ducky":31,"Brimstone":7,"Molten Egg 2":9,"hubris:PeanutButter":13,"Pandora\u0027s Box":19,"CultistMask":6,"hubris:GrandSneckoEye":0,"Red Mask":50,"hubris:ChampionShield":16,"ReplayTheSpireMod:Lightbulb":39,"hubris:Potato":11},{"hubris:DisguiseKit":14,"hubris:Metronome":13,"Calipers":25,"Painkiller Herb":18,"Blue Doll":22,"hubris:SlimyHat":5,"conspire:Boomerang":14,"Burning Blood":0,"Replay:Rubber Ducky":15,"Brimstone":4,"Molten Egg 2":5,"hubris:PeanutButter":8,"Pandora\u0027s Box":9,"CultistMask":4,"hubris:GrandSneckoEye":0,"Red Mask":25,"hubris:ChampionShield":8,"ReplayTheSpireMod:Lightbulb":20,"hubris:Potato":6},{"hubris:DisguiseKit":52,"hubris:Metronome":49,"Calipers":94,"Painkiller Herb":70,"Blue Doll":82,"hubris:SlimyHat":12,"conspire:Boomerang":52,"Burning Blood":0,"Replay:Rubber Ducky":57,"Brimstone":10,"Molten Egg 2":12,"hubris:PeanutButter":22,"Pandora\u0027s Box":33,"CultistMask":10,"hubris:GrandSneckoEye":0,"Red Mask":94,"hubris:ChampionShield":22,"ReplayTheSpireMod:Lightbulb":76,"hubris:Potato":15}]},"card_choices":[{"not_picked":["Havoc","Iron Wave"],"picked":"Cleave","floor":1.0},{"not_picked":["Dropkick","Body Slam","Cleave"],"picked":"SKIP","floor":2.0},{"not_picked":["Clash","Searing Blow"],"picked":"Disarm","floor":4.0},{"not_picked":["Anger","Reckless Charge"],"picked":"Flex","floor":5.0},{"not_picked":["Run Through","Twin Strike"],"picked":"Power Through","floor":8.0},{"not_picked":["Sword Boomerang+1","Thunderclap+1"],"picked":"Clothesline+1","floor":11.0},{"not_picked":["Body Slam+1","Heavy Blade+1","Sever Soul+1"],"picked":"SKIP","floor":12.0},{"not_picked":["Corruption","Shrug It Off"],"picked":"Flame Barrier","floor":13.0},{"not_picked":["Hemogenesis+1","Demonic Infusion"],"picked":"Fiend Fire+1","floor":18.0},{"not_picked":["ReplayTheSpireMod:Strike From Hell+1","Run Through+1"],"picked":"Shrug It Off","floor":20.0},{"not_picked":["Twin Strike+1","Replay:Undeath\u0027s Touch+1"],"picked":"Cleave+1","floor":22.0},{"not_picked":["hubris:ReadiedAction+1","Fire Breathing"],"picked":"Headbutt+1","floor":24.0},{"not_picked":["Pommel Strike+1","Life Link"],"picked":"Wild Strike+1","floor":25},{"not_picked":["Second Wind+1","Perfected Strike+1"],"picked":"Eclipse","floor":27},{"not_picked":["hubris:ReadiedAction","Second Wind+1","WindmillStrike"],"picked":"Hemogenesis+1","floor":31},{"not_picked":["Cleave+1","Havoc","Replay:ManipulateFuture"],"picked":"Run Through+1","floor":32},{"not_picked":["hubris:CleavingFinish+1","ReplayTheSpireMod:Limb From Limb+1","Worship"],"picked":"Flame Barrier","floor":33},{"not_picked":["Fiend Fire+1","Barricade","conspire:Purge"],"picked":"Ragnarok","floor":35},{"not_picked":["Rampage+1","Defy Death","EmptyFist"],"picked":"Shrug It Off+1","floor":37},{"not_picked":["Clash+1","hubris:ReadiedAction","EmptyFist"],"picked":"ReplayReversal","floor":38},{"not_picked":["Havoc","Disarm","Sanctity"],"picked":"ReplayTheSpireMod:LeadingStrike+1","floor":43},{"not_picked":["Inflame","Armaments+1","Heavy Blade+1","Consecrate"],"picked":"SKIP","floor":44},{"not_picked":["Reckless Charge+1","Burning Pact","InnerPeace"],"picked":"Uppercut+1","floor":46},{"not_picked":["Headbutt+1","Sword Boomerang+1","Run Through+1"],"picked":"TalkToTheHand","floor":47}],"player_experience":319130,"relics_obtained":[{"floor":8.0,"key":"hubris:SlimyHat"},{"floor":9.0,"key":"Molten Egg 2"},{"floor":11.0,"key":"hubris:Potato"},{"floor":13.0,"key":"hubris:PeanutButter"},{"floor":25,"key":"hubris:Metronome"},{"floor":27,"key":"conspire:Boomerang"},{"floor":28,"key":"hubris:DisguiseKit"},{"floor":31,"key":"Replay:Rubber Ducky"},{"floor":45,"key":"Blue Doll"},{"floor":48,"key":"Calipers"}],"event_choices":[{"damage_healed":0.0,"max_hp_gain":0.0,"max_hp_loss":0.0,"gold_gain":0.0,"event_name":"Wheel of Change","player_choice":"Damaged","floor":3.0,"gold_loss":0.0,"damage_taken":11.0},{"damage_healed":0.0,"max_hp_gain":0.0,"max_hp_loss":0.0,"gold_gain":0.0,"event_name":"FaceTrader","player_choice":"Trade","floor":6.0,"gold_loss":0.0,"damage_taken":0.0,"relics_obtained":["CultistMask"]},{"damage_healed":0.0,"max_hp_gain":0.0,"max_hp_loss":0.0,"gold_gain":275.0,"event_name":"Golden Shrine","player_choice":"Desecrate","floor":10.0,"gold_loss":0.0,"damage_taken":0.0,"cards_obtained":["Regret"]},{"damage_healed":0,"gold_gain":0,"player_choice":"Got Potions","damage_taken":0,"max_hp_gain":0,"max_hp_loss":0,"event_name":"Lab","floor":30,"gold_loss":0},{"cards_removed":["Eclipse"],"damage_healed":9,"gold_gain":0,"player_choice":"Offered Rare","damage_taken":0,"max_hp_gain":10,"max_hp_loss":0,"event_name":"Bonfire Elementals","floor":40,"gold_loss":0},{"damage_healed":0,"gold_gain":0,"player_choice":"Fight","damage_taken":0,"max_hp_gain":0,"max_hp_loss":0,"event_name":"MindBloom","floor":48,"gold_loss":0},{"damage_healed":0,"gold_gain":0,"player_choice":"Paid","damage_taken":0,"relics_obtained":["Red Mask"],"max_hp_gain":0,"max_hp_loss":0,"event_name":"Tomb of Lord Red Mask","floor":50,"gold_loss":129}],"is_beta":false,"boss_relics":[{"not_picked":["Runic Dome","Kintsugi"],"picked":"Pandora\u0027s Box"},{"not_picked":["Runic Pyramid","aspiration:RunicSpoon"],"picked":"Painkiller Herb"}],"items_purged_floors":[16],"is_endless":false,"potions_floor_spawned":[2,8,11,13,18,22,24,25,33,38,46,47],"ascension_level":15}}