{"host":"2l5k2wp87eek7qja","time":1614188575,"event":{"mods":["BaseMod","Colored Map","Minty Spire (QoL Compilation)","Relic Stats"],"gold_per_floor":[110,121,134,145,42,54,54,54,103,123,123,152,152,187,187,268,349,373,399,299,299,316,316,354,354,354,370,396,396,447,41,41,124,124,151,166,200,213,213,256,256,278,360,402,402,428,90,116,116,116,116,116,116,32,61,61],"floor_reached":57,"language":"ENG","playtime":3633,"items_purged":["Strike_G","Eviscerate","Heel Hook"],"score":2684,"play_id":"667b4f94-6206-46cb-ba8d-371267f3e7fc","local_time":"20210224194255","is_ascension_mode":true,"campfire_choices":[{"data":"Blade Dance","floor":7.0,"key":"SMITH"},{"data":"Cloak And Dagger","floor":11.0,"key":"SMITH"},{"data":"Neutralize","floor":13.0,"key":"SMITH"},{"data":"Footwork","floor":15.0,"key":"SMITH"},{"data":"Cloak And Dagger","floor":23.0,"key":"SMITH"},{"floor":25.0,"key":"REST"},{"data":"Cloak And Dagger","floor":29.0,"key":"SMITH"},{"data":"Acrobatics","floor":32.0,"key":"SMITH"},{"floor":41.0,"key":"RECALL"},{"data":"Acrobatics","floor":45.0,"key":"SMITH"},{"data":"Accuracy","floor":49.0,"key":"SMITH"},{"data":"Cloak And Dagger","floor":53.0,"key":"SMITH"}],"circlet_count":0,"master_deck":["AscendersBane","Survivor","Neutralize+1","Dagger Throw","Blade Dance+1","Cloak And Dagger+1","Calculated Gamble","Caltrops","Footwork+1","After Image","Cloak And Dagger+1","Flying Knee","Cloak And Dagger+1","Die Die Die","Caltrops","Calculated Gamble","Flying Knee","Acrobatics+1","Accuracy+1","Deflect","PiercingWail","After Image","Dodge and Roll+1","Backflip","Dodge and Roll+1","Acrobatics+1","Acrobatics+1","PiercingWail","Cloak And Dagger+1","Accuracy+1"],"relics":["Ring of the Snake","Matryoshka","MealTicket","Centennial Puzzle","CeramicFish","War Paint","Pandora\u0027s Box","TungstenRod","Ancient Tea Set","Mercury Hourglass","Kunai","Coffee Dripper","Bird Faced Urn","Pocketwatch","Pear","Nunchaku","Bag of Marbles","HornCleat","Du-Vu Doll"],"acts_visited":["Exordium","TheCity","TheBeyond","TheEnding"],"potions_floor_usage":[56,56],"damage_taken":[{"damage":0.0,"enemies":"Jaw Worm","floor":1.0,"turns":4.0},{"damage":0.0,"enemies":"Cultist","floor":2.0,"turns":4.0},{"damage":0.0,"enemies":"2 Louse","floor":3.0,"turns":3.0},{"damage":0.0,"enemies":"Gremlin Gang","floor":4.0,"turns":4.0},{"damage":4.0,"enemies":"Exordium Thugs","floor":6.0,"turns":6.0},{"damage":0.0,"enemies":"Looter","floor":10.0,"turns":3.0},{"damage":3.0,"enemies":"3 Sentries","floor":12.0,"turns":10.0},{"damage":11.0,"enemies":"Lagavulin","floor":14.0,"turns":5.0},{"damage":2.0,"enemies":"The Guardian","floor":16.0,"turns":15.0},{"damage":3.0,"enemies":"Chosen","floor":18.0,"turns":5.0},{"damage":0.0,"enemies":"3 Byrds","floor":19.0,"turns":3.0},{"damage":6.0,"enemies":"Snake Plant","floor":22.0,"turns":4.0},{"damage":53.0,"enemies":"Slavers","floor":24.0,"turns":5.0},{"damage":1.0,"enemies":"Centurion and Healer","floor":27.0,"turns":4.0},{"damage":0.0,"enemies":"Chosen and Byrds","floor":28.0,"turns":3.0},{"damage":14.0,"enemies":"Champ","floor":33.0,"turns":8.0},{"damage":5.0,"enemies":"3 Shapes","floor":35.0,"turns":4.0},{"damage":2.0,"enemies":"3 Darklings","floor":36.0,"turns":4.0},{"damage":0.0,"enemies":"Mind Bloom Boss Battle","floor":37.0,"turns":5.0},{"damage":0.0,"enemies":"4 Shapes","floor":38.0,"turns":6.0},{"damage":4.0,"enemies":"Giant Head","floor":40.0,"turns":7.0},{"damage":0.0,"enemies":"Maw","floor":42.0,"turns":8.0},{"damage":0.0,"enemies":"Nemesis","floor":44.0,"turns":9.0},{"damage":0.0,"enemies":"Writhing Mass","floor":48.0,"turns":8.0},{"damage":24.0,"enemies":"Time Eater","floor":50.0,"turns":13.0},{"damage":21.0,"enemies":"Awakened One","floor":51.0,"turns":12.0},{"damage":22.0,"enemies":"Shield and Spear","floor":55.0,"turns":9.0},{"damage":47,"enemies":"The Heart","floor":56,"turns":12}],"seed_played":"-850037895748821814","potions_obtained":[{"floor":3.0,"key":"GhostInAJar"},{"floor":10.0,"key":"SkillPotion"},{"floor":12.0,"key":"Strength Potion"},{"floor":14.0,"key":"DistilledChaos"},{"floor":18.0,"key":"AttackPotion"},{"floor":19.0,"key":"Fruit Juice"},{"floor":33.0,"key":"Dexterity Potion"},{"floor":35.0,"key":"Block Potion"}],"is_trial":false,"path_per_floor":["M","M","M","M","$","M","R","?","T","M","R","E","R","E","R","B",null,"M","M","$","?","M","R","E","R","T","M","M","R","T","$","R","B",null,"M","M","?","M","?","E","R","M","T","E","R","T","$","M","R","B","B",null,"R","$","E","B",null],"character_chosen":"THE_SILENT","items_purchased":["Cloak And Dagger","Kunai","HornCleat","PiercingWail","Cloak And Dagger","DuplicationPotion"],"campfire_rested":1,"item_purchase_floors":[5,31,47,47,47,54],"current_hp_per_floor":[59,59,59,59,59,55,55,55,55,55,55,52,52,41,41,39,59,56,56,66,66,60,60,12,33,33,32,32,32,32,47,47,33,62,57,55,55,67,67,71,71,71,81,81,81,81,81,81,81,59,52,74,74,81,63,32],"gold":61,"neow_bonus":"THREE_CARDS","is_daily":false,"chose_seed":false,"campfire_upgraded":10,"win_rate":0.0,"timestamp":1614188575,"path_taken":["M","M","M","M","$","M","R","?","T","?","R","E","R","E","R","BOSS","M","M","$","?","M","R","E","R","T","?","M","R","?","$","R","BOSS","M","M","?","M","?","E","R","M","T","E","R","?","$","?","R","BOSS","BOSS","R","$","E","BOSS"],"items_purchased_type":["Card","Relic","Relic","Card","Card","Potion"],"build_version":"2020-12-22","purchased_purges":3,"victory":true,"max_hp_per_floor":[66,66,66,66,66,66,66,66,66,66,66,66,66,66,66,66,66,66,66,66,66,66,66,71,71,71,71,71,71,71,71,71,71,71,71,71,71,71,71,71,71,71,81,81,81,81,81,81,81,81,81,81,81,81,81,81],"relic_stats":{"counters":[28,183],"CeramicFish":216,"War Paint":["Defend_G","Defend_G"],"Mercury Hourglass":[390],"Centennial Puzzle":[45],"Nunchaku":[19],"Bird Faced Urn":[56],"MealTicket":32,"Pandora\u0027s Box":["Cloak And Dagger","Flying Knee","Eviscerate","Cloak And Dagger","Heel Hook","Die Die Die","Caltrops","Calculated Gamble","Flying Knee"],"Kunai":[113],"obtain_stats":[{"Pear":43,"CeramicFish":12,"War Paint":14,"Ancient Tea Set":26,"Mercury Hourglass":26,"Du-Vu Doll":55,"Centennial Puzzle":9,"Nunchaku":44,"Matryoshka":8,"HornCleat":47,"Bird Faced Urn":37,"MealTicket":9,"Pandora\u0027s Box":17,"Coffee Dripper":34,"Bag of Marbles":46,"Kunai":31,"TungstenRod":24,"Ring of the Snake":0,"Pocketwatch":40},{"Pear":22,"CeramicFish":7,"War Paint":8,"Ancient Tea Set":13,"Mercury Hourglass":13,"Du-Vu Doll":27,"Centennial Puzzle":5,"Nunchaku":23,"Matryoshka":5,"HornCleat":23,"Bird Faced Urn":19,"MealTicket":5,"Pandora\u0027s Box":9,"Coffee Dripper":16,"Bag of Marbles":23,"Kunai":15,"TungstenRod":13,"Ring of the Snake":0,"Pocketwatch":21},{"Pear":120,"CeramicFish":34,"War Paint":39,"Ancient Tea Set":71,"Mercury Hourglass":71,"Du-Vu Doll":171,"Centennial Puzzle":21,"Nunchaku":129,"Matryoshka":21,"HornCleat":129,"Bird Faced Urn":99,"MealTicket":21,"Pandora\u0027s Box":54,"Coffee Dripper":86,"Bag of Marbles":129,"Kunai":78,"TungstenRod":71,"Ring of the Snake":0,"Pocketwatch":112}],"TungstenRod":37,"Ring of the Snake":[56],"Pocketwatch":[15]},"card_choices":[{"not_picked":["Quick Slash","Outmaneuver"],"picked":"Dagger Throw","floor":0.0},{"not_picked":["Dagger Throw","Bane"],"picked":"Backstab","floor":1.0},{"not_picked":["Outmaneuver","Deadly Poison"],"picked":"Blade Dance","floor":2.0},{"not_picked":["Quick Slash","Well Laid Plans","Backflip"],"picked":"SKIP","floor":3.0},{"not_picked":["Prepared","Infinite Blades","Heel Hook"],"picked":"SKIP","floor":4.0},{"not_picked":["Prepared","Infinite Blades","Heel Hook"],"picked":"SKIP","floor":4.0},{"not_picked":["Underhanded Strike","Quick Slash"],"picked":"Calculated Gamble","floor":6.0},{"not_picked":["Terror","Deadly Poison"],"picked":"Caltrops","floor":10.0},{"not_picked":["Predator","Sucker Punch","Distraction"],"picked":"SKIP","floor":12.0},{"not_picked":["Riddle With Holes","Slice"],"picked":"Footwork","floor":14.0},{"not_picked":["Night Terror","Corpse Explosion"],"picked":"After Image","floor":16.0},{"not_picked":["Blur","Flying Knee"],"picked":"Acrobatics","floor":18.0},{"not_picked":["Sucker Punch","Distraction"],"picked":"Accuracy","floor":19.0},{"not_picked":["Sucker Punch","Deadly Poison","Underhanded Strike"],"picked":"SKIP","floor":22.0},{"not_picked":["Choke","Flying Knee"],"picked":"Deflect","floor":24.0},{"not_picked":["Catalyst","Predator","Riddle With Holes"],"picked":"SKIP","floor":27.0},{"not_picked":["Deflect","Bane"],"picked":"PiercingWail","floor":28.0},{"not_picked":["Envenom","Venomology"],"picked":"After Image","floor":33.0},{"not_picked":["Slice","Outmaneuver"],"picked":"Dodge and Roll+1","floor":35.0},{"not_picked":["Prepared","Dodge and Roll","Finisher"],"picked":"SKIP","floor":36.0},{"not_picked":["Sucker Punch","Bane"],"picked":"Backflip","floor":37.0},{"not_picked":["Outmaneuver+1","Dodge and Roll","All Out Attack+1"],"picked":"SKIP","floor":38.0},{"not_picked":["Underhanded Strike","Poisoned Stab"],"picked":"Dodge and Roll+1","floor":40.0},{"not_picked":["Dagger Throw+1","Calculated Gamble"],"picked":"Acrobatics","floor":42.0},{"not_picked":["Unload","Bane+1"],"picked":"Acrobatics+1","floor":44.0},{"not_picked":["PiercingWail","Outmaneuver"],"picked":"Accuracy","floor":48.0},{"not_picked":["Flying Knee","Cloak And Dagger","Finisher"],"picked":"SKIP","floor":55.0}],"player_experience":885479,"relics_obtained":[{"floor":9.0,"key":"MealTicket"},{"floor":9.0,"key":"Centennial Puzzle"},{"floor":12.0,"key":"CeramicFish"},{"floor":14.0,"key":"War Paint"},{"floor":24.0,"key":"TungstenRod"},{"floor":26.0,"key":"Ancient Tea Set"},{"floor":26.0,"key":"Mercury Hourglass"},{"floor":37.0,"key":"Bird Faced Urn"},{"floor":40.0,"key":"Pocketwatch"},{"floor":43.0,"key":"Pear"},{"floor":44.0,"key":"Nunchaku"},{"floor":46.0,"key":"Bag of Marbles"},{"floor":55.0,"key":"Du-Vu Doll"}],"event_choices":[{"damage_healed":0.0,"max_hp_gain":0.0,"max_hp_loss":0.0,"gold_gain":0.0,"event_name":"WeMeetAgain","player_choice":"Gave Potion","floor":8.0,"gold_loss":0.0,"damage_taken":0.0,"relics_obtained":["Matryoshka"]},{"damage_healed":0.0,"max_hp_gain":0.0,"max_hp_loss":0.0,"gold_gain":0.0,"event_name":"Upgrade Shrine","player_choice":"Upgraded","floor":21.0,"gold_loss":0.0,"damage_taken":0.0,"cards_upgraded":["Accuracy"]},{"damage_healed":0.0,"max_hp_gain":0.0,"max_hp_loss":0.0,"gold_gain":0.0,"event_name":"MindBloom","player_choice":"Fight","floor":37.0,"gold_loss":0.0,"damage_taken":0.0},{"cards_removed":["Backstab"],"damage_healed":0.0,"max_hp_gain":0.0,"max_hp_loss":0.0,"gold_gain":0.0,"event_name":"Falling","player_choice":"Removed Attack","floor":39.0,"gold_loss":0.0,"damage_taken":0.0}],"is_beta":false,"boss_relics":[{"not_picked":["Ectoplasm","Philosopher\u0027s Stone"],"picked":"Pandora\u0027s Box"},{"not_picked":["Fusion Hammer","Empty Cage"],"picked":"Coffee Dripper"}],"items_purged_floors":[5,20,31],"is_endless":false,"potions_floor_spawned":[3,10,12,14,18,19,33,35,36,37,40],"ascension_level":20}}