{"host":"s41rn2jhghpwfrvz","time":1614147514,"event":{"mods":["BaseMod","Minty Spire (QoL Compilation)","Quick Restart","Relic Stats","SuperFastMode"],"gold_per_floor":[116,116,116,136,61,96,6,33,108,143,143,170,170,199,199,273,273,288,303,313,331,246,277,277,303,303,330,430,462,490,502,502,581,581,599,519,519,419,429,458,474,474,474],"floor_reached":42,"language":"ENG","playtime":1685,"items_purged":["Chill","Armaments+1","Sweeping Beam+1"],"score":1570,"play_id":"2854bd9a-4cd0-4610-a32e-e8a9cfcabf45","local_time":"20210224081834","daily_mods":["SealedDeck","Diverse","Elite Swarm"],"is_ascension_mode":true,"campfire_choices":[{"data":"Armaments","floor":13.0,"key":"SMITH"},{"data":"Scrawl","floor":15.0,"key":"SMITH"},{"data":"Feel No Pain","floor":32.0,"key":"SMITH"}],"circlet_count":0,"master_deck":["AscendersBane","Dodge and Roll+1","White Noise+1","Prostrate+1","Body Slam+1","Blade Dance+1","Pommel Strike+1","Madness+1","Scrawl+1","Meteor Strike+1","Adrenaline+1","Pommel Strike+1","LessonLearned+1","Adrenaline+1","Feel No Pain+1"],"relics":["Burning Blood","Dream Catcher","Oddly Smooth Stone","Meat on the Bone","StrikeDummy","Art of War","Regal Pillow","Kunai","Runic Cube","CaptainsWheel","Magic Flower","Tiny Chest","Self Forming Clay","WingedGreaves","Molten Egg 2","Bronze Scales","The Courier","Busted Crown","Shuriken","Mango"],"acts_visited":["Exordium","TheCity","TheBeyond"],"potions_floor_usage":[],"damage_taken":[{"damage":2.0,"enemies":"Small Slimes","floor":1.0,"turns":3.0},{"damage":6.0,"enemies":"Jaw Worm","floor":4.0,"turns":3.0},{"damage":40.0,"enemies":"Gremlin Nob","floor":6.0,"turns":4.0},{"damage":7.0,"enemies":"Lagavulin","floor":8.0,"turns":5.0},{"damage":9.0,"enemies":"Gremlin Nob","floor":10.0,"turns":3.0},{"damage":0.0,"enemies":"Lagavulin","floor":12.0,"turns":5.0},{"damage":4.0,"enemies":"3 Sentries","floor":14.0,"turns":4.0},{"damage":0.0,"enemies":"The Guardian","floor":16.0,"turns":4.0},{"damage":0.0,"enemies":"Spheric Guardian","floor":18.0,"turns":2.0},{"damage":0.0,"enemies":"Chosen","floor":19.0,"turns":3.0},{"damage":1.0,"enemies":"Centurion and Healer","floor":20.0,"turns":2.0},{"damage":14.0,"enemies":"Snake Plant","floor":21.0,"turns":2.0},{"damage":9.0,"enemies":"Book of Stabbing","floor":23.0,"turns":2.0},{"damage":11.0,"enemies":"Slavers","floor":25.0,"turns":4.0},{"damage":0.0,"enemies":"Gremlin Leader","floor":27.0,"turns":3.0},{"damage":0.0,"enemies":"Colosseum Slavers","floor":28.0,"turns":1.0},{"damage":0.0,"enemies":"Colosseum Nobs","floor":28.0,"turns":3.0},{"damage":8.0,"enemies":"Book of Stabbing","floor":29.0,"turns":4.0},{"damage":1.0,"enemies":"Slavers","floor":30.0,"turns":3.0},{"damage":0.0,"enemies":"3 Cultists","floor":31.0,"turns":2.0},{"damage":0.0,"enemies":"Champ","floor":33.0,"turns":7.0},{"damage":7.0,"enemies":"3 Shapes","floor":35.0,"turns":3.0},{"damage":0.0,"enemies":"3 Darklings","floor":39.0,"turns":2.0},{"damage":0.0,"enemies":"Giant Head","floor":40.0,"turns":2.0},{"damage":0.0,"enemies":"Transient","floor":41.0,"turns":2.0},{"damage":94,"enemies":"Nemesis","floor":42,"turns":8}],"seed_played":"-8500925647862519460","potions_obtained":[{"floor":1.0,"key":"LiquidBronze"},{"floor":4.0,"key":"EntropicBrew"},{"floor":14.0,"key":"Block Potion"},{"floor":41.0,"key":"HeartOfIron"}],"is_trial":true,"path_per_floor":["M","?","?","M","$","E","$","E","T","E","?","E","R","E","R","B",null,"M","M","M","M","?","E","?","E","T","E","?","E","E","M","R","B",null,"M","$","?","$","M","E","M","E"],"character_chosen":"IRONCLAD","items_purchased":["Madness"],"campfire_rested":0,"item_purchase_floors":[7],"current_hp_per_floor":[72,77,70,70,70,36,36,35,35,44,9,27,27,41,41,47,72,78,80,80,72,72,69,69,67,67,76,80,80,80,80,80,80,80,80,80,80,80,80,94,94,0,0],"gold":474,"neow_bonus":"","is_daily":false,"chose_seed":false,"campfire_upgraded":3,"win_rate":0.0,"timestamp":1614147514,"path_taken":["M","?","?","M","?","E","$","E","T","E","?","E","R","E","R","BOSS","M","M","M","M","?","E","?","E","T","E","?","E","E","?","R","BOSS","M","$","?","$","M","E","M","E"],"items_purchased_type":["Card"],"build_version":"2020-12-22","purchased_purges":3,"victory":false,"max_hp_per_floor":[75,80,80,80,80,80,80,80,80,80,80,80,80,80,80,80,80,80,80,80,80,80,80,80,80,80,80,80,80,80,80,80,80,80,80,80,80,80,80,94,94,94,94],"relic_stats":{"Regal Pillow":0,"counters":[26,86],"Self Forming Clay":[18],"Magic Flower":[9],"Burning Blood":107,"Dream Catcher":0,"Busted Crown":8,"Shuriken":[26],"Bronze Scales":[50],"Tiny Chest":0,"Art of War":[4],"Kunai":[72],"obtain_stats":[{"Regal Pillow":12,"Self Forming Clay":27,"Oddly Smooth Stone":8,"Magic Flower":23,"Mango":40,"The Courier":30,"Burning Blood":0,"Dream Catcher":6,"CaptainsWheel":22,"Busted Crown":34,"Shuriken":37,"Bronze Scales":29,"Tiny Chest":25,"Molten Egg 2":28,"WingedGreaves":28,"Art of War":11,"Kunai":14,"StrikeDummy":10,"Meat on the Bone":9,"Runic Cube":17},{"Regal Pillow":6,"Self Forming Clay":15,"Oddly Smooth Stone":4,"Magic Flower":13,"Mango":24,"The Courier":19,"Burning Blood":0,"Dream Catcher":3,"CaptainsWheel":12,"Busted Crown":21,"Shuriken":22,"Bronze Scales":18,"Tiny Chest":14,"Molten Egg 2":17,"WingedGreaves":17,"Art of War":5,"Kunai":7,"StrikeDummy":5,"Meat on the Bone":4,"Runic Cube":8},{"Regal Pillow":23,"Self Forming Clay":49,"Oddly Smooth Stone":15,"Magic Flower":42,"Mango":76,"The Courier":60,"Burning Blood":0,"Dream Catcher":10,"CaptainsWheel":40,"Busted Crown":69,"Shuriken":72,"Bronze Scales":57,"Tiny Chest":46,"Molten Egg 2":53,"WingedGreaves":53,"Art of War":18,"Kunai":27,"StrikeDummy":18,"Meat on the Bone":15,"Runic Cube":31}],"Meat on the Bone":36,"Runic Cube":[18]},"card_choices":[{"not_picked":["Cleave","Protect","Escape Plan"],"picked":"SKIP","floor":1.0},{"not_picked":["FlurryOfBlows","Spot Weakness","Quick Slash"],"picked":"SKIP","floor":4.0},{"not_picked":["Tools of the Trade","Brilliance","Doppelganger"],"picked":"SKIP","floor":6.0},{"not_picked":["Doppelganger","Creative AI"],"picked":"Scrawl","floor":8.0},{"not_picked":["Fission","Omniscience"],"picked":"Meteor Strike","floor":10.0},{"not_picked":["DevaForm","MasterReality","Judgement"],"picked":"SKIP","floor":12.0},{"not_picked":["Feed","Night Terror","Brutality"],"picked":"SKIP","floor":14.0},{"not_picked":["DevaForm","All For One"],"picked":"Adrenaline","floor":16.0},{"not_picked":["Poisoned Stab","True Grit","Clash"],"picked":"SKIP","floor":18.0},{"not_picked":["Hello World+1","Cold Snap","Chaos"],"picked":"SKIP","floor":19.0},{"not_picked":["Flex","Thunderclap"],"picked":"Pommel Strike+1","floor":20.0},{"not_picked":["Coolheaded","Escape Plan","Armaments"],"picked":"SKIP","floor":21.0},{"not_picked":["Omniscience","Die Die Die"],"picked":"LessonLearned","floor":23.0},{"not_picked":["Malaise","Demon Form","Burst"],"picked":"SKIP","floor":25.0},{"not_picked":["Phantasmal Killer","Brilliance","LessonLearned"],"picked":"SKIP","floor":27.0},{"not_picked":["Malaise","Amplify"],"picked":"Adrenaline","floor":29.0},{"not_picked":["Barricade","DeusExMachina","Electrodynamics"],"picked":"SKIP","floor":30.0},{"not_picked":["Ball Lightning+1","Pray"],"picked":"Feel No Pain","floor":31.0},{"not_picked":["PathToVictory+1"],"picked":"SKIP","floor":35.0},{"not_picked":["Slice+1"],"picked":"SKIP","floor":39.0},{"not_picked":["Vault"],"picked":"SKIP","floor":40.0},{"not_picked":["JustLucky+1"],"picked":"SKIP","floor":41.0}],"player_experience":2000188,"relics_obtained":[{"floor":6.0,"key":"Dream Catcher"},{"floor":8.0,"key":"Oddly Smooth Stone"},{"floor":9.0,"key":"Meat on the Bone"},{"floor":10.0,"key":"StrikeDummy"},{"floor":12.0,"key":"Regal Pillow"},{"floor":14.0,"key":"Kunai"},{"floor":23.0,"key":"Magic Flower"},{"floor":25.0,"key":"Tiny Chest"},{"floor":27.0,"key":"Self Forming Clay"},{"floor":28.0,"key":"WingedGreaves"},{"floor":28.0,"key":"Molten Egg 2"},{"floor":29.0,"key":"Bronze Scales"},{"floor":30.0,"key":"The Courier"},{"floor":40.0,"key":"Mango"}],"event_choices":[{"damage_healed":0.0,"max_hp_gain":5.0,"max_hp_loss":0.0,"gold_gain":0.0,"event_name":"Big Fish","player_choice":"Donut","floor":2.0,"gold_loss":0.0,"damage_taken":0.0},{"cards_removed":["Flex"],"damage_healed":0.0,"max_hp_gain":0.0,"max_hp_loss":0.0,"gold_gain":0.0,"event_name":"Golden Wing","player_choice":"Card Removal","floor":3.0,"gold_loss":0.0,"damage_taken":7.0},{"damage_healed":0.0,"max_hp_gain":0.0,"max_hp_loss":0.0,"gold_gain":0.0,"event_name":"Scrap Ooze","player_choice":"Success","floor":11.0,"gold_loss":0.0,"damage_taken":35.0,"relics_obtained":["Art of War"]},{"damage_healed":0.0,"max_hp_gain":0.0,"max_hp_loss":0.0,"gold_gain":0.0,"event_name":"Addict","player_choice":"Obtained Relic","floor":22.0,"gold_loss":85.0,"damage_taken":0.0,"relics_obtained":["CaptainsWheel"]},{"damage_healed":0.0,"max_hp_gain":0.0,"max_hp_loss":0.0,"gold_gain":0.0,"event_name":"Vampires","player_choice":"Ignored","floor":24.0,"gold_loss":0.0,"damage_taken":0.0},{"damage_healed":0.0,"max_hp_gain":0.0,"max_hp_loss":0.0,"gold_gain":0.0,"event_name":"Colosseum","player_choice":"Fight","floor":28.0,"gold_loss":0.0,"damage_taken":0.0},{"damage_healed":0.0,"max_hp_gain":0.0,"max_hp_loss":0.0,"gold_gain":0.0,"event_name":"Colosseum","player_choice":"Fought Nobs","floor":28.0,"gold_loss":0.0,"damage_taken":0.0},{"damage_healed":0.0,"max_hp_gain":0.0,"max_hp_loss":0.0,"gold_gain":0.0,"event_name":"WeMeetAgain","player_choice":"Gave Potion","floor":37.0,"gold_loss":0.0,"damage_taken":0.0,"relics_obtained":["Shuriken"]}],"is_beta":false,"boss_relics":[{"not_picked":["SacredBark","Snecko Eye"],"picked":"Runic Cube"},{"not_picked":["Tiny House","SlaversCollar"],"picked":"Busted Crown"}],"items_purged_floors":[5,36,38],"is_endless":false,"potions_floor_spawned":[1,4,14,16,18,21,23,27,29,31,33,41],"killed_by":"Nemesis","ascension_level":20}}