{"host":"18wi9kpcl4eah7pe","time":1614186967,"event":{"mods":["BaseMod","Colored Powertips","Downfall","Minty Spire (QoL Compilation)","StSLib"],"gold_per_floor":[99,99,99,112,186,86,134,164,64,81,114,99,99,116,128,232,232,232,250,250,49,66,78,78,98,131,141,154,38,38,65,78,174,174,174,193,193,206,206,206,259,309,309,229,305,332,232,247,258,258,258,290,40,40,40,40],"floor_reached":57,"language":"ENG","playtime":4320,"items_purged":["downfall:Bewildered","Parasite","downfall:Aged"],"score":1378,"play_id":"4ffb1a4d-1955-4e05-8ee3-dc907c75562e","local_time":"20210224111607","is_ascension_mode":true,"campfire_choices":[{"floor":1,"key":"RECALL"},{"data":"bronze:TinkerersToolbox","floor":6,"key":"SMITH"},{"data":"bronze:ItsAFeature","floor":9,"key":"SMITH"},{"data":"bronze:GetLatest","floor":18,"key":"SMITH"},{"data":"bronze:Assembly","floor":35,"key":"SMITH"},{"floor":47,"key":"REST"},{"floor":54,"key":"REST"}],"circlet_count":0,"master_deck":["bronze:Strike","bronze:Strike","bronze:Defend","bronze:Defend","bronze:Defend","bronze:Defend","bronze:Replicate","bronze:Goto","bronze:TinkerersToolbox+1","bronze:Replicate","bronze:Iterate","bronze:ItsAFeature+1","bronze:Constructor","bronze:Repair","bronze:BronzeOrb","bronze:Branch","bronze:GetLatest+1","bronze:BuggyMess","bronze:FindAndReplace","CurseOfTheBell","bronze:DelayedSlice","bronze:Virus","bronze:Safeguard","bronze:Invalidate","bronze:Fortify","bronze:MaxOutput","bronze:Overheat","bronze:BitShift","bronze:Optimize","bronze:FollowUp","bronze:CutThrough","bronze:Assembly+1","bronze:FineTuning+1","bronze:FollowUp+1","Clumsy","bronze:WhirlingStrike+1","expansioncontent:AwakenDeath","downfall:Malfunctioning","bronze:Library","bronze:Overload","bronze:ForceShield","bronze:Return","Metamorphosis"],"relics":["bronze:BronzeCore","Shuriken","downfall:HeartBlessingRed","PreservedInsect","Ancient Tea Set","downfall:HeartBlessingGreen","Art of War","Calling Bell","Lantern","The Courier","Mango","sneckomod:BabySnecko","Juzu Bracelet","Vajra","Pocketwatch","Calipers","bronze:SilverBullet","Nilry\u0027s Codex","Nunchaku","expansioncontent:StudyCardRelic","downfall:ExtraCursedKey","Incense Burner","bronze:CableSpool","Molten Egg 2","downfall:HeartBlessingBlue","White Beast Statue"],"acts_visited":["Exordium","TheCity","TheBeyond","TheEnding"],"potions_floor_usage":[11,16,23,26,28,29,31,31,33,33,38,46,49,50,50],"damage_taken":[{"damage":1,"enemies":"Jaw Worm","floor":4,"turns":3},{"damage":9,"enemies":"3 Sentries","floor":8,"turns":5},{"damage":0,"enemies":"Small Slimes","floor":10,"turns":3},{"damage":0,"enemies":"Lagavulin","floor":11,"turns":3},{"damage":0,"enemies":"downfall:FleeingMerchant","floor":12,"turns":4},{"damage":0,"enemies":"Cultist","floor":13,"turns":1},{"damage":4,"enemies":"Large Slime","floor":14,"turns":7},{"damage":3,"enemies":"downfall:LooterAlt","floor":15,"turns":2},{"damage":30,"enemies":"WA_ARCHETYPE_RETAIN","floor":16,"turns":8},{"damage":6,"enemies":"Shell Parasite","floor":19,"turns":4},{"damage":4,"enemies":"downfall:FleeingMerchant","floor":21,"turns":4},{"damage":0,"enemies":"3 Byrds","floor":22,"turns":3},{"damage":0,"enemies":"Shelled Parasite and Fungi","floor":23,"turns":3},{"damage":22,"enemies":"Centurion and Healer","floor":25,"turns":5},{"damage":22,"enemies":"Slavers","floor":26,"turns":4},{"damage":0,"enemies":"Snake Plant","floor":27,"turns":2},{"damage":0,"enemies":"Snecko","floor":28,"turns":2},{"damage":0,"enemies":"downfall:FleeingMerchant","floor":29,"turns":3},{"damage":0,"enemies":"Gremlin Leader","floor":31,"turns":3},{"damage":0,"enemies":"Sentry and Sphere","floor":32,"turns":3},{"damage":26,"enemies":"SI_MIRROR_ARCHETYPE","floor":33,"turns":8},{"damage":0,"enemies":"Orb Walker","floor":36,"turns":2},{"damage":15,"enemies":"3 Shapes","floor":38,"turns":3},{"damage":5,"enemies":"3 Shapes","floor":42,"turns":4},{"damage":12,"enemies":"Reptomancer","floor":46,"turns":3},{"damage":22,"enemies":"Maw","floor":48,"turns":6},{"damage":0,"enemies":"Spire Growth","floor":49,"turns":2},{"damage":52,"enemies":"DF_ARCHETYPE_ORBS","floor":50,"turns":6},{"damage":22,"enemies":"downfall:CharBossMerchant","floor":52,"turns":5},{"damage":44,"enemies":"downfall:NeowBoss","floor":55,"turns":12},{"damage":74,"enemies":"downfall:NeowBossFinal","floor":56,"turns":10}],"seed_played":"-795982796455265218","potions_obtained":[{"floor":10,"key":"FearPotion"},{"floor":11,"key":"SpeedPotion"},{"floor":14,"key":"Swift Potion"},{"floor":16,"key":"bronze:CleanCodePotion"},{"floor":25,"key":"ColorlessPotion"},{"floor":26,"key":"SneckoOil"},{"floor":31,"key":"BlessingOfTheForge"},{"floor":32,"key":"bronze:CleanCodePotion"},{"floor":33,"key":"Dexterity Potion"},{"floor":36,"key":"ColorlessPotion"},{"floor":42,"key":"AttackPotion"},{"floor":48,"key":"champ:CounterPotion"}],"is_trial":false,"path_per_floor":["R","?","?","M","T","R","T","E","R","M","E","$","M","M","M","B",null,"R","M","?","$","M","M","T","M","E","M","M","$","?","E","M","B",null,"R","M","?","M","?","?","T","?","?","$","T","E","R","M","M","B",null,"E","$","R","B","B",null],"character_chosen":"THE_AUTOMATON","items_purchased":["Juzu Bracelet","EntropicBrew","Calipers","bronze:SilverBullet","Metamorphosis"],"campfire_rested":2,"item_purchase_floors":[21,29,29,29,53],"current_hp_per_floor":[70,70,70,69,69,69,69,60,60,60,60,67,67,69,66,42,84,84,84,84,80,84,84,84,62,47,47,54,61,45,52,52,33,84,84,84,84,69,69,69,69,64,64,64,64,52,89,69,69,24,91,69,69,91,47,10],"gold":40,"neow_bonus":"ONE_RANDOM_RARE_CARD","is_daily":false,"chose_seed":false,"campfire_upgraded":4,"win_rate":0.0,"timestamp":1614186967,"path_taken":["R","?","?","M","?","R","T","E","R","M","E","?","M","M","M","BOSS","R","M","?","$","M","M","T","M","E","M","M","$","?","E","M","BOSS","R","M","?","M","?","?","T","?","?","?","?","E","R","M","M","BOSS","E","$","R","BOSS","BOSS"],"items_purchased_type":["Relic","Potion","Relic","Relic","Card"],"build_version":"2020-12-22","purchased_purges":3,"victory":true,"max_hp_per_floor":[70,70,70,70,70,70,70,70,70,70,70,70,70,70,70,70,84,84,84,84,84,84,84,84,84,84,84,84,84,84,84,84,84,84,84,84,84,84,84,84,84,84,84,81,81,81,91,91,91,91,91,91,91,91,91,91],"card_choices":[{"not_picked":["bronze:Invalidate","bronze:BitShift"],"picked":"bronze:Iterate","floor":4},{"not_picked":["bronze:Iterate","bronze:Turbo"],"picked":"bronze:ItsAFeature","floor":8},{"not_picked":["bronze:WildBeam","bronze:CloningBeam"],"picked":"bronze:Constructor","floor":10},{"not_picked":["bronze:ChildClass","bronze:Safeguard"],"picked":"bronze:Repair","floor":11},{"not_picked":["bronze:Repulsor","bronze:CutThrough"],"picked":"bronze:BronzeOrb","floor":12},{"not_picked":["bronze:Invalidate","bronze:Iterate"],"picked":"bronze:Branch","floor":13},{"not_picked":["bronze:Separator","bronze:Turbo"],"picked":"bronze:GetLatest","floor":14},{"not_picked":["bronze:Refactor","bronze:HyperBeam"],"picked":"bronze:BuggyMess","floor":15},{"not_picked":["bronze:Hardcode","bronze:TinkerersToolbox"],"picked":"bronze:FindAndReplace","floor":16},{"not_picked":["bronze:Invalidate+1","bronze:BugBarrage"],"picked":"bronze:DelayedSlice","floor":19},{"not_picked":["bronze:DarkDash","bronze:Turbo"],"picked":"bronze:Virus","floor":21},{"not_picked":["bronze:DelayedSlice","bronze:Refactor"],"picked":"bronze:Safeguard","floor":22},{"not_picked":["bronze:ItsAFeature+1","bronze:Constructor"],"picked":"bronze:Invalidate","floor":23},{"not_picked":["bronze:Separator","bronze:FineTuning"],"picked":"bronze:Fortify","floor":25},{"not_picked":["bronze:Iterate","bronze:CutThrough+1"],"picked":"bronze:MaxOutput","floor":26},{"not_picked":["bronze:OilSpill+1","bronze:WildBeam+1"],"picked":"bronze:Overheat","floor":27},{"not_picked":["bronze:Safeguard","bronze:BuggyMess"],"picked":"bronze:BitShift","floor":28},{"not_picked":["bronze:Mutator","bronze:DelayedSlice"],"picked":"bronze:Optimize","floor":29},{"not_picked":["bronze:Overheat","bronze:Shell"],"picked":"bronze:FollowUp","floor":31},{"not_picked":["bronze:BronzeArmor","bronze:Branch"],"picked":"bronze:CutThrough","floor":32},{"not_picked":["bronze:AlphaBuild","bronze:Break"],"picked":"bronze:Assembly","floor":33},{"not_picked":["bronze:Turbo+1","bronze:InfiniteBeams+1"],"picked":"bronze:FineTuning+1","floor":36},{"not_picked":["bronze:Branch+1","bronze:Refactor"],"picked":"bronze:FollowUp+1","floor":38},{"not_picked":["bronze:Branch+1","bronze:Deprecate"],"picked":"bronze:WhirlingStrike+1","floor":42},{"not_picked":["expansioncontent:Hexaburn","expansioncontent:Chronoboost"],"picked":"expansioncontent:AwakenDeath","floor":43},{"not_picked":["bronze:ItsAFeature","bronze:CloningBeam+1"],"picked":"bronze:Library","floor":46},{"not_picked":["bronze:BugBarrage+1","bronze:WildBeam+1"],"picked":"bronze:Overload","floor":48},{"not_picked":["bronze:Branch+1","bronze:Frontload+1"],"picked":"bronze:ForceShield","floor":49},{"not_picked":["bronze:WildBeam+1","bronze:WhirlingStrike+1"],"picked":"bronze:Return","floor":52}],"player_experience":1057737,"relics_obtained":[{"floor":5,"key":"Shuriken"},{"floor":7,"key":"PreservedInsect"},{"floor":8,"key":"Ancient Tea Set"},{"floor":11,"key":"Art of War"},{"floor":17,"key":"Lantern"},{"floor":17,"key":"The Courier"},{"floor":17,"key":"Mango"},{"floor":24,"key":"Vajra"},{"floor":26,"key":"Pocketwatch"},{"floor":30,"key":"Nilry\u0027s Codex"},{"floor":31,"key":"Nunchaku"},{"floor":42,"key":"Incense Burner"},{"floor":45,"key":"bronze:CableSpool"},{"floor":46,"key":"Molten Egg 2"},{"floor":52,"key":"White Beast Statue"}],"event_choices":[],"is_beta":false,"boss_relics":[{"not_picked":["SlaversCollar","SacredBark"],"picked":"Calling Bell"},{"not_picked":["Astrolabe","Runic Pyramid"],"picked":"expansioncontent:StudyCardRelic"}],"items_purged_floors":[21,44,53],"is_endless":false,"potions_floor_spawned":[10,11,14,16,25,26,31,32,33,36,42,48],"ascension_level":1}}