{"host":"2qv44oxt58ptq59r","time":1614197477,"event":{"mods":["AchievementEnabler","BaseMod","Colored Powertips","Highlight Path","Minty Spire (QoL Compilation)","Permanent Neow","StSLib"],"gold_per_floor":[110,0,15,15,0,0,29,29,29,64,24,43,43,58,58,161,161,181,24,36,51,86,86,46,46,46,46,46,46],"floor_reached":28,"language":"ENG","playtime":3239,"items_purged":[],"score":370,"play_id":"92205538-8bf0-4735-80e2-971878c9b63a","local_time":"20210224201117","is_ascension_mode":true,"campfire_choices":[{"data":"Noxious Fumes","floor":6.0,"key":"SMITH"},{"data":"Neutralize","floor":8.0,"key":"SMITH"},{"data":"Cloak And Dagger","floor":13.0,"key":"SMITH"},{"data":"Skewer","floor":15.0,"key":"SMITH"},{"data":"Accuracy","floor":23.0,"key":"SMITH"},{"data":"Noxious Fumes","floor":25.0,"key":"SMITH"},{"data":"1","floor":27.0,"key":"LIFT"}],"circlet_count":0,"master_deck":["Strike_G","Strike_G","Strike_G","Strike_G","Strike_G","Defend_G","Defend_G","Defend_G","Defend_G","Defend_G","Survivor","Neutralize+1","Poisoned Stab","Noxious Fumes+1","Accuracy","Accuracy+1","Die Die Die","Skewer+1","Cloak And Dagger+1","Flechettes","Corpse Explosion","PiercingWail","Terror+1","Blade Dance","Noxious Fumes+1"],"relics":["Ring of the Snake","NeowsBlessing","Pen Nib","Pantograph","Tingsha","FossilizedHelix","Medical Kit","Red Mask","Girya"],"acts_visited":["Exordium","TheCity"],"potions_floor_usage":[28,28],"damage_taken":[{"damage":0.0,"enemies":"Small Slimes","floor":1.0,"turns":1.0},{"damage":0.0,"enemies":"2 Louse","floor":3.0,"turns":1.0},{"damage":0.0,"enemies":"3 Sentries","floor":7.0,"turns":1.0},{"damage":0.0,"enemies":"Lagavulin","floor":10.0,"turns":6.0},{"damage":2.0,"enemies":"Jaw Worm","floor":12.0,"turns":4.0},{"damage":0.0,"enemies":"Looter","floor":14.0,"turns":2.0},{"damage":12.0,"enemies":"The Guardian","floor":16.0,"turns":8.0},{"damage":2.0,"enemies":"3 Byrds","floor":18.0,"turns":3.0},{"damage":0.0,"enemies":"2 Thieves","floor":20.0,"turns":3.0},{"damage":3.0,"enemies":"Chosen and Byrds","floor":21.0,"turns":3.0},{"damage":10.0,"enemies":"Masked Bandits","floor":22.0,"turns":4.0},{"damage":58,"enemies":"Book of Stabbing","floor":28,"turns":4}],"seed_played":"-632420406885388663","potions_obtained":[{"floor":3.0,"key":"SneckoOil"},{"floor":7.0,"key":"Block Potion"},{"floor":10.0,"key":"DuplicationPotion"},{"floor":14.0,"key":"EssenceOfSteel"},{"floor":16.0,"key":"Dexterity Potion"},{"floor":20.0,"key":"FearPotion"},{"floor":21.0,"key":"Poison Potion"}],"is_trial":false,"path_per_floor":["M","$","M","?","?","R","E","R","T","E","$","M","R","M","R","B",null,"M","$","M","M","?","R","$","R","T","R","E"],"character_chosen":"THE_SILENT","items_purchased":["Noxious Fumes","EssenceOfSteel","Skewer","Medical Kit","Noxious Fumes"],"campfire_rested":0,"item_purchase_floors":[2,2,11,19,24],"current_hp_per_floor":[63,63,63,45,45,45,45,45,45,45,45,43,43,43,43,56,67,65,65,65,62,52,52,52,52,52,52,0,0],"gold":46,"neow_bonus":"THREE_ENEMY_KILL","is_daily":false,"chose_seed":false,"campfire_upgraded":6,"win_rate":0.0,"timestamp":1614197477,"path_taken":["M","$","M","?","?","R","E","R","T","E","$","M","R","M","R","BOSS","M","$","M","M","?","R","$","R","T","R","E"],"items_purchased_type":["Card","Potion","Card","Relic","Card"],"build_version":"2020-12-22","purchased_purges":0,"victory":false,"max_hp_per_floor":[70,70,70,70,70,70,70,70,70,70,70,70,70,70,70,70,70,70,70,70,70,70,70,70,70,70,70,70,70],"card_choices":[{"not_picked":["Acrobatics","Dodge and Roll"],"picked":"Poisoned Stab","floor":1.0},{"not_picked":["Deadly Poison","Tactician"],"picked":"Accuracy","floor":3.0},{"not_picked":["Footwork","Endless Agony"],"picked":"Accuracy","floor":7.0},{"not_picked":["Dagger Throw","Quick Slash"],"picked":"Die Die Die","floor":10.0},{"not_picked":["Accuracy","Eviscerate"],"picked":"Cloak And Dagger","floor":12.0},{"not_picked":["Backflip","Expertise"],"picked":"Flechettes","floor":14.0},{"not_picked":["A Thousand Cuts","Malaise"],"picked":"Corpse Explosion","floor":16.0},{"not_picked":["Accuracy","Flying Knee"],"picked":"PiercingWail","floor":18.0},{"not_picked":["Backflip","Dagger Throw"],"picked":"Terror+1","floor":20.0},{"not_picked":["Underhanded Strike+1","Endless Agony","Distraction"],"picked":"SKIP","floor":21.0},{"not_picked":["All Out Attack","Quick Slash+1"],"picked":"Blade Dance","floor":22.0}],"player_experience":5830149,"relics_obtained":[{"floor":7.0,"key":"Pantograph"},{"floor":9.0,"key":"Tingsha"},{"floor":10.0,"key":"FossilizedHelix"},{"floor":22.0,"key":"Red Mask"},{"floor":26.0,"key":"Girya"}],"event_choices":[{"damage_healed":0.0,"max_hp_gain":0.0,"max_hp_loss":0.0,"gold_gain":0.0,"event_name":"Scrap Ooze","player_choice":"Success","floor":4.0,"gold_loss":0.0,"damage_taken":18.0,"relics_obtained":["Pen Nib"]},{"damage_healed":0.0,"max_hp_gain":0.0,"max_hp_loss":0.0,"gold_gain":0.0,"event_name":"World of Goop","player_choice":"Left Gold","floor":5.0,"gold_loss":15.0,"damage_taken":0.0},{"damage_healed":0.0,"max_hp_gain":0.0,"max_hp_loss":0.0,"gold_gain":0.0,"event_name":"Masked Bandits","player_choice":"Fought Bandits","floor":22.0,"gold_loss":0.0,"damage_taken":0.0}],"is_beta":false,"boss_relics":[{"not_picked":["Snecko Eye","Runic Dome","Sozu"]}],"items_purged_floors":[],"is_endless":false,"potions_floor_spawned":[3,7,10,14,16,20,21],"killed_by":"Book of Stabbing","ascension_level":7}}