{"host":"ju1b3c4x8n2jtjm7","time":1614165437,"event":{"mods":["AchievementEnabler","BaseMod","Colored Map","Colored Powertips","Highlight Path","Minty Spire (QoL Compilation)","Quick Restart","Rare Cards Sparkle","Relic Stats","StSLib"],"gold_per_floor":[14,14,32,55,68,68,107,107,131,152,166,204,218,261,261,391,391,404,423,423,4,4,4,40,40,40,65,65,14,49,49,49,168,168,181,204,220,81,21,21,21],"floor_reached":40,"language":"ENG","playtime":2140,"items_purged":["Thunder Strike","Dualcast"],"score":714,"play_id":"aa3f45d0-c1f8-443e-bb48-10cb1a4eff93","local_time":"20210224121717","is_ascension_mode":true,"campfire_choices":[{"data":"Zap","floor":6.0,"key":"SMITH"},{"data":"Consume","floor":15.0,"key":"SMITH"},{"data":"RitualDagger","floor":23.0,"key":"SMITH"},{"data":"Fission","floor":25,"key":"SMITH"},{"floor":28,"key":"REST"},{"data":"Discovery","floor":32,"key":"SMITH"}],"circlet_count":0,"master_deck":["AscendersBane","Defend_B+1","Defend_B+1","Defend_B","All For One","Beam Cell","Sweeping Beam","BootSequence","Consume+1","Ball Lightning+1","Leap","Lockon","Genetic Algorithm","Fission+1","Conserve Battery","RitualDagger+1","Discovery+1","Beam Cell","Echo Form","Electrodynamics","Coolheaded","Barrage+1","Fission","Conserve Battery","Aggregate","Chaos","White Noise","Compile Driver"],"relics":["Cracked Core","Golden Idol","Omamori","Vajra","War Paint","Whetstone","Inserter","Eternal Feather","Ice Cream","Sundial","Letter Opener","Nuclear Battery"],"acts_visited":["Exordium","TheCity","TheBeyond"],"potions_floor_usage":[37],"damage_taken":[{"damage":1.0,"enemies":"2 Louse","floor":1.0,"turns":2.0},{"damage":2.0,"enemies":"Jaw Worm","floor":3.0,"turns":2.0},{"damage":0.0,"enemies":"Small Slimes","floor":4.0,"turns":3.0},{"damage":1.0,"enemies":"Exordium Thugs","floor":5.0,"turns":4.0},{"damage":36.0,"enemies":"Gremlin Nob","floor":7.0,"turns":4.0},{"damage":2.0,"enemies":"2 Fungi Beasts","floor":10.0,"turns":3.0},{"damage":4.0,"enemies":"Red Slaver","floor":11.0,"turns":3.0},{"damage":1.0,"enemies":"3 Sentries","floor":12.0,"turns":4.0},{"damage":0.0,"enemies":"Gremlin Gang","floor":13.0,"turns":3.0},{"damage":12.0,"enemies":"Gremlin Nob","floor":14.0,"turns":3.0},{"damage":27.0,"enemies":"Hexaghost","floor":16.0,"turns":9.0},{"damage":23.0,"enemies":"Spheric Guardian","floor":18.0,"turns":4.0},{"damage":7.0,"enemies":"Shell Parasite","floor":19.0,"turns":4.0},{"damage":33,"enemies":"Book of Stabbing","floor":24,"turns":5},{"damage":14,"enemies":"Sentry and Sphere","floor":27,"turns":5},{"damage":5,"enemies":"Gremlin Leader","floor":30,"turns":6},{"damage":13,"enemies":"Champ","floor":33,"turns":13},{"damage":4,"enemies":"3 Shapes","floor":35,"turns":3},{"damage":12,"enemies":"3 Darklings","floor":36,"turns":4},{"damage":23,"enemies":"Spire Growth","floor":37,"turns":5},{"damage":25,"enemies":"Nemesis","floor":40,"turns":2}],"seed_played":"5812521692372682157","potions_obtained":[{"floor":1.0,"key":"Explosive Potion"},{"floor":4.0,"key":"Energy Potion"},{"floor":7.0,"key":"SteroidPotion"},{"floor":13.0,"key":"SpeedPotion"},{"floor":16.0,"key":"Regen Potion"},{"floor":18.0,"key":"Strength Potion"},{"floor":30,"key":"SkillPotion"},{"floor":33,"key":"DistilledChaos"},{"floor":35,"key":"LiquidMemories"}],"is_trial":false,"path_per_floor":["M","?","M","M","M","R","E","?","T","M","M","E","M","E","R","B",null,"M","M","?","$","?","R","E","R","T","M","R","$","E","$","R","B",null,"M","M","M","$","?","E"],"character_chosen":"DEFECT","items_purchased":["Eternal Feather","Discovery","Coolheaded","Chaos"],"campfire_rested":1,"item_purchase_floors":[21,21,29,38],"current_hp_per_floor":[67,67,65,65,64,64,28,51,51,49,45,44,44,32,32,5,53,42,35,29,29,29,41,8,20,20,6,38,38,33,33,48,35,61,57,45,22,22,22,0,0],"gold":21,"neow_bonus":"TRANSFORM_TWO_CARDS","is_daily":false,"chose_seed":false,"campfire_upgraded":5,"win_rate":0.0,"timestamp":1614165437,"path_taken":["M","?","M","M","M","R","E","?","T","M","M","E","?","E","R","BOSS","M","M","?","$","?","R","E","R","T","M","R","$","E","?","R","BOSS","M","M","M","$","?","E"],"items_purchased_type":["Relic","Card","Card","Card"],"build_version":"2020-12-22","purchased_purges":2,"victory":false,"max_hp_per_floor":[75,69,69,69,69,69,69,69,69,69,69,69,69,69,69,69,69,69,69,69,69,69,69,69,69,69,69,69,69,69,69,69,69,69,69,69,69,69,69,69,69],"relic_stats":{"Inserter":[25],"counters":[21,91],"Golden Idol":134,"Sundial":[4],"Eternal Feather":51,"Whetstone":["Ball Lightning","Strike_B"],"Letter Opener":[62],"War Paint":["Defend_B","Defend_B"],"obtain_stats":[{"Ice Cream":24,"Inserter":17,"Golden Idol":2,"Sundial":26,"Vajra":9,"Eternal Feather":21,"Omamori":7,"Whetstone":14,"Letter Opener":30,"War Paint":12,"Cracked Core":0,"Nuclear Battery":34},{"Ice Cream":14,"Inserter":11,"Golden Idol":1,"Sundial":14,"Vajra":5,"Eternal Feather":13,"Omamori":5,"Whetstone":10,"Letter Opener":16,"War Paint":8,"Cracked Core":0,"Nuclear Battery":17},{"Ice Cream":53,"Inserter":40,"Golden Idol":2,"Sundial":53,"Vajra":15,"Eternal Feather":48,"Omamori":15,"Whetstone":31,"Letter Opener":64,"War Paint":25,"Cracked Core":0,"Nuclear Battery":77}]},"card_choices":[{"not_picked":["Leap","Cold Snap"],"picked":"Beam Cell","floor":1.0},{"not_picked":["Cold Snap","Turbo"],"picked":"Sweeping Beam","floor":3.0},{"not_picked":["Go for the Eyes","Beam Cell"],"picked":"BootSequence","floor":4.0},{"not_picked":["Sweeping Beam","Ball Lightning"],"picked":"Consume","floor":5.0},{"not_picked":["Compile Driver","Hologram"],"picked":"Ball Lightning","floor":7.0},{"not_picked":["Melter","Gash"],"picked":"Leap","floor":10.0},{"not_picked":["Rainbow","Hologram","Fusion"],"picked":"SKIP","floor":11.0},{"not_picked":["Cold Snap","Go for the Eyes"],"picked":"Lockon","floor":12.0},{"not_picked":["Stack","Double Energy","Streamline"],"picked":"SKIP","floor":13.0},{"not_picked":["Sweeping Beam","Blizzard"],"picked":"Genetic Algorithm","floor":14.0},{"not_picked":["Thunder Strike","Rainbow"],"picked":"Fission","floor":16.0},{"not_picked":["Redo","Chaos","Ball Lightning"],"picked":"SKIP","floor":18.0},{"not_picked":["Doom and Gloom","Ball Lightning"],"picked":"Conserve Battery","floor":19.0},{"not_picked":["Beam Cell","Consume","Gash"],"picked":"SKIP","floor":24},{"not_picked":["Streamline","Compile Driver"],"picked":"Electrodynamics","floor":27},{"not_picked":["Compile Driver","Streamline+1"],"picked":"Barrage+1","floor":30},{"not_picked":["Buffer","Biased Cognition"],"picked":"Fission","floor":33},{"not_picked":["Steam","Beam Cell+1"],"picked":"Conserve Battery","floor":35},{"not_picked":["Go for the Eyes","Blizzard+1"],"picked":"Aggregate","floor":36},{"not_picked":["FTL","Rebound","Go for the Eyes"],"picked":"SKIP","floor":37}],"player_experience":513544,"relics_obtained":[{"floor":7.0,"key":"Omamori"},{"floor":9.0,"key":"Vajra"},{"floor":12.0,"key":"War Paint"},{"floor":14.0,"key":"Whetstone"},{"floor":24,"key":"Ice Cream"},{"floor":26,"key":"Sundial"},{"floor":30,"key":"Letter Opener"}],"event_choices":[{"damage_healed":0.0,"max_hp_gain":0.0,"max_hp_loss":6.0,"gold_gain":0.0,"event_name":"Golden Idol","player_choice":"Lose Max HP","floor":2.0,"gold_loss":0.0,"damage_taken":0.0,"relics_obtained":["Golden Idol"]},{"damage_healed":23.0,"max_hp_gain":0.0,"max_hp_loss":0.0,"gold_gain":0.0,"event_name":"Big Fish","player_choice":"Banana","floor":8.0,"gold_loss":0.0,"damage_taken":0.0},{"damage_healed":0.0,"max_hp_gain":0.0,"max_hp_loss":0.0,"gold_gain":0.0,"event_name":"Nest","player_choice":"Joined the Cult","floor":20.0,"gold_loss":0.0,"damage_taken":6.0,"cards_obtained":["RitualDagger"]},{"damage_healed":0.0,"max_hp_gain":0.0,"max_hp_loss":0.0,"gold_gain":0.0,"cards_transformed":["Strike_B","Strike_B"],"event_name":"Drug Dealer","player_choice":"Became Test Subject","floor":22.0,"gold_loss":0.0,"damage_taken":0.0,"cards_obtained":["Beam Cell","Echo Form"]},{"damage_healed":0,"gold_gain":0,"cards_transformed":["Strike_B","Zap"],"player_choice":"Transformed Cards","damage_taken":0,"max_hp_gain":0,"max_hp_loss":0,"event_name":"Designer","floor":39,"gold_loss":60,"cards_obtained":["White Noise","Compile Driver"]}],"is_beta":false,"boss_relics":[{"not_picked":["Fusion Hammer","Sozu"],"picked":"Inserter"},{"not_picked":["Cursed Key","SlaversCollar"],"picked":"Nuclear Battery"}],"items_purged_floors":[21,38],"is_endless":false,"potions_floor_spawned":[1,4,7,13,16,18,30,33,35],"killed_by":"Nemesis","ascension_level":12}}