{"host":"ad59wuc8ynh8u2z6","time":1614173643,"event":{"mods":["AchievementEnabler","BaseMod","Colored Powertips","DeckTracker","Highlight Path","Minty Spire (QoL Compilation)","Permanent Neow"],"gold_per_floor":[364,364,379,379,399,425,425,456,483,510,530,370,401,401,401,501,501,516,516,516,431,431,431,464,464,490,507,153,183,198,233,233,233,233],"floor_reached":33,"language":"ENG","playtime":1054,"items_purged":["Strike_R","Defend_R"],"score":521,"play_id":"74bc2bba-578e-437a-88ab-4d9e411780c5","local_time":"20210224143403","is_ascension_mode":true,"campfire_choices":[{"data":"Hemokinesis","floor":7.0,"key":"SMITH"},{"data":"Metallicize","floor":15.0,"key":"SMITH"},{"data":"Flame Barrier","floor":23.0,"key":"SMITH"},{"data":"Bash","floor":25.0,"key":"SMITH"},{"floor":32.0,"key":"REST"}],"circlet_count":0,"master_deck":["Strike_R","Strike_R","Strike_R","Defend_R","Defend_R","Defend_R","Bash+1","Hemokinesis+1","Hemokinesis+1","Flame Barrier+1","Metallicize+1","Disarm+1"],"relics":["Burning Blood","Red Skull","Dream Catcher","Juzu Bracelet","Orichalcum","Toxic Egg 2","Velvet Choker","Pear","Matryoshka","Darkstone Periapt","Toy Ornithopter","Shuriken","Pantograph","Tiny Chest"],"acts_visited":["Exordium","TheCity"],"potions_floor_usage":[],"damage_taken":[{"damage":11.0,"enemies":"2 Louse","floor":1.0,"turns":3.0},{"damage":13.0,"enemies":"Small Slimes","floor":3.0,"turns":4.0},{"damage":2.0,"enemies":"Cultist","floor":5.0,"turns":2.0},{"damage":24.0,"enemies":"Lagavulin","floor":6.0,"turns":6.0},{"damage":4.0,"enemies":"Gremlin Nob","floor":8.0,"turns":2.0},{"damage":30.0,"enemies":"3 Sentries","floor":10.0,"turns":7.0},{"damage":4.0,"enemies":"Gremlin Gang","floor":11.0,"turns":5.0},{"damage":11.0,"enemies":"Lagavulin","floor":13.0,"turns":4.0},{"damage":23.0,"enemies":"The Guardian","floor":16.0,"turns":10.0},{"damage":4.0,"enemies":"Chosen","floor":18.0,"turns":4.0},{"damage":44.0,"enemies":"Gremlin Leader","floor":24.0,"turns":7.0},{"damage":6.0,"enemies":"Spheric Guardian","floor":27.0,"turns":3.0},{"damage":12.0,"enemies":"Book of Stabbing","floor":29.0,"turns":4.0},{"damage":8.0,"enemies":"Shelled Parasite and Fungi","floor":30.0,"turns":4.0},{"damage":32.0,"enemies":"Slavers","floor":31.0,"turns":5.0},{"damage":0,"enemies":"Automaton","floor":33,"turns":1}],"seed_played":"-4495187860134441900","potions_obtained":[{"floor":3.0,"key":"AttackPotion"},{"floor":6.0,"key":"SpeedPotion"},{"floor":11.0,"key":"BlessingOfTheForge"},{"floor":16.0,"key":"Energy Potion"},{"floor":24.0,"key":"Energy Potion"},{"floor":27.0,"key":"BlessingOfTheForge"},{"floor":30.0,"key":"Explosive Potion"}],"is_trial":false,"path_per_floor":["M","?","M","?","M","E","R","E","T","E","M","$","E","?","R","B",null,"M","?","?","?","?","R","E","R","T","M","$","E","M","E","R","B"],"character_chosen":"IRONCLAD","items_purchased":["Metallicize","AttackPotion","Shuriken"],"campfire_rested":1,"item_purchase_floors":[12,12,28],"current_hp_per_floor":[67,67,60,53,57,39,39,41,41,17,19,19,14,40,40,23,66,71,93,93,103,94,94,56,56,56,56,56,55,53,32,62,87,87],"gold":233,"neow_bonus":"TWO_FIFTY_GOLD","is_daily":false,"chose_seed":false,"campfire_upgraded":4,"win_rate":0.0,"timestamp":1614173643,"path_taken":["M","?","M","?","M","E","R","E","T","E","M","$","E","?","R","BOSS","M","?","?","?","?","R","E","R","T","M","$","E","M","E","R","BOSS"],"items_purchased_type":["Card","Potion","Relic"],"build_version":"2020-12-22","purchased_purges":2,"victory":false,"max_hp_per_floor":[80,80,80,80,80,80,80,80,80,80,80,80,80,80,80,80,80,83,93,93,103,103,103,103,103,103,103,103,103,103,103,103,103,103],"card_choices":[{"not_picked":["Second Wind","Ghostly Armor"],"picked":"Hemokinesis","floor":1.0},{"not_picked":["Twin Strike","Cleave","Armaments"],"picked":"SKIP","floor":3.0},{"not_picked":["Armaments","Body Slam"],"picked":"Hemokinesis","floor":5.0},{"not_picked":["Corruption","Iron Wave","Entrench"],"picked":"SKIP","floor":6.0},{"not_picked":["Intimidate","Clash","Heavy Blade"],"picked":"SKIP","floor":8.0},{"not_picked":["Brutality","Heavy Blade","Body Slam"],"picked":"SKIP","floor":10.0},{"not_picked":["Carnage","Flex"],"picked":"Flame Barrier","floor":11.0},{"not_picked":["Clothesline","Rupture"],"picked":"Disarm+1","floor":13.0},{"not_picked":["Corruption","Impervious+1"],"picked":"Feed","floor":16.0},{"not_picked":["Feel No Pain","Headbutt","Thunderclap+1"],"picked":"SKIP","floor":18.0},{"not_picked":["Perfected Strike+1","Pummel+1","Wild Strike"],"picked":"SKIP","floor":24.0},{"not_picked":["Cleave","Pommel Strike","Sword Boomerang"],"picked":"SKIP","floor":27.0},{"not_picked":["Inflame","Fire Breathing","Clothesline"],"picked":"SKIP","floor":29.0},{"not_picked":["Rampage","Whirlwind","Infernal Blade+1"],"picked":"SKIP","floor":30.0},{"not_picked":["Intimidate+1","Inflame+1","Headbutt"],"picked":"SKIP","floor":31.0}],"player_experience":128367,"relics_obtained":[{"floor":6.0,"key":"Red Skull"},{"floor":8.0,"key":"Dream Catcher"},{"floor":9.0,"key":"Juzu Bracelet"},{"floor":10.0,"key":"Orichalcum"},{"floor":13.0,"key":"Toxic Egg 2"},{"floor":24.0,"key":"Matryoshka"},{"floor":26.0,"key":"Darkstone Periapt"},{"floor":26.0,"key":"Toy Ornithopter"},{"floor":29.0,"key":"Pantograph"},{"floor":31.0,"key":"Tiny Chest"}],"event_choices":[{"cards_removed":["Pain"],"damage_healed":0.0,"max_hp_gain":0.0,"max_hp_loss":0.0,"gold_gain":0.0,"event_name":"Living Wall","player_choice":"Forget","floor":2.0,"gold_loss":0.0,"damage_taken":0.0},{"cards_removed":["Strike_R"],"damage_healed":0.0,"max_hp_gain":0.0,"max_hp_loss":0.0,"gold_gain":0.0,"event_name":"Golden Wing","player_choice":"Card Removal","floor":4.0,"gold_loss":0.0,"damage_taken":7.0},{"damage_healed":26.0,"max_hp_gain":0.0,"max_hp_loss":0.0,"gold_gain":0.0,"event_name":"Big Fish","player_choice":"Banana","floor":14.0,"gold_loss":0.0,"damage_taken":0.0},{"cards_removed":["Feed"],"damage_healed":12.0,"max_hp_gain":10.0,"max_hp_loss":0.0,"gold_gain":0.0,"event_name":"Bonfire Elementals","player_choice":"Offered Rare","floor":19.0,"gold_loss":0.0,"damage_taken":0.0},{"damage_healed":0.0,"max_hp_gain":0.0,"max_hp_loss":0.0,"gold_gain":0.0,"event_name":"Upgrade Shrine","player_choice":"Upgraded","floor":20.0,"gold_loss":0.0,"damage_taken":0.0,"cards_upgraded":["Hemokinesis"]},{"damage_healed":0.0,"max_hp_gain":0.0,"max_hp_loss":0.0,"gold_gain":0.0,"event_name":"Addict","player_choice":"Obtained Relic","floor":21.0,"gold_loss":85.0,"damage_taken":0.0,"relics_obtained":["Pear"]},{"damage_healed":0.0,"max_hp_gain":0.0,"max_hp_loss":0.0,"gold_gain":0.0,"event_name":"Cursed Tome","player_choice":"Stopped","floor":22.0,"gold_loss":0.0,"damage_taken":9.0}],"is_beta":false,"boss_relics":[{"not_picked":["Runic Dome","Ectoplasm"],"picked":"Velvet Choker"}],"items_purged_floors":[12,28],"is_endless":false,"potions_floor_spawned":[3,6,11,16,24,27,30],"killed_by":"Automaton","ascension_level":8}}