{"host":"prxrhpgaxnj4om9r","time":1614154179,"event":{"mods":["AchievementEnabler","BaseMod","Colored Map","DeckTracker","Minty Spire (QoL Compilation)"],"gold_per_floor":[114,124,299,299,399,399,430,442,442,452,478,61,61,135,135,243,243,265,285,322,38,63,63,63,63,90,90,16,16,40,68,68,177,177,191,413,413,435,454,454,467,490,490,499,530,530,530,4,4,4,4],"floor_reached":50,"language":"KOR","playtime":1885,"items_purged":["Defend_P"],"score":679,"play_id":"7015c731-4db2-402f-bacb-6fc514bcddd4","local_time":"20210224170939","is_ascension_mode":true,"campfire_choices":[{"data":"Eruption","floor":6,"key":"SMITH"},{"floor":13,"key":"REST"},{"floor":15,"key":"REST"},{"floor":23,"key":"REST"},{"data":"ReachHeaven","floor":25,"key":"SMITH"},{"floor":29,"key":"REST"},{"floor":32,"key":"REST"},{"floor":40,"key":"REST"},{"floor":46,"key":"REST"},{"data":"Devotion","floor":49,"key":"SMITH"}],"circlet_count":0,"master_deck":["Strike_P","Strike_P","Strike_P+1","Strike_P","Defend_P","Defend_P","Eruption+1","Vigilance","SashWhip","Blasphemy","PathToVictory+1","Crescendo+1","ReachHeaven+1","FlurryOfBlows","ClearTheMind+1","Evaluate+1","Devotion+1","FlyingSleeves+1","Protect+1","EmptyBody+1","SandsOfTime","JustLucky","PathToVictory+1","WheelKick","Prostrate+1","ForeignInfluence+1","Ragnarok+1","EmptyFist+1","SashWhip+1","ClearTheMind+1","Chrysalis+1","Perseverance+1"],"relics":["PureWater","NeowsBlessing","Toxic Egg 2","Kunai","Art of War","CeramicFish","Bronze Scales","Gremlin Horn","Sozu","Red Mask","HornCleat","Bag of Marbles","Busted Crown","Yang","Smiling Mask","Lee\u0027s Waffle","Oddly Smooth Stone","Whetstone"],"acts_visited":["Exordium","TheCity","TheBeyond"],"potions_floor_usage":[11,11,12,14,33,50],"damage_taken":[{"damage":0,"enemies":"Jaw Worm","floor":1,"turns":1},{"damage":0,"enemies":"Small Slimes","floor":2,"turns":1},{"damage":0,"enemies":"Lagavulin","floor":7,"turns":1},{"damage":0,"enemies":"Cultist","floor":8,"turns":3},{"damage":9,"enemies":"Lots of Slimes","floor":10,"turns":3},{"damage":22,"enemies":"3 Sentries","floor":11,"turns":4},{"damage":8,"enemies":"3 Sentries","floor":14,"turns":4},{"damage":24,"enemies":"Hexaghost","floor":16,"turns":7},{"damage":11,"enemies":"Chosen","floor":18,"turns":4},{"damage":11,"enemies":"Spheric Guardian","floor":19,"turns":3},{"damage":10,"enemies":"Masked Bandits","floor":20,"turns":3},{"damage":13,"enemies":"3 Cultists","floor":22,"turns":5},{"damage":14,"enemies":"Shelled Parasite and Fungi","floor":30,"turns":4},{"damage":10,"enemies":"Snake Plant","floor":31,"turns":2},{"damage":44,"enemies":"Automaton","floor":33,"turns":8},{"damage":12,"enemies":"3 Darklings","floor":35,"turns":3},{"damage":1,"enemies":"3 Shapes","floor":38,"turns":3},{"damage":0,"enemies":"Transient","floor":39,"turns":5},{"damage":16,"enemies":"Spire Growth","floor":41,"turns":5},{"damage":38,"enemies":"Sphere and 2 Shapes","floor":42,"turns":4},{"damage":13,"enemies":"Nemesis","floor":45,"turns":5},{"damage":81,"enemies":"Donu and Deca","floor":50,"turns":7}],"seed_played":"-1265828225955240662","potions_obtained":[{"floor":2,"key":"Ambrosia"},{"floor":10,"key":"DistilledChaos"},{"floor":11,"key":"Fire Potion"},{"floor":14,"key":"SpeedPotion"},{"floor":16,"key":"Strength Potion"}],"is_trial":false,"path_per_floor":["M","M","?","?","?","R","E","M","T","M","E","$","R","?","R","B",null,"M","M","?","$","M","R","?","R","T","?","$","R","M","M","R","B",null,"M","?","?","M","M","R","M","M","T","?","E","R","?","$","R","B"],"character_chosen":"WATCHER","items_purchased":["ClearTheMind+1","Fruit Juice","CeramicFish","Bronze Scales","HornCleat","SandsOfTime","PathToVictory+1","WheelKick","Lee\u0027s Waffle","Oddly Smooth Stone","Whetstone","Perseverance+1"],"campfire_rested":7,"item_purchase_floors":[12,12,12,12,21,21,28,28,48,48,48,48],"current_hp_per_floor":[65,65,65,58,58,58,58,58,58,49,27,32,55,47,70,46,69,58,47,37,37,24,47,47,47,47,33,33,57,43,33,57,13,65,53,53,53,52,52,76,60,22,22,22,9,33,72,79,79,0,0],"gold":4,"neow_bonus":"THREE_ENEMY_KILL","is_daily":false,"chose_seed":false,"campfire_upgraded":3,"win_rate":0.0,"timestamp":1614154179,"path_taken":["M","M","?","?","?","R","E","?","T","M","E","?","R","?","R","BOSS","M","M","?","$","M","R","?","R","T","?","$","R","M","M","R","BOSS","M","?","?","M","?","R","M","M","T","?","E","R","?","$","R","BOSS"],"items_purchased_type":["Card","Potion","Relic","Relic","Relic","Card","Card","Card","Relic","Relic","Relic","Card"],"build_version":"2020-12-22","purchased_purges":1,"victory":false,"max_hp_per_floor":[72,72,72,72,72,72,72,72,72,72,72,77,77,77,77,77,77,77,77,77,77,77,77,77,77,77,82,82,82,82,82,82,82,82,82,82,82,82,82,82,82,82,82,82,82,82,72,79,79,79,79],"card_choices":[{"not_picked":["Halt","FollowUp"],"picked":"SashWhip","floor":1},{"not_picked":["SashWhip","Collect"],"picked":"Blasphemy","floor":2},{"not_picked":["WreathOfFlame+1","Wallop"],"picked":"PathToVictory+1","floor":7},{"not_picked":["Pray+1","FollowUp"],"picked":"Crescendo+1","floor":8},{"not_picked":["WindmillStrike","Fasting2"],"picked":"ReachHeaven","floor":10},{"not_picked":["FollowUp","BowlingBash"],"picked":"FlurryOfBlows","floor":11},{"not_picked":["FlurryOfBlows","ClearTheMind+1"],"picked":"Evaluate+1","floor":14},{"not_picked":["Blasphemy+1","DevaForm"],"picked":"Devotion","floor":16},{"not_picked":["Worship+1","Weave"],"picked":"FlyingSleeves+1","floor":18},{"not_picked":["Collect+1","SashWhip"],"picked":"Protect+1","floor":19},{"not_picked":["Halt+1","BowlingBash+1"],"picked":"EmptyBody+1","floor":20},{"not_picked":["SashWhip+1","WaveOfTheHand+1"],"picked":"JustLucky","floor":22},{"not_picked":["FollowUp","ReachHeaven+1"],"picked":"Prostrate+1","floor":30},{"not_picked":["Halt+1","BowlingBash"],"picked":"ForeignInfluence+1","floor":31},{"not_picked":["SpiritShield+1","Wish+1"],"picked":"Ragnarok","floor":33},{"not_picked":["FlyingSleeves"],"picked":"SKIP","floor":35},{"not_picked":[],"picked":"EmptyFist+1","floor":38},{"not_picked":[],"picked":"SashWhip+1","floor":39},{"not_picked":["Consecrate"],"picked":"SKIP","floor":41},{"not_picked":[],"picked":"ClearTheMind+1","floor":42},{"not_picked":[],"picked":"Chrysalis+1","floor":44},{"not_picked":["BattleHymn"],"picked":"SKIP","floor":45}],"player_experience":625019,"relics_obtained":[{"floor":7,"key":"Toxic Egg 2"},{"floor":9,"key":"Kunai"},{"floor":11,"key":"Art of War"},{"floor":14,"key":"Gremlin Horn"},{"floor":20,"key":"Red Mask"},{"floor":26,"key":"Bag of Marbles"},{"floor":43,"key":"Yang"},{"floor":45,"key":"Smiling Mask"}],"event_choices":[{"damage_healed":0,"gold_gain":175,"player_choice":"AGREE","damage_taken":0,"max_hp_gain":0,"max_hp_loss":0,"event_name":"Liars Game","floor":3,"gold_loss":0,"cards_obtained":["Doubt"]},{"cards_removed":["Doubt"],"damage_healed":0,"gold_gain":0,"player_choice":"Card Removal","damage_taken":7,"max_hp_gain":0,"max_hp_loss":0,"event_name":"Golden Wing","floor":4,"gold_loss":0},{"damage_healed":0,"gold_gain":100,"player_choice":"Pray","damage_taken":0,"max_hp_gain":0,"max_hp_loss":0,"event_name":"Golden Shrine","floor":5,"gold_loss":0},{"damage_healed":0,"gold_gain":0,"player_choice":"Searched \u00272\u0027 times","damage_taken":0,"max_hp_gain":0,"max_hp_loss":0,"event_name":"Dead Adventurer","floor":14,"gold_loss":0},{"damage_healed":0,"gold_gain":0,"player_choice":"Fought Bandits","damage_taken":0,"max_hp_gain":0,"max_hp_loss":0,"event_name":"Masked Bandits","floor":20,"gold_loss":0},{"damage_healed":0,"gold_gain":0,"player_choice":"Ignored","damage_taken":0,"max_hp_gain":0,"max_hp_loss":0,"event_name":"Vampires","floor":24,"gold_loss":0},{"damage_healed":0,"gold_gain":0,"player_choice":"Shed Blood","damage_taken":19,"max_hp_gain":5,"max_hp_loss":0,"event_name":"Forgotten Altar","floor":27,"gold_loss":0},{"damage_healed":0,"gold_gain":222,"player_choice":"Wore Mask","damage_taken":0,"max_hp_gain":0,"max_hp_loss":0,"event_name":"Tomb of Lord Red Mask","floor":36,"gold_loss":0},{"cards_removed":["Defend_P"],"damage_healed":0,"gold_gain":0,"player_choice":"Purged","damage_taken":0,"max_hp_gain":0,"max_hp_loss":0,"event_name":"Purifier","floor":37,"gold_loss":0},{"damage_healed":0,"gold_gain":0,"player_choice":"Memory 1","damage_taken":0,"max_hp_gain":0,"max_hp_loss":0,"event_name":"SensoryStone","floor":44,"gold_loss":0},{"damage_healed":72,"gold_gain":0,"player_choice":"Heal","damage_taken":0,"max_hp_gain":0,"max_hp_loss":10,"event_name":"The Moai Head","floor":47,"gold_loss":0}],"is_beta":false,"boss_relics":[{"not_picked":["Ectoplasm","Velvet Choker"],"picked":"Sozu"},{"not_picked":["Runic Dome","SacredBark"],"picked":"Busted Crown"}],"items_purged_floors":[48],"is_endless":false,"potions_floor_spawned":[2,10,11,14,16,18,19,31,38,41,45],"killed_by":"Donu and Deca","ascension_level":6}}