{"host":"kh6fvhxn285ncg0o","time":1614126409,"event":{"mods":["Act Like it!","BaseMod","Colored Map","Friendly Minions","Keyboard Shortcuts","Minty Spire (QoL Compilation)","Quick Restart","Relic Stats","StSLib","SuperFastMode","UnlockEverythingMod"],"gold_per_floor":[368,385,405,422,433,468,468,493,520,551,551,17,17,49,49,122,122,140,40,90,15,29,29,45,74,128,128,162,77,93,128,128,207,207,218,243,263,263,3,3,30,48,48,82,94,119,119,133,133,133,133],"floor_reached":50,"language":"KOR","playtime":1754,"items_purged":["Strike_R","Strike_R"],"score":1511,"play_id":"e6ab7153-4d4b-4cdb-b7bc-e9790fe6fb11","local_time":"20210224092649","is_ascension_mode":true,"campfire_choices":[{"data":"Immolate","floor":7.0,"key":"SMITH"},{"data":"Strike_R","floor":11.0,"key":"PURGE"},{"data":"Combust","floor":15.0,"key":"SMITH"},{"data":"Bash","floor":23.0,"key":"PURGE"},{"data":"Defend_R","floor":32.0,"key":"PURGE"},{"data":"Offering","floor":40.0,"key":"SMITH"},{"data":"Immolate+1","floor":47,"key":"PURGE"},{"floor":49,"key":"RECALL"}],"circlet_count":0,"master_deck":["AscendersBane","Defend_R","Defend_R","Rage","Disarm","Feed","Combust+1","Shockwave","Second Wind","Power Through","Impervious","Demon Form","Armaments+1","Offering+1","Body Slam","Flash of Steel"],"relics":["Burning Blood","Peace Pipe","Red Skull","Anchor","TungstenRod","Orichalcum","Coffee Dripper","Lantern","Ancient Tea Set","Turnip","InkBottle","Mango","Empty Cage","Girya","OrangePellets","Akabeko","HornCleat","Regal Pillow","Singing Bowl"],"acts_visited":["Exordium","TheCity","TheBeyond"],"potions_floor_usage":[48,50],"damage_taken":[{"damage":9.0,"enemies":"Jaw Worm","floor":1.0,"turns":4.0},{"damage":4.0,"enemies":"2 Louse","floor":2.0,"turns":3.0},{"damage":6.0,"enemies":"Cultist","floor":3.0,"turns":3.0},{"damage":20.0,"enemies":"3 Louse","floor":4.0,"turns":5.0},{"damage":7.0,"enemies":"Looter","floor":5.0,"turns":3.0},{"damage":20.0,"enemies":"Lagavulin","floor":6.0,"turns":7.0},{"damage":8.0,"enemies":"Gremlin Nob","floor":8.0,"turns":3.0},{"damage":17.0,"enemies":"3 Sentries","floor":10.0,"turns":4.0},{"damage":14.0,"enemies":"Lagavulin","floor":14.0,"turns":5.0},{"damage":22.0,"enemies":"Slime Boss","floor":16.0,"turns":5.0},{"damage":0.0,"enemies":"3 Byrds","floor":18.0,"turns":6.0},{"damage":3.0,"enemies":"Chosen","floor":22.0,"turns":5.0},{"damage":13.0,"enemies":"Snecko","floor":24.0,"turns":8.0},{"damage":5.0,"enemies":"Gremlin Leader","floor":25.0,"turns":8.0},{"damage":18.0,"enemies":"Book of Stabbing","floor":28.0,"turns":9.0},{"damage":12.0,"enemies":"Shelled Parasite and Fungi","floor":30.0,"turns":4.0},{"damage":4.0,"enemies":"Gremlin Leader","floor":31.0,"turns":8.0},{"damage":64.0,"enemies":"Collector","floor":33.0,"turns":8.0},{"damage":6.0,"enemies":"Orb Walker","floor":35.0,"turns":5.0},{"damage":0.0,"enemies":"Mind Bloom Boss Battle","floor":36.0,"turns":6.0},{"damage":5.0,"enemies":"3 Shapes","floor":37.0,"turns":5.0},{"damage":5.0,"enemies":"Reptomancer","floor":41.0,"turns":7.0},{"damage":5.0,"enemies":"Writhing Mass","floor":42.0,"turns":4.0},{"damage":20.0,"enemies":"Giant Head","floor":44.0,"turns":7.0},{"damage":5.0,"enemies":"Transient","floor":45.0,"turns":6.0},{"damage":5,"enemies":"Reptomancer","floor":46,"turns":7},{"damage":5,"enemies":"3 Darklings","floor":48,"turns":5},{"damage":123,"enemies":"Time Eater","floor":50,"turns":14}],"seed_played":"-3492571373400490960","potions_obtained":[{"floor":2.0,"key":"Fire Potion"},{"floor":5.0,"key":"Weak Potion"},{"floor":6.0,"key":"SneckoOil"},{"floor":10.0,"key":"Dexterity Potion"},{"floor":14.0,"key":"BloodPotion"},{"floor":16.0,"key":"Fire Potion"},{"floor":18.0,"key":"SkillPotion"},{"floor":25.0,"key":"BloodPotion"},{"floor":33.0,"key":"GamblersBrew"},{"floor":37.0,"key":"BloodPotion"},{"floor":41.0,"key":"Explosive Potion"},{"floor":46,"key":"Block Potion"},{"floor":48,"key":"SkillPotion"}],"is_trial":false,"path_per_floor":["M","M","M","M","M","E","R","E","T","E","R","$","?","E","R","B",null,"M","$","?","?","M","R","M","E","T","?","E","?","M","E","R","B",null,"M","?","M","?","$","R","E","M","T","E","M","E","R","M","R","B"],"character_chosen":"IRONCLAD","items_purchased":["TungstenRod","Second Wind","SteroidPotion","Flash of Steel","OrangePellets"],"campfire_rested":0,"item_purchase_floors":[12,12,12,39,39],"current_hp_per_floor":[65,67,67,53,55,41,41,39,39,28,28,28,33,28,28,15,65,85,85,85,85,85,85,78,83,83,83,71,71,65,81,81,43,88,92,102,106,106,106,106,107,112,112,98,99,102,102,122,122,0,0],"gold":133,"neow_bonus":"TWO_FIFTY_GOLD","is_daily":false,"chose_seed":false,"campfire_upgraded":3,"win_rate":0.0,"timestamp":1614126409,"path_taken":["M","M","M","M","M","E","R","E","T","E","R","$","?","E","R","BOSS","M","$","?","?","?","R","M","E","T","?","E","?","M","E","R","BOSS","M","?","M","?","$","R","E","M","T","E","M","E","R","M","R","BOSS"],"items_purchased_type":["Relic","Card","Potion","Card","Relic"],"build_version":"2020-12-22","purchased_purges":2,"victory":false,"max_hp_per_floor":[68,68,68,68,71,71,71,71,71,71,71,71,76,79,79,82,82,85,85,85,85,85,85,85,89,89,89,89,89,89,103,103,103,103,107,111,114,114,114,114,114,118,118,118,118,120,120,122,122,122,122],"relic_stats":{"Peace Pipe":4,"OrangePellets":[0],"Regal Pillow":0,"Singing Bowl":4,"counters":[28,164],"Turnip":[9],"Orichalcum":[126],"obtain_stats":[{"Girya":36,"Lantern":25,"Regal Pillow":44,"Singing Bowl":46,"Mango":31,"Orichalcum":14,"Ancient Tea Set":26,"Empty Cage":34,"Burning Blood":0,"Akabeko":41,"Peace Pipe":6,"OrangePellets":39,"Anchor":10,"HornCleat":43,"Turnip":28,"Coffee Dripper":17,"Red Skull":8,"TungstenRod":12,"InkBottle":29},{"Girya":20,"Lantern":14,"Regal Pillow":24,"Singing Bowl":26,"Mango":17,"Orichalcum":9,"Ancient Tea Set":14,"Empty Cage":18,"Burning Blood":0,"Akabeko":22,"Peace Pipe":6,"OrangePellets":21,"Anchor":8,"HornCleat":23,"Turnip":15,"Coffee Dripper":10,"Red Skull":7,"TungstenRod":8,"InkBottle":15},{"Girya":109,"Lantern":69,"Regal Pillow":132,"Singing Bowl":145,"Mango":90,"Orichalcum":37,"Ancient Tea Set":69,"Empty Cage":98,"Burning Blood":0,"Akabeko":121,"Peace Pipe":25,"OrangePellets":114,"Anchor":32,"HornCleat":125,"Turnip":78,"Coffee Dripper":42,"Red Skull":28,"TungstenRod":32,"InkBottle":78}],"Burning Blood":159,"TungstenRod":134,"InkBottle":[28]},"card_choices":[{"not_picked":["Pommel Strike","Clash"],"picked":"Rage","floor":1.0},{"not_picked":["Clothesline","Havoc"],"picked":"Disarm","floor":3.0},{"not_picked":["Clash","Flex"],"picked":"Feed","floor":4.0},{"not_picked":["Sword Boomerang","Perfected Strike"],"picked":"Combust","floor":5.0},{"not_picked":["Searing Blow","Headbutt"],"picked":"Immolate","floor":6.0},{"not_picked":["Body Slam","Flame Barrier","Perfected Strike"],"picked":"SKIP","floor":8.0},{"not_picked":["Thunderclap","Clothesline"],"picked":"Shockwave","floor":10.0},{"not_picked":["Flex","Dual Wield"],"picked":"Power Through","floor":14.0},{"not_picked":["Corruption","Juggernaut"],"picked":"Impervious","floor":16.0},{"not_picked":["Havoc","Shrug It Off","True Grit"],"picked":"SKIP","floor":18.0},{"not_picked":["Clothesline","Pommel Strike"],"picked":"Armaments+1","floor":22.0},{"not_picked":["Flex","Hemokinesis","Fire Breathing"],"picked":"SKIP","floor":24.0},{"not_picked":["Pommel Strike","Hemokinesis+1","Whirlwind"],"picked":"SKIP","floor":25.0},{"not_picked":["Cleave","Heavy Blade"],"picked":"Fiend Fire","floor":28.0},{"not_picked":["Havoc","Rage","Thunderclap"],"picked":"SKIP","floor":30.0},{"not_picked":["Clash","Entrench","Havoc"],"picked":"SKIP","floor":31.0},{"not_picked":["Demon Form","Limit Break"],"picked":"Offering","floor":33.0},{"not_picked":["True Grit","Perfected Strike","Sentinel+1"],"picked":"SKIP","floor":35.0},{"not_picked":["Sword Boomerang","Flame Barrier"],"picked":"Body Slam","floor":37.0},{"not_picked":["Juggernaut","Fire Breathing","Iron Wave"],"picked":"SKIP","floor":41.0},{"not_picked":["Headbutt","Iron Wave","Anger"],"picked":"SKIP","floor":42.0},{"not_picked":["Bludgeon","Flame Barrier","Thunderclap"],"picked":"SKIP","floor":44.0},{"not_picked":["Sword Boomerang","Clothesline","Headbutt+1"],"picked":"SKIP","floor":45.0},{"not_picked":["Thunderclap","Searing Blow","Sever Soul+1"],"picked":"Singing Bowl","floor":46},{"not_picked":["Spot Weakness+1","Rampage","Flame Barrier+1"],"picked":"Singing Bowl","floor":48}],"player_experience":1499926,"relics_obtained":[{"floor":6.0,"key":"Peace Pipe"},{"floor":8.0,"key":"Red Skull"},{"floor":10.0,"key":"Anchor"},{"floor":14.0,"key":"Orichalcum"},{"floor":25.0,"key":"Lantern"},{"floor":26.0,"key":"Ancient Tea Set"},{"floor":28.0,"key":"Turnip"},{"floor":31.0,"key":"Mango"},{"floor":36.0,"key":"Girya"},{"floor":41.0,"key":"Akabeko"},{"floor":43.0,"key":"HornCleat"},{"floor":44.0,"key":"Regal Pillow"},{"floor":46,"key":"Singing Bowl"}],"event_choices":[{"damage_healed":0.0,"max_hp_gain":5.0,"max_hp_loss":0.0,"gold_gain":0.0,"event_name":"Big Fish","player_choice":"Donut","floor":13.0,"gold_loss":0.0,"damage_taken":0.0},{"damage_healed":0.0,"max_hp_gain":0.0,"max_hp_loss":0.0,"gold_gain":50.0,"event_name":"Nest","player_choice":"Stole From Cult","floor":20.0,"gold_loss":0.0,"damage_taken":0.0},{"damage_healed":0.0,"max_hp_gain":0.0,"max_hp_loss":0.0,"gold_gain":0.0,"cards_transformed":["Strike_R","Strike_R"],"event_name":"Designer","player_choice":"Transformed Cards","floor":21.0,"gold_loss":75.0,"damage_taken":0.0,"cards_obtained":["Demon Form","Thunderclap"]},{"damage_healed":0.0,"max_hp_gain":0.0,"max_hp_loss":0.0,"gold_gain":0.0,"event_name":"Ghosts","player_choice":"Ignored","floor":27.0,"gold_loss":0.0,"damage_taken":0.0},{"damage_healed":0.0,"max_hp_gain":0.0,"max_hp_loss":0.0,"gold_gain":0.0,"event_name":"Addict","player_choice":"Obtained Relic","floor":29.0,"gold_loss":85.0,"damage_taken":0.0,"relics_obtained":["InkBottle"]},{"damage_healed":0.0,"max_hp_gain":0.0,"max_hp_loss":0.0,"gold_gain":0.0,"event_name":"MindBloom","player_choice":"Fight","floor":36.0,"gold_loss":0.0,"damage_taken":0.0},{"cards_removed":["Fiend Fire"],"damage_healed":0.0,"max_hp_gain":0.0,"max_hp_loss":0.0,"gold_gain":0.0,"event_name":"Falling","player_choice":"Removed Attack","floor":38.0,"gold_loss":0.0,"damage_taken":0.0}],"is_beta":false,"boss_relics":[{"not_picked":["Runic Dome","Cursed Key"],"picked":"Coffee Dripper"},{"not_picked":["Philosopher\u0027s Stone","Tiny House"],"picked":"Empty Cage"}],"items_purged_floors":[12,19],"is_endless":false,"potions_floor_spawned":[2,5,6,10,14,16,18,25,33,37,41,46,48],"killed_by":"Time Eater","ascension_level":20}}