{"host":"g2yp6paluzgljz05","time":1614152682,"event":{"mods":["BaseMod","Bestiary","Colored Powertips","DeckTracker","Highlight Path","Minty Spire (QoL Compilation)","Quick Restart"],"gold_per_floor":[111,36,52,52,72,105,105,139,192,208,208,225,239,239,239,239,239],"floor_reached":16,"language":"ENG","playtime":772,"items_purged":["Strike_B"],"score":146,"play_id":"fad77f0a-1380-47ad-b2e3-cdc6a97f7bee","local_time":"20210224184442","is_ascension_mode":true,"campfire_choices":[{"floor":7,"key":"REST"},{"floor":11,"key":"REST"},{"floor":15,"key":"REST"}],"circlet_count":0,"master_deck":["Strike_B","Defend_B","Defend_B","Defend_B","Defend_B","Zap","Dualcast","Steam","Recycle","Cold Snap","Gash+1","Skim","Core Surge","Scrape"],"relics":["Cracked Core","Question Card","Bag of Preparation","Boot","Mercury Hourglass"],"acts_visited":["Exordium"],"potions_floor_usage":[16],"damage_taken":[{"damage":1,"enemies":"2 Louse","floor":1,"turns":2},{"damage":4,"enemies":"Cultist","floor":3,"turns":4},{"damage":0,"enemies":"Jaw Worm","floor":5,"turns":2},{"damage":36,"enemies":"Gremlin Nob","floor":6,"turns":4},{"damage":25,"enemies":"Lagavulin","floor":8,"turns":6},{"damage":18,"enemies":"Gremlin Gang","floor":10,"turns":5},{"damage":6,"enemies":"Blue Slaver","floor":12,"turns":3},{"damage":0,"enemies":"2 Fungi Beasts","floor":13,"turns":2},{"damage":38,"enemies":"Hexaghost","floor":16,"turns":10}],"seed_played":"-5316790440658303912","potions_obtained":[{"floor":8,"key":"GamblersBrew"},{"floor":13,"key":"CultistPotion"}],"is_trial":false,"path_per_floor":["M","$","M","?","M","E","R","E","T","M","R","M","M","?","R","B"],"character_chosen":"DEFECT","items_purchased":[],"campfire_rested":3,"item_purchase_floors":[],"current_hp_per_floor":[67,67,63,63,63,27,47,22,22,4,24,18,18,18,38,0,0],"gold":239,"neow_bonus":"TRANSFORM_TWO_CARDS","is_daily":false,"chose_seed":false,"campfire_upgraded":0,"win_rate":0.0,"timestamp":1614152682,"path_taken":["M","$","M","?","M","E","R","E","T","M","R","M","?","?","R","BOSS"],"items_purchased_type":[],"build_version":"2020-12-22","purchased_purges":1,"victory":false,"max_hp_per_floor":[68,68,68,68,68,68,68,68,68,68,68,68,68,68,68,68,68],"card_choices":[{"not_picked":["Turbo","Heatsinks"],"picked":"Cold Snap","floor":1},{"not_picked":["Barrage","Static Discharge"],"picked":"Gash","floor":3},{"not_picked":["Darkness","Steam"],"picked":"Skim","floor":5},{"not_picked":["Leap","Steam","Compile Driver"],"picked":"SKIP","floor":6},{"not_picked":["Hologram","Loop","Barrage"],"picked":"Core Surge","floor":8},{"not_picked":["Sweeping Beam","Beam Cell","Leap"],"picked":"Scrape","floor":10},{"not_picked":["Heatsinks","Leap","Barrage","Sweeping Beam"],"picked":"SKIP","floor":12},{"not_picked":["Sunder","Darkness","Conserve Battery","Steam"],"picked":"SKIP","floor":13}],"player_experience":409745,"relics_obtained":[{"floor":6,"key":"Question Card"},{"floor":8,"key":"Bag of Preparation"},{"floor":9,"key":"Boot"}],"event_choices":[{"damage_healed":0,"gold_gain":0,"player_choice":"Upgraded","damage_taken":0,"max_hp_gain":0,"max_hp_loss":0,"event_name":"Upgrade Shrine","floor":4,"gold_loss":0,"cards_upgraded":["Gash"]},{"damage_healed":0,"gold_gain":0,"player_choice":"Gave Potion","damage_taken":0,"relics_obtained":["Mercury Hourglass"],"max_hp_gain":0,"max_hp_loss":0,"event_name":"WeMeetAgain","floor":14,"gold_loss":0}],"is_beta":false,"boss_relics":[],"items_purged_floors":[2],"is_endless":false,"potions_floor_spawned":[8,13],"killed_by":"Hexaghost","ascension_level":6}}