{"host":"13o02hya6v6rzuva","time":1614156419,"event":{"mods":["BaseMod","Minty Spire (QoL Compilation)","Relic Stats"],"gold_per_floor":[113,113,113,126,89,123,123,137,163,163,180,205,205,217,217,217,217],"floor_reached":16,"language":"ENG","playtime":286,"items_purged":[],"score":209,"play_id":"12a88fbe-67c8-4cc9-9c80-dee30046c078","local_time":"20210224094659","is_ascension_mode":true,"campfire_choices":[{"data":"Backstab","floor":7,"key":"SMITH"},{"data":"Backstab","floor":10,"key":"SMITH"},{"floor":15,"key":"REST"}],"circlet_count":0,"master_deck":["AscendersBane","Strike_G","Strike_G","Strike_G","Strike_G","Defend_G","Defend_G","Defend_G","Defend_G","Defend_G","Survivor","Neutralize","Backstab+1","Deadly Poison","Backstab+1","Noxious Fumes","Backstab+1","Sucker Punch","Malaise","Distraction"],"relics":["Ring of the Snake","NeowsBlessing","Juzu Bracelet","Gremlin Horn"],"acts_visited":["Exordium"],"potions_floor_usage":[16,16],"damage_taken":[{"damage":0,"enemies":"2 Louse","floor":1,"turns":1},{"damage":0,"enemies":"Small Slimes","floor":4,"turns":1},{"damage":0,"enemies":"3 Sentries","floor":6,"turns":1},{"damage":0,"enemies":"Cultist","floor":8,"turns":2},{"damage":0,"enemies":"2 Fungi Beasts","floor":11,"turns":1},{"damage":46,"enemies":"Lagavulin","floor":12,"turns":6},{"damage":0,"enemies":"Looter","floor":14,"turns":2},{"damage":41,"enemies":"Slime Boss","floor":16,"turns":10}],"seed_played":"-6010013141798836511","potions_obtained":[{"floor":6,"key":"EssenceOfSteel"},{"floor":11,"key":"Swift Potion"}],"is_trial":false,"path_per_floor":["M","?","?","M","$","E","R","M","T","R","M","E","?","M","R","B"],"character_chosen":"THE_SILENT","items_purchased":["Noxious Fumes"],"campfire_rested":1,"item_purchase_floors":[5],"current_hp_per_floor":[63,63,63,63,63,63,63,63,63,63,63,17,17,17,38,0,0],"gold":217,"neow_bonus":"THREE_ENEMY_KILL","is_daily":false,"chose_seed":false,"campfire_upgraded":2,"win_rate":0.0,"timestamp":1614156419,"path_taken":["M","?","?","?","$","E","R","M","T","R","M","E","?","M","R","BOSS"],"items_purchased_type":["Card"],"build_version":"2020-12-22","purchased_purges":0,"victory":false,"max_hp_per_floor":[70,70,70,70,70,70,70,70,70,70,70,70,70,70,70,70,70],"relic_stats":{"Gremlin Horn":[1,1],"counters":[8,24],"Juzu Bracelet":0,"obtain_stats":[{"NeowsBlessing":0,"Gremlin Horn":12,"Juzu Bracelet":6,"Ring of the Snake":0},{"NeowsBlessing":0,"Gremlin Horn":6,"Juzu Bracelet":3,"Ring of the Snake":0},{"NeowsBlessing":0,"Gremlin Horn":12,"Juzu Bracelet":3,"Ring of the Snake":0}],"Ring of the Snake":[16]},"card_choices":[{"not_picked":["Acrobatics","Cloak And Dagger"],"picked":"Backstab","floor":1},{"not_picked":["Escape Plan","Cloak And Dagger"],"picked":"Backstab","floor":4},{"not_picked":["Sucker Punch","Bane"],"picked":"Backstab","floor":6},{"not_picked":["Underhanded Strike","Dagger Throw","Prepared"],"picked":"SKIP","floor":8},{"not_picked":["Distraction","Skewer"],"picked":"Sucker Punch","floor":11},{"not_picked":["Calculated Gamble","Flying Knee"],"picked":"Malaise","floor":12},{"not_picked":["Eviscerate","Outmaneuver"],"picked":"Distraction","floor":14}],"player_experience":1252664,"relics_obtained":[{"floor":6,"key":"Juzu Bracelet"},{"floor":12,"key":"Gremlin Horn"}],"event_choices":[{"damage_healed":0,"gold_gain":0,"cards_transformed":["Strike_G"],"player_choice":"Change","damage_taken":0,"max_hp_gain":0,"max_hp_loss":0,"event_name":"Living Wall","floor":2,"gold_loss":0,"cards_obtained":["Deadly Poison"]},{"damage_healed":0,"gold_gain":0,"player_choice":"Upgraded","damage_taken":0,"max_hp_gain":0,"max_hp_loss":0,"event_name":"Upgrade Shrine","floor":3,"gold_loss":0,"cards_upgraded":["Backstab"]},{"damage_healed":0,"gold_gain":0,"player_choice":"Fled","damage_taken":0,"max_hp_gain":0,"max_hp_loss":0,"event_name":"Scrap Ooze","floor":13,"gold_loss":0}],"is_beta":false,"boss_relics":[],"items_purged_floors":[],"is_endless":false,"potions_floor_spawned":[6,11],"killed_by":"Slime Boss","ascension_level":11}}