{"host":"cz96naaoibjp08st","time":1614142534,"event":{"mods":["Act Like it!","BaseMod","BetterRewards","GifTheSpireLib","Minty Spire (QoL Compilation)","Replay The Spire","Shop Mod","StSLib","The Bug Knight"],"gold_per_floor":[118,134,151,151,76,76,104,104,155,168,168,168,8,8,72,173,173,193,205,130,147,147,162,188,19,19,19,30,49,49,59,59,155,155,169,169,219,219,233,233,283,283,309,309,343,46,46,65,65,65],"floor_reached":51,"language":"ZHS","playtime":2457,"items_purged":["Pain","Shame"],"score":818,"play_id":"b21217fb-3398-4a52-ae59-d1859dea1801","local_time":"20210224125534","is_ascension_mode":false,"campfire_choices":[{"data":"ReplayTheSpireMod:Shiv Toss","floor":6,"key":"SMITH"},{"data":"Hidden Blade","floor":8,"key":"SMITH"},{"data":"Quick Slash","floor":11,"key":"SMITH"},{"floor":32,"key":"REST"},{"floor":40,"key":"REST"},{"data":"Replay:Bag of Tricks","floor":44,"key":"SMITH"},{"data":"Accuracy","floor":47,"key":"SMITH"},{"data":"Infinite Blades","floor":49,"key":"SMITH"}],"circlet_count":0,"master_deck":["Strike_G","Strike_G","Defend_G","Defend_G","Defend_G","Defend_G","Defend_G","Survivor","Neutralize","Hidden Blade+1","Fluid Movement","ReplayTheSpireMod:Shiv Toss+1","Quick Slash+1","Sucker Punch","Replay:Bag of Tricks+1","Adrenaline","Infinite Blades+1","Backflip","Infinite Blades","Calculated Gamble+1","Accuracy+1","Blade Dance","ReplayTheSpireMod:Shiv Toss+1","Doppelganger","Flash of Steel","ReplayTheSpireMod:Shiv Toss+1","Parasite"],"relics":["Philosopher\u0027s Stone","WarpedTongs","Regal Pillow","Replay:Rubber Ducky","Fusion Hammer","Replay:Bottled Flurry","Tough Bandages","Divine Protection","Busted Crown","StoneCalendar","Replay:Multitool","ReplayTheSpireMod:Lightbulb","Bottled Lightning","Vajra","ClockworkSouvenir"],"acts_visited":["Exordium","TheCity","TheBeyond"],"potions_floor_usage":[24,24,48,50,50,50],"damage_taken":[{"damage":0,"enemies":"Cultist","floor":1,"turns":4},{"damage":4,"enemies":"2 Louse","floor":2,"turns":3},{"damage":0,"enemies":"Small Slimes","floor":3,"turns":3},{"damage":5,"enemies":"Replay:BlueRogue","floor":7,"turns":8},{"damage":3,"enemies":"Looter","floor":10,"turns":3},{"damage":7,"enemies":"Hexaghost","floor":16,"turns":13},{"damage":6,"enemies":"3 Byrds","floor":18,"turns":5},{"damage":1,"enemies":"Shell Parasite","floor":19,"turns":5},{"damage":16,"enemies":"Cultist and Chosen","floor":21,"turns":6},{"damage":0,"enemies":"Centurion and Healer","floor":23,"turns":6},{"damage":0,"enemies":"HollowMod:Nosk","floor":24,"turns":7},{"damage":0,"enemies":"3 Cultists","floor":28,"turns":5},{"damage":0,"enemies":"Snecko","floor":29,"turns":4},{"damage":4,"enemies":"Snake Plant","floor":31,"turns":5},{"damage":0,"enemies":"Champ","floor":33,"turns":7},{"damage":0,"enemies":"3 Shapes","floor":35,"turns":3},{"damage":24,"enemies":"2 Orb Walkers","floor":37,"turns":6},{"damage":4,"enemies":"3 Darklings","floor":39,"turns":4},{"damage":0,"enemies":"Mind Bloom Boss Battle","floor":41,"turns":8},{"damage":0,"enemies":"Nemesis","floor":45,"turns":5},{"damage":0,"enemies":"Writhing Mass","floor":48,"turns":6},{"damage":20,"enemies":"Time Eater","floor":50,"turns":8}],"seed_played":"-5615441299919015474","potions_obtained":[{"floor":2,"key":"GhostInAJar"},{"floor":7,"key":"Strength Potion"},{"floor":14,"key":"AttackPotion"},{"floor":24,"key":"Fruit Juice"},{"floor":28,"key":"Adrenaline Potion"},{"floor":48,"key":"Ancient Potion"}],"is_trial":false,"path_per_floor":["M","M","M","?","$","R","E","R","T","M","R","?","$","?","R","B",null,"M","M","?","M","?","M","E","$","T","?","M","M","?","M","R","B",null,"M","?","?","?","M","R","?","?","T","R","E","$","R","M","R","B",null],"character_chosen":"THE_SILENT","items_purchased":["Replay:Bag of Tricks","Accuracy","Vajra","ClockworkSouvenir"],"campfire_rested":2,"item_purchase_floors":[13,25,46,46],"current_hp_per_floor":[70,66,66,66,66,66,61,61,61,58,58,58,58,58,58,51,70,64,63,63,47,47,47,52,52,52,52,52,52,52,48,75,75,75,75,65,41,41,37,71,71,71,71,71,71,71,71,71,71,51],"gold":65,"neow_bonus":"BOSS_RELIC","is_daily":false,"chose_seed":false,"campfire_upgraded":6,"win_rate":0.0,"timestamp":1614142534,"path_taken":["M","M","M","?","?","R","E","R","T","M","R","?","$","?","R","BOSS","M","?","?","M","?","M","E","$","T","?","M","?","?","M","R","BOSS","M","?","?","?","M","R","?","?","T","R","E","$","R","M","R","BOSS"],"items_purchased_type":["Card","Card","Relic","Relic"],"build_version":"2020-12-22","purchased_purges":2,"victory":true,"max_hp_per_floor":[70,70,70,70,70,70,70,70,70,70,70,70,70,70,70,70,70,70,70,70,70,70,70,75,75,75,75,75,75,75,75,75,75,75,75,75,75,71,71,71,71,71,71,71,71,71,71,71,71,71],"card_choices":[{"not_picked":["Cloak And Dagger","Underhanded Strike"],"picked":"Hidden Blade","floor":1},{"not_picked":["Bane","Poisoned Stab"],"picked":"Fluid Movement","floor":2},{"not_picked":["Slice","Toxin Wave"],"picked":"ReplayTheSpireMod:Shiv Toss","floor":3},{"not_picked":["Dagger Spray","Flechettes","Dagger Throw"],"picked":"SKIP","floor":7},{"not_picked":["Poisoned Stab","Prepared"],"picked":"Quick Slash","floor":10},{"not_picked":["Malaise","Doppelganger"],"picked":"Adrenaline","floor":16},{"not_picked":["Endless Agony","Dodge and Roll"],"picked":"Infinite Blades","floor":18},{"not_picked":["Draining Mist","Dodge and Roll+1"],"picked":"Backflip","floor":19},{"not_picked":["Setup","All Out Attack"],"picked":"Infinite Blades","floor":21},{"not_picked":["Hidden Blade","Tactician+1","Escape Plan+1"],"picked":"SKIP","floor":23},{"not_picked":["Well Laid Plans","Atom Bomb"],"picked":"Calculated Gamble+1","floor":24},{"not_picked":["Sucker Punch","Bane"],"picked":"Blade Dance","floor":28},{"not_picked":["Poisoned Stab+1","Deadly Poison+1"],"picked":"ReplayTheSpireMod:Shiv Toss+1","floor":29},{"not_picked":["Caltrops","Dagger Spray","Bane"],"picked":"SKIP","floor":31},{"not_picked":["Unload","Tools of the Trade"],"picked":"Doppelganger","floor":33},{"not_picked":["Prepared"],"picked":"SKIP","floor":35},{"not_picked":[],"picked":"Flash of Steel","floor":36},{"not_picked":["Outmaneuver"],"picked":"SKIP","floor":39},{"not_picked":[],"picked":"ReplayTheSpireMod:Shiv Toss+1","floor":45},{"not_picked":["Leg Sweep"],"picked":"SKIP","floor":48}],"player_experience":306261,"relics_obtained":[{"floor":7,"key":"Regal Pillow"},{"floor":9,"key":"Replay:Rubber Ducky"},{"floor":24,"key":"Tough Bandages"},{"floor":26,"key":"Divine Protection"},{"floor":37,"key":"StoneCalendar"},{"floor":41,"key":"Replay:Multitool"},{"floor":43,"key":"ReplayTheSpireMod:Lightbulb"},{"floor":45,"key":"Bottled Lightning"}],"event_choices":[{"damage_healed":0,"gold_gain":0,"player_choice":"Rummage","damage_taken":0,"relics_obtained":["WarpedTongs"],"max_hp_gain":0,"max_hp_loss":0,"event_name":"Accursed Blacksmith","floor":4,"gold_loss":0,"cards_obtained":["Pain"]},{"damage_healed":0,"gold_gain":0,"cards_transformed":["Strike_G"],"player_choice":"Change","damage_taken":0,"max_hp_gain":0,"max_hp_loss":0,"event_name":"Living Wall","floor":12,"gold_loss":0,"cards_obtained":["Sucker Punch"]},{"damage_healed":0,"gold_gain":0,"player_choice":"Got Potions","damage_taken":0,"max_hp_gain":0,"max_hp_loss":0,"event_name":"Lab","floor":14,"gold_loss":0},{"cards_removed":["Strike_G"],"damage_healed":0,"gold_gain":0,"player_choice":"Gave Gold","damage_taken":0,"max_hp_gain":0,"max_hp_loss":0,"event_name":"Beggar","floor":20,"gold_loss":75},{"damage_healed":0,"gold_gain":0,"player_choice":"Stole Relic","damage_taken":0,"relics_obtained":["Replay:Bottled Flurry"],"max_hp_gain":0,"max_hp_loss":0,"event_name":"Addict","floor":22,"gold_loss":0,"cards_obtained":["Shame"]},{"cards_removed":["Strike_G"],"damage_healed":0,"gold_gain":0,"player_choice":"Purged","damage_taken":0,"max_hp_gain":0,"max_hp_loss":0,"event_name":"Purifier","floor":27,"gold_loss":0},{"damage_healed":0,"gold_gain":0,"player_choice":"Ignored","damage_taken":0,"max_hp_gain":0,"max_hp_loss":0,"event_name":"Vampires","floor":30,"gold_loss":0},{"damage_healed":0,"gold_gain":0,"player_choice":"Memory 3","damage_taken":10,"max_hp_gain":0,"max_hp_loss":0,"event_name":"SensoryStone","floor":36,"gold_loss":0},{"damage_healed":0,"gold_gain":0,"player_choice":"Fight","damage_taken":0,"max_hp_gain":0,"max_hp_loss":0,"event_name":"Mysterious Sphere","floor":37,"gold_loss":0},{"damage_healed":0,"gold_gain":0,"player_choice":"Max HP","damage_taken":0,"max_hp_gain":0,"max_hp_loss":4,"event_name":"Winding Halls","floor":38,"gold_loss":0},{"damage_healed":0,"gold_gain":0,"player_choice":"Fight","damage_taken":0,"max_hp_gain":0,"max_hp_loss":0,"event_name":"MindBloom","floor":41,"gold_loss":0},{"damage_healed":0,"gold_gain":0,"player_choice":"Bought 0 Potions","damage_taken":0,"max_hp_gain":0,"max_hp_loss":0,"event_name":"The Woman in Blue","floor":42,"gold_loss":0}],"is_beta":false,"boss_relics":[{"not_picked":["SacredBark","SlaversCollar"],"picked":"Fusion Hammer"},{"not_picked":["ReplayTheSpireMod:DimensionalGlitch","Kintsugi"],"picked":"Busted Crown"}],"items_purged_floors":[5,25],"is_endless":false,"potions_floor_spawned":[2,7,19,24,28,29,33,37,39,48],"ascension_level":0}}