{"host":"1poy056mauca3bbh","time":1614141694,"event":{"mods":["Ascension Unlocker","BaseMod","Bestiary","Block Reminder","Colored Map","Colored Powertips","Curses Come First","Highlight Path","Minty Spire (QoL Compilation)","Permanent Neow","Quick Restart","Rare Cards Sparkle","Relic Stats","Smile Girya","StSLib","UnlockEverythingMod"],"gold_per_floor":[115,131,131,131,190,190,5,49,49,67,16,16,16,29,29,127,127,142,165,80,80,40,40,40,40,40,40,40,53,73,73,73,151,151,171,171,1170,1170,1170,1170,84,94,94,119,139,139,139,150,150,150,150],"floor_reached":50,"language":"ENG","playtime":1849,"items_purged":["Injury"],"score":1003,"play_id":"94f219ca-ab9e-4140-a855-ca77974bbf58","local_time":"20210223234134","is_ascension_mode":true,"campfire_choices":[{"data":"1","floor":6.0,"key":"LIFT"},{"floor":12.0,"key":"REST"},{"floor":15.0,"key":"REST"},{"floor":23,"key":"REST"},{"data":"2","floor":25,"key":"LIFT"},{"data":"3","floor":27,"key":"LIFT"},{"data":"Calculated Gamble","floor":32,"key":"SMITH"},{"data":"Bouncing Flask","floor":40,"key":"SMITH"},{"floor":46,"key":"REST"},{"data":"Glass Knife","floor":49,"key":"SMITH"}],"circlet_count":0,"master_deck":["AscendersBane","Strike_G+1","Strike_G+1","Strike_G+1","Strike_G+1","Defend_G+1","Defend_G+1","Defend_G+1","Defend_G+1","Survivor","Neutralize","CurseOfTheBell","Dagger Spray+1","Die Die Die","Calculated Gamble+1","Poisoned Stab","Crippling Poison","Dagger Throw","Endless Agony","Deadly Poison","Blade Dance","After Image+1","Quick Slash","Dagger Spray","Terror","Backflip+1","Leg Sweep","Bouncing Flask+1","Glass Knife+1","Underhanded Strike+1","Madness","Madness","Forethought","Mayhem+1","Footwork+1","Cloak And Dagger","Leg Sweep","Flying Knee","Underhanded Strike","Madness","Bouncing Flask+1","Acrobatics","Reflex","Footwork+1","Deadly Poison","Blade Dance","Setup"],"relics":["Calling Bell","Nunchaku","Frozen Egg 2","Girya","Bloody Idol","Omamori","Orichalcum","Du-Vu Doll","Busted Crown","Shuriken","MutagenicStrength","Prayer Wheel","Runic Pyramid","PreservedInsect","ClockworkSouvenir","Whetstone","The Courier","Thread and Needle"],"acts_visited":["Exordium","TheCity","TheBeyond"],"potions_floor_usage":[19,29,33,33,42,50],"damage_taken":[{"damage":11.0,"enemies":"2 Louse","floor":1.0,"turns":4.0},{"damage":13.0,"enemies":"Small Slimes","floor":2.0,"turns":5.0},{"damage":16.0,"enemies":"3 Sentries","floor":8.0,"turns":6.0},{"damage":4.0,"enemies":"Jaw Worm","floor":10.0,"turns":3.0},{"damage":3.0,"enemies":"Looter","floor":14.0,"turns":2.0},{"damage":10.0,"enemies":"Hexaghost","floor":16.0,"turns":7.0},{"damage":8.0,"enemies":"Shell Parasite","floor":18.0,"turns":4.0},{"damage":7,"enemies":"3 Byrds","floor":19,"turns":4},{"damage":0,"enemies":"3 Cultists","floor":29,"turns":3},{"damage":0,"enemies":"Centurion and Healer","floor":30,"turns":4},{"damage":44,"enemies":"Champ","floor":33,"turns":10},{"damage":8,"enemies":"3 Shapes","floor":35,"turns":5},{"damage":0,"enemies":"Orb Walker","floor":42,"turns":1},{"damage":32,"enemies":"Giant Head","floor":44,"turns":6},{"damage":0,"enemies":"Sphere and 2 Shapes","floor":45,"turns":4},{"damage":3,"enemies":"Transient","floor":48,"turns":6},{"damage":51,"enemies":"Donu and Deca","floor":50,"turns":7}],"seed_played":"7747279393848064168","potions_obtained":[{"floor":2.0,"key":"Swift Potion"},{"floor":10.0,"key":"FearPotion"},{"floor":16.0,"key":"Energy Potion"},{"floor":28,"key":"Block Potion"},{"floor":28,"key":"CultistPotion"},{"floor":29,"key":"FearPotion"},{"floor":30,"key":"Poison Potion"},{"floor":35,"key":"Energy Potion"},{"floor":42,"key":"Explosive Potion"}],"is_trial":false,"path_per_floor":["M","M","?","?","?","R","$","E","T","M","$","R","T","M","R","B",null,"M","M","?","?","$","R","?","R","T","R","?","M","M","?","R","B",null,"M","?","?","?","?","R","$","M","T","E","M","R","?","M","R","B"],"character_chosen":"THE_SILENT","items_purchased":["Poisoned Stab","Crippling Poison","Deadly Poison","Terror","PreservedInsect","Mayhem+1","ClockworkSouvenir","Footwork+1","Cloak And Dagger","Leg Sweep","Flying Knee","Underhanded Strike","Madness","Whetstone"],"campfire_rested":4,"item_purchase_floors":[7,7,11,22,41,41,41,41,41,41,41,41,41,41],"current_hp_per_floor":[48,35,35,35,35,35,35,19,19,15,15,34,34,31,50,40,60,52,45,45,45,45,64,64,64,64,64,64,64,64,64,64,25,56,53,41,46,46,46,46,46,51,51,24,29,48,48,50,50,0,0],"gold":150,"neow_bonus":"BOSS_RELIC","is_daily":false,"chose_seed":false,"campfire_upgraded":3,"win_rate":0.0,"timestamp":1614141694,"path_taken":["M","M","?","?","?","R","$","E","T","M","?","R","?","M","R","BOSS","M","M","?","?","$","R","?","R","T","R","?","?","?","?","R","BOSS","M","?","?","?","?","R","?","?","T","E","M","R","?","M","R","BOSS"],"items_purchased_type":["Card","Card","Card","Card","Relic","Card","Relic","Card","Card","Card","Card","Card","Card","Relic"],"build_version":"2020-12-22","purchased_purges":1,"victory":false,"max_hp_per_floor":[66,66,66,66,66,66,66,66,66,66,66,66,66,66,66,66,66,66,66,66,66,66,66,66,66,66,66,66,66,66,66,66,66,66,66,66,66,66,66,66,66,66,66,66,66,66,66,66,66,66,66],"relic_stats":{"Nunchaku":[19],"Busted Crown":34,"counters":[17,81],"Shuriken":[24],"Bloody Idol":35,"Prayer Wheel":6,"PreservedInsect":130,"Whetstone":["Dagger Spray","Underhanded Strike"],"Orichalcum":[36],"obtain_stats":[{"Girya":0,"Golden Idol":4,"Thread and Needle":44,"PreservedInsect":41,"The Courier":43,"Omamori":8,"Whetstone":41,"Frozen Egg 2":0,"Orichalcum":9,"ClockworkSouvenir":41,"Calling Bell":0,"Du-Vu Doll":13,"Nunchaku":0,"Busted Crown":17,"Shuriken":20,"MutagenicStrength":24,"Bloody Idol":31,"Prayer Wheel":26,"Ring of the Snake":0,"Runic Pyramid":34},{"Girya":0,"Golden Idol":2,"Thread and Needle":14,"PreservedInsect":12,"The Courier":13,"Omamori":3,"Whetstone":12,"Frozen Egg 2":0,"Orichalcum":3,"ClockworkSouvenir":12,"Calling Bell":0,"Du-Vu Doll":4,"Nunchaku":0,"Busted Crown":6,"Shuriken":8,"MutagenicStrength":8,"Bloody Idol":10,"Prayer Wheel":8,"Ring of the Snake":0,"Runic Pyramid":11},{"Girya":0,"Golden Idol":9,"Thread and Needle":64,"PreservedInsect":57,"The Courier":58,"Omamori":15,"Whetstone":57,"Frozen Egg 2":0,"Orichalcum":15,"ClockworkSouvenir":57,"Calling Bell":0,"Du-Vu Doll":18,"Nunchaku":0,"Busted Crown":27,"Shuriken":35,"MutagenicStrength":35,"Bloody Idol":42,"Prayer Wheel":35,"Ring of the Snake":0,"Runic Pyramid":52}]},"card_choices":[{"not_picked":["Heel Hook","Eviscerate"],"picked":"Dagger Spray","floor":1.0},{"not_picked":["Deadly Poison","Prepared"],"picked":"Die Die Die","floor":2.0},{"not_picked":["Flechettes","Eviscerate"],"picked":"Dagger Throw","floor":8.0},{"not_picked":["Deflect","Slice"],"picked":"Endless Agony","floor":10.0},{"not_picked":["Escape Plan","Cloak And Dagger"],"picked":"Blade Dance","floor":14.0},{"not_picked":["A Thousand Cuts+1","Night Terror"],"picked":"After Image+1","floor":16.0},{"not_picked":[],"picked":"Quick Slash","floor":18.0},{"not_picked":[],"picked":"Dagger Spray","floor":19},{"not_picked":[],"picked":"Backflip+1","floor":29},{"not_picked":[],"picked":"Leg Sweep","floor":29},{"not_picked":[],"picked":"Bouncing Flask","floor":30},{"not_picked":["Eviscerate"],"picked":"SKIP","floor":30},{"not_picked":[],"picked":"Glass Knife","floor":33},{"not_picked":[],"picked":"Underhanded Strike","floor":35},{"not_picked":["Slice"],"picked":"SKIP","floor":35},{"not_picked":[],"picked":"Forethought","floor":39},{"not_picked":[],"picked":"Bouncing Flask+1","floor":42},{"not_picked":[],"picked":"Acrobatics","floor":42},{"not_picked":[],"picked":"Reflex","floor":44},{"not_picked":[],"picked":"Footwork+1","floor":45},{"not_picked":[],"picked":"Deadly Poison","floor":45},{"not_picked":[],"picked":"Blade Dance","floor":48},{"not_picked":[],"picked":"Setup","floor":48}],"player_experience":174965,"relics_obtained":[{"floor":0.0,"key":"Nunchaku"},{"floor":0.0,"key":"Frozen Egg 2"},{"floor":0.0,"key":"Girya"},{"floor":8.0,"key":"Omamori"},{"floor":9.0,"key":"Orichalcum"},{"floor":13.0,"key":"Du-Vu Doll"},{"floor":26,"key":"Prayer Wheel"},{"floor":43,"key":"The Courier"},{"floor":44,"key":"Thread and Needle"}],"event_choices":[{"damage_healed":0.0,"max_hp_gain":0.0,"max_hp_loss":0.0,"gold_gain":0.0,"cards_transformed":["Strike_G"],"event_name":"Living Wall","player_choice":"Change","floor":3.0,"gold_loss":0.0,"damage_taken":0.0,"cards_obtained":["Calculated Gamble"]},{"damage_healed":0.0,"max_hp_gain":0.0,"max_hp_loss":0.0,"gold_gain":0.0,"event_name":"Golden Idol","player_choice":"Take Wound","floor":4.0,"gold_loss":0.0,"damage_taken":0.0,"relics_obtained":["Golden Idol"],"cards_obtained":["Injury"]},{"damage_healed":0.0,"max_hp_gain":0.0,"max_hp_loss":0.0,"gold_gain":59.0,"event_name":"Golden Wing","player_choice":"Gained Gold","floor":5.0,"gold_loss":0.0,"damage_taken":0.0},{"damage_healed":0,"gold_gain":0,"player_choice":"Obtained Relic","damage_taken":0,"relics_obtained":["Shuriken"],"max_hp_gain":0,"max_hp_loss":0,"event_name":"Addict","floor":20,"gold_loss":85},{"damage_healed":0,"gold_gain":0,"player_choice":"Simplicity","damage_taken":0,"max_hp_gain":0,"max_hp_loss":0,"event_name":"Back to Basics","floor":21,"gold_loss":0,"cards_upgraded":["Strike_G","Strike_G","Strike_G","Strike_G","Defend_G","Defend_G","Defend_G","Defend_G","Defend_G"]},{"damage_healed":0,"gold_gain":0,"player_choice":"Inject Mutagens","damage_taken":0,"relics_obtained":["MutagenicStrength"],"max_hp_gain":0,"max_hp_loss":0,"event_name":"Drug Dealer","floor":24,"gold_loss":0},{"damage_healed":0,"gold_gain":0,"player_choice":"Got Potions","damage_taken":0,"max_hp_gain":0,"max_hp_loss":0,"event_name":"Lab","floor":28,"gold_loss":0},{"damage_healed":0,"gold_gain":0,"player_choice":"Gave Idol","damage_taken":0,"relics_obtained":["Bloody Idol"],"max_hp_gain":0,"max_hp_loss":0,"event_name":"Forgotten Altar","floor":31,"relics_lost":["Golden Idol"],"gold_loss":0},{"damage_healed":0,"gold_gain":0,"player_choice":"Embrace Madness","damage_taken":12,"max_hp_gain":0,"max_hp_loss":0,"event_name":"Winding Halls","floor":36,"gold_loss":0,"cards_obtained":["Madness","Madness"]},{"damage_healed":0,"gold_gain":999,"player_choice":"Gold","damage_taken":0,"max_hp_gain":0,"max_hp_loss":0,"event_name":"MindBloom","floor":37,"gold_loss":0,"cards_obtained":["Normality","Normality"]},{"damage_healed":0,"gold_gain":0,"player_choice":"Ignored","damage_taken":0,"max_hp_gain":0,"max_hp_loss":0,"event_name":"Tomb of Lord Red Mask","floor":38,"gold_loss":0},{"damage_healed":0,"gold_gain":0,"player_choice":"Memory 1","damage_taken":0,"max_hp_gain":0,"max_hp_loss":0,"event_name":"SensoryStone","floor":39,"gold_loss":0},{"cards_removed":["Defend_G"],"damage_healed":0,"gold_gain":0,"player_choice":"Offered Basic","damage_taken":0,"max_hp_gain":0,"max_hp_loss":0,"event_name":"Bonfire Elementals","floor":47,"gold_loss":0}],"is_beta":false,"boss_relics":[{"not_picked":["SlaversCollar","Coffee Dripper"],"picked":"Busted Crown"},{"not_picked":["Tiny House","Sozu"],"picked":"Runic Pyramid"}],"items_purged_floors":[7],"is_endless":false,"potions_floor_spawned":[2,10,16,29,30,35,42],"killed_by":"Donu and Deca","ascension_level":20}}