{"host":"30tpnd8k54vb8fl5","time":1614187594,"event":{"mods":["BaseMod","Colored Powertips","Downfall","Minty Spire (QoL Compilation)","Quick Restart","Replay The Spire","StSLib","The Bladedancer","The Senshi"],"gold_per_floor":[99,63,63,63,63,97,122,142,142,142,224,235,252,263,280,377,377,377,396,416,426,426,84,84,103,137,154,54,68,68,85,104,203,253,153,208,483,535,588,233,233,266,285,335,348,367,367,378,396,396,396,396],"floor_reached":50,"language":"ZHS","playtime":3111,"items_purged":["Slimebound:Strike_Slimebound","Regret"],"score":579,"play_id":"64c951e0-5d8d-4812-a5e1-02a7e890f514","local_time":"20210225012634","is_ascension_mode":false,"campfire_choices":[{"data":"Slimebound:Split","floor":1,"key":"SMITH"},{"data":"Slimebound:MassFeed","floor":18,"key":"SMITH"},{"data":"expansioncontent:DashGenerateEvil","floor":28,"key":"SMITH"},{"data":"ReplayTheSpireMod:Faulty Equipment","floor":30,"key":"SMITH"},{"floor":47,"key":"RECALL"}],"circlet_count":0,"master_deck":["Slimebound:Strike_Slimebound","Slimebound:Strike_Slimebound","Slimebound:Tackle","Slimebound:Defend_Slimebound","Slimebound:Defend_Slimebound","Slimebound:Defend_Slimebound","Slimebound:Split+1","Slimebound:CorrosiveSpit","Slimebound:Equalize+1","Slimebound:Gluttony+1","Slimebound:Replication","Slimebound:ForwardTackle+1","Slimebound:LeechEnergy+1","Slimebound:DisruptingSlam","Slimebound:HauntingLick","Slimebound:HauntingLick","Slimebound:RollThrough","Slimebound:GoopSpray","Slimebound:MassFeed+1","Slimebound:HauntingLick","Slimebound:OozeBath","Slimebound:Grow","expansioncontent:DashGenerateEvil+1","Slimebound:LivingWall+1","Slimebound:ViciousTackle","Slimebound:LeechLife+1","Parasite","Slimebound:SpikyOuterGoop+1","Metamorphosis","Flash of Steel","Madness","Slimebound:FormOfPuddle+1","Slimebound:LivingWall+1","Slimebound:ViciousTackle+1"],"relics":["Slimebound:AbsorbEndCombat","downfall:HeartsMalice","Turnip","PreservedInsect","White Beast Statue","Busted Crown","Lantern","Bird Faced Urn","downfall:HeartBlessingGreen","Tiny House","downfall:HeartBlessingBlue","downfall:KnowingSkull","ReplayTheSpireMod:ShopPack","ReplayTheSpireMod:TigerMarble","Mercury Hourglass","Potion Belt"],"acts_visited":["Exordium","TheCity","TheBeyond"],"potions_floor_usage":[14,21,25,25,25,26,27,31,33,33,39,39,48],"damage_taken":[{"damage":0,"enemies":"downfall:FleeingMerchant","floor":2,"turns":1},{"damage":0,"enemies":"2 Louse","floor":3,"turns":1},{"damage":0,"enemies":"Jaw Worm","floor":5,"turns":1},{"damage":38,"enemies":"3 Sentries","floor":6,"turns":6},{"damage":18,"enemies":"Small Slimes","floor":8,"turns":4},{"damage":10,"enemies":"downfall:LooterAlt","floor":12,"turns":2},{"damage":9,"enemies":"Blue Slaver","floor":13,"turns":3},{"damage":8,"enemies":"Gremlin Gang","floor":14,"turns":4},{"damage":1,"enemies":"Lots of Slimes","floor":15,"turns":3},{"damage":40,"enemies":"WA_ARCHETYPE_RETAIN","floor":16,"turns":6},{"damage":21,"enemies":"downfall:LooterAlt2","floor":19,"turns":3},{"damage":30,"enemies":"Spheric Guardian","floor":20,"turns":5},{"damage":12,"enemies":"Snake Plant","floor":21,"turns":4},{"damage":5,"enemies":"downfall:FleeingMerchant","floor":23,"turns":4},{"damage":17,"enemies":"Chosen and Byrds","floor":25,"turns":5},{"damage":45,"enemies":"Book of Stabbing","floor":26,"turns":6},{"damage":12,"enemies":"Centurion and Healer","floor":27,"turns":7},{"damage":22,"enemies":"Snake Plant","floor":29,"turns":3},{"damage":12,"enemies":"3 Cultists","floor":31,"turns":4},{"damage":17,"enemies":"Shelled Parasite and Fungi","floor":32,"turns":4},{"damage":67,"enemies":"SI_MIRROR_ARCHETYPE","floor":33,"turns":12},{"damage":42,"enemies":"3 Darklings","floor":36,"turns":4},{"damage":12,"enemies":"3 Shapes","floor":38,"turns":3},{"damage":8,"enemies":"Writhing Mass","floor":39,"turns":6},{"damage":8,"enemies":"downfall:FleeingMerchant","floor":40,"turns":4},{"damage":72,"enemies":"Giant Head","floor":42,"turns":7},{"damage":33,"enemies":"Maw","floor":43,"turns":8},{"damage":27,"enemies":"Spire Growth","floor":44,"turns":5},{"damage":43,"enemies":"Sphere and 2 Shapes","floor":45,"turns":6},{"damage":14,"enemies":"3 Darklings","floor":46,"turns":4},{"damage":26,"enemies":"Writhing Mass","floor":48,"turns":6},{"damage":25,"enemies":"Jaw Worm Horde","floor":49,"turns":4},{"damage":89,"enemies":"DF_ARCHETYPE_ORBS","floor":50,"turns":10}],"seed_played":"979932357291937431","potions_obtained":[{"floor":12,"key":"AttackPotion"},{"floor":13,"key":"SmokeBomb"},{"floor":14,"key":"Swift Potion"},{"floor":15,"key":"Adrenaline Potion"},{"floor":16,"key":"Slimebound:SpawnSlimePotion"},{"floor":21,"key":"Languid Potion"},{"floor":25,"key":"GamblersBrew"},{"floor":26,"key":"DistilledChaos"},{"floor":27,"key":"Fire Potion"},{"floor":29,"key":"AttackPotion"},{"floor":31,"key":"Doom Potion"},{"floor":32,"key":"Strength Potion"},{"floor":33,"key":"Fire Potion"},{"floor":34,"key":"Swift Potion"},{"floor":39,"key":"Block Potion"},{"floor":40,"key":"Elixir"},{"floor":42,"key":"Ancient Potion"},{"floor":43,"key":"DuplicationPotion"},{"floor":48,"key":"Weak Potion"},{"floor":49,"key":"Dexterity Potion"}],"is_trial":false,"path_per_floor":["R","$","M","?","M","E","T","M","?","?","T","M","M","M","M","B",null,"R","M","M","M","?","$","T","M","E","M","R","M","R","M","M","B",null,"R","M","?","M","M","$","T","E","M","M","M","M","R","M","M","B"],"character_chosen":"SLIMEBOUND","items_purchased":["Slimebound:Gluttony","Slimebound:Grow","expansioncontent:DashGenerateEvil","ReplayTheSpireMod:ShopPack","ReplayTheSpireMod:TigerMarble"],"campfire_rested":0,"item_purchase_floors":[2,23,23,40,40],"current_hp_per_floor":[65,65,65,65,65,43,43,35,10,10,10,12,17,25,32,4,65,65,62,44,48,48,63,63,58,27,41,41,33,33,45,52,11,82,86,76,76,94,104,104,104,59,74,83,61,69,69,59,59,0,0,0],"gold":396,"neow_bonus":"THREE_ENEMY_KILL","is_daily":false,"chose_seed":false,"campfire_upgraded":4,"win_rate":0.0,"timestamp":1614187594,"path_taken":["R","$","M","?","M","E","T","M","?","?","?","M","M","M","M","BOSS","R","M","M","M","?","$","T","M","E","?","R","M","R","M","M","BOSS","R","M","?","?","M","$","T","E","M","M","M","M","R","M","M","BOSS"],"items_purchased_type":["Card","Card","Card","Relic","Relic"],"build_version":"2020-12-22","purchased_purges":2,"victory":false,"max_hp_per_floor":[65,65,65,65,65,65,65,65,65,65,65,65,65,65,65,65,65,65,69,73,73,73,73,73,73,73,73,73,77,77,77,77,77,82,92,96,96,104,104,104,104,104,108,108,108,108,108,108,112,112,112,112],"card_choices":[{"not_picked":["Slimebound:LevelUp","Slimebound:ItLooksTasty"],"picked":"Slimebound:Equalize","floor":2},{"not_picked":["Slimebound:SplitAcid","Slimebound:Equalize"],"picked":"Slimebound:Replication","floor":3},{"not_picked":["Slimebound:SplitAcid","Slimebound:LivingWall"],"picked":"Slimebound:LeechEnergy","floor":5},{"not_picked":["Slimebound:SplitAcid","Slimebound:Prepare"],"picked":"Slimebound:DisruptingSlam","floor":6},{"not_picked":["Slimebound:LeechEnergy","Slimebound:SplitBruiser"],"picked":"Slimebound:HauntingLick","floor":8},{"not_picked":["Slimebound:Repurpose","Slimebound:PressTheAttack"],"picked":"Slimebound:HauntingLick","floor":12},{"not_picked":["Slimebound:ServeAndProtect","Slimebound:ComboTackle"],"picked":"Slimebound:RollThrough","floor":13},{"not_picked":["Slimebound:Equalize","Slimebound:AcidTongue"],"picked":"Slimebound:GoopSpray","floor":14},{"not_picked":["Slimebound:ComboTackle","Slimebound:SlimeTap","Slimebound:FinishingTackle"],"picked":"SKIP","floor":15},{"not_picked":["Slimebound:RallyTheTroops","Slimebound:Teamwork"],"picked":"Slimebound:MassFeed","floor":16},{"not_picked":[],"picked":"Slimebound:HauntingLick","floor":19},{"not_picked":["Slimebound:DisruptingSlam"],"picked":"SKIP","floor":20},{"not_picked":["Slimebound:GoopSpray"],"picked":"SKIP","floor":21},{"not_picked":[],"picked":"Slimebound:OozeBath","floor":23},{"not_picked":["Slimebound:Prepare"],"picked":"SKIP","floor":25},{"not_picked":[],"picked":"Slimebound:LivingWall+1","floor":26},{"not_picked":["Slimebound:LeechingTouch"],"picked":"SKIP","floor":27},{"not_picked":["Slimebound:SlimeSpikes"],"picked":"SKIP","floor":29},{"not_picked":["Slimebound:SlimeBarrage"],"picked":"SKIP","floor":31},{"not_picked":[],"picked":"Slimebound:ViciousTackle","floor":32},{"not_picked":[],"picked":"Slimebound:LeechLife","floor":33},{"not_picked":["Slimebound:ComboTackle"],"picked":"SKIP","floor":36},{"not_picked":["Slimebound:ComboTackle"],"picked":"SKIP","floor":38},{"not_picked":[],"picked":"Slimebound:SpikyOuterGoop+1","floor":39},{"not_picked":["Slimebound:Grow"],"picked":"SKIP","floor":40},{"not_picked":[],"picked":"Metamorphosis","floor":40},{"not_picked":[],"picked":"Flash of Steel","floor":40},{"not_picked":[],"picked":"Madness","floor":40},{"not_picked":[],"picked":"Slimebound:FormOfPuddle+1","floor":42},{"not_picked":["Slimebound:SlimeBrawl+1"],"picked":"SKIP","floor":43},{"not_picked":["Slimebound:Prepare"],"picked":"SKIP","floor":44},{"not_picked":[],"picked":"Slimebound:LivingWall+1","floor":45},{"not_picked":["Slimebound:ItLooksTasty"],"picked":"SKIP","floor":46},{"not_picked":[],"picked":"Slimebound:ViciousTackle+1","floor":48},{"not_picked":["Slimebound:ServeAndProtect"],"picked":"SKIP","floor":49}],"player_experience":525199,"relics_obtained":[{"floor":6,"key":"Turnip"},{"floor":11,"key":"White Beast Statue"},{"floor":24,"key":"Lantern"},{"floor":26,"key":"Bird Faced Urn"},{"floor":41,"key":"Mercury Hourglass"},{"floor":42,"key":"Potion Belt"}],"event_choices":[{"damage_healed":0,"gold_gain":0,"player_choice":"Success","damage_taken":25,"relics_obtained":["PreservedInsect"],"max_hp_gain":0,"max_hp_loss":0,"event_name":"Scrap Ooze","floor":9,"gold_loss":0}],"is_beta":false,"boss_relics":[{"not_picked":["Pandora\u0027s Box","Fusion Hammer"],"picked":"Busted Crown"},{"not_picked":["Black Star","Replay:Ancient Bell"],"picked":"Tiny House"}],"items_purged_floors":[23,40],"is_endless":false,"potions_floor_spawned":[12,13,14,15,16,19,20,21,23,25,26,27,29,31,32,33,36,38,39,40,42,43,44,45,46,48,49],"killed_by":"DF_ARCHETYPE_ORBS","ascension_level":0}}