{"host":"5jyeqch4fosnsiz2","time":1614134181,"event":{"mods":["BaseMod","Bestiary","Colored Map","Colored Powertips","Filter the Spire","Minty Spire (QoL Compilation)","Relic Stats","StSLib","Waifu the Spire","ojb\u0027s Better Paths Mod","ojb\u0027s Info Mod"],"gold_per_floor":[114,17,34,34,34,69,81,256,283,105,132,161,161,172,172,267,267,283,312,326,326,123,123,134,134,134],"floor_reached":25,"language":"ENG","playtime":1668,"items_purged":["Doubt","Strike_G"],"score":312,"play_id":"b2ea4a48-bbb2-41c0-9ebe-304eef340ea5","local_time":"20210223213621","is_ascension_mode":true,"campfire_choices":[{"data":"Footwork","floor":13,"key":"SMITH"},{"data":"Well Laid Plans","floor":15,"key":"SMITH"},{"data":"Night Terror","floor":23,"key":"SMITH"}],"circlet_count":0,"master_deck":["Strike_G","Strike_G","Strike_G","Strike_G","Defend_G","Defend_G","Defend_G","Defend_G","Defend_G+1","Survivor","Neutralize","Blur+1","Footwork+1","Slice","Blur","Well Laid Plans+1","Backflip","Masterful Stab","Night Terror+1","Backflip","Dodge and Roll","Footwork","Cloak And Dagger"],"relics":["Ring of the Snake","NeowsBlessing","Art of War","Lantern","StrikeDummy","Odd Mushroom","Runic Dome","Red Mask","Gremlin Horn"],"acts_visited":["Exordium","TheCity"],"potions_floor_usage":[11,12,20,25],"damage_taken":[{"damage":0,"enemies":"Cultist","floor":1,"turns":1},{"damage":0,"enemies":"Small Slimes","floor":3,"turns":1},{"damage":0,"enemies":"Lagavulin","floor":6,"turns":1},{"damage":0,"enemies":"2 Louse","floor":7,"turns":5},{"damage":9,"enemies":"3 Sentries","floor":11,"turns":15},{"damage":7,"enemies":"The Mushroom Lair","floor":12,"turns":7},{"damage":0,"enemies":"Exordium Wildlife","floor":14,"turns":4},{"damage":0,"enemies":"Slime Boss","floor":16,"turns":12},{"damage":0,"enemies":"Spheric Guardian","floor":18,"turns":8},{"damage":51,"enemies":"Masked Bandits","floor":19,"turns":10},{"damage":6,"enemies":"3 Byrds","floor":20,"turns":4},{"damage":0,"enemies":"Centurion and Healer","floor":24,"turns":18},{"damage":19,"enemies":"Slavers","floor":25,"turns":4}],"seed_played":"-4763866286212631813","potions_obtained":[{"floor":3,"key":"Regen Potion"},{"floor":12,"key":"Fruit Juice"},{"floor":16,"key":"LiquidBronze"},{"floor":19,"key":"Dexterity Potion"},{"floor":24,"key":"AttackPotion"}],"is_trial":false,"path_per_floor":["M","$","M","$","?","E","M","?","T","$","E","?","R","M","R","B",null,"M","?","M","T","$","R","M","E"],"character_chosen":"THE_SILENT","items_purchased":["Footwork","Slice","Well Laid Plans","Backflip","Dodge and Roll","Footwork"],"campfire_rested":0,"item_purchase_floors":[2,2,10,10,22,22],"current_hp_per_floor":[70,70,70,70,56,56,56,56,56,56,62,60,60,60,60,60,75,75,24,18,18,18,18,18,0,0],"gold":134,"neow_bonus":"THREE_ENEMY_KILL","is_daily":false,"chose_seed":false,"campfire_upgraded":3,"win_rate":0.0,"timestamp":1614134181,"path_taken":["M","$","M","$","?","E","M","?","T","$","E","?","R","M","R","BOSS","M","?","M","?","$","R","M","E"],"items_purchased_type":["Card","Card","Card","Card","Card","Card"],"build_version":"2020-12-22","purchased_purges":2,"victory":false,"max_hp_per_floor":[70,70,70,70,70,70,70,70,70,70,70,75,75,75,75,75,75,75,75,75,75,75,75,75,75,75],"relic_stats":{"Gremlin Horn":[1,1],"counters":[13,90],"Art of War":[11],"obtain_stats":[{"Runic Dome":17,"Lantern":9,"NeowsBlessing":0,"Gremlin Horn":21,"Art of War":6,"Red Mask":19,"Odd Mushroom":12,"StrikeDummy":11,"Ring of the Snake":0},{"Runic Dome":8,"Lantern":4,"NeowsBlessing":0,"Gremlin Horn":11,"Art of War":3,"Red Mask":10,"Odd Mushroom":6,"StrikeDummy":5,"Ring of the Snake":0},{"Runic Dome":46,"Lantern":8,"NeowsBlessing":0,"Gremlin Horn":68,"Art of War":3,"Red Mask":64,"Odd Mushroom":30,"StrikeDummy":23,"Ring of the Snake":0}],"Ring of the Snake":[26]},"card_choices":[{"not_picked":["Dagger Throw","Poisoned Stab"],"picked":"Blur","floor":1},{"not_picked":["Reflex","Deflect"],"picked":"Blur","floor":3},{"not_picked":["Slice","Outmaneuver","Concentrate"],"picked":"SKIP","floor":6},{"not_picked":["Dagger Throw","Flechettes","Sucker Punch"],"picked":"SKIP","floor":7},{"not_picked":["Setup","Riddle With Holes","Skewer"],"picked":"SKIP","floor":11},{"not_picked":["Cloak And Dagger","Concentrate"],"picked":"Masterful Stab","floor":12},{"not_picked":["Terror","Dagger Spray","Calculated Gamble"],"picked":"SKIP","floor":14},{"not_picked":["After Image","Glass Knife"],"picked":"Night Terror","floor":16},{"not_picked":["Poisoned Stab","Flying Knee","Dagger Throw+1"],"picked":"SKIP","floor":18},{"not_picked":["Sucker Punch","Outmaneuver"],"picked":"Backflip","floor":20},{"not_picked":["Calculated Gamble","Masterful Stab"],"picked":"Cloak And Dagger","floor":24}],"player_experience":421916,"relics_obtained":[{"floor":6,"key":"Art of War"},{"floor":9,"key":"Lantern"},{"floor":11,"key":"StrikeDummy"},{"floor":12,"key":"Odd Mushroom"},{"floor":19,"key":"Red Mask"},{"floor":21,"key":"Gremlin Horn"}],"event_choices":[{"damage_healed":0,"gold_gain":0,"player_choice":"Entered Light","damage_taken":14,"max_hp_gain":0,"max_hp_loss":0,"event_name":"Shining Light","floor":5,"gold_loss":0,"cards_upgraded":["Blur","Defend_G"]},{"damage_healed":0,"gold_gain":175,"player_choice":"AGREE","damage_taken":0,"max_hp_gain":0,"max_hp_loss":0,"event_name":"Liars Game","floor":8,"gold_loss":0,"cards_obtained":["Doubt"]},{"damage_healed":0,"gold_gain":0,"player_choice":"Fought Mushrooms","damage_taken":0,"max_hp_gain":0,"max_hp_loss":0,"event_name":"Mushrooms","floor":12,"gold_loss":0},{"damage_healed":0,"gold_gain":0,"player_choice":"Fought Bandits","damage_taken":0,"max_hp_gain":0,"max_hp_loss":0,"event_name":"Masked Bandits","floor":19,"gold_loss":0}],"is_beta":false,"boss_relics":[{"not_picked":["Philosopher\u0027s Stone","Ring of the Serpent"],"picked":"Runic Dome"}],"items_purged_floors":[10,22],"is_endless":false,"potions_floor_spawned":[3,12,16,19,24],"killed_by":"Slavers","ascension_level":2}}