{"host":"3azvxbhvx7nk2p5g","time":1614156502,"event":{"mods":["Act Like it!","BaseMod","GungeonMod","HololiveMod","Minty Spire (QoL Compilation)","Ring Of Destiny","StSLib","The Bug Knight","The Fake Hero","Youmu£®ªÍ∆«—˝√Œ£©"],"gold_per_floor":[112,124,136,151,171,171,171,190,260,295,314,326,251,265,265,366,366,353,196,196,208,208,208,208],"floor_reached":23,"language":"ZHS","playtime":2100,"items_purged":["RingOfDestiny:Strike_IH"],"score":222,"play_id":"50df3ddd-b1d5-4251-bd11-0dc0a9d97b56","local_time":"20210224164822","is_ascension_mode":false,"campfire_choices":[{"data":"RingOfDestiny:AngelTalisman","floor":6.0,"key":"SMITH"},{"floor":15.0,"key":"REST"}],"circlet_count":0,"master_deck":["RingOfDestiny:Defend_IH","RingOfDestiny:Defend_IH","RingOfDestiny:FairJudgement","RingOfDestiny:Pray","RingOfDestiny:Villainous","RingOfDestiny:HolyGift","RingOfDestiny:ProtectionOfLight","RingOfDestiny:AmuletHeart","RingOfDestiny:HolyJustice","RingOfDestiny:AngelTalisman+2","RingOfDestiny:HolyInterweaving","RingOfDestiny:Tsudere","RingOfDestiny:DevoutPray","RingOfDestiny:InsightTruth","RingOfDestiny:JudgementOfLight","RingOfDestiny:HolyPouring","RingOfDestiny:DevoutPray","RingOfDestiny:HymnOfAngels","Purity"],"relics":["RingOfDestiny:TwinWings","Pantograph","Runic Pyramid"],"acts_visited":["Exordium","RingOfDestiny:KnowledgeHall"],"potions_floor_usage":[],"damage_taken":[{"damage":0.0,"enemies":"Cultist","floor":1.0,"turns":3.0},{"damage":6.0,"enemies":"2 Louse","floor":2.0,"turns":3.0},{"damage":2.0,"enemies":"Jaw Worm","floor":3.0,"turns":4.0},{"damage":9.0,"enemies":"Lots of Slimes","floor":4.0,"turns":8.0},{"damage":11.0,"enemies":"Blue Slaver","floor":5.0,"turns":4.0},{"damage":13.0,"enemies":"2 Fungi Beasts","floor":8.0,"turns":4.0},{"damage":43.0,"enemies":"Gremlin Nob","floor":10.0,"turns":6.0},{"damage":13.0,"enemies":"Red Slaver","floor":11.0,"turns":5.0},{"damage":10.0,"enemies":"Blue Slaver","floor":12.0,"turns":5.0},{"damage":0.0,"enemies":"2 Fungi Beasts","floor":14.0,"turns":5.0},{"damage":32.0,"enemies":"Slime Boss","floor":16.0,"turns":19.0},{"damage":24.0,"enemies":"2 Thieves","floor":18.0,"turns":4.0},{"damage":9.0,"enemies":"Spheric Guardian","floor":21.0,"turns":4.0},{"damage":0,"enemies":"Gremlin Leader","floor":23,"turns":1}],"seed_played":"-638849250155331094","potions_obtained":[{"floor":5.0,"key":"Regen Potion"},{"floor":8.0,"key":"FairyPotion"},{"floor":10.0,"key":"Block Potion"}],"is_trial":false,"path_per_floor":["M","M","M","M","M","R","?","M","T","E","M","M","$","M","R","B",null,"M","$","?","M","?","E"],"character_chosen":"Inherit","items_purchased":["RingOfDestiny:HymnOfAngels","Purity"],"campfire_rested":1,"item_purchase_floors":[19,19],"current_hp_per_floor":[100,95,95,88,79,79,79,69,69,30,21,13,13,17,48,43,106,85,85,85,78,78,78,78],"gold":208,"neow_bonus":"TEN_PERCENT_HP_BONUS","is_daily":false,"chose_seed":false,"campfire_upgraded":1,"win_rate":0.0,"timestamp":1614156502,"path_taken":["M","M","?","M","M","R","?","?","T","E","M","M","$","?","R","BOSS","M","$","?","M","?","E"],"items_purchased_type":["Card","Card"],"build_version":"2020-12-22","purchased_purges":1,"victory":false,"max_hp_per_floor":[100,101,102,103,104,104,104,104,104,104,104,105,105,105,105,106,106,106,106,106,107,107,107,107],"card_choices":[{"not_picked":["RingOfDestiny:ForbiddenBook","RingOfDestiny:ShimmerBarrier"],"picked":"RingOfDestiny:AmuletHeart","floor":1.0},{"not_picked":["RingOfDestiny:HolyInterweaving","RingOfDestiny:Aerostigmata"],"picked":"RingOfDestiny:HolyJustice","floor":2.0},{"not_picked":["RingOfDestiny:Pray","RingOfDestiny:Sacrifice"],"picked":"RingOfDestiny:AngelTalisman","floor":3.0},{"not_picked":["RingOfDestiny:ForbiddenStrike","RingOfDestiny:HolyStrike"],"picked":"RingOfDestiny:HolyInterweaving","floor":4.0},{"not_picked":["RingOfDestiny:Aerostigmata","RingOfDestiny:HolyStorm","RingOfDestiny:ForbiddenBook"],"picked":"SKIP","floor":5.0},{"not_picked":["RingOfDestiny:HolyInterweaving","RingOfDestiny:HolyJustice"],"picked":"RingOfDestiny:Tsudere","floor":8.0},{"not_picked":["RingOfDestiny:WeakenStrike","RingOfDestiny:HonourJudgement"],"picked":"RingOfDestiny:DevoutPray","floor":10.0},{"not_picked":["RingOfDestiny:WeakenStrike","RingOfDestiny:Aerostigmata"],"picked":"RingOfDestiny:InsightTruth","floor":11.0},{"not_picked":["RingOfDestiny:DevoutPray","RingOfDestiny:HonourJudgement"],"picked":"RingOfDestiny:JudgementOfLight","floor":12.0},{"not_picked":["RingOfDestiny:BathingInGrace","RingOfDestiny:ForbiddenStrike","RingOfDestiny:HolyPressure"],"picked":"SKIP","floor":14.0},{"not_picked":["RingOfDestiny:HolyEcho","RingOfDestiny:PowerPendant"],"picked":"RingOfDestiny:HolyPouring","floor":16.0},{"not_picked":["RingOfDestiny:Pray+1","RingOfDestiny:ExposeAndCriticize"],"picked":"RingOfDestiny:DevoutPray","floor":18.0},{"not_picked":["RingOfDestiny:Resuscitation","RingOfDestiny:HolyInterweaving+1","RingOfDestiny:ForbiddenBook"],"picked":"SKIP","floor":21.0}],"player_experience":142113,"relics_obtained":[{"floor":9.0,"key":"Pantograph"}],"event_choices":[{"cards_removed":["RingOfDestiny:Strike_IH"],"damage_healed":0.0,"max_hp_gain":0.0,"max_hp_loss":0.0,"gold_gain":0.0,"event_name":"Purifier","player_choice":"Purged","floor":7.0,"gold_loss":0.0,"damage_taken":0.0},{"damage_healed":0.0,"max_hp_gain":0.0,"max_hp_loss":0.0,"gold_gain":0.0,"event_name":"Vampires","player_choice":"Ignored","floor":20.0,"gold_loss":0.0,"damage_taken":0.0},{"cards_removed":["RingOfDestiny:FairJudgement"],"damage_healed":0.0,"max_hp_gain":0.0,"max_hp_loss":0.0,"gold_gain":0.0,"event_name":"Purifier","player_choice":"Purged","floor":22.0,"gold_loss":0.0,"damage_taken":0.0}],"is_beta":false,"boss_relics":[{"not_picked":["Black Star","Philosopher\u0027s Stone"],"picked":"Runic Pyramid"}],"items_purged_floors":[13],"is_endless":false,"potions_floor_spawned":[5,8,10,12,14,18,21],"killed_by":"Gremlin Leader","ascension_level":0}}