{"host":"prxrhpgaxnj4om9r","time":1614173029,"event":{"mods":["AchievementEnabler","BaseMod","Colored Map","DeckTracker","Minty Spire (QoL Compilation)"],"gold_per_floor":[116,128,128,128,147,175,175,203,203,203,220,33,33,67,67,165,165,176,176,1,20,36,36,36,36,59,79,112,112,129,144,144,239,239,253,266,266,266,129,129,143,153,153,17,31,61,72,34,34,34],"floor_reached":51,"language":"KOR","playtime":1767,"items_purged":[],"score":1175,"play_id":"3e333d63-e069-4491-ae45-912a9bcd7c54","local_time":"20210224222349","is_ascension_mode":true,"campfire_choices":[{"floor":7,"key":"REST"},{"floor":15,"key":"REST"},{"data":"Apotheosis","floor":23,"key":"SMITH"},{"floor":32,"key":"REST"},{"floor":40,"key":"REST"},{"floor":49,"key":"REST"}],"circlet_count":0,"master_deck":["Strike_P+1","Strike_P+1","Strike_P+1","Strike_P+1","Defend_P+1","Defend_P+1","Eruption+1","Vigilance+1","FollowUp","BowlingBash","Tantrum","Consecrate+1","Halt","EmptyBody+1","Apotheosis+1","ForeignInfluence","Ragnarok","Devotion","TalkToTheHand","EmptyFist+1","ReachHeaven","Scrawl","CrushJoints","MentalFortress+1","Prostrate+1","Wallop+1"],"relics":["PureWater","NeowsBlessing","HornCleat","StrikeDummy","Singing Bowl","TeardropLocket","Omamori","Calling Bell","War Paint","The Courier","Ice Cream","Whetstone","Calipers","PreservedInsect","Shuriken","SacredBark","Damaru","Gambling Chip","Yang"],"acts_visited":["Exordium","TheCity","TheBeyond"],"potions_floor_usage":[6,16,27,28,38,42,45,46,47,50,50,50],"damage_taken":[{"damage":0,"enemies":"Jaw Worm","floor":1,"turns":1},{"damage":0,"enemies":"Small Slimes","floor":2,"turns":1},{"damage":0,"enemies":"Cultist","floor":5,"turns":1},{"damage":12,"enemies":"Lagavulin","floor":6,"turns":3},{"damage":18,"enemies":"Gremlin Nob","floor":8,"turns":3},{"damage":0,"enemies":"Exordium Thugs","floor":11,"turns":3},{"damage":45,"enemies":"Lagavulin","floor":14,"turns":5},{"damage":0,"enemies":"Slime Boss","floor":16,"turns":4},{"damage":6,"enemies":"Shell Parasite","floor":18,"turns":3},{"damage":0,"enemies":"3 Byrds","floor":21,"turns":4},{"damage":12,"enemies":"Shelled Parasite and Fungi","floor":22,"turns":3},{"damage":0,"enemies":"Centurion and Healer","floor":27,"turns":3},{"damage":3,"enemies":"Slavers","floor":28,"turns":4},{"damage":11,"enemies":"Snake Plant","floor":30,"turns":2},{"damage":0,"enemies":"Sentry and Sphere","floor":31,"turns":3},{"damage":18,"enemies":"Automaton","floor":33,"turns":6},{"damage":37,"enemies":"3 Shapes","floor":35,"turns":3},{"damage":13,"enemies":"3 Darklings","floor":36,"turns":3},{"damage":0,"enemies":"Jaw Worm Horde","floor":38,"turns":1},{"damage":35,"enemies":"Writhing Mass","floor":41,"turns":4},{"damage":37,"enemies":"Sphere and 2 Shapes","floor":42,"turns":4},{"damage":8,"enemies":"4 Shapes","floor":45,"turns":2},{"damage":10,"enemies":"Giant Head","floor":46,"turns":5},{"damage":10,"enemies":"Writhing Mass","floor":47,"turns":4},{"damage":0,"enemies":"Awakened One","floor":50,"turns":4}],"seed_played":"-4652480708185567636","potions_obtained":[{"floor":2,"key":"Block Potion"},{"floor":8,"key":"FairyPotion"},{"floor":14,"key":"Strength Potion"},{"floor":21,"key":"Block Potion"},{"floor":22,"key":"PowerPotion"},{"floor":30,"key":"SmokeBomb"},{"floor":33,"key":"BlessingOfTheForge"},{"floor":46,"key":"StancePotion"},{"floor":47,"key":"Weak Potion"}],"is_trial":false,"path_per_floor":["M","M","?","?","M","E","R","E","T","T","M","$","?","E","R","B",null,"M","?","$","M","M","R","?","?","T","M","E","?","M","M","R","B",null,"M","M","?","M","?","R","M","M","T","$","M","E","M","$","R","B",null],"character_chosen":"WATCHER","items_purchased":["Apotheosis","Whetstone","TalkToTheHand","Fire Potion","Regen Potion","Fire Potion","SkillPotion"],"campfire_rested":5,"item_purchase_floors":[12,20,20,44,44,44,48],"current_hp_per_floor":[65,65,51,51,51,39,60,42,42,42,42,42,47,2,25,25,64,60,60,60,60,50,50,50,50,50,50,47,47,38,40,65,49,78,41,30,30,30,30,56,21,43,43,43,37,61,53,53,81,81],"gold":34,"neow_bonus":"THREE_ENEMY_KILL","is_daily":false,"chose_seed":false,"campfire_upgraded":1,"win_rate":0.0,"timestamp":1614173029,"path_taken":["M","M","?","?","M","E","R","E","T","?","?","$","?","E","R","BOSS","M","?","$","M","M","R","?","?","T","M","E","?","M","M","R","BOSS","M","?","?","M","?","R","M","?","T","?","M","E","M","$","R","BOSS"],"items_purchased_type":["Card","Relic","Card","Potion","Potion","Potion","Potion"],"build_version":"2020-12-22","purchased_purges":0,"victory":true,"max_hp_per_floor":[72,72,72,72,72,72,72,72,72,72,72,72,77,77,77,77,77,79,79,79,79,81,81,81,81,81,81,81,81,83,85,85,87,87,87,89,89,89,89,89,89,91,91,91,93,93,95,95,95,95],"card_choices":[{"not_picked":["ClearTheMind","Crescendo"],"picked":"FollowUp","floor":1},{"not_picked":["FollowUp","CutThroughFate"],"picked":"BowlingBash","floor":2},{"not_picked":["WreathOfFlame","Brilliance"],"picked":"Tantrum","floor":5},{"not_picked":["SashWhip","Protect"],"picked":"Consecrate","floor":6},{"not_picked":["SashWhip","CutThroughFate"],"picked":"Halt","floor":8},{"not_picked":["FlyingSleeves","WaveOfTheHand"],"picked":"EmptyBody","floor":11},{"not_picked":["WindmillStrike","BowlingBash"],"picked":"ForeignInfluence","floor":14},{"not_picked":["Scrawl","Devotion"],"picked":"Ragnarok","floor":16},{"not_picked":["BowlingBash+1","Nirvana+1","PathToVictory+1"],"picked":"Singing Bowl","floor":18},{"not_picked":["Prostrate","Pray+1"],"picked":"EmptyFist+1","floor":21},{"not_picked":["Halt","WaveOfTheHand","Swivel"],"picked":"Singing Bowl","floor":22},{"not_picked":["FlurryOfBlows","Meditate"],"picked":"ReachHeaven","floor":27},{"not_picked":["Brilliance","Crescendo"],"picked":"Scrawl","floor":28},{"not_picked":["Wireheading","Meditate","BowlingBash"],"picked":"Singing Bowl","floor":30},{"not_picked":["EmptyFist","CrushJoints","CutThroughFate"],"picked":"Singing Bowl","floor":31},{"not_picked":["Ragnarok","Omniscience","DevaForm"],"picked":"Singing Bowl","floor":33},{"not_picked":["SignatureMove","Evaluate"],"picked":"MentalFortress+1","floor":35},{"not_picked":["ThirdEye","SashWhip+1","Crescendo"],"picked":"Singing Bowl","floor":36},{"not_picked":["PathToVictory+1","FollowUp+1"],"picked":"Prostrate+1","floor":41},{"not_picked":["FollowUp","LikeWater+1","FlyingSleeves+1"],"picked":"Singing Bowl","floor":42},{"not_picked":["PathToVictory","FlyingSleeves","FollowUp"],"picked":"Singing Bowl","floor":45},{"not_picked":["Wish","Perseverance"],"picked":"Wallop+1","floor":46},{"not_picked":["SashWhip","MentalFortress+1","Tantrum"],"picked":"Singing Bowl","floor":47}],"player_experience":636585,"relics_obtained":[{"floor":6,"key":"HornCleat"},{"floor":8,"key":"StrikeDummy"},{"floor":9,"key":"Singing Bowl"},{"floor":10,"key":"TeardropLocket"},{"floor":14,"key":"Omamori"},{"floor":17,"key":"War Paint"},{"floor":17,"key":"The Courier"},{"floor":17,"key":"Ice Cream"},{"floor":26,"key":"PreservedInsect"},{"floor":28,"key":"Shuriken"},{"floor":43,"key":"Gambling Chip"},{"floor":46,"key":"Yang"}],"event_choices":[{"damage_healed":0,"gold_gain":0,"player_choice":"Entered Light","damage_taken":14,"max_hp_gain":0,"max_hp_loss":0,"event_name":"Shining Light","floor":3,"gold_loss":0,"cards_upgraded":["Defend_P","Defend_P"]},{"damage_healed":0,"gold_gain":0,"player_choice":"Grow","damage_taken":0,"max_hp_gain":0,"max_hp_loss":0,"event_name":"Living Wall","floor":4,"gold_loss":0,"cards_upgraded":["Eruption"]},{"damage_healed":0,"gold_gain":0,"player_choice":"Donut","damage_taken":0,"max_hp_gain":5,"max_hp_loss":0,"event_name":"Big Fish","floor":13,"gold_loss":0},{"damage_healed":0,"gold_gain":0,"cards_transformed":["Defend_P","Defend_P"],"player_choice":"Became Test Subject","damage_taken":0,"max_hp_gain":0,"max_hp_loss":0,"event_name":"Drug Dealer","floor":19,"gold_loss":0,"cards_obtained":["Devotion","Weave"]},{"damage_healed":0,"gold_gain":0,"player_choice":"Simplicity","damage_taken":0,"max_hp_gain":0,"max_hp_loss":0,"event_name":"Back to Basics","floor":24,"gold_loss":0,"cards_upgraded":["Strike_P","Strike_P","Strike_P"]},{"damage_healed":0,"gold_gain":0,"player_choice":"Opened","damage_taken":0,"relics_obtained":["Calipers"],"max_hp_gain":0,"max_hp_loss":0,"event_name":"The Mausoleum","floor":25,"gold_loss":0},{"damage_healed":0,"gold_gain":0,"cards_transformed":["Weave"],"player_choice":"Transformed","damage_taken":0,"max_hp_gain":0,"max_hp_loss":0,"event_name":"Transmorgrifier","floor":29,"gold_loss":0,"cards_obtained":["CrushJoints"]},{"damage_healed":0,"gold_gain":0,"player_choice":"Ignored","damage_taken":0,"max_hp_gain":0,"max_hp_loss":0,"event_name":"Mysterious Sphere","floor":37,"gold_loss":0},{"damage_healed":0,"gold_gain":0,"player_choice":"Paid Gold","damage_taken":0,"relics_obtained":["Damaru"],"max_hp_gain":0,"max_hp_loss":0,"event_name":"WeMeetAgain","floor":39,"gold_loss":137}],"is_beta":false,"boss_relics":[{"not_picked":["HolyWater","Snecko Eye"],"picked":"Calling Bell"},{"not_picked":["Astrolabe","VioletLotus"],"picked":"SacredBark"}],"items_purged_floors":[],"is_endless":false,"potions_floor_spawned":[2,8,14,21,22,30,33,38,46,47],"ascension_level":6}}