{"host":"mu5qkq7030l6349q","time":1614202117,"event":{"mods":["AchievementEnabler","BaseMod","Colored Powertips","Downfall","Highlight Path","Minty Spire (QoL Compilation)","Permanent Neow","Rare Cards Sparkle","Relic Sorter","Relic Stats","StSLib","Wide Potions"],"gold_per_floor":[0,15,15,15,15,0,27,52,72,72,104,117,147,165,183,183,183,183],"floor_reached":16,"language":"ENG","playtime":1323,"items_purged":[],"score":120,"play_id":"776848ab-8758-40ec-9121-9276b8c1764b","local_time":"20210224222837","is_ascension_mode":false,"campfire_choices":[{"data":"sneckomod:TailWhip","floor":1,"key":"SMITH"}],"circlet_count":0,"master_deck":["sneckomod:Strike","sneckomod:Strike","sneckomod:Defend","sneckomod:Defend","sneckomod:Defend","sneckomod:TailWhip+1","sneckomod:SnekBite","sneckomod:Unknown","sneckomod:Unknown","sneckomod:Restock","sneckomod:UnknownExhaust","sneckomod:UnknownUncommonPower","sneckomod:SoulExchange","sneckomod:SnakeSap","sneckomod:SnakeSap"],"relics":["sneckomod:SneckoSoul","Darkstone Periapt","Nunchaku","Pen Nib","Boot","Shuriken","Lantern"],"acts_visited":["Exordium"],"potions_floor_usage":[13,14],"damage_taken":[{"damage":0,"enemies":"2 Louse","floor":2,"turns":3},{"damage":0,"enemies":"downfall:FleeingMerchant","floor":6,"turns":4},{"damage":8,"enemies":"Gremlin Nob","floor":8,"turns":4},{"damage":11,"enemies":"Jaw Worm","floor":9,"turns":3},{"damage":16,"enemies":"3 Sentries","floor":11,"turns":5},{"damage":1,"enemies":"Small Slimes","floor":12,"turns":3},{"damage":26,"enemies":"Gremlin Nob","floor":13,"turns":4},{"damage":8,"enemies":"2 Fungi Beasts","floor":14,"turns":3},{"damage":11,"enemies":"Exordium Thugs","floor":15,"turns":4},{"damage":28,"enemies":"IC_STATUS_ARCHETYPE","floor":16,"turns":4}],"seed_played":"-6205386853067670631","potions_obtained":[{"floor":9,"key":"SpeedPotion"},{"floor":11,"key":"Block Potion"},{"floor":12,"key":"ColorlessPotion"},{"floor":13,"key":"Regen Potion"}],"is_trial":false,"path_per_floor":["R","M","?","T","?","$","T","E","M","?","E","M","E","M","M","B"],"character_chosen":"THE_SNECKO","items_purchased":[],"campfire_rested":0,"item_purchase_floors":[],"current_hp_per_floor":[90,90,90,90,83,83,83,75,64,64,48,47,38,39,28,0,0,0],"gold":183,"neow_bonus":"THREE_RARE_CARDS","is_daily":false,"chose_seed":false,"campfire_upgraded":1,"win_rate":0.0,"timestamp":1614202117,"path_taken":["R","M","?","?","?","?","T","E","M","?","E","M","E","M","M","BOSS"],"items_purchased_type":[],"build_version":"2020-12-22","purchased_purges":0,"victory":false,"max_hp_per_floor":[90,90,90,90,90,90,90,90,90,90,90,90,90,90,90,90,90,90],"relic_stats":{"Darkstone Periapt":0,"Nunchaku":[6],"counters":[10,36],"Shuriken":[4],"Pen Nib":[5],"Boot":[20],"obtain_stats":[{"Darkstone Periapt":4,"Nunchaku":5,"Lantern":13,"Shuriken":11,"Pen Nib":7,"sneckomod:SneckoSoul":0,"Boot":8},{"Darkstone Periapt":1,"Nunchaku":1,"Lantern":7,"Shuriken":5,"Pen Nib":2,"sneckomod:SneckoSoul":0,"Boot":3},{"Darkstone Periapt":3,"Nunchaku":3,"Lantern":26,"Shuriken":19,"Pen Nib":7,"sneckomod:SneckoSoul":0,"Boot":11}]},"card_choices":[{"not_picked":["sneckomod:Mudshield","sneckomod:UnknownBoss"],"picked":"sneckomod:Restock","floor":0},{"not_picked":["sneckomod:Nope","sneckomod:Unknown2Cost"],"picked":"sneckomod:UnknownExhaust","floor":2},{"not_picked":["sneckomod:UnknownWeak","sneckomod:Unknown2Cost"],"picked":"sneckomod:UnknownUncommonPower","floor":6},{"not_picked":["sneckomod:UnknownStrike","sneckomod:UnknownDraw"],"picked":"sneckomod:SoulExchange","floor":8},{"not_picked":["sneckomod:TrashToTreasure","sneckomod:ImprovisedGuard","sneckomod:SoulRoll"],"picked":"SKIP","floor":9},{"not_picked":["sneckomod:Mudshield","sneckomod:Nope","sneckomod:UnknownDraw"],"picked":"SKIP","floor":11},{"not_picked":["sneckomod:Unknown1Cost","sneckomod:IronFang"],"picked":"sneckomod:SnakeSap","floor":12},{"not_picked":["sneckomod:RainOfDice","sneckomod:UnlimitedRolls","sneckomod:Restock"],"picked":"SKIP","floor":13},{"not_picked":["sneckomod:UnknownCommonAttack","sneckomod:SoulRoll"],"picked":"sneckomod:SnakeSap","floor":14},{"not_picked":["sneckomod:UnknownCommonSkill","sneckomod:Memorize","sneckomod:DefensiveFlair"],"picked":"SKIP","floor":15}],"player_experience":98805,"relics_obtained":[{"floor":4,"key":"Darkstone Periapt"},{"floor":7,"key":"Pen Nib"},{"floor":8,"key":"Boot"},{"floor":11,"key":"Shuriken"},{"floor":13,"key":"Lantern"}],"event_choices":[{"damage_healed":0,"gold_gain":0,"player_choice":"Success","damage_taken":7,"relics_obtained":["Nunchaku"],"max_hp_gain":0,"max_hp_loss":0,"event_name":"Scrap Ooze","floor":5,"gold_loss":0}],"is_beta":false,"boss_relics":[],"items_purged_floors":[],"is_endless":false,"potions_floor_spawned":[9,11,12,13],"killed_by":"IC_STATUS_ARCHETYPE","ascension_level":0}}