{"host":"qo4gsoirqvkn8115","time":1614170933,"event":{"mods":["AchievementEnabler","BaseMod","BetterRewards","Colored Map","Minty Spire (QoL Compilation)","Replay The Spire","StSLib","The Bladedancer","The Senshi","The Wild Card"],"gold_per_floor":[111,131,131,147,422,451,464,481,529,20,49,49,65,75,75,174,174,193,193,205,30,102,102,133,133,158,173,191,191,191,51,51,148,148,163,236,236,256,256,289,2,20,20,20,20,31,31,42,42,42],"floor_reached":51,"language":"ENG","playtime":2896,"items_purged":["Regret","blademaster:AspectOfLightning"],"score":707,"play_id":"47cff3d9-d585-497f-9f81-1acca1e27a80","local_time":"20210224074853","is_ascension_mode":false,"campfire_choices":[{"data":"theWildCard:Polydeuces","floor":12,"key":"SMITH"},{"data":"blademaster:Quickness","floor":23,"key":"SMITH"},{"data":"blademaster:DeadlyDance","floor":25,"key":"SMITH"},{"floor":29,"key":"REST"},{"floor":32,"key":"REST"},{"floor":44,"key":"REST"},{"floor":47,"key":"REST"},{"floor":49,"key":"REST"}],"circlet_count":0,"master_deck":["blademaster:Strike+1","blademaster:Strike","blademaster:Strike","blademaster:Strike","blademaster:Defend","blademaster:Defend","blademaster:Defend","blademaster:Defend","blademaster:RagingBlow","blademaster:HighVoltage","blademaster:BloodyBlow+1","blademaster:Reversal","theWildCard:Polydeuces+1","blademaster:Sharpen+1","blademaster:Quickness+1","blademaster:SlyStabs","blademaster:Quickstep","blademaster:Blindside","Bandage Up","blademaster:DeadlyDance+1","blademaster:Flurry","blademaster:CombatPrep","blademaster:ColdBlood","CurseOfTheBell","blademaster:CombatPrep+1","theWildCard:Polydeuces+1","blademaster:AspectOfWind+1","ReplayTheSpireMod:Brewmster+1","blademaster:EyeOfTheTornado+1","blademaster:UnrelentingWind","blademaster:ParryingStrike","blademaster:Sharpen+1","blademaster:WindSlash","blademaster:Cut","blademaster:Rupture","blademaster:DancingEdge","blademaster:StanceMastery+1","blademaster:BrainBloom+1","blademaster:Vortex","ReplayTheSpireMod:Private Reserves","Enlightenment","ReplayUltimateDefense+1","blademaster:EyeOfTheStorm+1","blademaster:LeechingStrike+1","blademaster:DeadlyDance","blademaster:DaggerAndCloak+1","blademaster:Rupture+1","blademaster:DeadlyDance","blademaster:Frontflip+1","blademaster:Momentum+1"],"relics":["blademaster:DancersAmulet","NeowsBlessing","Blood Vial","Bag of Preparation","Potion Belt","Replay:Accelerometer","Calling Bell","Omamori","Frozen Egg 2","Counterbalance","Whetstone","Tiny Chest","Dream Catcher","ReplayTheSpireMod:Ring of Collecting","Ring of Fury","Fusion Hammer","Ring of Searing","Bottled Tornado","Ring of Panic","Iron Hammer","MawBank","Molten Egg 2","Orichalcum"],"acts_visited":["Exordium","TheCity","TheBeyond"],"potions_floor_usage":[6,11,16,16,16,20,20,20,20,24,24,24,24,24,27,27,27,27,27,28,28,28,33,33,33,35,35,35,40,40,40,40,42,42,46,46,46,46,46,46,46,50],"damage_taken":[{"damage":0,"enemies":"Jaw Worm","floor":1,"turns":1},{"damage":0,"enemies":"Cultist","floor":2,"turns":1},{"damage":0,"enemies":"Small Slimes","floor":4,"turns":1},{"damage":39,"enemies":"Gremlin Nob","floor":6,"turns":6},{"damage":1,"enemies":"Blue Slaver","floor":7,"turns":3},{"damage":13,"enemies":"Looter","floor":8,"turns":3},{"damage":21,"enemies":"3 Sentries","floor":11,"turns":7},{"damage":3,"enemies":"Exordium Wildlife","floor":13,"turns":4},{"damage":0,"enemies":"Red Slaver","floor":14,"turns":3},{"damage":13,"enemies":"Hexaghost","floor":16,"turns":8},{"damage":22,"enemies":"Shell Parasite","floor":18,"turns":6},{"damage":0,"enemies":"2 Thieves","floor":20,"turns":4},{"damage":27,"enemies":"Gremlin Leader","floor":24,"turns":5},{"damage":19,"enemies":"Snake Plant","floor":27,"turns":6},{"damage":8,"enemies":"Shelled Parasite and Fungi","floor":28,"turns":5},{"damage":0,"enemies":"Automaton","floor":33,"turns":7},{"damage":12,"enemies":"3 Darklings","floor":35,"turns":2},{"damage":10,"enemies":"Orb Walker","floor":38,"turns":3},{"damage":39,"enemies":"Reptomancer","floor":40,"turns":4},{"damage":0,"enemies":"3 Darklings","floor":42,"turns":3},{"damage":0,"enemies":"Transient","floor":46,"turns":5},{"damage":6,"enemies":"4 Shapes","floor":48,"turns":2},{"damage":21,"enemies":"Replay:Hell Engine","floor":50,"turns":6}],"seed_played":"-1606555035854025868","potions_obtained":[{"floor":4,"key":"Energy Potion"},{"floor":7,"key":"FearPotion"},{"floor":8,"key":"Strength Potion"},{"floor":11,"key":"Adrenaline Potion"},{"floor":14,"key":"Swift Potion"},{"floor":18,"key":"EntropicBrew"},{"floor":22,"key":"Weak Potion"},{"floor":27,"key":"Reflective Coating"},{"floor":33,"key":"DistilledChaos"},{"floor":35,"key":"ColorlessPotion"},{"floor":40,"key":"FearPotion"}],"is_trial":false,"path_per_floor":["M","M","?","M","?","E","M","M","T","$","E","R","M","M","R_BF","B",null,"M","?","M","$","?","R","E","R","T","M","M","R","?","$","R","B",null,"M","T","T","M","?","E","$","M","T","R","$","M","R","M","R","B",null],"character_chosen":"THE_BLADEMASTER","items_purchased":["blademaster:Quickstep","blademaster:Blindside","Bandage Up","Potion Belt","ReplayTheSpireMod:Brewmster+1","blademaster:Rupture","Molten Egg 2","blademaster:LeechingStrike+1"],"campfire_rested":5,"item_purchase_floors":[10,10,10,10,21,31,41,41],"current_hp_per_floor":[75,75,75,75,75,36,37,26,26,26,11,11,14,16,38,31,75,53,53,59,59,41,41,20,20,20,7,5,27,27,27,49,55,75,63,63,63,55,45,8,8,14,14,36,36,47,69,65,75,54],"gold":42,"neow_bonus":"THREE_ENEMY_KILL","is_daily":false,"chose_seed":false,"campfire_upgraded":3,"win_rate":0.0,"timestamp":1614170933,"path_taken":["M","M","?","M","?","E","?","M","T","$","E","R","M","M","R_BF","BOSS","M","?","?","$","?","R","E","R","T","M","M","R","?","?","R","BOSS","M","?","?","M","?","E","$","M","T","R","?","M","R","M","R","BOSS"],"items_purchased_type":["Card","Card","Card","Relic","Card","Card","Relic","Card"],"build_version":"2020-12-22","purchased_purges":2,"victory":true,"max_hp_per_floor":[75,75,75,75,75,75,75,75,75,75,75,75,75,75,75,75,75,75,75,75,75,75,75,75,75,75,75,75,75,75,75,75,75,75,75,75,75,75,75,75,75,75,75,75,75,75,75,75,75,75],"card_choices":[{"not_picked":["blademaster:Overcharge","blademaster:Havoc"],"picked":"blademaster:BloodyBlow","floor":1},{"not_picked":["blademaster:AwakeningStrike","blademaster:Rupture"],"picked":"blademaster:Reversal","floor":2},{"not_picked":["blademaster:AwakeningStrike","blademaster:Cut"],"picked":"blademaster:Sharpen","floor":4},{"not_picked":["blademaster:LeechingStrike","blademaster:AspectOfWind"],"picked":"blademaster:AspectOfLightning","floor":6},{"not_picked":["blademaster:AirSlash","blademaster:AwakeningDefend"],"picked":"blademaster:Quickness","floor":7},{"not_picked":["blademaster:Stability","blademaster:KiBarrier"],"picked":"blademaster:SlyStabs","floor":8},{"not_picked":["blademaster:AspectOfLightning","blademaster:Stormstrike"],"picked":"blademaster:DeadlyDance","floor":11},{"not_picked":["blademaster:AncestralHealing","blademaster:FuryOfTheElements"],"picked":"blademaster:Flurry","floor":13},{"not_picked":["blademaster:BloodyBlow","blademaster:FlockOfBlades"],"picked":"blademaster:CombatPrep","floor":14},{"not_picked":["blademaster:ThreePointStrike","blademaster:Flash"],"picked":"blademaster:ColdBlood","floor":16},{"not_picked":["blademaster:AwakeningDefend","blademaster:Stability+1"],"picked":"blademaster:CombatPrep+1","floor":18},{"not_picked":["blademaster:Safeguard","blademaster:AwakeningDefend+1"],"picked":"blademaster:AspectOfWind+1","floor":20},{"not_picked":["blademaster:AwakeningDefend+1","blademaster:Frontflip+1"],"picked":"blademaster:EyeOfTheTornado+1","floor":22},{"not_picked":["blademaster:FuriousStrike","blademaster:ParryingStrike"],"picked":"blademaster:UnrelentingWind","floor":22},{"not_picked":["blademaster:Safeguard","blademaster:FuriousStrike"],"picked":"blademaster:ParryingStrike","floor":24},{"not_picked":["blademaster:Meditate+1","blademaster:WindSlash"],"picked":"blademaster:Sharpen+1","floor":27},{"not_picked":["blademaster:LightningCrash","blademaster:Safeguard+1"],"picked":"blademaster:WindSlash","floor":28},{"not_picked":["blademaster:AirSlash","blademaster:Sharpen+1"],"picked":"blademaster:Cut","floor":29},{"not_picked":["blademaster:Frontflip","blademaster:ThunderingOpener"],"picked":"blademaster:DancingEdge","floor":32},{"not_picked":["blademaster:EnchantedCuirass+1","blademaster:FlockOfBlades+1"],"picked":"blademaster:StanceMastery+1","floor":33},{"not_picked":["blademaster:AspectOfWind","blademaster:DaggerAndCloak"],"picked":"blademaster:BrainBloom+1","floor":35},{"not_picked":["blademaster:ParryingStrike","blademaster:Quickstep+1"],"picked":"blademaster:Vortex","floor":38},{"not_picked":["Master of Strategy","Panacea"],"picked":"ReplayTheSpireMod:Private Reserves","floor":39},{"not_picked":["Bandage Up","HandOfGreed"],"picked":"Enlightenment","floor":39},{"not_picked":["HandOfGreed","Impatience"],"picked":"ReplayUltimateDefense+1","floor":39},{"not_picked":["blademaster:DeadlyDance","blademaster:ParryingStrike"],"picked":"blademaster:EyeOfTheStorm+1","floor":40},{"not_picked":["blademaster:WindSlash+1","blademaster:DragonStrike+1"],"picked":"blademaster:DeadlyDance","floor":42},{"not_picked":["blademaster:Slice+1","blademaster:Quickness+1"],"picked":"blademaster:DaggerAndCloak+1","floor":44},{"not_picked":["blademaster:BladeDance+1","blademaster:AspectOfLightning+1"],"picked":"blademaster:Rupture+1","floor":46},{"not_picked":["blademaster:Vortex+1","blademaster:AspectOfLightning"],"picked":"blademaster:DeadlyDance","floor":47},{"not_picked":["blademaster:EyeOfTheStorm+1","blademaster:Sunder+1"],"picked":"blademaster:Frontflip+1","floor":48},{"not_picked":["blademaster:Flurry","blademaster:DancingEdge+1"],"picked":"blademaster:Momentum+1","floor":49}],"player_experience":60078,"relics_obtained":[{"floor":6,"key":"blademaster:RandomBladePerk"},{"floor":6,"key":"Blood Vial"},{"floor":9,"key":"Bag of Preparation"},{"floor":11,"key":"blademaster:WindChargePerk"},{"floor":11,"key":"Replay:Accelerometer"},{"floor":17,"key":"Omamori"},{"floor":17,"key":"Frozen Egg 2"},{"floor":17,"key":"Counterbalance"},{"floor":22,"key":"Whetstone"},{"floor":24,"key":"Tiny Chest"},{"floor":24,"key":"blademaster:BleedingMoreDamagePerk"},{"floor":26,"key":"Dream Catcher"},{"floor":30,"key":"ReplayTheSpireMod:Ring of Collecting"},{"floor":30,"key":"Ring of Fury"},{"floor":36,"key":"Ring of Searing"},{"floor":36,"key":"Bottled Tornado"},{"floor":37,"key":"Ring of Panic"},{"floor":37,"key":"Iron Hammer"},{"floor":40,"key":"MawBank"},{"floor":40,"key":"blademaster:ComboEveryTurnPerk"},{"floor":43,"key":"Orichalcum"}],"event_choices":[{"damage_healed":0,"gold_gain":275,"player_choice":"Desecrate","damage_taken":0,"max_hp_gain":0,"max_hp_loss":0,"event_name":"Golden Shrine","floor":5,"gold_loss":0,"cards_obtained":["Regret"]},{"damage_healed":0,"gold_gain":0,"player_choice":"Copied","damage_taken":0,"max_hp_gain":0,"max_hp_loss":0,"event_name":"Duplicator","floor":19,"gold_loss":0,"cards_obtained":["theWildCard:Polydeuces"]},{"damage_healed":0,"gold_gain":0,"player_choice":"Memory 3","damage_taken":10,"max_hp_gain":0,"max_hp_loss":0,"event_name":"SensoryStone","floor":39,"gold_loss":0}],"is_beta":false,"boss_relics":[{"not_picked":["Replay:Wanted Poster","Kintsugi"],"picked":"Calling Bell"},{"not_picked":["Painkiller Herb","Snecko Eye"],"picked":"Fusion Hammer"}],"items_purged_floors":[10,31],"is_endless":false,"potions_floor_spawned":[4,6,7,8,11,14,18,27,33,35,40],"ascension_level":0}}