{"host":"y087t2reloz9bi43","time":1614165910,"event":{"mods":["2.2 Compatiblity","AchievementEnabler","Aspiration","BaseMod","Bestiary","Better Note","Better Vampires","BetterRewards","ChefMod","Colored Map","Colored Powertips","Conspire","Downfall","GifTheSpireLib","Gold Saver","Halation","Hubris","Infinite Spire","Jedi Mod","Mimic Mod","Minty Spire (QoL Compilation)","Permanent Neow","Rare Cards Sparkle","Relic Stats","Reliquary","Replay The Spire","Shop Mod","StSLib","The Runesmith","The Servant 0.9.4","TheFirefly","Transform Curses","Uncapped","everything is the same but u backflip on backflip"],"gold_per_floor":[196,196,71,171,190,221,221,249,285,285,304,338,353,367,367,367,367,467,467,485,485,485,585,596,608,608,358,390,390,390],"floor_reached":29,"language":"ENG","playtime":3632,"items_purged":["chefmod:Strike","chefmod:Strike"],"score":241,"play_id":"3383fbad-9248-4e76-91f2-128eb9382f0b","local_time":"20210224112510","is_ascension_mode":false,"campfire_choices":[{"data":"chefmod:QuickThaw","floor":7.0,"key":"SMITH"},{"data":"chefmod:Escargot","floor":10.0,"key":"SMITH"},{"data":"chefmod:FreezerBurn","floor":17.0,"key":"SMITH"},{"data":"chefmod:OldCookbook","floor":26,"key":"SMITH"}],"circlet_count":0,"master_deck":["chefmod:QuickThaw+1","chefmod:Defend","chefmod:Defend","chefmod:Defend","chefmod:Defend","chefmod:TodaysSpecial","chefmod:Chop","chefmod:IcePick","chefmod:SpaghettiCarbonara","chefmod:ColdSteel","chefmod:Granita","chefmod:Escargot+1","chefmod:Chop","chefmod:OldCookbook+1","chefmod:FreezerBurn+1","chefmod:Mince","chefmod:HotSoup","chefmod:Tenderizer","chefmod:IcePick","chefmod:Omelette","chefmod:BaoBuns"],"relics":["chefmod:TrustyPot","aspiration:Nostalgia","Uniform","Replay:Bottled Flurry","Bag of Marbles","Omamori","Pantograph","hubris:Backtick","chefmod:Spatula","Ice Cream","Pen Nib","The Courier"],"acts_visited":["Exordium","TheCity"],"potions_floor_usage":[29],"damage_taken":[{"damage":2.0,"enemies":"conspire:RoseBush","floor":1.0,"turns":3.0},{"damage":0.0,"enemies":"Small Slimes","floor":5.0,"turns":3.0},{"damage":6.0,"enemies":"Replay:BlueRogue","floor":6.0,"turns":7.0},{"damage":4.0,"enemies":"Gremlin Nob","floor":8.0,"turns":4.0},{"damage":0.0,"enemies":"infinitespire:Voidling","floor":9.0,"turns":7.0},{"damage":3.0,"enemies":"infinitespire:Voidling","floor":11.0,"turns":2.0},{"damage":4.0,"enemies":"Replay:BlueRogue","floor":12.0,"turns":5.0},{"damage":1.0,"enemies":"Exordium Thugs","floor":13.0,"turns":4.0},{"damage":14.0,"enemies":"conspire:2 RoseBushes","floor":14.0,"turns":5.0},{"damage":20.0,"enemies":"The Guardian","floor":18.0,"turns":6.0},{"damage":13,"enemies":"Chosen","floor":20,"turns":6},{"damage":0,"enemies":"conspire:FuzzyDice","floor":24,"turns":4},{"damage":24,"enemies":"Sentry and Sphere","floor":25,"turns":5},{"damage":1,"enemies":"Centurion and Healer","floor":28,"turns":3},{"damage":40,"enemies":"Book of Stabbing","floor":29,"turns":5}],"seed_played":"6305087360766377660","potions_obtained":[{"floor":11.0,"key":"Elixir"},{"floor":12.0,"key":"Guardian:BlockOnCardUsePotion"},{"floor":13.0,"key":"ColorlessPotion"},{"floor":24,"key":"SpeedPotion"}],"is_trial":false,"path_per_floor":["M","?","$","?","M","E","R","E","MIM","R","M","E","M","M","R_BF","PTL","R","B",null,"M","?","?","?","M","M","R","$","MIM","E"],"character_chosen":"THE_CHEF","items_purchased":["chefmod:IcePick","Pen Nib"],"campfire_rested":0,"item_purchase_floors":[3,27],"current_hp_per_floor":[74,74,74,74,74,68,68,64,64,64,61,57,56,42,42,42,42,47,76,63,63,63,63,63,39,39,39,38,0,0],"gold":390,"neow_bonus":"NOSTALGIA","is_daily":false,"chose_seed":false,"campfire_upgraded":4,"win_rate":0.0,"timestamp":1614165910,"path_taken":["M","?","$","?","M","E","R","E","MIM","R","?","E","M","M","R_BF","PTL","R","BOSS","M","?","?","?","M","M","R","$","MIM","E"],"items_purchased_type":["Card","Relic"],"build_version":"2020-12-22","purchased_purges":2,"victory":false,"max_hp_per_floor":[76,76,76,76,76,76,76,76,76,76,76,76,76,76,76,76,76,76,76,76,76,76,76,76,76,76,76,76,76,76],"relic_stats":{"counters":[15,69],"Pantograph":25,"Pen Nib":[1],"obtain_stats":[{"Ice Cream":22,"chefmod:TrustyPot":0,"aspiration:Nostalgia":0,"jedi:command_rare":22,"Pen Nib":27,"The Courier":28,"Uniform":0,"Omamori":9,"chefmod:Spatula":19,"hubris:Backtick":19,"Pantograph":12,"Replay:Bottled Flurry":6,"Bag of Marbles":8},{"Ice Cream":11,"chefmod:TrustyPot":0,"aspiration:Nostalgia":0,"jedi:command_rare":11,"Pen Nib":13,"The Courier":14,"Uniform":0,"Omamori":5,"chefmod:Spatula":10,"hubris:Backtick":10,"Pantograph":7,"Replay:Bottled Flurry":3,"Bag of Marbles":4},{"Ice Cream":52,"chefmod:TrustyPot":0,"aspiration:Nostalgia":0,"jedi:command_rare":52,"Pen Nib":61,"The Courier":64,"Uniform":0,"Omamori":24,"chefmod:Spatula":46,"hubris:Backtick":46,"Pantograph":31,"Replay:Bottled Flurry":13,"Bag of Marbles":17}]},"card_choices":[{"not_picked":["chefmod:Fillet","chefmod:TonkotsuRamen"],"picked":"chefmod:Chop","floor":1.0},{"not_picked":["chefmod:Ratatouille","chefmod:DoubleChop"],"picked":"chefmod:SpaghettiCarbonara","floor":5.0},{"not_picked":["chefmod:TonkotsuRamen","chefmod:Omelette"],"picked":"chefmod:ColdSteel","floor":6.0},{"not_picked":["chefmod:Gelato","chefmod:BleedOut"],"picked":"chefmod:Granita","floor":8.0},{"not_picked":["chefmod:Tenderizer","chefmod:FireUp"],"picked":"chefmod:Escargot","floor":9.0},{"not_picked":["chefmod:AlooGobi","chefmod:GroceryDelivery"],"picked":"chefmod:Chop","floor":11.0},{"not_picked":["chefmod:FreezeSolid","chefmod:DimSum"],"picked":"chefmod:OldCookbook","floor":12.0},{"not_picked":["chefmod:FryPan","chefmod:ZaruSoba"],"picked":"chefmod:FreezerBurn","floor":13.0},{"not_picked":["chefmod:Escargot","chefmod:SaveForLater","chefmod:FireUp"],"picked":"SKIP","floor":14.0},{"not_picked":["chefmod:Canape","chefmod:PrepCook"],"picked":"chefmod:Mince","floor":18.0},{"not_picked":["chefmod:Granita","chefmod:Puree+1"],"picked":"chefmod:HotSoup","floor":20},{"not_picked":["chefmod:FryPan+1","chefmod:Granita"],"picked":"chefmod:IcePick","floor":24},{"not_picked":["chefmod:HotSoup","chefmod:ZaruSoba"],"picked":"chefmod:Omelette","floor":25},{"not_picked":["chefmod:Cleavers","chefmod:SliceAndDice"],"picked":"chefmod:BaoBuns","floor":28}],"player_experience":370552,"relics_obtained":[{"floor":6.0,"key":"Replay:Bottled Flurry"},{"floor":8.0,"key":"Bag of Marbles"},{"floor":9.0,"key":"Omamori"},{"floor":12.0,"key":"Pantograph"},{"floor":28,"key":"The Courier"}],"event_choices":[{"cards_removed":["chefmod:Strike"],"damage_healed":0.0,"max_hp_gain":0.0,"max_hp_loss":0.0,"gold_gain":0.0,"event_name":"Living Wall","player_choice":"Forget","floor":2.0,"gold_loss":0.0,"damage_taken":0.0},{"damage_healed":0.0,"max_hp_gain":0.0,"max_hp_loss":0.0,"gold_gain":100.0,"event_name":"Golden Shrine","player_choice":"Pray","floor":4.0,"gold_loss":0.0,"damage_taken":0.0},{"damage_healed":0,"gold_gain":0,"cards_transformed":["chefmod:Strike"],"player_choice":"Transformed","damage_taken":0,"max_hp_gain":0,"max_hp_loss":0,"event_name":"Transmorgrifier","floor":21,"gold_loss":0,"cards_obtained":["chefmod:Tenderizer"]},{"damage_healed":0,"gold_gain":100,"player_choice":"Pray","damage_taken":0,"max_hp_gain":0,"max_hp_loss":0,"event_name":"Golden Shrine","floor":23,"gold_loss":0}],"is_beta":false,"boss_relics":[{"not_picked":["hubris:BlackHole","hubris:RunicObelisk"],"picked":"hubris:Backtick"}],"items_purged_floors":[3,27],"is_endless":false,"potions_floor_spawned":[11,12,13,14,24],"killed_by":"Book of Stabbing","ascension_level":0}}