{"host":"wq5h7jomr5a1xww7","time":1614184400,"event":{"mods":["BaseMod","Highlight Path","Minty Spire (QoL Compilation)","Monster List Patch","Relic Stats","Replay The Spire","StSLib"],"gold_per_floor":[116,130,130,84,96,115,129,129,142,167,167,177,201,201,201,201,201,228,256,37,55,29,46,46,145,145,161,172,97,115,81,92,106,21,52,52,70,104,104,104,127,146,162,178,211,211,221,236,67,67,263,263,367,367,367,463,463,482,500,722,737,753,753,772,822,822,857,903,903,930,977,1032,1032,1117,1195,1235,1270,786,856,926,926,1002,1002,1032,1032,1032,1092,1092,1092,733,759,819],"floor_reached":93,"language":"ENG","playtime":4724,"items_purged":["Normality","Normality","LessonLearned+1"],"score":2639,"play_id":"c333c802-42f4-4a05-8d08-57676d0dd410","local_time":"20210224103320","is_ascension_mode":true,"campfire_choices":[{"data":"Replay:Hum","floor":8,"key":"SMITH"},{"floor":11,"key":"REST"},{"floor":24,"key":"REST"},{"data":"Omniscience","floor":36,"key":"SMITH"},{"floor":52,"key":"REST"},{"data":"TalkToTheHand","floor":55,"key":"SMITH"},{"data":"Fasting2","floor":66,"key":"SMITH"},{"floor":69,"key":"RECALL"},{"data":"Ragnarok","floor":83,"key":"SMITH"},{"data":"ReachHeaven","floor":85,"key":"SMITH"},{"data":"LessonLearned","floor":86,"key":"SMITH"},{"data":"JustLucky","floor":89,"key":"SMITH"}],"circlet_count":0,"master_deck":["Strike_P+1","Defend_P+1","Defend_P+1","Defend_P+1","Eruption+1","Vigilance+1","Panache+1","Wireheading+1","FlurryOfBlows+1","EmptyFist+1","JustLucky+1","Replay:Hum+1","FlurryOfBlows+1","Ragnarok+1","FearNoEvil+1","ThirdEye+1","ReachHeaven+1","Protect+1","Blasphemy+1","Wallop+1","BowlingBash+1","Adaptation+1","Evaluate+1","Omniscience+1","WaveOfTheHand+1","Replay:DivineShield+1","Tantrum+1","WheelKick+1","Replay:ManipulateFuture+1","Fasting2+1","Vault+1","Crow Ritual+1","ReplayTheSpireMod:Splinters","TalkToTheHand+1","Omniscience+1","Replay:AllIn+1","Replay:Cycle+1","Omniscience+1","Wish+1","Midas Touch+1","Bandage Up+1","Finesse+1","Halt+1","MentalFortress"],"relics":["PureWater","StoneCalendar","Centennial Puzzle","Replay:WaspNest","Bottled Lightning","Happy Flower","Pen Nib","Sling","Replay:Grab Bag","Sozu","Painkiller Herb","Black Star","Ancient Tea Set","Replay:Mystery Machine","Boot","Pear","Incense Burner","Golden Egg","Red Mask","ReplayTheSpireMod:Ninjato","Runic Pyramid","Replay:Drink Me","Ring of Fury","Ring of Searing","Pondfish Scales","Pet Ghost","Bottled Flame","TungstenRod","Bag of Preparation","ReplayTheSpireMod:Lightbulb","Whetstone","Replay:Bottled Flurry","Vajra","War Paint","Strawberry","Membership Card","Blood Vial","Damaru","Simple Rune","Lantern","Frozen Eye","Divine Protection","Snack Pack"],"acts_visited":["Exordium","TheCity","TheBeyond","TheEnding"],"potions_floor_usage":[25,35],"damage_taken":[{"damage":0,"enemies":"Cultist","floor":1,"turns":2},{"damage":0,"enemies":"2 Louse","floor":2,"turns":4},{"damage":0,"enemies":"Small Slimes","floor":5,"turns":2},{"damage":4,"enemies":"Exordium Thugs","floor":6,"turns":3},{"damage":0,"enemies":"Large Slime","floor":7,"turns":5},{"damage":0,"enemies":"Blue Slaver","floor":9,"turns":3},{"damage":31,"enemies":"Lagavulin","floor":10,"turns":5},{"damage":1,"enemies":"Exordium Wildlife","floor":12,"turns":4},{"damage":14,"enemies":"3 Sentries","floor":19,"turns":3},{"damage":0,"enemies":"2 Fungi Beasts","floor":21,"turns":2},{"damage":5,"enemies":"Blue Slaver","floor":23,"turns":2},{"damage":9,"enemies":"The Guardian","floor":25,"turns":8},{"damage":0,"enemies":"Shell Parasite","floor":27,"turns":1},{"damage":0,"enemies":"Spheric Guardian","floor":28,"turns":2},{"damage":0,"enemies":"Cultist and Chosen","floor":30,"turns":3},{"damage":8,"enemies":"Sentry and Sphere","floor":32,"turns":4},{"damage":5,"enemies":"Centurion and Healer","floor":33,"turns":3},{"damage":6,"enemies":"Slavers","floor":35,"turns":2},{"damage":0,"enemies":"Snake Plant","floor":37,"turns":2},{"damage":0,"enemies":"Gremlin Leader","floor":38,"turns":2},{"damage":4,"enemies":"Cultist and Chosen","floor":42,"turns":4},{"damage":12,"enemies":"Centurion and Healer","floor":43,"turns":2},{"damage":0,"enemies":"3 Cultists","floor":44,"turns":3},{"damage":0,"enemies":"Masked Bandits","floor":45,"turns":2},{"damage":0,"enemies":"Snake Plant","floor":47,"turns":1},{"damage":0,"enemies":"Shelled Parasite and Fungi","floor":48,"turns":2},{"damage":5,"enemies":"Champ","floor":53,"turns":3},{"damage":41,"enemies":"Champ","floor":56,"turns":3},{"damage":1,"enemies":"Orb Walker","floor":58,"turns":2},{"damage":0,"enemies":"3 Darklings","floor":59,"turns":1},{"damage":4,"enemies":"Jaw Worm Horde","floor":61,"turns":2},{"damage":0,"enemies":"Maw","floor":62,"turns":3},{"damage":1,"enemies":"3 Darklings","floor":64,"turns":2},{"damage":0,"enemies":"Mind Bloom Boss Battle","floor":65,"turns":1},{"damage":0,"enemies":"Giant Head","floor":67,"turns":1},{"damage":0,"enemies":"2 Orb Walkers","floor":68,"turns":1},{"damage":4,"enemies":"Nemesis","floor":70,"turns":2},{"damage":14,"enemies":"4 Shapes","floor":71,"turns":6},{"damage":0,"enemies":"Reptomancer","floor":74,"turns":1},{"damage":0,"enemies":"Sphere and 2 Shapes","floor":75,"turns":1},{"damage":0,"enemies":"Maw","floor":76,"turns":5},{"damage":0,"enemies":"R_Hoarder","floor":77,"turns":2},{"damage":4,"enemies":"4 Shapes","floor":79,"turns":3},{"damage":4,"enemies":"Jaw Worm Horde","floor":80,"turns":2},{"damage":0,"enemies":"3 Darklings","floor":82,"turns":1},{"damage":8,"enemies":"Time Eater","floor":84,"turns":3},{"damage":4,"enemies":"Time Eater","floor":87,"turns":2},{"damage":0,"enemies":"Shield and Spear","floor":91,"turns":1},{"damage":1,"enemies":"The Heart","floor":92,"turns":4}],"seed_played":"-6230467268786192497","potions_obtained":[{"floor":1,"key":"BottledMiracle"},{"floor":5,"key":"BottledMiracle"},{"floor":10,"key":"Weak Potion"},{"floor":19,"key":"Strength Potion"},{"floor":25,"key":"SteroidPotion"}],"is_trial":false,"path_per_floor":["M","M","?","$","M","M","M","R","M","E","R","M","T","T","T","PTL","PTL","T","E","$","M","$","M","R","B",null,"?","?","?","?","T","?","?","?","E","T","?","E","?","T","T","?","?","?","?","T","?","?","T","T","?","T","B",null,"T","B",null,"?","?","?","?","?","?","?","?","T","E","?","T","E","?","T","T","E","?","?","E","T","?","?","?","?","T","B","T","T","B",null,"T","T","E","B",null],"character_chosen":"WATCHER","items_purchased":["EmptyFist","Sling","Protect","Adaptation","Crow Ritual","Membership Card","Blood Vial","Damaru","Midas Touch","Bandage Up","Simple Rune","Lantern","Frozen Eye","Finesse","Halt"],"campfire_rested":3,"item_purchase_floors":[4,20,22,31,49,78,78,78,78,78,90,90,90,90,90],"current_hp_per_floor":[72,72,72,72,72,68,68,68,68,37,58,57,57,57,57,57,57,57,43,43,43,43,38,59,50,72,72,72,72,72,72,64,59,59,53,53,53,63,63,63,63,59,47,47,47,47,47,47,47,47,47,71,66,66,66,25,62,61,61,61,57,57,57,56,56,56,56,56,56,52,38,38,38,38,38,38,45,45,55,65,65,67,67,61,61,61,59,69,69,69,69,69],"gold":819,"neow_bonus":"RANDOM_COLORLESS_2","is_daily":false,"chose_seed":false,"campfire_upgraded":8,"win_rate":0.0,"timestamp":1614184400,"path_taken":["M","M","?","$","?","M","M","R","M","E","R","M","T","T","T","PTL","PTL","T","E","$","?","?","M","R","BOSS","?","?","?","?","T","?","?","?","E","T","?","E","?","T","T","?","?","?","?","?","?","?","?","T","?","T","BOSS","T","BOSS","?","?","?","?","?","?","?","?","T","E","?","T","E","?","T","T","E","?","?","E","T","?","?","?","?","T","BOSS","T","T","BOSS","T","T","E","BOSS"],"items_purchased_type":["Card","Relic","Card","Card","Card","Relic","Relic","Relic","Card","Card","Relic","Relic","Relic","Card","Card"],"build_version":"2020-12-22","purchased_purges":3,"victory":true,"max_hp_per_floor":[72,72,72,72,72,72,72,72,72,72,72,72,72,72,72,72,72,72,72,72,72,72,72,72,72,72,72,72,72,72,72,72,72,72,72,72,72,82,82,82,82,82,82,82,82,82,82,82,82,82,82,82,82,82,82,82,62,62,62,62,62,62,62,62,62,62,62,62,62,62,62,62,62,62,62,62,69,69,69,69,69,69,69,69,69,69,69,69,69,69,69,69],"relic_stats":{"Happy Flower":[33],"counters":[49,128],"StoneCalendar":[52],"Pen Nib":[24],"Bag of Preparation":[24],"Whetstone":["Strike_P","BowlingBash"],"War Paint":["Evaluate","Blasphemy"],"Boot":[2],"Sozu":16,"Blood Vial":10,"Centennial Puzzle":[59],"Black Star":7,"obtain_stats":[{"Golden Egg":40,"Divine Protection":91,"Lantern":90,"Vajra":74,"StoneCalendar":10,"Painkiller Herb":26,"Incense Burner":38,"Bag of Preparation":70,"Whetstone":72,"Replay:Mystery Machine":35,"Sling":20,"Ancient Tea Set":34,"Boot":35,"Pet Ghost":67,"Ring of Searing":63,"Sozu":26,"Blood Vial":78,"Frozen Eye":90,"Centennial Puzzle":13,"Strawberry":77,"Red Mask":45,"Replay:Bottled Flurry":73,"Replay:Drink Me":57,"Runic Pyramid":54,"Pear":38,"ReplayTheSpireMod:Ninjato":46,"Happy Flower":18,"Replay:Grab Bag":26,"Damaru":78,"Replay:WaspNest":14,"Pen Nib":19,"War Paint":74,"Pondfish Scales":65,"Bottled Flame":67,"Ring of Fury":63,"Simple Rune":90,"Black Star":26,"Snack Pack":91,"Bottled Lightning":15,"Membership Card":78,"PureWater":0,"ReplayTheSpireMod:Lightbulb":70,"TungstenRod":68},{"Golden Egg":20,"Divine Protection":48,"Lantern":47,"Vajra":39,"StoneCalendar":7,"Painkiller Herb":12,"Incense Burner":20,"Bag of Preparation":37,"Whetstone":38,"Replay:Mystery Machine":18,"Sling":9,"Ancient Tea Set":17,"Boot":18,"Pet Ghost":35,"Ring of Searing":32,"Sozu":12,"Blood Vial":42,"Frozen Eye":47,"Centennial Puzzle":8,"Strawberry":42,"Red Mask":24,"Replay:Bottled Flurry":38,"Replay:Drink Me":28,"Runic Pyramid":27,"Pear":20,"ReplayTheSpireMod:Ninjato":24,"Happy Flower":8,"Replay:Grab Bag":12,"Damaru":42,"Replay:WaspNest":8,"Pen Nib":9,"War Paint":39,"Pondfish Scales":34,"Bottled Flame":35,"Ring of Fury":32,"Simple Rune":47,"Black Star":12,"Snack Pack":48,"Bottled Lightning":8,"Membership Card":42,"PureWater":0,"ReplayTheSpireMod:Lightbulb":37,"TungstenRod":36},{"Golden Egg":62,"Divine Protection":124,"Lantern":123,"Vajra":104,"StoneCalendar":24,"Painkiller Herb":43,"Incense Burner":62,"Bag of Preparation":97,"Whetstone":103,"Replay:Mystery Machine":58,"Sling":31,"Ancient Tea Set":56,"Boot":58,"Pet Ghost":94,"Ring of Searing":90,"Sozu":43,"Blood Vial":112,"Frozen Eye":123,"Centennial Puzzle":28,"Strawberry":112,"Red Mask":73,"Replay:Bottled Flurry":103,"Replay:Drink Me":82,"Runic Pyramid":79,"Pear":62,"ReplayTheSpireMod:Ninjato":73,"Happy Flower":28,"Replay:Grab Bag":43,"Damaru":112,"Replay:WaspNest":28,"Pen Nib":31,"War Paint":104,"Pondfish Scales":93,"Bottled Flame":94,"Ring of Fury":90,"Simple Rune":123,"Black Star":43,"Snack Pack":124,"Bottled Lightning":28,"Membership Card":112,"PureWater":0,"ReplayTheSpireMod:Lightbulb":97,"TungstenRod":95}],"TungstenRod":11},"card_choices":[{"not_picked":["Thinking Ahead","Violence"],"picked":"Panache","floor":0},{"not_picked":["Crescendo","Sanctity"],"picked":"Wireheading","floor":1},{"not_picked":["Adaptation","Replay:Anticipation"],"picked":"FlurryOfBlows","floor":2},{"not_picked":["Replay:AtTheReady","Sanctity"],"picked":"JustLucky","floor":5},{"not_picked":["Replay:BluntJabs","BowlingBash"],"picked":"Replay:Hum","floor":7},{"not_picked":["Halt","Evaluate"],"picked":"FlurryOfBlows","floor":9},{"not_picked":["FollowUp","DeceiveReality"],"picked":"Ragnarok","floor":10},{"not_picked":["Perseverance","WreathOfFlame"],"picked":"FearNoEvil","floor":12},{"not_picked":["CrushJoints","EmptyFist"],"picked":"ThirdEye","floor":19},{"not_picked":["Crescendo","Replay:AtTheReady"],"picked":"ReachHeaven","floor":21},{"not_picked":["EmptyBody","Nirvana"],"picked":"LessonLearned","floor":23},{"not_picked":["SpiritShield","Scrawl"],"picked":"Blasphemy","floor":25},{"not_picked":["PathToVictory","Crescendo+1"],"picked":"Wallop","floor":27},{"not_picked":["LikeWater","PathToVictory+1","FollowUp"],"picked":"SKIP","floor":28},{"not_picked":["Replay:BluntJabs","Pray"],"picked":"BowlingBash","floor":30},{"not_picked":["EmptyBody","EmptyFist"],"picked":"Evaluate","floor":32},{"not_picked":["SashWhip+1","Fasting2"],"picked":"Omniscience","floor":35},{"not_picked":["FlurryOfBlows+1","Protect+1"],"picked":"WaveOfTheHand","floor":37},{"not_picked":["Replay:AtTheReady","Pray"],"picked":"Replay:DivineShield","floor":38},{"not_picked":["Worship","EmptyBody"],"picked":"WheelKick","floor":43},{"not_picked":["CrushJoints","SashWhip"],"picked":"Replay:ManipulateFuture+1","floor":44},{"not_picked":["Halt","ReachHeaven+1"],"picked":"Fasting2","floor":45},{"not_picked":["Protect","FollowUp","Prostrate"],"picked":"SKIP","floor":47},{"not_picked":["SashWhip","FlyingSleeves+1"],"picked":"Vault","floor":48},{"not_picked":["FlyingSleeves","Crescendo+1"],"picked":"TalkToTheHand","floor":51},{"not_picked":["Brilliance","Scrawl"],"picked":"Omniscience","floor":53},{"not_picked":["Vault","LessonLearned"],"picked":"Replay:AllIn","floor":56},{"not_picked":["Replay:ManipulateFuture","WindmillStrike"],"picked":"Replay:Cycle+1","floor":58},{"not_picked":["WreathOfFlame+1","Replay:AtTheReady+1","BattleHymn"],"picked":"SKIP","floor":59},{"not_picked":["BowlingBash+1","Halt+1","CutThroughFate"],"picked":"SKIP","floor":61},{"not_picked":["Sanctity","CrushJoints+1"],"picked":"Omniscience","floor":67},{"not_picked":["Pray","SandsOfTime+1"],"picked":"Wish","floor":70},{"not_picked":["Evaluate","Halt+1","Establishment"],"picked":"SKIP","floor":74},{"not_picked":["Brilliance","FlurryOfBlows+1"],"picked":"Weave+1","floor":77},{"not_picked":["JustLucky+1","SashWhip+1","ThirdEye"],"picked":"SKIP","floor":79},{"not_picked":["Worship","SandsOfTime","EmptyBody+1"],"picked":"SKIP","floor":80},{"not_picked":["Replay:ManipulateFuture+1","SandsOfTime"],"picked":"MentalFortress","floor":91}],"player_experience":134957,"relics_obtained":[{"floor":10,"key":"StoneCalendar"},{"floor":13,"key":"Centennial Puzzle"},{"floor":14,"key":"Replay:WaspNest"},{"floor":15,"key":"Bottled Lightning"},{"floor":18,"key":"Happy Flower"},{"floor":19,"key":"Pen Nib"},{"floor":35,"key":"Replay:Mystery Machine"},{"floor":35,"key":"Boot"},{"floor":38,"key":"Pear"},{"floor":38,"key":"Incense Burner"},{"floor":40,"key":"Golden Egg"},{"floor":45,"key":"Red Mask"},{"floor":46,"key":"ReplayTheSpireMod:Ninjato"},{"floor":63,"key":"Ring of Fury"},{"floor":63,"key":"Ring of Searing"},{"floor":65,"key":"Pondfish Scales"},{"floor":67,"key":"Pet Ghost"},{"floor":67,"key":"Bottled Flame"},{"floor":68,"key":"TungstenRod"},{"floor":70,"key":"Bag of Preparation"},{"floor":70,"key":"ReplayTheSpireMod:Lightbulb"},{"floor":72,"key":"Whetstone"},{"floor":73,"key":"Replay:Bottled Flurry"},{"floor":74,"key":"Vajra"},{"floor":74,"key":"War Paint"},{"floor":77,"key":"Strawberry"},{"floor":91,"key":"Divine Protection"},{"floor":91,"key":"Snack Pack"}],"event_choices":[{"damage_healed":0,"gold_gain":0,"player_choice":"Forge","damage_taken":0,"max_hp_gain":0,"max_hp_loss":0,"event_name":"Accursed Blacksmith","floor":3,"gold_loss":0,"cards_upgraded":["Eruption"]},{"cards_removed":["Strike_P"],"damage_healed":0,"gold_gain":0,"player_choice":"Gave Gold","damage_taken":0,"max_hp_gain":0,"max_hp_loss":0,"event_name":"Beggar","floor":29,"gold_loss":75},{"damage_healed":0,"gold_gain":0,"player_choice":"Obtained Relic","damage_taken":0,"relics_obtained":["Ancient Tea Set"],"max_hp_gain":0,"max_hp_loss":0,"event_name":"Addict","floor":34,"gold_loss":85},{"damage_healed":0,"gold_gain":0,"player_choice":"Read","damage_taken":0,"max_hp_gain":0,"max_hp_loss":0,"event_name":"The Library","floor":39,"gold_loss":0,"cards_obtained":["Tantrum"]},{"damage_healed":0,"gold_gain":0,"player_choice":"Fought Bandits","damage_taken":0,"max_hp_gain":0,"max_hp_loss":0,"event_name":"Masked Bandits","floor":45,"gold_loss":0},{"damage_healed":0,"gold_gain":222,"player_choice":"Wore Mask","damage_taken":0,"max_hp_gain":0,"max_hp_loss":0,"event_name":"Tomb of Lord Red Mask","floor":60,"gold_loss":0},{"damage_healed":0,"gold_gain":0,"player_choice":"Fight","damage_taken":0,"max_hp_gain":0,"max_hp_loss":0,"event_name":"MindBloom","floor":65,"gold_loss":0},{"damage_healed":0,"gold_gain":0,"player_choice":"Fight","damage_taken":0,"max_hp_gain":0,"max_hp_loss":0,"event_name":"Mysterious Sphere","floor":68,"gold_loss":0},{"cards_removed":["Weave"],"damage_healed":0,"gold_gain":0,"player_choice":"Removed Attack","damage_taken":0,"max_hp_gain":0,"max_hp_loss":0,"event_name":"Falling","floor":81,"gold_loss":0}],"is_beta":false,"boss_relics":[{"not_picked":["Honey Jar","Calling Bell"],"picked":"Replay:Grab Bag"},{"not_picked":["Busted Crown","Fusion Hammer"],"picked":"Sozu"},{"not_picked":["ReplayTheSpireMod:Onyx Gauntlets","Ectoplasm"],"picked":"Painkiller Herb"},{"not_picked":["Empty Cage","Snecko Heart"],"picked":"Black Star"},{"not_picked":["Snecko Eye","Tiny House"],"picked":"Runic Pyramid"},{"not_picked":["SacredBark","VioletLotus"],"picked":"Replay:Drink Me"}],"items_purged_floors":[20,78,90],"is_endless":false,"potions_floor_spawned":[1,5,10,19,25,27,35,37,42,43,44,45,53,58,61,64,68,70,71,74,82],"ascension_level":1}}