{"host":"dh4nu8nelr2izibb","time":1614201972,"event":{"mods":["BaseMod","Better Skull","Better Third Choice","Card Filter","Card Forge","Curses Come First","Displayed Cursed Tome","Extra Virgin Snecko Oil","HololiveMod","Marisa????????","Minty Spire (QoL Compilation)","Poor People Problems","Quick Restart","Relic Filter","Reliquary","StSLib","The Servant 0.9.4","WarShipGirlsR/????R mod","Yakumo Yukari mod"],"gold_per_floor":[115,115,128,146,166,166,179,179,204,204,214,214,233,265,265,364,364,364],"floor_reached":17,"language":"ENG","playtime":471,"items_purged":[],"score":374,"play_id":"35b25cbf-3165-463b-81db-088a6b85a574","local_time":"20210224162612","is_ascension_mode":true,"campfire_choices":[{"data":"Exchange","floor":6.0,"key":"SMITH"},{"data":"DoubleEdge","floor":8.0,"key":"SMITH"},{"floor":10.0,"key":"REST"},{"data":"Gouge","floor":12.0,"key":"SMITH"},{"data":"Ricochet","floor":15.0,"key":"SMITH"}],"circlet_count":0,"master_deck":["AscendersBane","Strike_S","Strike_S","Strike_S","Strike_S","Defend_S","Defend_S","Defend_S","Defend_S","KidneyShot","Exchange+1","Doubt","Gouge+1","Doubt","Unruled","Defy+1","DoubleEdge+1","Ricochet+1","Defy","BottledTime","Defy","TheWorld"],"relics":["Uniform","Hammer of Thor","Seething Fire","Anvil of the Gods","Du-Vu Doll","Smiling Mask","Mummified Hand","Hololive_Finger"],"acts_visited":["Exordium","TheCity"],"potions_floor_usage":[16],"damage_taken":[{"damage":7.0,"enemies":"Jaw Worm","floor":1.0,"turns":3.0},{"damage":0.0,"enemies":"Cultist","floor":3.0,"turns":3.0},{"damage":12.0,"enemies":"Small Slimes","floor":4.0,"turns":3.0},{"damage":0.0,"enemies":"3 Louse","floor":5.0,"turns":2.0},{"damage":20.0,"enemies":"Exordium Thugs","floor":7.0,"turns":3.0},{"damage":11.0,"enemies":"Blue Slaver","floor":11.0,"turns":3.0},{"damage":1.0,"enemies":"Lots of Slimes","floor":13.0,"turns":4.0},{"damage":0.0,"enemies":"Gremlin Nob","floor":14.0,"turns":2.0},{"damage":0,"enemies":"Slime Boss","floor":16,"turns":6}],"seed_played":"8696497166942910346","potions_obtained":[{"floor":1.0,"key":"AttackPotion"},{"floor":3.0,"key":"GamblersBrew"},{"floor":11.0,"key":"Strength Potion"},{"floor":13.0,"key":"LiquidMemories"}],"is_trial":false,"path_per_floor":["M","?","M","M","M","R","M","R","T","R","M","R","M","E","R","B",null],"character_chosen":"THE_SERVANT","items_purchased":[],"campfire_rested":1,"item_purchase_floors":[],"current_hp_per_floor":[52,52,52,40,40,40,20,20,20,39,28,28,27,27,27,27,56,56],"gold":364,"neow_bonus":"ONE_RARE_RELIC","is_daily":false,"chose_seed":false,"campfire_upgraded":4,"win_rate":0.0,"timestamp":1614201972,"path_taken":["M","?","M","M","M","R","M","R","T","R","?","R","M","E","R","BOSS"],"items_purchased_type":[],"build_version":"2020-12-22","purchased_purges":0,"victory":false,"max_hp_per_floor":[65,65,65,65,65,65,65,65,65,65,65,65,65,65,65,65,65,65],"card_choices":[{"not_picked":["Spin","SpecialFormula"],"picked":"Gouge","floor":1.0},{"not_picked":["BestPractice","Potential"],"picked":"Defy","floor":3.0},{"not_picked":["FastForward","FanOfKnives"],"picked":"DoubleEdge","floor":4.0},{"not_picked":["Orbit","Rewind"],"picked":"Ricochet","floor":5.0},{"not_picked":["BottledTime","DoubleEdge"],"picked":"Defy","floor":7.0},{"not_picked":["Potential","Deadline"],"picked":"BottledTime","floor":11.0},{"not_picked":["TimeWarp","BottledTime","SurpressingFire"],"picked":"SKIP","floor":13.0},{"not_picked":["BottledTime","FastForward"],"picked":"Defy","floor":14.0},{"not_picked":["ForgedInTime","Dilation"],"picked":"TheWorld","floor":16}],"player_experience":1210518,"relics_obtained":[{"floor":9.0,"key":"Smiling Mask"},{"floor":14.0,"key":"Mummified Hand"}],"event_choices":[{"damage_healed":0.0,"max_hp_gain":0.0,"max_hp_loss":0.0,"gold_gain":0.0,"event_name":"Match and Keep!","player_choice":"2 cards matched","floor":2.0,"gold_loss":0.0,"damage_taken":0.0,"cards_obtained":["Doubt","Unruled"]}],"is_beta":false,"boss_relics":[{"not_picked":["SplendidAttire","Pandora\u0027s Box"],"picked":"Hololive_Finger"}],"items_purged_floors":[],"is_endless":false,"potions_floor_spawned":[1,3,11,13],"ascension_level":12}}