{"host":"ovivighfa421z0zp","time":1614152318,"event":{"mods":["BaseMod","Colored Map","DeckTracker","Keyboard Shortcuts","Minty Spire (QoL Compilation)","Permanent Neow","Quick Restart","Replay The Spire","StSLib","SuperFastMode","The Cursed"],"gold_per_floor":[115,115,131,147,8,8,35,35,115,150,166,166,166,179,179,251,251,263,42,42,42,52,87,87,116,188,188,188,188],"floor_reached":28,"language":"KOR","playtime":1037,"items_purged":["Strike_R"],"score":528,"play_id":"9f012694-f551-426a-8f8e-60792874b133","local_time":"20210224163838","is_ascension_mode":true,"campfire_choices":[{"data":"Sword Boomerang","floor":6,"key":"SMITH"},{"data":"Bash","floor":8,"key":"SMITH"},{"floor":13,"key":"REST"},{"data":"Pommel Strike","floor":15,"key":"SMITH"},{"floor":24,"key":"REST"}],"circlet_count":0,"master_deck":["AscendersBane","Strike_R","Strike_R","Strike_R","Strike_R","Defend_R+1","Defend_R+1","Defend_R+1","Defend_R+1","Bash+1","Rage+1","Battle Trance","Twin Strike","Shrug It Off","Pummel+1","Pommel Strike+1","Eclipse","Overencumbered","Burning Pact","Life Link+1","Shockwave","Bloodletting","Delirium","True Grit","Hemokinesis","Dark Embrace+1"],"relics":["Burning Blood","Omamori","Replay:Bottled Eggs","ReplayTheSpireMod:Lightbulb","Replay:Ancient Bell","Oddly Smooth Stone","Frozen Egg 2","CaptainsWheel","Ring of Fury","ReplayTheSpireMod:Ring of Exchange","Boot","Replay:Bottled Flurry","Molten Egg 2","Anchor"],"acts_visited":["Exordium","TheCity"],"potions_floor_usage":[10,25,28],"damage_taken":[{"damage":7,"enemies":"Small Slimes","floor":1,"turns":5},{"damage":4,"enemies":"2 Louse","floor":3,"turns":3},{"damage":12,"enemies":"Cultist","floor":4,"turns":4},{"damage":40,"enemies":"Lagavulin","floor":7,"turns":8},{"damage":21,"enemies":"Gremlin Nob","floor":10,"turns":4},{"damage":0,"enemies":"Red Slaver","floor":11,"turns":3},{"damage":7,"enemies":"3 Louse","floor":14,"turns":4},{"damage":26,"enemies":"The Guardian","floor":16,"turns":15},{"damage":5,"enemies":"Chosen","floor":18,"turns":5},{"damage":41,"enemies":"2 Thieves","floor":22,"turns":4},{"damage":37,"enemies":"Slavers","floor":23,"turns":4},{"damage":31,"enemies":"Gremlin Leader","floor":25,"turns":4},{"damage":2,"enemies":"Replay:Snechameleon","floor":28,"turns":5}],"seed_played":"-3274865353837851056","potions_obtained":[{"floor":7,"key":"GamblersBrew"},{"floor":10,"key":"Energy Potion"},{"floor":16,"key":"SkillPotion"}],"is_trial":false,"path_per_floor":["M","?","M","M","$","R","E","R","T","E","M","?","R","M","R","B",null,"M","$","?","$","M","E","R","E","T","?","E"],"character_chosen":"IRONCLAD","items_purchased":["Rage+1","Life Link+1","Shockwave","Bloodletting"],"campfire_rested":2,"item_purchase_floors":[5,19,19,19],"current_hp_per_floor":[63,68,70,64,64,64,30,30,30,15,21,21,49,48,48,28,78,79,79,79,79,44,13,41,16,16,16,14,14],"gold":188,"neow_bonus":"TWENTY_PERCENT_HP_BONUS","is_daily":false,"chose_seed":false,"campfire_upgraded":3,"win_rate":0.0,"timestamp":1614152318,"path_taken":["M","?","M","M","$","R","E","R","T","E","M","?","R","M","R","BOSS","M","$","?","$","M","E","R","E","T","?","E"],"items_purchased_type":["Card","Card","Card","Card"],"build_version":"2020-12-22","purchased_purges":1,"victory":false,"max_hp_per_floor":[89,94,94,94,94,94,94,94,94,94,94,94,94,94,94,94,94,94,94,94,94,94,94,94,94,94,94,94,94],"card_choices":[{"not_picked":["Headbutt","Cleave"],"picked":"Sword Boomerang","floor":1},{"not_picked":["Dual Wield","Clash","Wild Strike"],"picked":"SKIP","floor":3},{"not_picked":["Body Slam","Thunderclap","Anger"],"picked":"SKIP","floor":4},{"not_picked":["Replay:Undeath\u0027s Touch","Rampage"],"picked":"Battle Trance","floor":7},{"not_picked":["Exhume","Reckless Charge"],"picked":"Twin Strike","floor":10},{"not_picked":["Dropkick","Heavy Blade"],"picked":"Shrug It Off","floor":11},{"not_picked":["Uppercut","Clothesline"],"picked":"Pommel Strike","floor":14},{"not_picked":["Exhume","Hemogenesis"],"picked":"Eclipse","floor":16},{"not_picked":["Languid","Doubt"],"picked":"Looming Evil","floor":17},{"not_picked":["Sickly","ReplayTheSpireMod:Doomed"],"picked":"Normality","floor":17},{"not_picked":["Regret","Doubt"],"picked":"Overencumbered","floor":17},{"not_picked":["ReplayReversal","Replay:Undeath\u0027s Touch"],"picked":"Burning Pact","floor":18},{"not_picked":["Dual Wield+1","Anger"],"picked":"True Grit","floor":22},{"not_picked":["Heavy Blade","Flex"],"picked":"Hemokinesis","floor":23},{"not_picked":["Iron Wave","Warcry+1"],"picked":"Dark Embrace+1","floor":25}],"player_experience":817839,"relics_obtained":[{"floor":7,"key":"Omamori"},{"floor":9,"key":"Replay:Bottled Eggs"},{"floor":10,"key":"ReplayTheSpireMod:Lightbulb"},{"floor":20,"key":"Ring of Fury"},{"floor":20,"key":"ReplayTheSpireMod:Ring of Exchange"},{"floor":23,"key":"Boot"},{"floor":25,"key":"Replay:Bottled Flurry"},{"floor":26,"key":"Molten Egg 2"}],"event_choices":[{"damage_healed":0,"gold_gain":0,"player_choice":"Donut","damage_taken":0,"max_hp_gain":5,"max_hp_loss":0,"event_name":"Big Fish","floor":2,"gold_loss":0},{"cards_removed":["Shockwave"],"damage_healed":0,"gold_gain":0,"player_choice":"Gave Card","damage_taken":0,"relics_obtained":["Anchor"],"max_hp_gain":0,"max_hp_loss":0,"event_name":"WeMeetAgain","floor":27,"gold_loss":0}],"is_beta":false,"boss_relics":[{"not_picked":["Ring of Chaos","ReplayTheSpireMod:DimensionalGlitch"],"picked":"Replay:Ancient Bell"},{"not_picked":["Blood Vial","Juzu Bracelet"],"picked":"Oddly Smooth Stone"},{"not_picked":["Replay:Ringing Soul","HornCleat"],"picked":"Frozen Egg 2"},{"not_picked":["Durian","Thread and Needle"],"picked":"CaptainsWheel"}],"items_purged_floors":[5],"is_endless":false,"potions_floor_spawned":[7,10,16,18],"killed_by":"Replay:Snechameleon","ascension_level":20}}