{"host":"w2kjv12xyhtt0cv2","time":1614186701,"event":{"mods":["10 clothes from DAL","100% Spire Juice","Act Like it!","BaseMod","Colored Map","Friendly Minions","Gensokyo","GifTheSpireLib","Highlight Path","Hubris","Library of Ruina","Minty Spire (QoL Compilation)","Quick Restart","Relic Stats","Reliquary","Replay The Spire","Ring Of Destiny","Robot Space Explorer","Shop Mod","Spicy Shops","StSLib","The Dragon Tamer","UnlockEverythingMod","Waifu the Spire","[IsaacMod]以撒尖塔","[功能]功能增强和修复MOD","【功能Mod】Neow奖励","【功能Mod】聪明的最终Boss","【遗物卡牌】REMEMod","没有小屋子和绿帽子啦"],"gold_per_floor":[115,135,135,5,18,51,51,379,426,452,3,63,63,80,80,185,185,200,200,132,132,42,69,81,109,184,216,216,156,43,76,76,179,179,190,190,303,314,334,362,377,409,483,508,524,524,101,128,128,128,128,128,315,340,340],"floor_reached":56,"language":"ZHS","playtime":4014,"items_purged":["RingOfDestiny:Strike_SU","RingOfDestiny:Defend_SU","RingOfDestiny:Defend_SU","RingOfDestiny:Defend_SU","RingOfDestiny:DoomsdayStrike"],"score":1778,"play_id":"8e389492-f409-45d8-90fe-721fb335dfd6","local_time":"20210225011141","is_ascension_mode":true,"campfire_choices":[{"data":"RingOfDestiny:DoomsdayMadness","floor":13.0,"key":"SMITH"},{"data":"RingOfDestiny:MaliciousLeakage","floor":15.0,"key":"SMITH"},{"data":"RingOfDestiny:DoomsdayLava","floor":28.0,"key":"SMITH"},{"data":"RingOfDestiny:FairDealing","floor":32.0,"key":"SMITH"},{"data":"RingOfDestiny:MaliciousConversion","floor":46.0,"key":"SMITH"},{"floor":49.0,"key":"RECALL"},{"data":"RingOfDestiny:MaliciousBarrier","floor":52.0,"key":"SMITH"}],"circlet_count":0,"master_deck":["RingOfDestiny:MaliciousBarrier+1","RingOfDestiny:PowerOfGreed","RingOfDestiny:PowerOfEnvy","DoctorFetus+1","RingOfDestiny:DevilKing","RingOfDestiny:DoomsdayMadness+1","RingOfDestiny:PowerOfWrath","RingOfDestiny:MaliciousBarrier+1","DoctorFetus+1","RingOfDestiny:FairDealing","RingOfDestiny:MaliciousConversion+1","RingOfDestiny:FairDealing+1","RingOfDestiny:MaliciousConversion+1","RingOfDestiny:CupOfDesire+1","RingOfDestiny:ManaEnhance+1","RingOfDestiny:ScepterOfGluttony+1","RingOfDestiny:MaliciousLeakage","RingOfDestiny:MaliciousConversion+1","RingOfDestiny:CupOfDesire+1","RingOfDestiny:CostOfSoul+1","RingOfDestiny:CostOfSoul+1","RingOfDestiny:SummonOfDoomsday+1","RingOfDestiny:DoomsdayMeteorite+1","RingOfDestiny:MaliciousConversion+1","RingOfDestiny:ConqueringBlade","RingOfDestiny:Doomsday","RingOfDestiny:MaliciousConversion","REME_MagicPocketWatch","Master of Strategy","RingOfDestiny:Doomsday"],"relics":["REME_ComplimentaryCards","HushsDoor","Chaos","Omamori","reliquary:FingerTrap","Gambling Chip","Old Coin","PageOfLittleHelper","PageOfNothingThere","PageOfScarecrow","Bag of Marbles","Prayer Wheel","MyShadow","GuppysTail","Nilry\u0027s Codex","PageOfSingingMachine","Centennial Puzzle","Diplopia","PillsDrop","reliquary:IridiumChain","RottenBaby","Bronze Scales","UnicornStump","Membership Card","Leech","War Paint","Chemical X","PageOfMountain","DeadEye","hubris:NiceRug","Sling","Replay:Drink Me","D6","REME_LimitBreaker"],"acts_visited":["Exordium","TheCity","TheBeyond","TheEnding"],"potions_floor_usage":[],"damage_taken":[{"damage":0.0,"enemies":"2 Louse","floor":1.0,"turns":1.0},{"damage":0.0,"enemies":"Cultist","floor":2.0,"turns":4.0},{"damage":1.0,"enemies":"Small Slimes","floor":5.0,"turns":3.0},{"damage":32.0,"enemies":"Gremlin Nob","floor":6.0,"turns":4.0},{"damage":11.0,"enemies":"Lagavulin","floor":8.0,"turns":5.0},{"damage":2.0,"enemies":"Gremlin Nob","floor":10.0,"turns":3.0},{"damage":16.0,"enemies":"3 Sentries","floor":12.0,"turns":4.0},{"damage":2.0,"enemies":"Exordium Thugs","floor":14.0,"turns":2.0},{"damage":0.0,"enemies":"Slime Boss","floor":16.0,"turns":4.0},{"damage":0.0,"enemies":"Spheric Guardian","floor":18.0,"turns":2.0},{"damage":13.0,"enemies":"Replay:Snechameleon","floor":23.0,"turns":5.0},{"damage":1.0,"enemies":"2 Thieves","floor":24.0,"turns":3.0},{"damage":9.0,"enemies":"REME_1_Revenger","floor":25.0,"turns":2.0},{"damage":7.0,"enemies":"Slavers","floor":27.0,"turns":4.0},{"damage":14.0,"enemies":"Book of Stabbing","floor":31.0,"turns":3.0},{"damage":3.0,"enemies":"Pondfish","floor":33.0,"turns":5.0},{"damage":0.0,"enemies":"3 Shapes","floor":35.0,"turns":2.0},{"damage":0.0,"enemies":"Orb Walker","floor":38.0,"turns":2.0},{"damage":27.0,"enemies":"Transient","floor":39.0,"turns":5.0},{"damage":0.0,"enemies":"Reptomancer","floor":40.0,"turns":3.0},{"damage":0.0,"enemies":"Maw","floor":41.0,"turns":2.0},{"damage":21.0,"enemies":"Nemesis","floor":42.0,"turns":3.0},{"damage":0.0,"enemies":"R_Hoarder","floor":44.0,"turns":2.0},{"damage":15.0,"enemies":"Writhing Mass","floor":45.0,"turns":2.0},{"damage":0.0,"enemies":"Reptomancer","floor":48.0,"turns":2.0},{"damage":0.0,"enemies":"Replay:Hell Engine","floor":50.0,"turns":1.0},{"damage":0.0,"enemies":"hubris:Merchant","floor":53.0,"turns":2.0},{"damage":0.0,"enemies":"Shield and Spear","floor":54.0,"turns":2.0},{"damage":54,"enemies":"LittleHush","floor":55,"turns":10}],"seed_played":"-5545336512320704520","potions_obtained":[{"floor":5.0,"key":"Explosive Potion"},{"floor":8.0,"key":"LifebloodPotion"},{"floor":10.0,"key":"REME_GoldPotion"},{"floor":12.0,"key":"BlessingOfTheForge"},{"floor":16.0,"key":"ColorlessPotion"},{"floor":18.0,"key":"PowerPotion"},{"floor":27.0,"key":"Elixir"},{"floor":31.0,"key":"Adrenaline Potion"},{"floor":33.0,"key":"FairyPotion"},{"floor":35.0,"key":"DistilledChaos"},{"floor":42.0,"key":"DuplicationPotion"}],"is_trial":false,"path_per_floor":["M","M","?","$","M","E","?","E","T","E","$","E","R","M","R","B",null,"M","?","$","?","$","E","M","E","T","E","R","?","$","E","R","B",null,"M","$","?","M","M","E","M","E","T","E","M","R","$","E","R","B",null,"R","$","E","B",null],"character_chosen":"Summoner","items_purchased":["reliquary:FingerTrap","PageOfNothingThere","PageOfScarecrow","MyShadow","GuppysTail","Membership Card","Leech","War Paint","PageOfMountain","DeadEye"],"campfire_rested":0,"item_purchase_floors":[4,11,11,17,17,47,47,47,53,53],"current_hp_per_floor":[88,88,70,70,69,37,37,26,26,24,24,13,13,13,13,23,61,61,61,61,61,61,54,55,53,53,49,49,49,49,50,50,61,61,61,61,61,61,53,61,64,43,43,59,45,45,45,59,59,59,59,59,40,40,40],"gold":340,"neow_bonus":"BOSS_RELIC","is_daily":false,"chose_seed":false,"campfire_upgraded":6,"win_rate":0.0,"timestamp":1614186701,"path_taken":["M","M","?","$","?","E","?","E","T","E","?","E","R","?","R","BOSS","M","?","$","?","$","E","?","E","T","E","R","?","$","E","R","BOSS","M","?","?","M","M","E","M","E","T","E","M","R","$","E","R","BOSS","R","$","E","BOSS"],"items_purchased_type":["Relic","Relic","Relic","Relic","Relic","Relic","Relic","Relic","Relic","Relic"],"build_version":"2020-12-22","purchased_purges":5,"victory":true,"max_hp_per_floor":[88,88,88,88,88,88,88,88,88,88,88,88,88,88,88,88,61,61,61,61,61,61,61,61,61,61,61,61,61,61,61,61,61,61,61,61,61,61,61,61,64,64,64,59,59,59,59,59,59,59,59,59,40,40,40],"relic_stats":{"Centennial Puzzle":[21],"counters":[29,91],"Gambling Chip":[63],"Bronze Scales":[62],"Prayer Wheel":8,"Chemical X":[0],"War Paint":["RingOfDestiny:ManaEnhance","RingOfDestiny:SummonOfDoomsday"],"obtain_stats":[{"Chaos":0,"GuppysTail":17,"UnicornStump":44,"PageOfMountain":53,"Nilry\u0027s Codex":21,"PageOfNothingThere":11,"PageOfSingingMachine":23,"DeadEye":53,"Sling":53,"Old Coin":8,"Leech":47,"PageOfScarecrow":11,"Centennial Puzzle":25,"Gambling Chip":6,"PillsDrop":31,"Prayer Wheel":17,"MyShadow":17,"Diplopia":27,"reliquary:FingerTrap":4,"Chemical X":48,"Replay:Drink Me":53,"KeepersGift":0,"PageOfLittleHelper":9,"RottenBaby":42,"Omamori":0,"War Paint":47,"REME_LimitBreaker":54,"RingOfDestiny:DemonicContract":0,"reliquary:IridiumChain":34,"D6":53,"Bronze Scales":43,"Bag of Marbles":12,"Membership Card":47,"HushsDoor":0,"REME_ComplimentaryCards":0,"hubris:NiceRug":53},{"Chaos":0,"GuppysTail":9,"UnicornStump":23,"PageOfMountain":26,"Nilry\u0027s Codex":10,"PageOfNothingThere":6,"PageOfSingingMachine":11,"DeadEye":26,"Sling":27,"Old Coin":5,"Leech":24,"PageOfScarecrow":6,"Centennial Puzzle":13,"Gambling Chip":4,"PillsDrop":15,"Prayer Wheel":9,"MyShadow":9,"Diplopia":14,"reliquary:FingerTrap":2,"Chemical X":25,"Replay:Drink Me":27,"KeepersGift":0,"PageOfLittleHelper":5,"RottenBaby":22,"Omamori":0,"War Paint":24,"REME_LimitBreaker":28,"RingOfDestiny:DemonicContract":0,"reliquary:IridiumChain":16,"D6":27,"Bronze Scales":22,"Bag of Marbles":7,"Membership Card":24,"HushsDoor":0,"REME_ComplimentaryCards":0,"hubris:NiceRug":27},{"Chaos":0,"GuppysTail":30,"UnicornStump":73,"PageOfMountain":78,"Nilry\u0027s Codex":32,"PageOfNothingThere":20,"PageOfSingingMachine":37,"DeadEye":78,"Sling":80,"Old Coin":17,"Leech":75,"PageOfScarecrow":20,"Centennial Puzzle":42,"Gambling Chip":12,"PillsDrop":49,"Prayer Wheel":30,"MyShadow":30,"Diplopia":46,"reliquary:FingerTrap":5,"Chemical X":77,"Replay:Drink Me":80,"KeepersGift":0,"PageOfLittleHelper":17,"RottenBaby":71,"Omamori":0,"War Paint":75,"REME_LimitBreaker":82,"RingOfDestiny:DemonicContract":0,"reliquary:IridiumChain":54,"D6":80,"Bronze Scales":71,"Bag of Marbles":24,"Membership Card":75,"HushsDoor":0,"REME_ComplimentaryCards":0,"hubris:NiceRug":80}]},"card_choices":[{"not_picked":[],"picked":"Bomb","floor":0.0},{"not_picked":["RingOfDestiny:PowerOfEnvy","RingOfDestiny:SongOfDoomsday","RingOfDestiny:PowerOfGreed"],"picked":"SKIP","floor":1.0},{"not_picked":["RingOfDestiny:MaliciousBarrier","RingOfDestiny:MaliciousConversion","RingOfDestiny:SoulAccumulation"],"picked":"SKIP","floor":2.0},{"not_picked":["RingOfDestiny:MaliciousBarrier","RingOfDestiny:MaliciousConversion","RingOfDestiny:SoulAccumulation"],"picked":"SKIP","floor":2.0},{"not_picked":["RingOfDestiny:MaliciousBarrier","RingOfDestiny:SongOfDoomsday"],"picked":"RingOfDestiny:MaliciousLeakage","floor":5.0},{"not_picked":["RingOfDestiny:SongOfDoomsday","RingOfDestiny:DoomsdayProtection"],"picked":"RingOfDestiny:DevilKing","floor":6.0},{"not_picked":["RingOfDestiny:SongOfDoomsday","RingOfDestiny:LazyCloak","RingOfDestiny:MaliciousBarrier"],"picked":"SKIP","floor":8.0},{"not_picked":["RingOfDestiny:SongOfDoomsday","RingOfDestiny:MaliciousErode","RingOfDestiny:DemonSkin"],"picked":"SKIP","floor":10.0},{"not_picked":["RingOfDestiny:MaliciousLeakage","RingOfDestiny:MaliciousBlade"],"picked":"RingOfDestiny:DoomsdayMadness","floor":12.0},{"not_picked":["RingOfDestiny:AngerSword","RingOfDestiny:GreedySummon","RingOfDestiny:MaskOfSuffering"],"picked":"SKIP","floor":14.0},{"not_picked":["RingOfDestiny:DoomsdayRitual","RingOfDestiny:DevilKing"],"picked":"RingOfDestiny:PowerOfWrath","floor":16.0},{"not_picked":["RingOfDestiny:AbyssOfDesire","RingOfDestiny:Demonic"],"picked":"RingOfDestiny:MaliciousBarrier+1","floor":18.0},{"not_picked":["RingOfDestiny:FeastOfDoomsday","RingOfDestiny:MaliciousBarrier","RingOfDestiny:AbyssOfDesire"],"picked":"SKIP","floor":18.0},{"not_picked":["RingOfDestiny:SoulDiversion+1","RingOfDestiny:MaliciousSuppress","RingOfDestiny:DoomsdayStrike"],"picked":"SKIP","floor":23.0},{"not_picked":["RingOfDestiny:TortureBlade","RingOfDestiny:MaliciousBarrier"],"picked":"RingOfDestiny:FairDealing","floor":24.0},{"not_picked":["RingOfDestiny:MaliciousRelease+1","RingOfDestiny:DoomsdayProtection+1"],"picked":"RingOfDestiny:MaliciousConversion+1","floor":24.0},{"not_picked":["RingOfDestiny:MaskOfSuffering","RingOfDestiny:EndlessDesire+1"],"picked":"RingOfDestiny:FairDealing","floor":25.0},{"not_picked":["RingOfDestiny:DoomsdayEcho","RingOfDestiny:FeastOfDoomsday","RingOfDestiny:SoulDiversion"],"picked":"SKIP","floor":27.0},{"not_picked":["RingOfDestiny:DoomsdayEcho","RingOfDestiny:FeastOfDoomsday","RingOfDestiny:SoulDiversion"],"picked":"SKIP","floor":27.0},{"not_picked":["RingOfDestiny:DoomsdayMadness","RingOfDestiny:LazyCloak+1","RingOfDestiny:MaliciousSuppress+1"],"picked":"SKIP","floor":31.0},{"not_picked":["RingOfDestiny:CupOfDesire+1","RingOfDestiny:CrownOfPride+1"],"picked":"RingOfDestiny:MaliciousConversion+1","floor":35.0},{"not_picked":["RingOfDestiny:MaliciousFang","RingOfDestiny:CupOfDesire","RingOfDestiny:SoulDiversion"],"picked":"SKIP","floor":35.0},{"not_picked":["RingOfDestiny:SoulDiversion","RingOfDestiny:MaliciousBarrier+1"],"picked":"RingOfDestiny:CupOfDesire+1","floor":37.0},{"not_picked":["RingOfDestiny:SongOfDoomsday+1","RingOfDestiny:MaskOfSuffering+1"],"picked":"RingOfDestiny:ManaEnhance","floor":37.0},{"not_picked":["RingOfDestiny:DoomsdayStrike+1","RingOfDestiny:PowerOfGluttony"],"picked":"RingOfDestiny:ScepterOfGluttony+1","floor":37.0},{"not_picked":["RingOfDestiny:PowerOfArrogance","RingOfDestiny:EnvyNecklace"],"picked":"RingOfDestiny:MaliciousLeakage","floor":38.0},{"not_picked":["RingOfDestiny:EnvyNecklace","RingOfDestiny:Demonic"],"picked":"RingOfDestiny:MaliciousConversion","floor":38.0},{"not_picked":["RingOfDestiny:AbyssOfDesire","RingOfDestiny:MaliciousRelease","RingOfDestiny:SarcasticSword+1"],"picked":"SKIP","floor":39.0},{"not_picked":["RingOfDestiny:RingOfGreed+1","RingOfDestiny:FeastOfDoomsday","RingOfDestiny:MaliciousErode"],"picked":"SKIP","floor":39.0},{"not_picked":["RingOfDestiny:CrownOfPride","RingOfDestiny:DemonVanguard+1"],"picked":"RingOfDestiny:CupOfDesire+1","floor":40.0},{"not_picked":["RingOfDestiny:MaliciousBarrier","RingOfDestiny:DoomsdayStrike"],"picked":"RingOfDestiny:CostOfSoul+1","floor":41.0},{"not_picked":["RingOfDestiny:MaliciousFang","RingOfDestiny:TortureBlade+1"],"picked":"RingOfDestiny:CostOfSoul+1","floor":41.0},{"not_picked":["RingOfDestiny:AbyssOfDesire","RingOfDestiny:SarcasticSword+1"],"picked":"RingOfDestiny:SummonOfDoomsday","floor":42.0},{"not_picked":["RingOfDestiny:TemptingFruits","RingOfDestiny:DemonVanguard"],"picked":"RingOfDestiny:DoomsdayMeteorite+1","floor":44.0},{"not_picked":["RingOfDestiny:MaliciousErode","RingOfDestiny:GreedySummon"],"picked":"RingOfDestiny:MaliciousConversion+1","floor":45.0},{"not_picked":["RingOfDestiny:PowerOfGluttony","RingOfDestiny:RingOfGreed","RingOfDestiny:EndlessDesire"],"picked":"SKIP","floor":45.0},{"not_picked":["RingOfDestiny:MaliciousErode","RingOfDestiny:DemonSkin"],"picked":"RingOfDestiny:ConqueringBlade","floor":48.0},{"not_picked":[],"picked":"RingOfDestiny:Doomsday","floor":53.0},{"not_picked":[],"picked":"RingOfDestiny:MaliciousConversion","floor":53.0},{"not_picked":[],"picked":"REME_MagicPocketWatch","floor":53.0},{"not_picked":[],"picked":"Master of Strategy","floor":53.0},{"not_picked":["RingOfDestiny:MaliciousErode"],"picked":"SKIP","floor":53.0},{"not_picked":["RingOfDestiny:EndlessDesire"],"picked":"SKIP","floor":53.0},{"not_picked":["RingOfDestiny:CupOfDesire"],"picked":"SKIP","floor":53.0},{"not_picked":["RingOfDestiny:GreedySummon","RingOfDestiny:Demonic"],"picked":"RingOfDestiny:Doomsday","floor":54.0}],"player_experience":49564,"relics_obtained":[{"floor":6.0,"key":"Gambling Chip"},{"floor":8.0,"key":"Old Coin"},{"floor":9.0,"key":"PageOfLittleHelper"},{"floor":12.0,"key":"Bag of Marbles"},{"floor":21.0,"key":"Nilry\u0027s Codex"},{"floor":23.0,"key":"PageOfSingingMachine"},{"floor":25.0,"key":"Centennial Puzzle"},{"floor":27.0,"key":"Diplopia"},{"floor":31.0,"key":"PillsDrop"},{"floor":42.0,"key":"RottenBaby"},{"floor":43.0,"key":"Bronze Scales"},{"floor":44.0,"key":"UnicornStump"},{"floor":48.0,"key":"Chemical X"},{"floor":53.0,"key":"Sling"},{"floor":53.0,"key":"Replay:Drink Me"},{"floor":53.0,"key":"D6"},{"floor":54.0,"key":"REME_LimitBreaker"}],"event_choices":[{"damage_healed":0.0,"max_hp_gain":0.0,"max_hp_loss":0.0,"gold_gain":0.0,"event_name":"Shining Light","player_choice":"Entered Light","floor":3.0,"gold_loss":0.0,"damage_taken":18.0,"cards_upgraded":["DoctorFetus","RingOfDestiny:Strike_SU"]},{"damage_healed":0.0,"max_hp_gain":0.0,"max_hp_loss":0.0,"gold_gain":0.0,"cards_transformed":["RingOfDestiny:Strike_SU"],"event_name":"Transmorgrifier","player_choice":"Transformed","floor":7.0,"gold_loss":0.0,"damage_taken":0.0,"cards_obtained":["RingOfDestiny:DoomsdayLava"]},{"damage_healed":0.0,"max_hp_gain":0.0,"max_hp_loss":0.0,"gold_gain":0.0,"event_name":"Duplicator","player_choice":"Copied","floor":19.0,"gold_loss":0.0,"damage_taken":0.0,"cards_obtained":["DoctorFetus"]},{"damage_healed":0.0,"max_hp_gain":0.0,"max_hp_loss":0.0,"gold_gain":0.0,"event_name":"Cursed Tome","player_choice":"Obtained Book","floor":21.0,"gold_loss":0.0,"damage_taken":16.0}],"is_beta":false,"boss_relics":[{"not_picked":["PageOfWrath","Darkstone Periapt"],"picked":"Prayer Wheel"},{"not_picked":[]},{"not_picked":["DALC_TEN","REME_HourglassOfDeath"],"picked":"reliquary:IridiumChain"},{"not_picked":[]}],"items_purged_floors":[17,20,22,30,47],"is_endless":false,"potions_floor_spawned":[5,8,10,12,16,18,27,31,33,35,42,45,48,54],"ascension_level":3}}