{"host":"9czo1ewqehy3yunx","time":1614162209,"event":{"mods":["AchievementEnabler","Act Like it!","BaseMod","CapriCore","Colored Powertips","DeckTracker","GifTheSpireLib","GungeonMod","Hermit","Keyboard Shortcuts","Koishi","Lobotomy","Marisa£¨Ùöéë¡¡Øª×âÞÞ£©","Minty Spire (QoL Compilation)","Permanent Neow","Quick Restart","StSLib","SuperFastMode","Td1madao Mod","The Bug Knight","The Cursed","The Hierophant","The Immortal","The Jungle","The Poker Player","The Runesmith"],"gold_per_floor":[217,233,252,264,275,275,292,292,292,348,348,358,358,358,358,462,462,478,478,517,422,422,422,438,438,438,449,449,461,23,38,38,143,193,205,218,26,26,36,36,36,59,108,108,108,121,121,152,152,157],"floor_reached":51,"language":"KOR","playtime":3780,"items_purged":[],"score":693,"play_id":"bd3ef39d-b67e-4a77-b976-0c1c6fe005ad","local_time":"20210224192329","is_ascension_mode":false,"campfire_choices":[{"floor":6,"key":"REST"},{"data":"DemoMod:ManualReload","floor":8,"key":"SMITH"},{"floor":11,"key":"REST"},{"floor":15,"key":"REST"},{"data":"DemoMod:ShadowBullets","floor":23,"key":"SMITH"},{"data":"DemoMod:Unity","floor":25,"key":"SMITH"},{"floor":28,"key":"REST"},{"data":"1","floor":32,"key":"LIFT"},{"data":"2","floor":41,"key":"LIFT"},{"floor":47,"key":"REST"},{"floor":49,"key":"REST"}],"circlet_count":0,"master_deck":["DemoMod:Strike_Huntress","DemoMod:Strike_Huntress+1","DemoMod:Strike_Huntress","DemoMod:Defend_Huntress","DemoMod:Defend_Huntress","DemoMod:Defend_Huntress","DemoMod:Defend_Huntress","DemoMod:Roll","DemoMod:ManualReload+1","DemoMod:RustySidearm","DemoMod:CrossBow","DemoMod:TeaPot","DemoMod:MachoBrace","DemoMod:SpreadAmmo","DemoMod:Unity+1","DemoMod:JK47","DemoMod:ShadowBullets+1","DemoMod:Gungine","DemoMod:ShadowBullets+1","DemoMod:ProbeStrike","DemoMod:MachoBrace","DemoMod:StickyCrossBow","DemoMod:RadGun","DemoMod:GunstockTap","DemoMod:TableSutra","DemoMod:Behold!","DemoMod:GunstockTap+1","DemoMod:Gungine","DemoMod:HuntsMan","DemoMod:Gungine","DemoMod:ZorGun","DemoMod:SAA+1","DemoMod:TeaPot","DemoMod:RadGun","DemoMod:ConditionalReflex"],"relics":["DemoMod:Dog","PreservedInsect","Girya","DemoMod:Wolf","DemoMod:Ammonomicon","DemoMod:BigBoy","Lee\u0027s Waffle","Tiny House","Membership Card","Orichalcum","Bag of Preparation"],"acts_visited":["Exordium","TheCity","TheBeyond"],"potions_floor_usage":[16,16,16,33,33,50,50],"damage_taken":[{"damage":0,"enemies":"Cultist","floor":1,"turns":3},{"damage":9,"enemies":"Small Slimes","floor":2,"turns":3},{"damage":5,"enemies":"2 Louse","floor":3,"turns":2},{"damage":34,"enemies":"Exordium Thugs","floor":4,"turns":10},{"damage":3,"enemies":"Large Slime","floor":5,"turns":7},{"damage":21,"enemies":"3 Louse","floor":7,"turns":3},{"damage":14,"enemies":"3 Sentries","floor":10,"turns":5},{"damage":15,"enemies":"Lots of Slimes","floor":12,"turns":5},{"damage":18,"enemies":"Slime Boss","floor":16,"turns":13},{"damage":10,"enemies":"Spheric Guardian","floor":18,"turns":3},{"damage":9,"enemies":"2 Thieves","floor":20,"turns":2},{"damage":26,"enemies":"Cultist and Chosen","floor":24,"turns":6},{"damage":14,"enemies":"Snake Plant","floor":27,"turns":2},{"damage":2,"enemies":"Centurion and Healer","floor":29,"turns":5},{"damage":12,"enemies":"Cultist and Chosen","floor":31,"turns":6},{"damage":0,"enemies":"Collector","floor":33,"turns":5},{"damage":8,"enemies":"Orb Walker","floor":35,"turns":2},{"damage":7,"enemies":"3 Shapes","floor":36,"turns":5},{"damage":13,"enemies":"Maw","floor":39,"turns":6},{"damage":20,"enemies":"Sphere and 2 Shapes","floor":42,"turns":6},{"damage":28,"enemies":"Writhing Mass","floor":46,"turns":4},{"damage":0,"enemies":"Transient","floor":48,"turns":5},{"damage":54,"enemies":"Time Eater","floor":50,"turns":9}],"seed_played":"2552956344060383157","potions_obtained":[{"floor":1,"key":"Block Potion"},{"floor":3,"key":"DemoMod:LeadSkinPotion"},{"floor":5,"key":"FearPotion"},{"floor":16,"key":"Regen Potion"},{"floor":27,"key":"EssenceOfSteel"},{"floor":31,"key":"LiquidBronze"},{"floor":33,"key":"SmokeBomb"},{"floor":34,"key":"DistilledChaos"},{"floor":36,"key":"LiquidMemories"},{"floor":39,"key":"SteroidPotion"},{"floor":45,"key":"FairyPotion"}],"is_trial":false,"path_per_floor":["M","M","M","M","M","R","M","R","T","?","R","M","?","?","R","B",null,"M","?","M","$","?","R","M","R","T","M","R","M","$","M","R","B",null,"M","M","$","?","M","?","R","M","T","?","?","M","R","M","R","B",null],"character_chosen":"HUNTRESS","items_purchased":["DemoMod:SAA","DemoMod:MachoBrace","DemoMod:GunstockTap","DemoMod:TableSutra","DemoMod:Behold!","Lee\u0027s Waffle","Membership Card","DemoMod:ZorGun"],"campfire_rested":6,"item_purchase_floors":[21,21,30,30,30,30,37,37],"current_hp_per_floor":[70,61,56,22,19,40,19,19,19,5,26,11,11,11,32,14,70,60,60,51,51,51,51,25,25,25,11,32,30,77,65,65,65,82,74,67,67,67,54,54,54,34,34,34,34,6,30,30,54,15],"gold":157,"neow_bonus":"HUNDRED_GOLD","is_daily":false,"chose_seed":false,"campfire_upgraded":3,"win_rate":0.0,"timestamp":1614162209,"path_taken":["M","M","?","?","M","R","M","R","T","?","R","M","?","?","R","BOSS","M","?","M","$","?","R","M","R","T","M","R","M","$","M","R","BOSS","M","M","$","?","?","?","R","?","T","?","?","?","R","M","R","BOSS"],"items_purchased_type":["Card","Card","Card","Card","Card","Relic","Relic","Card"],"build_version":"2020-12-22","purchased_purges":0,"victory":true,"max_hp_per_floor":[70,70,70,70,70,70,70,70,70,70,70,70,70,70,70,70,70,70,70,70,70,70,70,70,70,70,70,70,70,77,77,77,77,82,82,82,82,82,82,82,82,82,82,82,82,82,82,82,82,82],"card_choices":[{"not_picked":["DemoMod:HardPowerCard","DemoMod:AC15"],"picked":"DemoMod:TeaPot","floor":1},{"not_picked":["DemoMod:BattleInHaste","DemoMod:DirectionalPad","DemoMod:Rummage"],"picked":"SKIP","floor":2},{"not_picked":["DemoMod:ConditionalReflex","DemoMod:GunstockTap"],"picked":"DemoMod:MachoBrace","floor":3},{"not_picked":["DemoMod:MegaHand","DemoMod:TripleGun"],"picked":"DemoMod:SpreadAmmo","floor":4},{"not_picked":["DemoMod:SniperShot","DemoMod:BattleInHaste"],"picked":"DemoMod:Unity","floor":5},{"not_picked":["DemoMod:GunShield","DemoMod:FastSwitch","DemoMod:AC15"],"picked":"SKIP","floor":7},{"not_picked":["DemoMod:GunstockTap","DemoMod:Polaris"],"picked":"DemoMod:JK47","floor":10},{"not_picked":["DemoMod:BattleInHaste","DemoMod:EasyReloadBullets"],"picked":"DemoMod:ShadowBullets","floor":12},{"not_picked":["DemoMod:BSG","DemoMod:DoubleVision"],"picked":"DemoMod:Gungine","floor":16},{"not_picked":["DemoMod:DoubleSwitch","DemoMod:BattleInHaste+1"],"picked":"DemoMod:ShadowBullets","floor":18},{"not_picked":["DemoMod:HardPowerCard","DemoMod:Unmoved"],"picked":"DemoMod:ProbeStrike","floor":20},{"not_picked":["DemoMod:TripleGun","DemoMod:AWP+1"],"picked":"DemoMod:FortunesFavor+1","floor":24},{"not_picked":["DemoMod:SniperShot","DemoMod:AC15"],"picked":"DemoMod:StickyCrossBow","floor":27},{"not_picked":["DemoMod:Evolver","DemoMod:FortunesFavor"],"picked":"DemoMod:RadGun","floor":29},{"not_picked":["DemoMod:Ejector+1","DemoMod:MachoBrace"],"picked":"DemoMod:GunstockTap+1","floor":31},{"not_picked":["DemoMod:BalloonGun","DemoMod:DarkMarker"],"picked":"DemoMod:Gungine","floor":33},{"not_picked":["DemoMod:HardPowerCard","DemoMod:SAA"],"picked":"DemoMod:HuntsMan","floor":35},{"not_picked":["DemoMod:Camera+1","DemoMod:TripleGun+1"],"picked":"DemoMod:Gungine","floor":36},{"not_picked":["DemoMod:Polaris+1","DemoMod:EasyReloadBullets+1"],"picked":"DemoMod:SAA+1","floor":39},{"not_picked":["DemoMod:Ejector+1","DemoMod:HuntsMan+1"],"picked":"DemoMod:TeaPot","floor":42},{"not_picked":["DemoMod:HardPowerCard+1","DemoMod:Polaris+1"],"picked":"DemoMod:RadGun","floor":46},{"not_picked":["DemoMod:TripleGun+1","DemoMod:TableSutra"],"picked":"DemoMod:ConditionalReflex","floor":48}],"player_experience":257131,"relics_obtained":[{"floor":9,"key":"PreservedInsect"},{"floor":10,"key":"Girya"},{"floor":26,"key":"DemoMod:BigBoy"},{"floor":43,"key":"Bag of Preparation"}],"event_choices":[{"damage_healed":0,"gold_gain":0,"player_choice":"Searched \u00272\u0027 times","damage_taken":0,"max_hp_gain":0,"max_hp_loss":0,"event_name":"Dead Adventurer","floor":10,"gold_loss":0},{"damage_healed":0,"gold_gain":0,"player_choice":"Grow","damage_taken":0,"max_hp_gain":0,"max_hp_loss":0,"event_name":"Living Wall","floor":13,"gold_loss":0,"cards_upgraded":["DemoMod:ShadowBullets"]},{"damage_healed":0,"gold_gain":0,"player_choice":"Ignored","damage_taken":0,"max_hp_gain":0,"max_hp_loss":0,"event_name":"Transmorgrifier","floor":14,"gold_loss":0},{"damage_healed":0,"gold_gain":0,"player_choice":"Ignored","damage_taken":0,"max_hp_gain":0,"max_hp_loss":0,"event_name":"Vampires","floor":22,"gold_loss":0},{"damage_healed":0,"gold_gain":0,"player_choice":"Gave Potion","damage_taken":0,"relics_obtained":["Orichalcum"],"max_hp_gain":0,"max_hp_loss":0,"event_name":"WeMeetAgain","floor":38,"gold_loss":0},{"cards_removed":["DemoMod:SAA"],"damage_healed":0,"gold_gain":0,"player_choice":"Purged","damage_taken":0,"max_hp_gain":0,"max_hp_loss":0,"event_name":"Purifier","floor":40,"gold_loss":0},{"cards_removed":["DemoMod:FortunesFavor"],"damage_healed":0,"gold_gain":0,"player_choice":"Removed Skill","damage_taken":0,"max_hp_gain":0,"max_hp_loss":0,"event_name":"Falling","floor":44,"gold_loss":0},{"damage_healed":0,"gold_gain":0,"player_choice":"Got Potions","damage_taken":0,"max_hp_gain":0,"max_hp_loss":0,"event_name":"Lab","floor":45,"gold_loss":0}],"is_beta":false,"boss_relics":[{"not_picked":["DemoMod:ElasticCartridgeClip","Busted Crown"],"picked":"DemoMod:Wolf"},{"not_picked":["Runic Dome","Cursed Key"],"picked":"Tiny House"}],"items_purged_floors":[],"is_endless":false,"potions_floor_spawned":[1,3,5,7,10,16,27,31,33,36,39,46],"ascension_level":0}}