{"host":"5qkhoeeerm2epmkk","time":1614208993,"event":{"mods":["Aspiration","BaseMod","Block Reminder","Colored Map","Colored Powertips","Conspire","Custom Start","Energized Spire","GifTheSpireLib","Halation","Jedi Mod","Minty Spire (QoL Compilation)","Quick Restart","Replay The Spire","Shop Mod","StSLib","Stuff the Spire","SuperFastMode","The Animator","Trackpad"],"gold_per_floor":[112,130,140,150,160,160,193,193,243,243,243,243,243,259,284,70,70,148,148,160,187,204,204,204,233,247,247,317,331,58,86,136,36,36,113,113,131,146,368,383,395,430,430,430,430],"floor_reached":44,"language":"ENG","playtime":1934,"items_purged":["Strike_R","Shame"],"score":1126,"play_id":"ec607e04-8422-432f-a286-0d76f6978429","local_time":"20210224182313","is_ascension_mode":true,"campfire_choices":[{"data":"Limit Break","floor":6,"key":"SMITH"},{"floor":8,"key":"REST"},{"data":"Flex","floor":12,"key":"SMITH"},{"data":"ReplayTheSpireMod:Brewmster","floor":17,"key":"SMITH"},{"data":"Heavy Blade","floor":27,"key":"SMITH"},{"data":"Heavy Blade","floor":34,"key":"SMITH"},{"floor":43,"key":"RECALL"}],"circlet_count":0,"master_deck":["AscendersBane","Defend_R","Defend_R","Defend_R","Defend_R","Bash","Shrug It Off","Sword Boomerang","Limit Break+1","Flex+1","Hallucinations","Sword Boomerang","StuffTheSpire:CuriosityCurse","Pummel","ReplayTheSpireMod:Brewmster+1","Feed","Battle Trance","ReplayTheSpireMod:Corrosion Curse+1","Bite","Bite","Bite","Bite","Bite","Heavy Blade+1","Heavy Blade+1","Limit Break","Shrug It Off","Infernal Blade+1"],"relics":["Burning Blood","trackpad:Mousetrap","Mercury Hourglass","ReplayTheSpireMod:Lightbulb","Ring of Peace","Du-Vu Doll","ReplayTheSpireMod:CursedCoin","energizedSpire:DeadBattery","Red Mask","StuffTheSpire:PointBlank","Ornamental Fan","StuffTheSpire:CocoNut","trackpad:AdjectivePendant","energizedSpire:OgreHead","Art of War"],"acts_visited":["Exordium","TheCity","TheBeyond"],"potions_floor_usage":[7,18,18,18,20,21,21,22,25,25,25,26,29,31,35,35,37,41,41,41,42,44,44],"damage_taken":[{"damage":1,"enemies":"Cultist","floor":1,"turns":3},{"damage":7,"enemies":"Jaw Worm","floor":2,"turns":3},{"damage":10,"enemies":"Small Slimes","floor":3,"turns":2},{"damage":11,"enemies":"Blue Slaver","floor":4,"turns":4},{"damage":9,"enemies":"Looter","floor":5,"turns":3},{"damage":64,"enemies":"3 Sentries","floor":7,"turns":15},{"damage":10,"enemies":"Exordium Wildlife","floor":14,"turns":4},{"damage":21,"enemies":"Gremlin Nob","floor":15,"turns":4},{"damage":9,"enemies":"Hexaghost","floor":18,"turns":6},{"damage":0,"enemies":"Shell Parasite","floor":20,"turns":3},{"damage":7,"enemies":"Masked Bandits","floor":21,"turns":3},{"damage":10,"enemies":"Spheric Guardian","floor":22,"turns":5},{"damage":23,"enemies":"Book of Stabbing","floor":25,"turns":5},{"damage":18,"enemies":"Snake Plant","floor":26,"turns":3},{"damage":6,"enemies":"Cultist and Chosen","floor":29,"turns":4},{"damage":25,"enemies":"Slavers","floor":31,"turns":4},{"damage":15,"enemies":"conspire:MysteriousRune","floor":35,"turns":4},{"damage":19,"enemies":"3 Darklings","floor":37,"turns":3},{"damage":0,"enemies":"Orb Walker","floor":38,"turns":1},{"damage":32,"enemies":"Jaw Worm Horde","floor":40,"turns":4},{"damage":0,"enemies":"Transient","floor":41,"turns":6},{"damage":0,"enemies":"Giant Head","floor":42,"turns":3},{"damage":115,"enemies":"Reptomancer","floor":44,"turns":4}],"seed_played":"7404895321180557809","potions_obtained":[{"floor":1,"key":"Ancient Potion"},{"floor":2,"key":"Block Potion"},{"floor":3,"key":"DistilledChaos"},{"floor":5,"key":"FairyPotion"},{"floor":15,"key":"Milkshake"},{"floor":35,"key":"conspire:TimeTravelPotion"},{"floor":40,"key":"Fire Potion"},{"floor":42,"key":"AttackPotion"}],"is_trial":false,"path_per_floor":["M","M","M","M","M","R","E","R","T","PTL","PTL","R","?","M","E","$","R","B",null,"M","?","M","?","?","E","M","R","T","M","$","E","?","$","R","B",null,"M","M","?","M","M","E","R","E"],"character_chosen":"IRONCLAD","items_purchased":["ReplayTheSpireMod:CursedCoin","Pummel","ReplayTheSpireMod:Brewmster","Block Potion","StuffTheSpire:CocoNut"],"campfire_rested":1,"item_purchase_floors":[16,16,16,16,30],"current_hp_per_floor":[73,72,68,63,60,60,28,50,50,50,50,50,50,46,31,31,31,28,63,69,68,64,64,52,43,39,39,39,52,59,46,46,46,46,44,58,61,62,62,41,65,65,65,0,0],"gold":430,"neow_bonus":"RANDOM_COMMON_RELIC","is_daily":false,"chose_seed":false,"campfire_upgraded":5,"win_rate":0.0,"timestamp":1614208993,"path_taken":["M","M","M","M","M","R","E","R","T","PTL","PTL","R","?","M","E","$","R","BOSS","M","?","M","?","?","E","M","R","T","?","$","E","?","?","R","BOSS","M","M","?","M","M","E","R","E"],"items_purchased_type":["Relic","Card","Card","Potion","Relic"],"build_version":"2020-12-22","purchased_purges":2,"victory":false,"max_hp_per_floor":[75,75,75,75,75,75,75,75,75,75,75,75,75,75,75,75,75,75,75,75,75,75,75,52,52,52,52,52,52,59,59,59,59,59,62,62,62,62,62,65,65,65,65,65,65],"card_choices":[{"not_picked":["Reckless Charge","Headbutt"],"picked":"Shrug It Off","floor":1},{"not_picked":["ReplayTheSpireMod:Corrosion Curse","Combust"],"picked":"Sword Boomerang","floor":2},{"not_picked":["Sword Boomerang","Headbutt","Wild Strike"],"picked":"SKIP","floor":3},{"not_picked":["jedi:fear","Rage"],"picked":"Limit Break","floor":4},{"not_picked":["Pommel Strike","Sentinel","StuffTheSpire:RockThrow"],"picked":"SKIP","floor":5},{"not_picked":["Armaments","jedi:collectorstrike"],"picked":"Flex","floor":7},{"not_picked":["Life Link","Iron Wave","Wild Strike"],"picked":"SKIP","floor":14},{"not_picked":["Abandon","ReplayReversal"],"picked":"Sword Boomerang","floor":15},{"not_picked":["Corruption","Offering"],"picked":"Feed","floor":18},{"not_picked":["Twin Strike","Dropkick"],"picked":"Battle Trance","floor":20},{"not_picked":["Carnage","Warcry"],"picked":"ReplayTheSpireMod:Corrosion Curse+1","floor":21},{"not_picked":["Reckless Charge","True Grit","Evolve"],"picked":"SKIP","floor":22},{"not_picked":["Cleave","Warcry"],"picked":"Heavy Blade","floor":25},{"not_picked":["Perfected Strike","Warcry+1","Evolve"],"picked":"SKIP","floor":26},{"not_picked":["conspire:ExplosiveBarrier","Clash"],"picked":"Heavy Blade","floor":29},{"not_picked":["Pommel Strike","Hemogenesis","jedi:MakeshiftSword"],"picked":"SKIP","floor":31},{"not_picked":["Barricade","Demonic Infusion"],"picked":"Limit Break","floor":35},{"not_picked":["Body Slam","Thunderclap"],"picked":"Shrug It Off","floor":37},{"not_picked":["conspire:ExplosiveBarrier","Dark Embrace","Clash"],"picked":"SKIP","floor":38},{"not_picked":["Combust","StuffTheSpire:BloodClot+1","Run Through"],"picked":"SKIP","floor":40},{"not_picked":["Wild Strike","StuffTheSpire:Incineration"],"picked":"Infernal Blade+1","floor":41},{"not_picked":["Flex","Combust+1","Life Link"],"picked":"SKIP","floor":42}],"player_experience":1879229,"relics_obtained":[{"floor":7,"key":"Mercury Hourglass"},{"floor":9,"key":"ReplayTheSpireMod:Lightbulb"},{"floor":13,"key":"Ring of Peace"},{"floor":15,"key":"Du-Vu Doll"},{"floor":21,"key":"Red Mask"},{"floor":25,"key":"StuffTheSpire:PointBlank"},{"floor":28,"key":"Ornamental Fan"},{"floor":31,"key":"trackpad:AdjectivePendant"},{"floor":42,"key":"Art of War"}],"event_choices":[{"damage_healed":0,"gold_gain":0,"player_choice":"Fought Bandits","damage_taken":0,"max_hp_gain":0,"max_hp_loss":0,"event_name":"Masked Bandits","floor":21,"gold_loss":0},{"damage_healed":0,"gold_gain":0,"player_choice":"Became a vampire","damage_taken":0,"max_hp_gain":0,"max_hp_loss":23,"event_name":"Vampires","floor":24,"gold_loss":0,"cards_obtained":["Bite","Bite","Bite","Bite","Bite"]},{"damage_healed":0,"gold_gain":50,"player_choice":"Stole From Cult","damage_taken":0,"max_hp_gain":0,"max_hp_loss":0,"event_name":"Nest","floor":32,"gold_loss":0},{"damage_healed":0,"gold_gain":222,"player_choice":"Wore Mask","damage_taken":0,"max_hp_gain":0,"max_hp_loss":0,"event_name":"Tomb of Lord Red Mask","floor":39,"gold_loss":0}],"is_beta":false,"boss_relics":[{"not_picked":["energizedSpire:StickyHand","energizedSpire:TabascoSauce"],"picked":"energizedSpire:DeadBattery"},{"not_picked":["StuffTheSpire:RunicHypercube","halation:LoveArrow"],"picked":"energizedSpire:OgreHead"}],"items_purged_floors":[16,33],"is_endless":false,"potions_floor_spawned":[1,2,3,5,15,22,35,40,42],"killed_by":"Reptomancer","ascension_level":20}}