{"host":"Sean","time":1614184357,"event":{"mods":["BaseMod","Block Reminder","Colored Map","Colored Powertips","Highlight Path","Minty Spire (QoL Compilation)","Permanent Neow","Relic Stats"],"gold_per_floor":[119,139,214,230,12,12,26,26,53,53,88,88,103,135,135,240,240,260,271,2,16,41,41,51,81,158,118,133,133,150,164,164,269,269,288,341,353,369,14,42,42,42,42,42,42,75,75,92,92,92,92,92,13,39,39,39],"floor_reached":55,"language":"ENG","playtime":3657,"items_purged":["Decay","Strike_G","Strike_G"],"score":1156,"play_id":"df23b7cb-cbc6-4143-9f52-83de00acd605","local_time":"20210224163237","is_ascension_mode":true,"campfire_choices":[{"data":"Glass Knife","floor":6.0,"key":"SMITH"},{"data":"Dash","floor":12.0,"key":"SMITH"},{"data":"Blur","floor":15.0,"key":"SMITH"},{"data":"Wraith Form v2","floor":23.0,"key":"SMITH"},{"data":"Blur","floor":29.0,"key":"SMITH"},{"data":"Prepared","floor":32.0,"key":"SMITH"},{"data":"Wraith Form v2","floor":42.0,"key":"SMITH"},{"data":"Well Laid Plans","floor":44.0,"key":"SMITH"},{"data":"Skewer","floor":47.0,"key":"SMITH"},{"floor":49.0,"key":"RECALL"},{"data":"Neutralize","floor":52.0,"key":"SMITH"}],"circlet_count":0,"master_deck":["AscendersBane","Strike_G","Strike_G","Defend_G","Defend_G","Defend_G","Defend_G","Defend_G","Survivor","Neutralize+1","Glass Knife+1","Blade Dance","Blade Dance","Sucker Punch","Backstab","Prepared+1","Bane","Purity","Blur+1","Dash+1","Backstab+1","Die Die Die+1","Wraith Form v2+1","PiercingWail","Cloak And Dagger","PiercingWail","Blade Dance+1","Blur+1","Well Laid Plans+1","Noxious Fumes+1","Envenom","Acrobatics+1","Wraith Form v2+1","Expertise","Bouncing Flask","Madness","Madness","Shame","Skewer+1","Quick Slash","Backflip+1"],"relics":["Ring of the Snake","Lantern","Happy Flower","Strawberry","Eternal Feather","Philosopher\u0027s Stone","Akabeko","Nunchaku","Question Card","Blue Candle","Cursed Key","FossilizedHelix","Bronze Scales","Oddly Smooth Stone","Mummified Hand","Vajra","Toy Ornithopter"],"acts_visited":["Exordium","TheCity","TheBeyond","TheEnding"],"potions_floor_usage":[55,55],"damage_taken":[{"damage":5.0,"enemies":"Small Slimes","floor":1.0,"turns":3.0},{"damage":2.0,"enemies":"Jaw Worm","floor":2.0,"turns":4.0},{"damage":7.0,"enemies":"2 Louse","floor":4.0,"turns":3.0},{"damage":5.0,"enemies":"Red Slaver","floor":7.0,"turns":4.0},{"damage":15.0,"enemies":"Lagavulin","floor":11.0,"turns":5.0},{"damage":0.0,"enemies":"Looter","floor":13.0,"turns":1.0},{"damage":2.0,"enemies":"3 Sentries","floor":14.0,"turns":6.0},{"damage":30.0,"enemies":"Hexaghost","floor":16.0,"turns":11.0},{"damage":7.0,"enemies":"Shell Parasite","floor":18.0,"turns":3.0},{"damage":9.0,"enemies":"Chosen","floor":19.0,"turns":4.0},{"damage":18.0,"enemies":"Sentry and Sphere","floor":21.0,"turns":5.0},{"damage":2.0,"enemies":"Snecko","floor":24.0,"turns":4.0},{"damage":5.0,"enemies":"Slavers","floor":25.0,"turns":7.0},{"damage":2.0,"enemies":"Cultist and Chosen","floor":28.0,"turns":6.0},{"damage":0.0,"enemies":"Centurion and Healer","floor":30.0,"turns":5.0},{"damage":23.0,"enemies":"Sentry and Sphere","floor":31.0,"turns":5.0},{"damage":1.0,"enemies":"Champ","floor":33.0,"turns":10.0},{"damage":0.0,"enemies":"Orb Walker","floor":35.0,"turns":1.0},{"damage":23.0,"enemies":"2 Orb Walkers","floor":36.0,"turns":6.0},{"damage":1.0,"enemies":"3 Shapes","floor":37.0,"turns":5.0},{"damage":0.0,"enemies":"Transient","floor":38.0,"turns":5.0},{"damage":10.0,"enemies":"Reptomancer","floor":40.0,"turns":6.0},{"damage":42.0,"enemies":"Nemesis","floor":46.0,"turns":8.0},{"damage":0.0,"enemies":"4 Shapes","floor":48.0,"turns":5.0},{"damage":9.0,"enemies":"Donu and Deca","floor":50.0,"turns":10.0},{"damage":7.0,"enemies":"Shield and Spear","floor":54.0,"turns":8.0},{"damage":85,"enemies":"The Heart","floor":55,"turns":11}],"seed_played":"4468429373433806988","potions_obtained":[{"floor":7.0,"key":"DuplicationPotion"},{"floor":11.0,"key":"GamblersBrew"},{"floor":13.0,"key":"Energy Potion"},{"floor":16.0,"key":"SmokeBomb"},{"floor":18.0,"key":"LiquidMemories"},{"floor":24.0,"key":"CultistPotion"},{"floor":25.0,"key":"LiquidMemories"},{"floor":31.0,"key":"Ancient Potion"},{"floor":33.0,"key":"PowerPotion"},{"floor":48.0,"key":"Strength Potion"},{"floor":54.0,"key":"SteroidPotion"}],"is_trial":false,"path_per_floor":["M","M","?","M","$","R","M","?","T","?","E","R","M","E","R","B",null,"M","M","$","M","T","R","M","E","T","?","M","R","M","M","R","B",null,"M","?","M","M","$","E","?","R","T","R","?","E","R","M","R","B",null,"R","$","E","B"],"character_chosen":"THE_SILENT","items_purchased":["Lantern","Akabeko","Cloak And Dagger","Expertise","Bronze Scales","ColorlessPotion","Quick Slash"],"campfire_rested":0,"item_purchase_floors":[5,20,20,39,39,53,53],"current_hp_per_floor":[58,56,45,38,38,38,33,33,33,33,25,25,25,23,35,5,59,52,43,43,25,25,40,38,33,33,33,31,46,46,23,41,40,68,68,45,44,44,44,34,24,45,45,66,66,24,45,45,66,57,72,77,77,70,0,0],"gold":39,"neow_bonus":"THREE_RARE_CARDS","is_daily":false,"chose_seed":false,"campfire_upgraded":10,"win_rate":0.0,"timestamp":1614184357,"path_taken":["M","M","?","M","$","R","M","?","T","?","E","R","M","E","R","BOSS","M","M","$","M","?","R","M","E","T","?","?","R","M","M","R","BOSS","M","?","M","M","$","E","?","R","T","R","?","E","R","?","R","BOSS","R","$","E","BOSS"],"items_purchased_type":["Relic","Relic","Card","Card","Relic","Potion","Card"],"build_version":"2020-12-18","purchased_purges":3,"victory":false,"max_hp_per_floor":[70,70,70,70,70,70,70,70,70,70,77,77,77,77,77,77,77,77,77,77,77,77,77,77,77,77,77,77,77,77,77,77,77,77,77,77,77,77,77,77,77,77,77,77,77,77,77,77,77,77,77,77,77,77,77,77],"relic_stats":{"Nunchaku":[33],"Happy Flower":[45],"counters":[27,151],"Mummified Hand":[21],"Blue Candle":[4],"Bronze Scales":[279],"Eternal Feather":149,"Question Card":12,"Cursed Key":1,"obtain_stats":[{"Lantern":5,"Happy Flower":9,"Blue Candle":26,"Oddly Smooth Stone":40,"Vajra":46,"Eternal Feather":14,"Question Card":25,"Cursed Key":34,"Akabeko":20,"Nunchaku":22,"Mummified Hand":45,"Strawberry":11,"Bronze Scales":39,"Philosopher\u0027s Stone":17,"FossilizedHelix":36,"Toy Ornithopter":54,"Ring of the Snake":0},{"Lantern":3,"Happy Flower":4,"Blue Candle":13,"Oddly Smooth Stone":22,"Vajra":23,"Eternal Feather":7,"Question Card":13,"Cursed Key":17,"Akabeko":10,"Nunchaku":11,"Mummified Hand":22,"Strawberry":5,"Bronze Scales":21,"Philosopher\u0027s Stone":8,"FossilizedHelix":19,"Toy Ornithopter":26,"Ring of the Snake":0},{"Lantern":10,"Happy Flower":14,"Blue Candle":60,"Oddly Smooth Stone":109,"Vajra":117,"Eternal Feather":26,"Question Card":60,"Cursed Key":86,"Akabeko":44,"Nunchaku":49,"Mummified Hand":109,"Strawberry":19,"Bronze Scales":103,"Philosopher\u0027s Stone":37,"FossilizedHelix":93,"Toy Ornithopter":140,"Ring of the Snake":0}],"Toy Ornithopter":10,"Ring of the Snake":[54]},"card_choices":[{"not_picked":["Burst","Envenom"],"picked":"Glass Knife","floor":0.0},{"not_picked":["Eviscerate","Escape Plan"],"picked":"Blade Dance","floor":1.0},{"not_picked":["Calculated Gamble","Caltrops"],"picked":"Blade Dance","floor":2.0},{"not_picked":["Deflect","Backflip"],"picked":"Sucker Punch","floor":4.0},{"not_picked":["Skewer","Underhanded Strike"],"picked":"Backstab","floor":7.0},{"not_picked":["Dagger Throw","Flechettes"],"picked":"Dash","floor":11.0},{"not_picked":["Outmaneuver","Flying Knee"],"picked":"Backstab","floor":13.0},{"not_picked":["Backflip","Quick Slash"],"picked":"Die Die Die","floor":14.0},{"not_picked":["Glass Knife","Storm of Steel"],"picked":"Wraith Form v2","floor":16.0},{"not_picked":["Blade Dance","Slice","Flechettes"],"picked":"SKIP","floor":18.0},{"not_picked":["Sucker Punch","Cloak And Dagger"],"picked":"PiercingWail","floor":19.0},{"not_picked":["Tactician","Deadly Poison"],"picked":"PiercingWail","floor":21.0},{"not_picked":["Backstab","Dodge and Roll","Outmaneuver"],"picked":"SKIP","floor":24.0},{"not_picked":["Envenom","Terror"],"picked":"Blade Dance+1","floor":25.0},{"not_picked":["Flying Knee+1","Deflect","Blade Dance"],"picked":"Blur","floor":28.0},{"not_picked":["Escape Plan","Sucker Punch","Poisoned Stab"],"picked":"Well Laid Plans","floor":30.0},{"not_picked":["Underhanded Strike","Cloak And Dagger","Backflip"],"picked":"Noxious Fumes+1","floor":31.0},{"not_picked":["Malaise","Unload","Doppelganger"],"picked":"Envenom","floor":33.0},{"not_picked":["Bane+1","Sucker Punch","Underhanded Strike","Infinite Blades"],"picked":"SKIP","floor":35.0},{"not_picked":["Blade Dance+1","Dagger Throw+1","Poisoned Stab"],"picked":"Acrobatics+1","floor":36.0},{"not_picked":["Slice","Tactician","Dagger Spray+1","Eviscerate"],"picked":"SKIP","floor":37.0},{"not_picked":["Blade Dance","Flechettes","Poisoned Stab"],"picked":"Wraith Form v2","floor":38.0},{"not_picked":["Distraction","Underhanded Strike+1","Prepared"],"picked":"Bouncing Flask","floor":40.0},{"not_picked":["Backstab","Dash","Slice"],"picked":"Skewer","floor":46.0},{"not_picked":["Dagger Throw","Poisoned Stab","Tactician","Deadly Poison"],"picked":"SKIP","floor":48.0},{"not_picked":["PiercingWail","Acrobatics","Sucker Punch"],"picked":"Backflip+1","floor":54.0}],"player_experience":606085,"relics_obtained":[{"floor":9.0,"key":"Happy Flower"},{"floor":11.0,"key":"Strawberry"},{"floor":14.0,"key":"Eternal Feather"},{"floor":22.0,"key":"Nunchaku"},{"floor":25.0,"key":"Question Card"},{"floor":26.0,"key":"Blue Candle"},{"floor":36.0,"key":"FossilizedHelix"},{"floor":40.0,"key":"Oddly Smooth Stone"},{"floor":46.0,"key":"Vajra"},{"floor":54.0,"key":"Toy Ornithopter"}],"event_choices":[{"damage_healed":0.0,"max_hp_gain":0.0,"max_hp_loss":0.0,"gold_gain":75.0,"event_name":"World of Goop","player_choice":"Gather Gold","floor":3.0,"gold_loss":0.0,"damage_taken":11.0},{"damage_healed":0.0,"max_hp_gain":0.0,"max_hp_loss":0.0,"gold_gain":0.0,"cards_transformed":["Strike_G"],"event_name":"Living Wall","player_choice":"Change","floor":8.0,"gold_loss":0.0,"damage_taken":0.0,"cards_obtained":["Prepared"]},{"damage_healed":0.0,"max_hp_gain":0.0,"max_hp_loss":0.0,"gold_gain":0.0,"event_name":"Match and Keep!","player_choice":"3 cards matched","floor":10.0,"gold_loss":0.0,"damage_taken":0.0,"cards_obtained":["Bane","Purity","Blur"]},{"damage_healed":0.0,"max_hp_gain":0.0,"max_hp_loss":0.0,"gold_gain":0.0,"event_name":"Designer","player_choice":"Upgraded Two","floor":27.0,"gold_loss":40.0,"damage_taken":0.0,"cards_upgraded":["Backstab","Die Die Die"]},{"damage_healed":0.0,"max_hp_gain":0.0,"max_hp_loss":0.0,"gold_gain":0.0,"event_name":"Mysterious Sphere","player_choice":"Fight","floor":36.0,"gold_loss":0.0,"damage_taken":0.0},{"damage_healed":0.0,"max_hp_gain":0.0,"max_hp_loss":0.0,"gold_gain":0.0,"event_name":"Winding Halls","player_choice":"Embrace Madness","floor":41.0,"gold_loss":0.0,"damage_taken":10.0,"cards_obtained":["Madness","Madness"]},{"damage_healed":0.0,"max_hp_gain":0.0,"max_hp_loss":0.0,"gold_gain":0.0,"event_name":"WeMeetAgain","player_choice":"Gave Potion","floor":45.0,"gold_loss":0.0,"damage_taken":0.0,"relics_obtained":["Mummified Hand"]}],"is_beta":true,"boss_relics":[{"not_picked":["Fusion Hammer","Empty Cage"],"picked":"Philosopher\u0027s Stone"},{"not_picked":["Runic Pyramid","Coffee Dripper"],"picked":"Cursed Key"}],"items_purged_floors":[5,20,39],"is_endless":false,"potions_floor_spawned":[7,11,13,14,16,18,24,25,31,33,37,40,48,54],"killed_by":"The Heart","ascension_level":12}}