{"host":"bun66rhxl4zngnso","time":1614145811,"event":{"mods":["2.2 Compatiblity","AchievementEnabler","Act Like it!","Arknights","BaseMod","KOR Keyword Fix","KinomotoSakuraMod(ÙÊñýÜâ?)","Koishi","Marisa£¨Ùöéë¡¡Øª×âÞÞ£©","Minty Spire (QoL Compilation)","Permanent Neow","Reimu£¨ÚÏ???£©","Remilia£¨?Ú·×é?£©","StSLib","SuperFastMode","The Runesmith","The Servant 0.9.4","Youmu£¨ûëÛÞèí?£©"],"gold_per_floor":[111,76,76,92,106,106,132,143,143,143,143],"floor_reached":10,"language":"KOR","playtime":452,"items_purged":[],"score":68,"play_id":"c8a4d6d7-3b20-453b-97cb-c776f0b164b6","local_time":"20210224145011","is_ascension_mode":false,"campfire_choices":[{"data":"FineLineFantasy:ReiMu","floor":6,"key":"SMITH"}],"circlet_count":0,"master_deck":["Strike_Lin:ReiMu","Strike_Lin:ReiMu","Strike_Lin:ReiMu","Strike_Lin:ReiMu","Defend_Lin:ReiMu","Defend_Lin:ReiMu","Defend_Lin:ReiMu","Defend_Lin:ReiMu","NB:ReiMu+1","Stagnation:ReiMu","UpKicking:ReiMu","TightArray:ReiMu","FineLineFantasy:ReiMu+1","FantasyBorder:ReiMu","Meditation:ReiMu","Mountainwind:ReiMu"],"relics":["FlyPower:ReiMu","Happy Flower","Runesmith:AutoHammer"],"acts_visited":["Exordium"],"potions_floor_usage":[5,7,10],"damage_taken":[{"damage":8,"enemies":"2 Louse","floor":1,"turns":3},{"damage":6,"enemies":"Small Slimes","floor":4,"turns":4},{"damage":3,"enemies":"Cultist","floor":5,"turns":3},{"damage":33,"enemies":"Gremlin Nob","floor":7,"turns":6},{"damage":8,"enemies":"Blue Slaver","floor":8,"turns":5},{"damage":17,"enemies":"3 Sentries","floor":10,"turns":4}],"seed_played":"-2616261526283627154","potions_obtained":[{"floor":1,"key":"Strength Potion"},{"floor":4,"key":"Fire Potion"},{"floor":8,"key":"SkillPotion"}],"is_trial":false,"path_per_floor":["M","?","?","M","M","R","E","M","T","E"],"character_chosen":"REIMU","items_purchased":[],"campfire_rested":0,"item_purchase_floors":[],"current_hp_per_floor":[57,65,65,59,56,56,23,15,15,0,0],"gold":143,"neow_bonus":"THREE_CARDS","is_daily":false,"chose_seed":false,"campfire_upgraded":1,"win_rate":0.0,"timestamp":1614145811,"path_taken":["M","?","?","?","M","R","E","M","T","E"],"items_purchased_type":[],"build_version":"2020-12-22","purchased_purges":0,"victory":false,"max_hp_per_floor":[65,65,65,65,65,65,65,65,65,65,65],"card_choices":[{"not_picked":["SafetyPray:ReiMu","SealNeedle:ReiMu"],"picked":"UpKicking:ReiMu","floor":0},{"not_picked":["TakeOff:ReiMu","OrbThrow:ReiMu"],"picked":"TightArray:ReiMu","floor":1},{"not_picked":["SealNeedle:ReiMu","AlertArray:ReiMu"],"picked":"FineLineFantasy:ReiMu","floor":4},{"not_picked":["Intuition:ReiMu","SubcavityInstant:ReiMu"],"picked":"FantasyBorder:ReiMu","floor":5},{"not_picked":["Conquer:ReiMu","SubcavityInstant:ReiMu"],"picked":"Meditation:ReiMu","floor":7},{"not_picked":["RunawayExorcism:ReiMu","Meditation:ReiMu"],"picked":"Mountainwind:ReiMu","floor":8}],"player_experience":12527,"relics_obtained":[{"floor":7,"key":"Happy Flower"},{"floor":9,"key":"Runesmith:AutoHammer"}],"event_choices":[{"damage_healed":16,"gold_gain":0,"player_choice":"Healed","damage_taken":0,"max_hp_gain":0,"max_hp_loss":0,"event_name":"The Cleric","floor":2,"gold_loss":35},{"damage_healed":0,"gold_gain":0,"player_choice":"Upgraded","damage_taken":0,"max_hp_gain":0,"max_hp_loss":0,"event_name":"Upgrade Shrine","floor":3,"gold_loss":0,"cards_upgraded":["NB:ReiMu"]}],"is_beta":false,"boss_relics":[],"items_purged_floors":[],"is_endless":false,"potions_floor_spawned":[1,4,8],"killed_by":"3 Sentries","ascension_level":0}}