{"host":"iawk615p0198zs2h","time":1614156504,"event":{"mods":["BaseMod","Better Third Choice","BetterRewards","Downfall","Gold Saver","Minty Spire (QoL Compilation)","Quick Restart","Rare Cards Sparkle","Replay The Spire","Spicy Shops","StSLib"],"gold_per_floor":[1039,1052,1052,1065,1065,1065,811,843,843,521,534,549,549,559,559,559,559],"floor_reached":16,"language":"ENG","playtime":900,"items_purged":["Strike_G","Strike_G","Strike_G"],"score":205,"play_id":"bd8c3314-cfd1-498b-ad93-7c68426174e3","local_time":"20210224094824","is_ascension_mode":true,"campfire_choices":[{"data":"Footwork","floor":6,"key":"SMITH"},{"data":"Deadly Poison","floor":13,"key":"SMITH"},{"data":"PiercingWail","floor":15,"key":"SMITH"}],"circlet_count":0,"master_deck":["Strike_G","Strike_G","Defend_G","Defend_G","Defend_G","Defend_G","Defend_G","Survivor","Neutralize","Footwork+1","Deadly Poison+1","Pot Of Greed","Pot Of Greed","Backflip","PiercingWail+1"],"relics":["Ring of the Snake","Grinning Jar","Blood Vial","TwistedFunnel"],"acts_visited":["Exordium"],"potions_floor_usage":[16,16],"damage_taken":[{"damage":2,"enemies":"2 Louse","floor":1,"turns":5},{"damage":0,"enemies":"Cultist","floor":2,"turns":5},{"damage":0,"enemies":"Small Slimes","floor":4,"turns":5},{"damage":4,"enemies":"Lagavulin","floor":8,"turns":10},{"damage":0,"enemies":"Exordium Wildlife","floor":11,"turns":4},{"damage":0,"enemies":"Red Slaver","floor":12,"turns":5},{"damage":0,"enemies":"2 Fungi Beasts","floor":14,"turns":4},{"damage":60,"enemies":"Slime Boss","floor":16,"turns":13}],"seed_played":"-1803189631272546385","potions_obtained":[{"floor":8,"key":"CunningPotion"},{"floor":11,"key":"Reflective Coating"},{"floor":12,"key":"Swift Potion"}],"is_trial":false,"path_per_floor":["M","M","?","M","?","R","$","E","T","$","M","M","R","M","R","B"],"character_chosen":"THE_SILENT","items_purchased":["Footwork","Grinning Jar","TwistedFunnel","Backflip"],"campfire_rested":0,"item_purchase_floors":[0,7,10,10],"current_hp_per_floor":[47,47,47,47,47,47,47,43,43,43,45,47,47,49,49,0,0],"gold":559,"neow_bonus":"","is_daily":false,"chose_seed":false,"campfire_upgraded":3,"win_rate":0.0,"timestamp":1614156504,"path_taken":["M","M","?","?","?","R","?","E","T","$","M","M","R","M","R","BOSS"],"items_purchased_type":["Card","Relic","Relic","Card"],"build_version":"2020-12-22","purchased_purges":3,"victory":false,"max_hp_per_floor":[70,70,70,70,70,70,70,70,70,70,70,70,70,70,70,70,70],"card_choices":[{"not_picked":["Bane","Quick Slash"],"picked":"Deadly Poison","floor":1},{"not_picked":["Bane","Acrobatics","Dodge and Roll"],"picked":"SKIP","floor":2},{"not_picked":["Caltrops","Poisoned Stab","Prepared"],"picked":"SKIP","floor":4},{"not_picked":["Setup","Dagger Spray","Distraction"],"picked":"SKIP","floor":8},{"not_picked":["ReplayTheSpireMod:Necrosis","Slice"],"picked":"PiercingWail","floor":11},{"not_picked":["ReplayTheSpireMod:Shiv Toss","Bane","Deflect"],"picked":"SKIP","floor":12},{"not_picked":["Quick Slash","Deadly Poison","ReplayTheSpireMod:Shiv Toss"],"picked":"SKIP","floor":14}],"player_experience":227973,"relics_obtained":[{"floor":8,"key":"Blood Vial"}],"event_choices":[{"damage_healed":0,"gold_gain":0,"player_choice":"0 cards matched","damage_taken":0,"max_hp_gain":0,"max_hp_loss":0,"event_name":"Match and Keep!","floor":3,"gold_loss":0,"cards_obtained":[]},{"damage_healed":0,"gold_gain":0,"player_choice":"Ignored","damage_taken":1065,"max_hp_gain":0,"max_hp_loss":0,"event_name":"betterThird:BetterSerpent","floor":5,"gold_loss":0}],"is_beta":false,"boss_relics":[],"items_purged_floors":[0,7,10],"is_endless":false,"potions_floor_spawned":[8,11,12,14],"killed_by":"Slime Boss","ascension_level":7}}