{"host":"whe4vf9w0yuhsr02","time":1614180798,"event":{"mods":["AchievementEnabler","Act Like it!","BaseMod","Better Altar","Better Match","Better Note","Better Sensory Stone","Better Skull","Better Third Choice","Colored Map","Dark Map","Friendly Minions","Highlight Path","Hubris","Library of Ruina","Library of Ruina Extra","Minty Spire (QoL Compilation)","Poor People Problems","Quick Restart","Replay The Spire","StSLib","everything is the same but u backflip on backflip"],"gold_per_floor":[112,128,128,145,145,145,176,176,176,196,196,10,48,48,48,182,182,210,150,169,44,79,123,123,172,196,196,59,84,147,147,263,411,411,443,122,122,139,166,166,231,231,231,258,258,297,363,423,423,463],"floor_reached":51,"language":"ENG","playtime":1584,"items_purged":["Injury","Doubt","Clumsy","CommonCold"],"score":1173,"play_id":"f1ed526b-9097-4de2-a702-279513a8fbaa","local_time":"20210224173318","is_ascension_mode":true,"campfire_choices":[{"data":"Charge","floor":6,"key":"SMITH"},{"data":"LevelSlash","floor":8,"key":"SMITH"},{"data":"UpstandingSlash","floor":15,"key":"SMITH"},{"data":"EmotionalTurbulence","floor":24,"key":"SMITH"},{"data":"GrazeTheGrass","floor":27,"key":"SMITH"},{"data":"1","floor":40,"key":"LIFT"},{"data":"2","floor":42,"key":"LIFT"},{"data":"3","floor":49,"key":"LIFT"}],"circlet_count":0,"master_deck":["Dodge","LightDefense","LightAttack","UpstandingSlash+1","Spear_LOR+1","LevelSlash+1","LightDefense","LightDefense","FocusSpirit","Charge+1","Master of Strategy","Unlock1","GrazeTheGrass+1","EmotionalTurbulence+1","FieryDragonSlash+1","Multislash"],"relics":["PageOfLibrarian","hubris:Towel","hubris:Metronome","PageOfBigBadWolf","Golden Idol","Membership Card","Replay:Bandana","Replay:Ancient Bell","Anchor","PageOfNothingThere","Omamori","PageOfFairyFestival","Boot","ReplayTheSpireMod:TigerMarble","Strange Spoon","PageOfLittleHelper","Painkiller Herb","PageOfTodaysShyLook","Girya","Replay:Baseball","Replay:Bottled Eggs","Toy Ornithopter"],"acts_visited":["Exordium","TheCity","TheBeyond"],"potions_floor_usage":[25,25,25,25,33,33,50,50,51],"damage_taken":[{"damage":0,"enemies":"Small Slimes","floor":1,"turns":1},{"damage":0,"enemies":"Jaw Worm","floor":2,"turns":1},{"damage":0,"enemies":"2 Louse","floor":4,"turns":1},{"damage":0,"enemies":"Gremlin Nob","floor":7,"turns":2},{"damage":0,"enemies":"Exordium Wildlife","floor":10,"turns":1},{"damage":0,"enemies":"3 Sentries","floor":13,"turns":1},{"damage":0,"enemies":"Slime Boss","floor":16,"turns":2},{"damage":0,"enemies":"Chosen","floor":18,"turns":1},{"damage":0,"enemies":"2 Thieves","floor":20,"turns":1},{"damage":0,"enemies":"Cultist and Chosen","floor":22,"turns":2},{"damage":0,"enemies":"Slavers","floor":23,"turns":1},{"damage":0,"enemies":"Gremlin Leader","floor":25,"turns":2},{"damage":0,"enemies":"Sentry and Sphere","floor":29,"turns":2},{"damage":30,"enemies":"Automaton","floor":33,"turns":4},{"damage":0,"enemies":"3 Darklings","floor":35,"turns":2},{"damage":0,"enemies":"Orb Walker","floor":38,"turns":2},{"damage":0,"enemies":"Jaw Worm Horde","floor":39,"turns":1},{"damage":0,"enemies":"R_Hoarder","floor":41,"turns":2},{"damage":0,"enemies":"Sphere and 2 Shapes","floor":44,"turns":1},{"damage":0,"enemies":"Spire Growth","floor":46,"turns":1},{"damage":0,"enemies":"Nemesis","floor":47,"turns":1},{"damage":0,"enemies":"Transient","floor":48,"turns":5},{"damage":38,"enemies":"Time Eater","floor":50,"turns":4}],"seed_played":"-6894563837625621549","potions_obtained":[{"floor":2,"key":"DuplicationPotion"},{"floor":7,"key":"BlessingOfTheForge"},{"floor":13,"key":"EntropicBrew"},{"floor":29,"key":"CultistPotion"},{"floor":33,"key":"Swift Potion"},{"floor":35,"key":"GamblersBrew"},{"floor":41,"key":"Doom Potion"},{"floor":46,"key":"ColorlessPotion"}],"is_trial":false,"path_per_floor":["M","M","?","M","?","R","E","R","T","M","?","$","E","$","R","B",null,"M","?","M","$","M","E","R","E","T","R","$","M","?","?","R_BF","B",null,"?","T","?","?","?","T","E","T","T","?","?","?","E","?","T","B",null],"character_chosen":"Librarian","items_purchased":["Membership Card","Omamori","Strange Spoon","PageOfTodaysShyLook","Multislash","Girya"],"campfire_rested":0,"item_purchase_floors":[12,21,28,36,36,36],"current_hp_per_floor":[60,60,60,60,60,60,60,60,60,68,68,68,80,80,80,88,92,92,92,92,92,92,92,92,92,92,92,92,92,56,56,56,38,92,92,92,92,92,92,92,92,92,92,92,92,92,92,92,92,78],"gold":507,"neow_bonus":"","is_daily":false,"chose_seed":false,"campfire_upgraded":5,"win_rate":0.0,"timestamp":1614180798,"path_taken":["M","M","?","M","?","R","E","R","T","M","?","$","E","$","R","BOSS","M","?","M","$","M","E","R","E","T","R","$","M","?","?","R_BF","BOSS","?","T","?","?","?","T","E","T","T","?","?","?","E","?","T","BOSS"],"items_purchased_type":["Relic","Relic","Relic","Relic","Card","Relic"],"build_version":"2020-12-22","purchased_purges":4,"victory":true,"max_hp_per_floor":[92,92,92,92,92,92,92,92,92,92,92,92,92,92,92,92,92,92,92,92,92,92,92,92,92,92,92,92,92,92,92,92,92,92,92,92,92,92,92,92,92,92,92,92,92,92,92,92,92,92],"card_choices":[{"not_picked":["PinpointShot","Overcharge","BiteOff","SinglePointStab","SharpSwipe","Parry","CombatPreparation","DefenseOrder","Standoff"],"picked":"SKIP","floor":1},{"not_picked":["StructuralAnalysis","DesperateStruggle","FierceCharge","Fence","UnforgettableMelody","FrontalAssault","Tailoring","BayonetCombat","Unlock1"],"picked":"SKIP","floor":2},{"not_picked":["Impatience","Mind Blast","Dark Shackles","Enlightenment","Replay:Sssssssssshield","Panacea","Finesse","Secret Technique"],"picked":"Master of Strategy","floor":3},{"not_picked":["HiddenBlade","GreatSerpentsImpact","EnergyCycle","DefenseOrder","VioletBlade","TieShanKao","WillOfThePrescript","DarkCloud","FleetEdge"],"picked":"SKIP","floor":4},{"not_picked":["SharpSwipe","Endure","Quickness","Guardian_lor","AssaultOrder","QuickSuppression","EnergyShield","MultiHit"],"picked":"Unlock1","floor":7},{"not_picked":["BurningFlash","Unlock1","MultiHit","IdentifyWeakpoint","Feast","SetFire","Cruelty","DefenseOrder","PreemptiveStrike"],"picked":"SKIP","floor":10},{"not_picked":["Reload","Crush","FleetFootsteps","Juggling","SharpSwipe","SnakesPrey","WillProduceFineSilk","StrikeDown","TraceOfFumes"],"picked":"SKIP","floor":13},{"not_picked":["Regret","hubris:Wrath","Doubt","hubris:Envy","Parasite","Amnesia","hubris:Sloth","hubris:Compulsion"],"picked":"CommonCold","floor":17},{"not_picked":["Parasite","hubris:Envy","hubris:Gluttony","Injury","hubris:Greed","Languid","hubris:Lust","ReplayTheSpireMod:Doomed"],"picked":"Doubt","floor":17},{"not_picked":["Decay","Pain","hubris:Compulsion","CommonCold","Overencumbered","Sickly","hubris:Wrath","Regret"],"picked":"Clumsy","floor":17},{"not_picked":["NightInTheBackstreets","Guardian_lor","ElectricShock","Rewind+1","StayCalm+1","CutIn","SuppressingShot","DirtyBlow","FierceCharge"],"picked":"SKIP","floor":18},{"not_picked":["NightInTheBackstreets","Guardian_lor","ElectricShock","Rewind+1","StayCalm+1","CutIn","SuppressingShot","DirtyBlow","FierceCharge"],"picked":"SKIP","floor":18},{"not_picked":["SinglePointStab","FieryWaltz+1","FaintMemories+1","Zzzzzap+1","IngredientHunt","DirtyBlow+1","RapidGashes+1","Wallop_lor+1","Standoff"],"picked":"SKIP","floor":20},{"not_picked":["SunsetBlade","UpbeatPerformance+1","UndertakePrescript","FendThisOffIfYouCan+1","MindWhip+1","SpearedSweep","SharpSwipe","HighKick"],"picked":"GrazeTheGrass","floor":22},{"not_picked":["GuardingStance","Standoff+1","Slice_lor","EnergyStrike","JiaoTu","StrongStrike","AssaultOrder","SharpNails"],"picked":"EmotionalTurbulence","floor":23},{"not_picked":["GuardingStance","Tttonst","ElectricShock","NightInTheBackstreets+1","Pound","SnakesPrey","FendThisOffIfYouCan","SuppressingShot","Rewind"],"picked":"SKIP","floor":25},{"not_picked":["UnavoidableGaze","GatherIntel+1","ClassAndRespect","DesperateStruggle","RepressedFlesh","HandleRequest","Parry2","Creak"],"picked":"FieryDragonSlash","floor":29},{"not_picked":["SenseQuarry","GreatSerpentsImpact+1","EnergyCycle+1","Standoff","SnakesPrey+1","ChiWen","ProselytesBlade+1","ExtractFuel+1","ConcentratedFire+1"],"picked":"SKIP","floor":35},{"not_picked":["HighSpeedStabbing","Rampage_lor","CoordinatedAssault","Overpower+1","DevastatingThrash+1","SteelKnuckles","Mutilate","EnergyShield+1","WillProduceFineSilk"],"picked":"SKIP","floor":38},{"not_picked":["JiaoTu+1","SuppressingShot","RatsGuideToSurvival+1","Eradication","HighSpeedStabbing","GuardingStance+1","Overcharge+1","EnergyCycle+1","ElectricShock"],"picked":"SKIP","floor":39},{"not_picked":["ExtractFuel","SnakesPrey","DevastatingThrash+1","WillOfThePrescript+1","DaringDecision","SinglePointStab+1","Bvapour+1","Brawl","ShockingBlow"],"picked":"SKIP","floor":41},{"not_picked":["Execute_lor","SinglePointStab","Pound","ReadyUp","ViolentFlame+1","SharpSwipe+1","StrikeDown+1","Collision+1","PreparedMind"],"picked":"SKIP","floor":44},{"not_picked":["MultiBlock","Unlock1+1","CoordinatedAssault","UndertakePrescript+1","Decapitation","MultiHit","FlashOfSunup","Faith+1","QuickAttack"],"picked":"SKIP","floor":46},{"not_picked":["BlazingStrike","HighSpeedStabbing+1","CumulusWall","Wallop_lor","FeatherShield","SpearedSweep+1","Duel_lor+1","Quickness+1","DirtyBlow"],"picked":"SKIP","floor":47},{"not_picked":["SnakesPrey","CutIn+1","Wallop_lor","CoordinatedAssault","EndlessBattle","Endure","Reload","GreatSerpentsImpact","Tailoring+1"],"picked":"SKIP","floor":48}],"player_experience":447747,"relics_obtained":[{"floor":7,"key":"hubris:Metronome"},{"floor":9,"key":"PageOfBigBadWolf"},{"floor":13,"key":"Replay:Bandana"},{"floor":23,"key":"PageOfFairyFestival"},{"floor":25,"key":"Boot"},{"floor":26,"key":"ReplayTheSpireMod:TigerMarble"},{"floor":30,"key":"PageOfLittleHelper"},{"floor":41,"key":"Replay:Baseball"},{"floor":43,"key":"Replay:Bottled Eggs"},{"floor":47,"key":"Toy Ornithopter"}],"event_choices":[{"damage_healed":0,"gold_gain":1,"player_choice":"1","damage_taken":0,"max_hp_gain":0,"max_hp_loss":0,"event_name":"betterStone:BetterStone","floor":3,"gold_loss":0},{"damage_healed":0,"gold_gain":0,"player_choice":"Take Wound","damage_taken":0,"relics_obtained":["Golden Idol"],"max_hp_gain":0,"max_hp_loss":0,"event_name":"Golden Idol","floor":11,"gold_loss":0,"cards_obtained":["Injury"]},{"damage_healed":0,"gold_gain":0,"player_choice":"Ignored","damage_taken":0,"max_hp_gain":0,"max_hp_loss":0,"event_name":"Ghosts","floor":31,"gold_loss":0},{"damage_healed":0,"gold_gain":0,"player_choice":"Ignored","damage_taken":0,"max_hp_gain":0,"max_hp_loss":0,"event_name":"Tomb of Lord Red Mask","floor":37,"gold_loss":0},{"damage_healed":0,"gold_gain":0,"player_choice":"Upgraded","damage_taken":0,"max_hp_gain":0,"max_hp_loss":0,"event_name":"Upgrade Shrine","floor":45,"gold_loss":0,"cards_upgraded":["FieryDragonSlash"]}],"is_beta":false,"boss_relics":[{"not_picked":["ReplayTheSpireMod:DimensionalGlitch","Replay:Wanted Poster"],"picked":"Replay:Ancient Bell"},{"not_picked":["hubris:TenFootPole","Blue Doll"],"picked":"Anchor"},{"not_picked":["PageOfForsakenMurderer","PageOfJudgementBird"],"picked":"PageOfNothingThere"},{"not_picked":["hubris:ScarierMask","Snecko Eye"],"picked":"Painkiller Herb"}],"items_purged_floors":[12,21,28,36],"is_endless":false,"potions_floor_spawned":[2,7,13,20,29,33,35,41,46,47],"ascension_level":1}}