{"host":"xwl7b08i4vco8s3a","time":1614137059,"event":{"mods":["BaseMod","Colored Powertips","Downfall","Hermit","Minty Spire (QoL Compilation)","Replay The Spire","StSLib","Wandering Minibosses"],"gold_per_floor":[99,109,129,189,206,106,106,120,20,30,30,65,65,93,109,109,109,109],"floor_reached":16,"language":"ENG","playtime":1076,"items_purged":[],"score":137,"play_id":"c8b18d16-a1fd-4908-978e-a9773f285cd0","local_time":"20210224042419","is_ascension_mode":false,"campfire_choices":[{"floor":1,"key":"RECALL"},{"floor":6,"key":"REST"},{"floor":9,"key":"REST"},{"floor":13,"key":"REST"}],"circlet_count":0,"master_deck":["hexamod:Strike","hexamod:Strike","hexamod:Strike","hexamod:Strike","hexamod:Defend","hexamod:Defend","hexamod:Defend","hexamod:Defend","hexamod:Sear","hexamod:BurningTouch","hexamod:EtherealExpedition","hexamod:GhostOfSpirePast","hexamod:StepThrough","hexamod:ThirdSeal","hexamod:SkipABeat","Survivor","hexamod:SpectersWail","hexamod:CatchUp","hexamod:FlamesFromBeyond","hexamod:RadiantFlame","Bane"],"relics":["Replay:Towering Pillar of Hats","downfall:HeartBlessingRed","downfall:HeartBlessingBlue","m_HexaRing","Kunai","Girya"],"acts_visited":["Exordium"],"potions_floor_usage":[2,15,15,16],"damage_taken":[{"damage":1,"enemies":"Jaw Worm","floor":2,"turns":4},{"damage":12,"enemies":"2 Louse","floor":3,"turns":4},{"damage":48,"enemies":"Lagavulin Event","floor":4,"turns":7},{"damage":0,"enemies":"Cultist","floor":5,"turns":3},{"damage":7,"enemies":"3 Louse","floor":8,"turns":4},{"damage":3,"enemies":"Red Slaver","floor":10,"turns":3},{"damage":26,"enemies":"Lagavulin","floor":12,"turns":6},{"damage":35,"enemies":"3 Sentries","floor":14,"turns":6},{"damage":17,"enemies":"Exordium Thugs","floor":15,"turns":5},{"damage":35,"enemies":"WA_ARCHETYPE_RETAIN","floor":16,"turns":4}],"seed_played":"-8120094139370553772","potions_obtained":[{"floor":2,"key":"EntropicBrew"}],"is_trial":false,"path_per_floor":["R","M","M","?","M","R","T","M","R","M","?","E","R","E","M","B"],"character_chosen":"THE_SPIRIT","items_purchased":[],"campfire_rested":3,"item_purchase_floors":[],"current_hp_per_floor":[77,76,64,16,16,39,39,32,65,62,62,36,62,27,24,0,0,0],"gold":109,"neow_bonus":"TEN_PERCENT_HP_BONUS","is_daily":false,"chose_seed":false,"campfire_upgraded":0,"win_rate":0.0,"timestamp":1614137059,"path_taken":["R","M","M","?","M","R","T","M","R","M","?","E","R","E","M","BOSS"],"items_purchased_type":[],"build_version":"2020-12-22","purchased_purges":0,"victory":false,"max_hp_per_floor":[77,77,77,77,77,77,77,77,87,87,87,87,87,87,87,87,87,87],"card_choices":[{"not_picked":["hexamod:Incineration","hexamod:GhostShield"],"picked":"hexamod:BurningTouch","floor":2},{"not_picked":["hexamod:FastForward","hexamod:NightmareGuise"],"picked":"hexamod:EtherealExpedition","floor":3},{"not_picked":["hexamod:AdvancingGuard","hexamod:ThermalTransfer"],"picked":"hexamod:GhostOfSpirePast","floor":4},{"not_picked":["hexamod:Firestarter","hexamod:Haunt"],"picked":"hexamod:StepThrough","floor":5},{"not_picked":["hexamod:NightmareGuise","hexamod:BurningTouch"],"picked":"hexamod:ThirdSeal","floor":8},{"not_picked":["hexamod:Haunt","hexamod:PhantomFireball"],"picked":"hexamod:SkipABeat","floor":10},{"not_picked":["hexamod:StepThrough","hexamod:Firestarter"],"picked":"hexamod:SpectersWail","floor":12},{"not_picked":["hexamod:Incineration","hexamod:BurningTouch"],"picked":"hexamod:CatchUp","floor":12},{"not_picked":["hexamod:BacktrackSmack","hexamod:AdvancingGuard"],"picked":"hexamod:FlamesFromBeyond","floor":14},{"not_picked":["hexamod:DynamicBlow","hexamod:Firestarter"],"picked":"hexamod:RadiantFlame","floor":14},{"not_picked":["hexamod:GhostflameInferno","hexamod:GhostShield"],"picked":"Bane","floor":15},{"not_picked":["hexamod:HeatMetal","hexamod:RecurringNightmare","hexamod:SwordOfDarkness"],"picked":"SKIP","floor":15}],"player_experience":477033,"relics_obtained":[{"floor":4,"key":"Replay:Towering Pillar of Hats"},{"floor":12,"key":"Kunai"},{"floor":14,"key":"Girya"}],"event_choices":[],"is_beta":false,"boss_relics":[],"items_purged_floors":[],"is_endless":false,"potions_floor_spawned":[2,3,10],"killed_by":"WA_ARCHETYPE_RETAIN","ascension_level":0}}