{"host":"mconkkfc0dudtfx5","time":1614187867,"event":{"mods":["BaseMod","Highlight Path","Hubris","Lobotomy","Marisa£®ÏF”Í°°ƒß¿Ì…≥£©","Minty Spire (QoL Compilation)","Quick Restart","Remilia£®¿Ÿ√◊¿Ú—«£©","Shop Mod","StSLib","The Bug Knight","The Senshi","The Servant 0.9.4","Youmu£®ªÍ∆«—˝√Œ£©","Yuyuko"],"gold_per_floor":[17,92,106,106,55,83,83,95,142,156,167,189,264,289,289,394,394,426,407,411,77,93,125,142,142,188,201,250,9,58,158,158,274,274,326,4,15,47,86,135,153,153,153,153,188,225,225,274,274,274,274,274,56,111,111],"floor_reached":56,"language":"ZHS","playtime":6850,"items_purged":["Strike_RM"],"score":1532,"play_id":"a7ecbdea-f31b-4435-ba00-9dd947b40b71","local_time":"20210225013107","is_ascension_mode":false,"campfire_choices":[{"data":"VampirishNight","floor":7.0,"key":"SMITH"},{"data":"Ultimatum","floor":15.0,"key":"SMITH"},{"data":"ScarletMeister","floor":25.0,"key":"SMITH"},{"data":"ScarletCoffin","floor":32.0,"key":"SMITH"},{"floor":42.0,"key":"RECALL"},{"floor":44.0,"key":"REST"},{"floor":49,"key":"REST"},{"floor":52,"key":"REST"}],"circlet_count":0,"master_deck":["Strike_RM+1","Strike_RM+1","Defend_RM+1","Defend_RM","Defend_RM","Defend_RM+1","RedMoon","ScarletShoot","StarOfDavid","NightDance","VampireKiss+1","VampirishNight+1","FavorOfDestiny","MillenniumVampire+1","VampireKiss+1","Ultimatum+1","BombardNight+1","ScarletMeister+1","AfternoonTea+1","ScarletImprint","UnstableMagic+1","ScarletImprint+1","FitfulNightmare+1","MastersStateliness","UnstableMagic","UnstableMagic+1","BloodyMagicSquare+1","ScarletImprint+1","AfternoonTea","ScarletCoffin+1","MillenniumVampire","ScarletImprint","ReincarnationDial+1","BloodRain+1","VampireFantasy+1","BloodyMagicSquare+1","MastersStateliness+1","ScarletMeister+1"],"relics":["ScarletHat","Mango","Ginger","Bronze Scales","Odd Mushroom","The Courier","Black Star","Toy Ornithopter","Whetstone","Nunchaku","Meat on the Bone","Lantern","Vajra","Art of War","Membership Card","Potion Belt","Anchor","Bag of Preparation","Orichalcum","HollowMod:StagPassRelic","Mercury Hourglass","TypeBBloodRedTea","Darkstone Periapt","hubris:DeckOfHolding","Fusion Hammer","Matryoshka","hubris:FunFungus","Chemical X","Juzu Bracelet","Letter Opener","Pen Nib","Shuriken","PreservedInsect","theSenshi:SailorFukuRelic","Bottled Tornado","Calipers","Ancient Tea Set","hubris:MedicalManual","hubris:SlimyHat","Eternal Feather","DollysMirror","War Paint","Centennial Puzzle","HornCleat","Oddly Smooth Stone","hubris:TenFootPole"],"acts_visited":["Exordium","TheCity","TheBeyond","TheEnding"],"potions_floor_usage":[45],"damage_taken":[{"damage":0.0,"enemies":"Small Slimes","floor":1.0,"turns":4.0},{"damage":0.0,"enemies":"2 Louse","floor":3.0,"turns":4.0},{"damage":12.0,"enemies":"Gremlin Nob","floor":6.0,"turns":4.0},{"damage":0.0,"enemies":"Cultist","floor":8.0,"turns":2.0},{"damage":5.0,"enemies":"Large Slime","floor":10.0,"turns":7.0},{"damage":1.0,"enemies":"3 Louse","floor":11.0,"turns":2.0},{"damage":6.0,"enemies":"The Mushroom Lair","floor":12.0,"turns":2.0},{"damage":0.0,"enemies":"3 Sentries","floor":14.0,"turns":9.0},{"damage":33.0,"enemies":"Slime Boss","floor":16.0,"turns":7.0},{"damage":6.0,"enemies":"Chosen","floor":18.0,"turns":6.0},{"damage":2.0,"enemies":"2 Thieves","floor":20.0,"turns":4.0},{"damage":15.0,"enemies":"3 Cultists","floor":22.0,"turns":5.0},{"damage":55.0,"enemies":"Gremlin Leader","floor":23.0,"turns":6.0},{"damage":0.0,"enemies":"Centurion and Healer","floor":24.0,"turns":2.0},{"damage":0.0,"enemies":"Snecko","floor":27.0,"turns":7.0},{"damage":4.0,"enemies":"HollowMod:Nosk","floor":28.0,"turns":10.0},{"damage":13.0,"enemies":"Slavers","floor":30.0,"turns":10.0},{"damage":0.0,"enemies":"Colosseum Slavers","floor":31.0,"turns":4.0},{"damage":1.0,"enemies":"Colosseum Nobs","floor":31.0,"turns":4.0},{"damage":33.0,"enemies":"hubris:MusketHawk","floor":33.0,"turns":11.0},{"damage":0.0,"enemies":"3 Darklings","floor":35.0,"turns":14.0},{"damage":0.0,"enemies":"Orb Walker","floor":37.0,"turns":5.0},{"damage":20.0,"enemies":"Spire Growth","floor":38.0,"turns":10.0},{"damage":8.0,"enemies":"3 Darklings","floor":39.0,"turns":3.0},{"damage":14.0,"enemies":"Reptomancer","floor":40.0,"turns":5.0},{"damage":1.0,"enemies":"Sphere and 2 Shapes","floor":41.0,"turns":4.0},{"damage":6,"enemies":"Nemesis","floor":45,"turns":7},{"damage":0,"enemies":"Writhing Mass","floor":46,"turns":8},{"damage":0,"enemies":"Reptomancer","floor":48,"turns":10},{"damage":0,"enemies":"hubris:GrandSnecko","floor":50,"turns":14},{"damage":0,"enemies":"Shield and Spear","floor":54,"turns":6},{"damage":1,"enemies":"The Heart","floor":55,"turns":9}],"seed_played":"-3381464708741356449","potions_obtained":[{"floor":3.0,"key":"Block Potion"},{"floor":8.0,"key":"Weak Potion"},{"floor":14.0,"key":"BlessingOfTheForge"},{"floor":14.0,"key":"Dexterity Potion"},{"floor":16.0,"key":"DuplicationPotion"},{"floor":16.0,"key":"Block Potion"},{"floor":20.0,"key":"FearPotion"},{"floor":20.0,"key":"Strength Potion"},{"floor":23.0,"key":"Energy Potion"},{"floor":30.0,"key":"DuplicationPotion"},{"floor":30.0,"key":"SteroidPotion"},{"floor":30.0,"key":"Weak Potion"},{"floor":31.0,"key":"SteroidPotion"},{"floor":33.0,"key":"AttackPotion"},{"floor":35.0,"key":"ColorlessPotion"},{"floor":35.0,"key":"BlessingOfTheForge"},{"floor":45,"key":"GamblersBrew"},{"floor":54,"key":"DuplicationPotion"}],"is_trial":false,"path_per_floor":["M","?","M","?","$","E","R","M","T","M","M","?","?","E","R","B",null,"M","$","M","$","M","E","M","R","T","M","E","$","E","?","R","B",null,"M","$","M","M","M","E","M","R","T","R","E","M","?","E","R","B",null,"R","$","E","B",null],"character_chosen":"REMILIA","items_purchased":["VampireKiss","ScarletImprint","ScarletImprint","Toy Ornithopter","Whetstone","FitfulNightmare","Membership Card","Potion Belt","Anchor","Matryoshka","hubris:FunFungus","Chemical X","DollysMirror","War Paint","Centennial Puzzle","FairyPotion"],"campfire_rested":3,"item_purchase_floors":[5,19,21,21,21,21,29,29,29,36,36,36,53,53,53,53],"current_hp_per_floor":[89,78,78,78,78,70,70,74,74,78,86,87,79,87,87,63,89,85,85,83,83,80,39,50,50,50,59,68,68,68,89,89,80,89,89,89,89,85,81,89,89,89,89,89,89,89,89,89,89,89,89,89,89,89,89],"gold":111,"neow_bonus":"ONE_RARE_RELIC","is_daily":false,"chose_seed":false,"campfire_upgraded":4,"win_rate":0.0,"timestamp":1614187867,"path_taken":["M","?","M","?","$","E","R","M","T","?","M","?","?","E","R","BOSS","M","$","M","$","M","E","M","R","T","?","E","$","E","?","R","BOSS","M","$","M","M","M","E","M","R","T","R","E","M","?","E","R","BOSS","R","$","E","BOSS"],"items_purchased_type":["Card","Card","Card","Relic","Relic","Card","Relic","Relic","Relic","Relic","Relic","Relic","Relic","Relic","Relic","Potion"],"build_version":"2020-12-22","purchased_purges":1,"victory":true,"max_hp_per_floor":[89,89,89,89,89,89,89,89,89,89,89,89,89,89,89,89,89,89,89,89,89,89,89,89,89,89,89,89,89,89,89,89,89,89,89,89,89,89,89,89,89,89,89,89,89,89,89,89,89,89,89,89,89,89,89],"card_choices":[{"not_picked":["ScarletDevil","UnstableMagic"],"picked":"StarOfDavid","floor":1.0},{"not_picked":["UnderTheZenith","NightLord"],"picked":"NightDance","floor":3.0},{"not_picked":["NightLord","CharismaGuard"],"picked":"VampirishNight","floor":6.0},{"not_picked":["BombardNight","VampireKiss"],"picked":"FavorOfDestiny","floor":8.0},{"not_picked":["ForbiddenFruit","EndlessAdversity"],"picked":"MillenniumVampire","floor":10.0},{"not_picked":["UltimateOffering","RedNightlessCastle"],"picked":"VampireKiss","floor":11.0},{"not_picked":["CharismaGuard","VampireSweep"],"picked":"Ultimatum","floor":12.0},{"not_picked":["RedNightlessCastle","HellCatastrophe"],"picked":"BombardNight","floor":14.0},{"not_picked":["TransientEternity","BloodRain"],"picked":"ScarletMeister","floor":16.0},{"not_picked":["BombardNight","DiffusionOfMisfortune"],"picked":"AfternoonTea","floor":18.0},{"not_picked":["BloodHunter","BlasphemousPunishment"],"picked":"UnstableMagic","floor":20.0},{"not_picked":["Maim","MillenniumVampire"],"picked":"MastersStateliness","floor":22.0},{"not_picked":["StarOfDavid","ScarletSymphony"],"picked":"UnstableMagic","floor":22.0},{"not_picked":["UnderTheZenith","ChainGang"],"picked":"UnstableMagic+1","floor":23.0},{"not_picked":["BloodHunter","RedMagic+1"],"picked":"BloodyMagicSquare+1","floor":24.0},{"not_picked":["RedRainbow+1","BlasphemousPunishment"],"picked":"ScarletImprint+1","floor":27.0},{"not_picked":["BombardNight","Stigmanizer"],"picked":"AfternoonTea","floor":28.0},{"not_picked":["StarOfDavid+1","RedNightlessCastle"],"picked":"ScarletCoffin","floor":28.0},{"not_picked":["FitfulNightmare","VampireClaw"],"picked":"MillenniumVampire","floor":30.0},{"not_picked":["ScarletSymphony","ScarletNetherworld"],"picked":"ScarletImprint","floor":30.0},{"not_picked":["Stigmanizer","VampireKiss+1"],"picked":"ReincarnationDial+1","floor":31.0},{"not_picked":["HeartBreak","HellCatastrophe"],"picked":"BloodRain","floor":33.0},{"not_picked":["ScarletDevil+1","CharismaGuard+1","ScarletNetherworld+1"],"picked":"SKIP","floor":35.0},{"not_picked":["CharismaGuard","Stigmanizer","BloodHunter+1"],"picked":"SKIP","floor":37.0},{"not_picked":["VampireKiss+1","StarOfDavid+1","Stigmanizer"],"picked":"SKIP","floor":38.0},{"not_picked":["ReincarnationDial","BloodHunter+1","TricksterDevil"],"picked":"SKIP","floor":39.0},{"not_picked":["CharismaGuard","BadLadyScramble+1","RedRainbow"],"picked":"SKIP","floor":40.0},{"not_picked":["MillenniumVampire","ScarletImprint+1"],"picked":"VampireFantasy+1","floor":41.0},{"not_picked":["LeisurelyOfLord","BadLadyScramble+1","ScarletGensokyo"],"picked":"SKIP","floor":45},{"not_picked":["NightDance+1","UnderTheZenith","RedRainbow"],"picked":"SKIP","floor":46},{"not_picked":["BloodAndWine","GlobalNightmare"],"picked":"MastersStateliness+1","floor":48},{"not_picked":["VampireClaw+1","BloodySeventeenLaser","NightLord"],"picked":"SKIP","floor":54}],"player_experience":265900,"relics_obtained":[{"floor":6.0,"key":"Ginger"},{"floor":9.0,"key":"Bronze Scales"},{"floor":12.0,"key":"Odd Mushroom"},{"floor":14.0,"key":"The Courier"},{"floor":23.0,"key":"Nunchaku"},{"floor":23.0,"key":"Meat on the Bone"},{"floor":26.0,"key":"Lantern"},{"floor":28.0,"key":"Vajra"},{"floor":28.0,"key":"Art of War"},{"floor":30.0,"key":"Bag of Preparation"},{"floor":30.0,"key":"Orichalcum"},{"floor":30.0,"key":"HollowMod:StagPassRelic"},{"floor":30.0,"key":"Mercury Hourglass"},{"floor":31.0,"key":"TypeBBloodRedTea"},{"floor":31.0,"key":"Darkstone Periapt"},{"floor":31.0,"key":"hubris:DeckOfHolding"},{"floor":37.0,"key":"Juzu Bracelet"},{"floor":38.0,"key":"Letter Opener"},{"floor":40.0,"key":"Pen Nib"},{"floor":40.0,"key":"Shuriken"},{"floor":41.0,"key":"PreservedInsect"},{"floor":43.0,"key":"theSenshi:SailorFukuRelic"},{"floor":45,"key":"Bottled Tornado"},{"floor":45,"key":"Calipers"},{"floor":46,"key":"Ancient Tea Set"},{"floor":48,"key":"hubris:MedicalManual"},{"floor":48,"key":"hubris:SlimyHat"},{"floor":48,"key":"Eternal Feather"},{"floor":54,"key":"HornCleat"},{"floor":54,"key":"Oddly Smooth Stone"},{"floor":54,"key":"hubris:TenFootPole"}],"event_choices":[{"damage_healed":0.0,"max_hp_gain":0.0,"max_hp_loss":0.0,"gold_gain":75.0,"event_name":"World of Goop","player_choice":"Gather Gold","floor":2.0,"gold_loss":0.0,"damage_taken":11.0},{"damage_healed":0.0,"max_hp_gain":0.0,"max_hp_loss":0.0,"gold_gain":0.0,"event_name":"NoteForYourself","player_choice":"Ignored","floor":4.0,"gold_loss":0.0,"damage_taken":0.0},{"damage_healed":0.0,"max_hp_gain":0.0,"max_hp_loss":0.0,"gold_gain":0.0,"event_name":"Mushrooms","player_choice":"Fought Mushrooms","floor":12.0,"gold_loss":0.0,"damage_taken":0.0},{"damage_healed":0.0,"max_hp_gain":0.0,"max_hp_loss":0.0,"gold_gain":75.0,"event_name":"FaceTrader","player_choice":"Touch","floor":13.0,"gold_loss":0.0,"damage_taken":8.0},{"damage_healed":0.0,"max_hp_gain":0.0,"max_hp_loss":0.0,"gold_gain":0.0,"event_name":"Colosseum","player_choice":"Fight","floor":31.0,"gold_loss":0.0,"damage_taken":0.0},{"damage_healed":0.0,"max_hp_gain":0.0,"max_hp_loss":0.0,"gold_gain":0.0,"event_name":"Colosseum","player_choice":"Fought Nobs","floor":31.0,"gold_loss":0.0,"damage_taken":0.0},{"damage_healed":0,"gold_gain":0,"cards_transformed":["Strike_RM"],"player_choice":"Transformed","damage_taken":0,"max_hp_gain":0,"max_hp_loss":0,"event_name":"Transmorgrifier","floor":47,"gold_loss":0,"cards_obtained":["BloodyMagicSquare"]}],"is_beta":false,"boss_relics":[{"not_picked":["Ectoplasm","Runic Pyramid"],"picked":"Black Star"},{"not_picked":["Astrolabe","Velvet Choker"],"picked":"Fusion Hammer"}],"items_purged_floors":[36],"is_endless":false,"potions_floor_spawned":[3,8,14,16,20,23,30,31,35,38,40,45,48,54],"ascension_level":0}}