{"host":"j91vuht9qegouwcc","time":1614202651,"event":{"mods":["Act Like it!","BaseMod","Hallownest","Minty Spire (QoL Compilation)","StSLib","The Bug Knight"],"gold_per_floor":[110,130,8,24,24,24,24,24,24,44,44,44,44,61,61,61,61],"floor_reached":16,"language":"ENG","playtime":499,"items_purged":["HollowMod:NailStrikeStart"],"score":90,"play_id":"cd8ab664-33f5-4eed-b9ee-83e66de11763","local_time":"20210224223731","is_ascension_mode":false,"campfire_choices":[{"floor":6,"key":"REST"},{"floor":8,"key":"REST"},{"data":"HollowMod:FocusHealStart","floor":12,"key":"SMITH"},{"data":"HollowMod:PogoStrike","floor":15,"key":"SMITH"}],"circlet_count":0,"master_deck":["HollowMod:NailStrikeStart","HollowMod:QuickDashStart","HollowMod:QuickDashStart","HollowMod:QuickDashStart","HollowMod:QuickDashStart","HollowMod:FocusHealStart+1","HollowMod:PogoStrike+1","HollowMod:VengefulVoid","HollowMod:DescendingDark","HollowMod:SoulStrike","HollowMod:CloakDash"],"relics":["HollowMod:VesselMask","NeowsBlessing","Mercury Hourglass","HollowMod:LumaflyLanternRelic","Torii"],"acts_visited":["Hallownest:Greenpath"],"potions_floor_usage":[],"damage_taken":[{"damage":0,"enemies":"Hallownest:monsterHuskGuard","floor":1,"turns":1},{"damage":0,"enemies":"Hallownest:monsterHuskWarrior","floor":2,"turns":1},{"damage":0,"enemies":"Hallownest:2_MossCreeps","floor":4,"turns":1},{"damage":0,"enemies":"Hallownest:MossCreep_and_Mosskin","floor":10,"turns":4},{"damage":5,"enemies":"Hallownest:2_Tiktiks_1_Baldur_1_Crawlid","floor":14,"turns":1},{"damage":70,"enemies":"Hallownest:BossFalseKnight","floor":16,"turns":10}],"seed_played":"5104542631026113368","potions_obtained":[{"floor":2,"key":"SkillPotion"},{"floor":10,"key":"Fire Potion"},{"floor":14,"key":"Fire Potion"}],"is_trial":false,"path_per_floor":["M","M","$","M","?","R","?","R","T","M","?","R","$","M","R","B"],"character_chosen":"THE_BUGKNIGHT","items_purchased":["HollowMod:DescendingDark"],"campfire_rested":2,"item_purchase_floors":[3],"current_hp_per_floor":[75,75,75,75,5,27,27,49,49,49,49,49,49,44,44,0,0],"gold":61,"neow_bonus":"THREE_ENEMY_KILL","is_daily":false,"chose_seed":false,"campfire_upgraded":2,"win_rate":0.0,"timestamp":1614202651,"path_taken":["M","M","$","M","?","R","?","R","T","M","?","R","?","M","R","BOSS"],"items_purchased_type":["Card"],"build_version":"2020-12-22","purchased_purges":1,"victory":false,"max_hp_per_floor":[75,75,75,75,75,75,75,75,75,75,75,75,75,75,75,75,75],"card_choices":[{"not_picked":["HollowMod:SoulStrike","HollowMod:WraithStrike"],"picked":"HollowMod:VengefulVoid","floor":1},{"not_picked":["HollowMod:CoiledNail","HollowMod:SoulSplash","HollowMod:TaintedHusks"],"picked":"SKIP","floor":2},{"not_picked":["HollowMod:MawleksShell","HollowMod:SharpenedNail"],"picked":"HollowMod:SoulStrike","floor":4},{"not_picked":["HollowMod:CornifersMapStart","HollowMod:HuntersJournal"],"picked":"HollowMod:CloakDash","floor":10},{"not_picked":["HollowMod:MawleksShell","HollowMod:TaintedHusks","HollowMod:LifebloodCocoon"],"picked":"SKIP","floor":14}],"player_experience":22936,"relics_obtained":[{"floor":9,"key":"Torii"}],"event_choices":[],"is_beta":false,"boss_relics":[],"items_purged_floors":[3],"is_endless":false,"potions_floor_spawned":[2,10,14],"killed_by":"Hallownest:BossFalseKnight","ascension_level":0}}