{"host":"jt67skv49snb75sm","time":1614160019,"event":{"mods":["BaseMod","Bestiary","Minty Spire (QoL Compilation)","Relic Stats"],"gold_per_floor":[111,126,126,137,149,149,149,176,200,200,216,248,262,18,18,92,92,106,139,139,157,157,157,157],"floor_reached":23,"language":"ENG","playtime":983,"items_purged":[],"score":402,"play_id":"0e237652-40e6-4db1-9ae9-9f2f1ff87243","local_time":"20210224104659","is_ascension_mode":true,"campfire_choices":[{"data":"Sunder","floor":6.0,"key":"SMITH"},{"data":"Hello World","floor":10,"key":"SMITH"},{"floor":15,"key":"REST"}],"circlet_count":0,"master_deck":["AscendersBane","Strike_B","Strike_B","Defend_B","Defend_B","Defend_B","Zap","Dualcast","Turbo","Hello World+1","Cold Snap","BootSequence","Cold Snap","Sunder+1","Loop","Compile Driver","Echo Form","Stack","Skim","Defragment","Seek","Capacitor","Go for the Eyes+1","Redo+1"],"relics":["Cracked Core","Oddly Smooth Stone","Strawberry","Pen Nib","Vajra","Runic Pyramid","Red Mask"],"acts_visited":["Exordium","TheCity"],"potions_floor_usage":[8,12,19,23],"damage_taken":[{"damage":9.0,"enemies":"Jaw Worm","floor":1.0,"turns":4.0},{"damage":2.0,"enemies":"2 Louse","floor":2.0,"turns":3.0},{"damage":0.0,"enemies":"Cultist","floor":4.0,"turns":4.0},{"damage":20.0,"enemies":"Exordium Thugs","floor":5.0,"turns":6.0},{"damage":14,"enemies":"Lagavulin","floor":8,"turns":6},{"damage":0,"enemies":"Blue Slaver","floor":11,"turns":3},{"damage":12,"enemies":"3 Sentries","floor":12,"turns":10},{"damage":10,"enemies":"Large Slime","floor":13,"turns":5},{"damage":9,"enemies":"Hexaghost","floor":16,"turns":9},{"damage":7,"enemies":"Chosen","floor":18,"turns":4},{"damage":34,"enemies":"Masked Bandits","floor":19,"turns":5},{"damage":9,"enemies":"Spheric Guardian","floor":21,"turns":5},{"damage":36,"enemies":"Slavers","floor":23,"turns":3}],"seed_played":"-4855584597274627397","potions_obtained":[{"floor":1.0,"key":"AttackPotion"},{"floor":5.0,"key":"Explosive Potion"},{"floor":8,"key":"SkillPotion"},{"floor":11,"key":"FocusPotion"},{"floor":18,"key":"PotionOfCapacity"},{"floor":19,"key":"FocusPotion"}],"is_trial":false,"path_per_floor":["M","M","?","M","M","R","?","E","T","R","M","E","M","$","R","B",null,"M","?","?","M","?","E"],"character_chosen":"DEFECT","items_purchased":["Defragment","Vajra"],"campfire_rested":1,"item_purchase_floors":[14,14],"current_hp_per_floor":[37,35,58,58,38,38,38,24,31,31,31,19,9,9,32,23,64,57,23,39,30,30,0,0],"gold":157,"neow_bonus":"TRANSFORM_TWO_CARDS","is_daily":false,"chose_seed":false,"campfire_upgraded":2,"win_rate":0.0,"timestamp":1614160019,"path_taken":["M","M","?","M","M","R","?","E","T","R","M","E","?","?","R","BOSS","M","?","?","M","?","E"],"items_purchased_type":["Card","Relic"],"build_version":"2020-12-22","purchased_purges":0,"victory":false,"max_hp_per_floor":[71,71,71,71,71,71,71,71,78,78,78,78,78,78,78,78,78,78,78,78,78,78,78,78],"relic_stats":{"counters":[13,67],"Pen Nib":[4],"obtain_stats":[{"Strawberry":9,"Oddly Smooth Stone":8,"Vajra":14,"Pen Nib":12,"Red Mask":19,"Cracked Core":0,"Runic Pyramid":17},{"Strawberry":5,"Oddly Smooth Stone":5,"Vajra":8,"Pen Nib":7,"Red Mask":11,"Cracked Core":0,"Runic Pyramid":9},{"Strawberry":23,"Oddly Smooth Stone":23,"Vajra":41,"Pen Nib":36,"Red Mask":59,"Cracked Core":0,"Runic Pyramid":50}]},"card_choices":[{"not_picked":["Recycle","Beam Cell"],"picked":"Cold Snap","floor":1.0},{"not_picked":["Stack","Rebound"],"picked":"BootSequence","floor":2.0},{"not_picked":["Go for the Eyes","Hologram"],"picked":"Cold Snap","floor":4.0},{"not_picked":["Stack","Tempest"],"picked":"Sunder","floor":5.0},{"not_picked":["Darkness","Hologram"],"picked":"Compile Driver","floor":8},{"not_picked":["Compile Driver","Auto Shields"],"picked":"Echo Form","floor":11},{"not_picked":["Fusion","Barrage"],"picked":"Stack","floor":12},{"not_picked":["Cold Snap","Gash"],"picked":"Skim","floor":13},{"not_picked":["Machine Learning","All For One"],"picked":"Seek","floor":16},{"not_picked":["Ball Lightning","Stack+1"],"picked":"Capacitor","floor":18},{"not_picked":["Loop","Steam"],"picked":"Go for the Eyes+1","floor":19},{"not_picked":["Hologram","Turbo"],"picked":"Redo+1","floor":21}],"player_experience":892114,"relics_obtained":[{"floor":8,"key":"Oddly Smooth Stone"},{"floor":9,"key":"Strawberry"},{"floor":12,"key":"Pen Nib"},{"floor":19,"key":"Red Mask"}],"event_choices":[{"damage_healed":23.0,"max_hp_gain":0.0,"max_hp_loss":0.0,"gold_gain":0.0,"event_name":"Big Fish","player_choice":"Banana","floor":3.0,"gold_loss":0.0,"damage_taken":0.0},{"damage_healed":0.0,"max_hp_gain":0.0,"max_hp_loss":0.0,"gold_gain":0.0,"cards_transformed":["Strike_B"],"event_name":"Transmorgrifier","player_choice":"Transformed","floor":7.0,"gold_loss":0.0,"damage_taken":0.0,"cards_obtained":["Loop"]},{"damage_healed":0,"gold_gain":0,"player_choice":"Fought Bandits","damage_taken":0,"max_hp_gain":0,"max_hp_loss":0,"event_name":"Masked Bandits","floor":19,"gold_loss":0},{"damage_healed":16,"gold_gain":0,"player_choice":"Heal","damage_taken":0,"max_hp_gain":0,"max_hp_loss":0,"event_name":"The Library","floor":20,"gold_loss":0},{"damage_healed":0,"gold_gain":0,"player_choice":"Ignored","damage_taken":0,"max_hp_gain":0,"max_hp_loss":0,"event_name":"The Mausoleum","floor":22,"gold_loss":0}],"is_beta":false,"boss_relics":[{"not_picked":["Pandora\u0027s Box","Astrolabe"],"picked":"Runic Pyramid"}],"items_purged_floors":[],"is_endless":false,"potions_floor_spawned":[1,5,8,11,18,19],"killed_by":"Slavers","ascension_level":20}}