{"host":"03jd0k347uuzjnun","time":1614172630,"event":{"mods":["BaseMod","Bestiary","Minty Spire (QoL Compilation)","Permanent Neow","Quick Restart","Random Character Button","Relic Stats"],"gold_per_floor":[367,378,378,303,18,18,34,48,121,121,156,156,156,156,156,156,156],"floor_reached":16,"language":"ENG","playtime":584,"items_purged":["Strike_B"],"score":196,"play_id":"c9831748-0993-4ce1-9a73-b79c23a2680d","local_time":"20210224141710","is_ascension_mode":true,"campfire_choices":[{"data":"Barrage","floor":10.0,"key":"SMITH"},{"data":"Consume","floor":12.0,"key":"SMITH"},{"data":"Genetic Algorithm","floor":15,"key":"SMITH"}],"circlet_count":0,"master_deck":["AscendersBane","Strike_B","Strike_B","Defend_B","Defend_B","Defend_B","Defend_B","Zap","Dualcast","Barrage+1","Tempest","Conserve Battery","Conserve Battery","Undo","Consume+1","Genetic Algorithm+1"],"relics":["Cracked Core","Golden Idol","DataDisk","Bird Faced Urn","StrikeDummy","Symbiotic Virus"],"acts_visited":["Exordium"],"potions_floor_usage":[],"damage_taken":[{"damage":6.0,"enemies":"Cultist","floor":1.0,"turns":4.0},{"damage":9.0,"enemies":"Jaw Worm","floor":2.0,"turns":3.0},{"damage":5.0,"enemies":"Small Slimes","floor":7.0,"turns":2.0},{"damage":21.0,"enemies":"3 Louse","floor":8.0,"turns":2.0},{"damage":23.0,"enemies":"3 Sentries","floor":11.0,"turns":5.0},{"damage":21,"enemies":"The Guardian","floor":16,"turns":2}],"seed_played":"3423789493875611414","potions_obtained":[{"floor":2.0,"key":"FairyPotion"},{"floor":7.0,"key":"Swift Potion"},{"floor":11.0,"key":"Energy Potion"}],"is_trial":false,"path_per_floor":["M","M","?","?","$","T","M","M","T","R","E","R","?","?","R","B"],"character_chosen":"DEFECT","items_purchased":["Conserve Battery","DataDisk"],"campfire_rested":0,"item_purchase_floors":[5,5],"current_hp_per_floor":[58,49,49,49,49,49,44,23,23,23,19,19,19,19,19,0,0],"gold":156,"neow_bonus":"TWO_FIFTY_GOLD","is_daily":false,"chose_seed":false,"campfire_upgraded":3,"win_rate":0.0,"timestamp":1614172630,"path_taken":["M","M","?","?","$","?","?","?","T","R","E","R","?","?","R","BOSS"],"items_purchased_type":["Card","Relic"],"build_version":"2020-12-22","purchased_purges":1,"victory":false,"max_hp_per_floor":[71,71,64,64,64,64,64,64,64,64,64,64,64,64,64,64,64],"relic_stats":{"counters":[6,18],"Golden Idol":13,"Bird Faced Urn":[0],"obtain_stats":[{"DataDisk":5,"Golden Idol":3,"Bird Faced Urn":6,"Cracked Core":0,"StrikeDummy":9,"Symbiotic Virus":11},{"DataDisk":2,"Golden Idol":2,"Bird Faced Urn":2,"Cracked Core":0,"StrikeDummy":4,"Symbiotic Virus":5},{"DataDisk":7,"Golden Idol":7,"Bird Faced Urn":7,"Cracked Core":0,"StrikeDummy":11,"Symbiotic Virus":16}]},"card_choices":[{"not_picked":["Steam Power","Coolheaded"],"picked":"Barrage","floor":1.0},{"not_picked":["Sweeping Beam","Reinforced Body"],"picked":"Tempest","floor":2.0},{"not_picked":["Thunder Strike","Hello World"],"picked":"Conserve Battery","floor":7.0},{"not_picked":["Beam Cell","Leap"],"picked":"Undo","floor":8.0},{"not_picked":["Gash","Chaos"],"picked":"Consume","floor":11.0}],"player_experience":1461984,"relics_obtained":[{"floor":6.0,"key":"Bird Faced Urn"},{"floor":9.0,"key":"StrikeDummy"},{"floor":11.0,"key":"Symbiotic Virus"}],"event_choices":[{"damage_healed":0.0,"max_hp_gain":0.0,"max_hp_loss":7.0,"gold_gain":0.0,"event_name":"Golden Idol","player_choice":"Lose Max HP","floor":3.0,"gold_loss":0.0,"damage_taken":0.0,"relics_obtained":["Golden Idol"]},{"cards_removed":["Injury"],"damage_healed":0.0,"max_hp_gain":0.0,"max_hp_loss":0.0,"gold_gain":0.0,"event_name":"The Cleric","player_choice":"Card Removal","floor":4.0,"gold_loss":75.0,"damage_taken":0.0},{"damage_healed":0,"gold_gain":0,"player_choice":"Searched \u00270\u0027 times","damage_taken":0,"max_hp_gain":0,"max_hp_loss":0,"event_name":"Dead Adventurer","floor":13,"gold_loss":0},{"damage_healed":0,"gold_gain":0,"cards_transformed":["Strike_B"],"player_choice":"Change","damage_taken":0,"max_hp_gain":0,"max_hp_loss":0,"event_name":"Living Wall","floor":14,"gold_loss":0,"cards_obtained":["Genetic Algorithm"]}],"is_beta":false,"boss_relics":[],"items_purged_floors":[5],"is_endless":false,"potions_floor_spawned":[2,7,11],"killed_by":"The Guardian","ascension_level":20}}