{"host":"qiddgr1lyn3b7c88","time":1614125273,"event":{"mods":["Aspiration","BaseMod","Colored Map","Highlight Path","Minty Spire (QoL Compilation)","Replay The Spire","Shop Mod","StSLib","Synergy Search","The Alterego","egg"],"gold_per_floor":[119,139,150,150,160,160,177,177,177,177,210,210,226,253,253,253,253],"floor_reached":16,"language":"ENG","playtime":852,"items_purged":[],"score":224,"play_id":"2b92156f-b29a-43f1-9509-bed51db8531c","local_time":"20210223190753","is_ascension_mode":true,"campfire_choices":[{"data":"Clothesline","floor":6,"key":"SMITH"},{"data":"Feel No Pain","floor":8,"key":"SMITH"},{"data":"Bash","floor":10,"key":"SMITH"},{"data":"Hemogenesis","floor":12,"key":"SMITH"}],"circlet_count":0,"master_deck":["AscendersBane","Strike_R","Strike_R","Strike_R","Strike_R","Defend_R","Defend_R","Defend_R","Defend_R","Bash+1","True Grit","Cleave","ReplayTheSpireMod:Stacked","Clothesline+1","Feel No Pain+1","Hemogenesis+1","Combust+1","Wild Strike"],"relics":["Burning Blood","aspiration:Nostalgia","Sizzling Blood","Strawberry","aspiration:DSix","Unceasing Top"],"acts_visited":["Exordium"],"potions_floor_usage":[13,13,14,16],"damage_taken":[{"damage":3,"enemies":"Small Slimes","floor":1,"turns":5},{"damage":6,"enemies":"Cultist","floor":2,"turns":4},{"damage":5,"enemies":"Jaw Worm","floor":3,"turns":4},{"damage":2,"enemies":"3 Louse","floor":5,"turns":4},{"damage":14,"enemies":"Exordium Thugs","floor":7,"turns":6},{"damage":19,"enemies":"3 Sentries","floor":11,"turns":20},{"damage":19,"enemies":"Gremlin Gang","floor":13,"turns":6},{"damage":47,"enemies":"Gremlin Nob","floor":14,"turns":5},{"damage":51,"enemies":"Hexaghost","floor":16,"turns":13}],"seed_played":"7029662917930454488","potions_obtained":[{"floor":1,"key":"ColorlessPotion"},{"floor":5,"key":"Adrenaline Potion"},{"floor":13,"key":"Strength Potion"},{"floor":14,"key":"ColorlessPotion"}],"is_trial":false,"path_per_floor":["M","M","M","?","M","R","M","R","T","R","E","R","M","E","R_BF","B"],"character_chosen":"IRONCLAD","items_purchased":[],"campfire_rested":0,"item_purchase_floors":[],"current_hp_per_floor":[79,79,79,79,79,79,75,75,82,82,73,73,72,43,43,0,0],"gold":253,"neow_bonus":"NOSTALGIA","is_daily":false,"chose_seed":false,"campfire_upgraded":4,"win_rate":0.0,"timestamp":1614125273,"path_taken":["M","M","M","?","M","R","M","R","T","R","E","R","M","E","R_BF","BOSS"],"items_purchased_type":[],"build_version":"2020-12-22","purchased_purges":0,"victory":false,"max_hp_per_floor":[79,79,79,79,79,79,79,79,86,86,86,86,86,86,86,86,86],"card_choices":[{"not_picked":["Second Wind","Life Link"],"picked":"True Grit","floor":1},{"not_picked":["Havoc","Pommel Strike"],"picked":"Cleave","floor":2},{"not_picked":["Heavy Blade","Entrench"],"picked":"ReplayTheSpireMod:Stacked","floor":3},{"not_picked":["Thunderclap","Headbutt"],"picked":"Clothesline","floor":5},{"not_picked":["Dark Embrace","Intimidate"],"picked":"Feel No Pain","floor":7},{"not_picked":["Pommel Strike","Battle Trance"],"picked":"Hemogenesis","floor":11},{"not_picked":["Body Slam","Twin Strike"],"picked":"Combust","floor":13},{"not_picked":["Run Through","Abandon"],"picked":"Wild Strike","floor":14}],"player_experience":1069595,"relics_obtained":[{"floor":9,"key":"Strawberry"},{"floor":11,"key":"aspiration:DSix"},{"floor":14,"key":"Unceasing Top"}],"event_choices":[{"cards_removed":["Strike_R"],"damage_healed":0,"gold_gain":0,"player_choice":"Purged","damage_taken":0,"max_hp_gain":0,"max_hp_loss":0,"event_name":"Purifier","floor":4,"gold_loss":0},{"damage_healed":0,"gold_gain":0,"player_choice":"Upgraded","damage_taken":0,"max_hp_gain":0,"max_hp_loss":0,"event_name":"Upgrade Shrine","floor":15,"gold_loss":0,"cards_upgraded":["Combust"]}],"is_beta":false,"boss_relics":[],"items_purged_floors":[],"is_endless":false,"potions_floor_spawned":[1,5,13,14],"killed_by":"Hexaghost","ascension_level":20}}