{"host":"p9xedk00duaz8l9n","time":1614173352,"event":{"mods":["BaseMod","Colored Map","DeckTracker","Highlight Path","Minty Spire (QoL Compilation)","Relic Stats","SuperFastMode"],"gold_per_floor":[112,262,262,262,262,288,185,214,240,20,32,61,61,78,78,151,151,165,5,16,32,48,48,73,91,91,91,120,520,546,556,556,635,635,646,646,671,394,412,428,428,457,510,215,215,229,257,267,267,267,267,267,267,76,104,104],"floor_reached":57,"language":"JPN","playtime":3262,"items_purged":["Doubt","Strike_R","Defend_R","Strike_R","Defend_R"],"score":2901,"play_id":"10f31a0a-5120-4969-843a-34889f9199a6","local_time":"20210224222912","is_ascension_mode":true,"campfire_choices":[{"data":"True Grit","floor":13,"key":"SMITH"},{"data":"Dual Wield","floor":15,"key":"SMITH"},{"data":"Sword Boomerang","floor":23,"key":"SMITH"},{"data":"Armaments","floor":32,"key":"SMITH"},{"data":"Whirlwind","floor":41,"key":"SMITH"},{"floor":49,"key":"RECALL"},{"data":"Pommel Strike","floor":53,"key":"SMITH"}],"circlet_count":0,"master_deck":["AscendersBane","Strike_R","Strike_R+1","Strike_R+1","Defend_R","Defend_R","Bash+1","Twin Strike+1","True Grit+1","Pommel Strike+1","Clothesline+1","Flash of Steel","Whirlwind+1","Dual Wield+1","Reaper","Feel No Pain","Armaments+1","Sword Boomerang+1","Exhume","Ghostly+1","Ghostly+1","Ghostly+1","Disarm+1","Battle Trance+1","Burning Pact+1","Offering+1","Dark Shackles+1","Double Tap+1","Burning Pact+1","Offering+1","Bloodletting+1","Sword Boomerang","Pummel+1","Disarm+1","Second Wind+1","Flame Barrier+1"],"relics":["Burning Blood","NeowsBlessing","HornCleat","Smiling Mask","MealTicket","Akabeko","Membership Card","Whetstone","Coffee Dripper","Brimstone","Pear","Toxic Egg 2","Paper Frog","Old Coin","Eternal Feather","StrikeDummy","Runic Pyramid","TheAbacus","Bottled Flame","Unceasing Top","Sundial","Self Forming Clay","Orrery","Strawberry"],"acts_visited":["Exordium","TheCity","TheBeyond","TheEnding"],"potions_floor_usage":[16,16,24,24,24,33,51],"damage_taken":[{"damage":0,"enemies":"Jaw Worm","floor":1,"turns":1},{"damage":0,"enemies":"Lagavulin","floor":6,"turns":1},{"damage":0,"enemies":"Gremlin Nob","floor":8,"turns":1},{"damage":7,"enemies":"Small Slimes","floor":11,"turns":2},{"damage":19,"enemies":"3 Sentries","floor":12,"turns":6},{"damage":0,"enemies":"2 Louse","floor":14,"turns":1},{"damage":58,"enemies":"Slime Boss","floor":16,"turns":10},{"damage":6,"enemies":"3 Byrds","floor":18,"turns":6},{"damage":0,"enemies":"Spheric Guardian","floor":20,"turns":3},{"damage":15,"enemies":"Centurion and Healer","floor":21,"turns":3},{"damage":0,"enemies":"3 Cultists","floor":22,"turns":3},{"damage":30,"enemies":"Book of Stabbing","floor":24,"turns":4},{"damage":26,"enemies":"Shelled Parasite and Fungi","floor":25,"turns":4},{"damage":4,"enemies":"Gremlin Leader","floor":28,"turns":4},{"damage":2,"enemies":"Colosseum Slavers","floor":29,"turns":2},{"damage":6,"enemies":"Colosseum Nobs","floor":29,"turns":7},{"damage":3,"enemies":"Slavers","floor":30,"turns":4},{"damage":0,"enemies":"Snecko","floor":31,"turns":4},{"damage":23,"enemies":"Champ","floor":33,"turns":6},{"damage":0,"enemies":"3 Shapes","floor":35,"turns":2},{"damage":0,"enemies":"Mind Bloom Boss Battle","floor":37,"turns":6},{"damage":6,"enemies":"3 Darklings","floor":39,"turns":1},{"damage":0,"enemies":"4 Shapes","floor":40,"turns":2},{"damage":6,"enemies":"Reptomancer","floor":42,"turns":5},{"damage":15,"enemies":"Writhing Mass","floor":46,"turns":5},{"damage":13,"enemies":"Giant Head","floor":47,"turns":5},{"damage":0,"enemies":"Jaw Worm Horde","floor":48,"turns":1},{"damage":38,"enemies":"Donu and Deca","floor":50,"turns":6},{"damage":21,"enemies":"Time Eater","floor":51,"turns":5},{"damage":17,"enemies":"Shield and Spear","floor":55,"turns":5},{"damage":37,"enemies":"The Heart","floor":56,"turns":8}],"seed_played":"3728022249855523678","potions_obtained":[{"floor":1,"key":"LiquidMemories"},{"floor":12,"key":"BlessingOfTheForge"},{"floor":18,"key":"Explosive Potion"},{"floor":22,"key":"EntropicBrew"},{"floor":24,"key":"ElixirPotion"},{"floor":28,"key":"CultistPotion"},{"floor":29,"key":"Weak Potion"},{"floor":33,"key":"Energy Potion"}],"is_trial":false,"path_per_floor":["M","?","?","?","T","E","$","E","T","$","M","E","R","M","R","B",null,"M","$","M","M","M","R","E","M","T","?","E","?","E","M","R","B",null,"M","?","?","$","M","M","R","E","T","$","?","M","E","M","R","B","B",null,"R","$","E","B",null],"character_chosen":"IRONCLAD","items_purchased":["Pommel Strike","Membership Card","Flash of Steel","Brimstone","Fire Potion","TheAbacus","Bottled Flame","Offering+1","Bloodletting+1","Sundial","Orrery","EntropicBrew"],"campfire_rested":0,"item_purchase_floors":[7,10,10,19,19,38,38,44,44,44,54,54],"current_hp_per_floor":[74,74,51,51,51,57,57,63,63,75,74,61,61,67,67,15,60,69,75,75,75,75,75,61,41,41,41,42,42,42,42,42,42,42,42,32,42,42,42,42,42,42,42,42,42,42,42,42,42,42,42,42,42,42,38,24],"gold":104,"neow_bonus":"THREE_ENEMY_KILL","is_daily":false,"chose_seed":false,"campfire_upgraded":6,"win_rate":0.0,"timestamp":1614173352,"path_taken":["M","?","?","?","?","E","?","E","T","$","M","E","R","?","R","BOSS","M","$","M","M","M","R","E","M","T","?","E","?","E","M","R","BOSS","M","?","?","$","M","M","R","E","T","$","?","M","E","M","R","BOSS","BOSS","R","$","E","BOSS"],"items_purchased_type":["Card","Relic","Card","Relic","Potion","Relic","Relic","Card","Card","Relic","Relic","Potion"],"build_version":"2020-12-22","purchased_purges":5,"victory":true,"max_hp_per_floor":[75,75,75,75,75,75,75,75,75,75,75,75,75,75,75,75,75,75,75,75,75,75,75,85,85,85,42,42,42,42,42,42,42,42,42,42,42,42,42,42,42,42,42,42,42,42,42,42,42,42,42,42,42,42,49,49],"relic_stats":{"TheAbacus":[24],"counters":[31,123],"Sundial":[2],"Self Forming Clay":[93],"MealTicket":18,"Eternal Feather":0,"Whetstone":["Strike_R","Clothesline"],"Smiling Mask":101,"obtain_stats":[{"Pear":24,"NeowsBlessing":0,"Self Forming Clay":47,"Eternal Feather":29,"Whetstone":12,"Smiling Mask":6,"Burning Blood":0,"Akabeko":9,"Old Coin":29,"Bottled Flame":38,"HornCleat":5,"TheAbacus":38,"Brimstone":19,"Sundial":44,"Strawberry":55,"Orrery":54,"MealTicket":8,"Coffee Dripper":17,"Membership Card":10,"Toxic Egg 2":26,"StrikeDummy":30,"Unceasing Top":42,"Paper Frog":28,"Runic Pyramid":34},{"Pear":12,"NeowsBlessing":0,"Self Forming Clay":26,"Eternal Feather":16,"Whetstone":5,"Smiling Mask":2,"Burning Blood":0,"Akabeko":3,"Old Coin":16,"Bottled Flame":21,"HornCleat":1,"TheAbacus":21,"Brimstone":8,"Sundial":24,"Strawberry":30,"Orrery":29,"MealTicket":3,"Coffee Dripper":7,"Membership Card":3,"Toxic Egg 2":13,"StrikeDummy":17,"Unceasing Top":24,"Paper Frog":14,"Runic Pyramid":19},{"Pear":41,"NeowsBlessing":0,"Self Forming Clay":98,"Eternal Feather":58,"Whetstone":11,"Smiling Mask":2,"Burning Blood":0,"Akabeko":3,"Old Coin":58,"Bottled Flame":80,"HornCleat":1,"TheAbacus":80,"Brimstone":28,"Sundial":88,"Strawberry":115,"Orrery":110,"MealTicket":3,"Coffee Dripper":22,"Membership Card":3,"Toxic Egg 2":45,"StrikeDummy":62,"Unceasing Top":88,"Paper Frog":49,"Runic Pyramid":72}],"Burning Blood":98,"Unceasing Top":[0]},"card_choices":[{"not_picked":["Searing Blow","Perfected Strike"],"picked":"Twin Strike","floor":1},{"not_picked":["Flex","Entrench"],"picked":"True Grit","floor":6},{"not_picked":["Entrench","Body Slam"],"picked":"Clothesline","floor":8},{"not_picked":["Flex","Thunderclap"],"picked":"Whirlwind","floor":11},{"not_picked":["Clash","Anger","Warcry"],"picked":"SKIP","floor":12},{"not_picked":["Body Slam","Intimidate"],"picked":"Dual Wield","floor":14},{"not_picked":["Juggernaut","Demon Form"],"picked":"Reaper","floor":16},{"not_picked":["Seeing Red","Sword Boomerang+1"],"picked":"Feel No Pain","floor":18},{"not_picked":["Heavy Blade","Cleave"],"picked":"Armaments","floor":20},{"not_picked":["Carnage+1","Cleave","Flex"],"picked":"SKIP","floor":21},{"not_picked":["Whirlwind","Sentinel"],"picked":"Sword Boomerang","floor":22},{"not_picked":["Dropkick","Dual Wield"],"picked":"Exhume","floor":24},{"not_picked":["Clothesline","Clash","Second Wind"],"picked":"SKIP","floor":25},{"not_picked":["Rupture","Cleave","Clash"],"picked":"SKIP","floor":28},{"not_picked":["Intimidate+1","Heavy Blade"],"picked":"Disarm+1","floor":29},{"not_picked":["Dark Embrace+1","Heavy Blade"],"picked":"Battle Trance+1","floor":30},{"not_picked":["Spot Weakness+1","Rage+1"],"picked":"Burning Pact+1","floor":31},{"not_picked":["Berserk","Fiend Fire"],"picked":"Offering+1","floor":33},{"not_picked":["Heavy Blade","Armaments+1","Flex+1"],"picked":"SKIP","floor":35},{"not_picked":["Blind+1","Chrysalis+1"],"picked":"Dark Shackles+1","floor":36},{"not_picked":["Pommel Strike","Battle Trance+1"],"picked":"Double Tap+1","floor":39},{"not_picked":["Flex+1","Clash+1"],"picked":"Burning Pact+1","floor":40},{"not_picked":["Dropkick+1","Warcry+1","Pommel Strike"],"picked":"SKIP","floor":42},{"not_picked":["Uppercut","Combust"],"picked":"Sword Boomerang","floor":46},{"not_picked":["Body Slam+1","Warcry+1"],"picked":"Pummel+1","floor":47},{"not_picked":["Anger","Rage+1","Rampage"],"picked":"SKIP","floor":48},{"not_picked":["Metallicize","Juggernaut"],"picked":"Disarm+1","floor":54},{"not_picked":["Clash+1","Twin Strike"],"picked":"Second Wind+1","floor":54},{"not_picked":["Shockwave+1","Clash"],"picked":"Flame Barrier+1","floor":55}],"player_experience":852231,"relics_obtained":[{"floor":5,"key":"HornCleat"},{"floor":6,"key":"Smiling Mask"},{"floor":8,"key":"MealTicket"},{"floor":9,"key":"Akabeko"},{"floor":12,"key":"Whetstone"},{"floor":24,"key":"Pear"},{"floor":26,"key":"Toxic Egg 2"},{"floor":28,"key":"Paper Frog"},{"floor":29,"key":"Old Coin"},{"floor":29,"key":"Eternal Feather"},{"floor":30,"key":"StrikeDummy"},{"floor":42,"key":"Unceasing Top"},{"floor":47,"key":"Self Forming Clay"},{"floor":55,"key":"Strawberry"}],"event_choices":[{"damage_healed":0,"gold_gain":150,"player_choice":"AGREE","damage_taken":0,"max_hp_gain":0,"max_hp_loss":0,"event_name":"Liars Game","floor":2,"gold_loss":0,"cards_obtained":["Doubt"]},{"damage_healed":0,"gold_gain":0,"player_choice":"Entered Light","damage_taken":23,"max_hp_gain":0,"max_hp_loss":0,"event_name":"Shining Light","floor":3,"gold_loss":0,"cards_upgraded":["Bash","Strike_R"]},{"damage_healed":0,"gold_gain":0,"player_choice":"Grow","damage_taken":0,"max_hp_gain":0,"max_hp_loss":0,"event_name":"Living Wall","floor":4,"gold_loss":0,"cards_upgraded":["Twin Strike"]},{"damage_healed":0,"gold_gain":0,"player_choice":"Became a Ghost","damage_taken":0,"max_hp_gain":0,"max_hp_loss":43,"event_name":"Ghosts","floor":27,"gold_loss":0,"cards_obtained":["Ghostly","Ghostly","Ghostly"]},{"damage_healed":0,"gold_gain":0,"player_choice":"Fight","damage_taken":0,"max_hp_gain":0,"max_hp_loss":0,"event_name":"Colosseum","floor":29,"gold_loss":0},{"damage_healed":0,"gold_gain":0,"player_choice":"Fought Nobs","damage_taken":0,"max_hp_gain":0,"max_hp_loss":0,"event_name":"Colosseum","floor":29,"gold_loss":0},{"damage_healed":0,"gold_gain":0,"player_choice":"Memory 3","damage_taken":10,"max_hp_gain":0,"max_hp_loss":0,"event_name":"SensoryStone","floor":36,"gold_loss":0},{"damage_healed":0,"gold_gain":0,"player_choice":"Fight","damage_taken":0,"max_hp_gain":0,"max_hp_loss":0,"event_name":"MindBloom","floor":37,"gold_loss":0},{"damage_healed":0,"gold_gain":0,"player_choice":"Ignored","damage_taken":0,"max_hp_gain":0,"max_hp_loss":0,"event_name":"Tomb of Lord Red Mask","floor":45,"gold_loss":0}],"is_beta":false,"boss_relics":[{"not_picked":["Calling Bell","Fusion Hammer"],"picked":"Coffee Dripper"},{"not_picked":["Pandora\u0027s Box","SacredBark"],"picked":"Runic Pyramid"}],"items_purged_floors":[7,19,38,44,54],"is_endless":false,"potions_floor_spawned":[1,12,14,18,22,24,28,29,31,33,40,42,46,47,55],"ascension_level":20}}