{"host":"9qgbal69wq5palas","time":1614210336,"event":{"mods":["2.2 Compatiblity","Abigail Mod","AchievementEnabler","Act Like it!","Aspiration","Astrologer","Bartender","BaseMod","Better Altar","Better Note","Better Skull","Better Third Choice","Colored Powertips","Hallownest","Hermit","Highlight Path","Hubris","Infinite Spire","Jorbs\u0027s Wanderer Trilogy","Koishi","Lobotomy","Minty Spire (QoL Compilation)","Potionbrewer","Quick Restart","Random Character Button","Replay The Spire","Shade Mod","Shop Mod","Spicy Shops","StSLib","The Animator","The Bug Knight","The Cursed","The Disciple","The Exalted","The Hierophant","The Necromancer","The Servant 0.9.4","Wandering Minibosses"],"gold_per_floor":[119,119,194,61,77,107,107,136,162,193,223,245,257,300,312,425,437,415,487,439,58,58,58,58],"floor_reached":23,"language":"ENG","playtime":1188,"items_purged":["Injury","astrologer:Defend"],"score":269,"play_id":"c75fd572-e721-48b5-bc2d-3a488baf7137","local_time":"20210225004536","is_ascension_mode":true,"campfire_choices":[{"data":"astrologer:Eclipse","floor":7,"key":"SMITH"},{"data":"astrologer:Starfield","floor":13,"key":"SMITH"},{"floor":15,"key":"REST"}],"circlet_count":0,"master_deck":["astrologer:Strike","astrologer:Strike","astrologer:Strike","astrologer:Strike","astrologer:Defend","astrologer:Defend","astrologer:Defend","astrologer:NorthStar","astrologer:TheFool","astrologer:SpaceDust","astrologer:SpaceDust+1","astrologer:Eclipse+1","astrologer:Justice+1","astrologer:Conjunction+1","astrologer:Novile+1","astrologer:Starfield+1","astrologer:TheLovers+1","astrologer:ReadTheStars+1","astrologer:Premonition","astrologer:Radiance","astrologer:SpaceDust+1","astrologer:Judgement"],"relics":["astrologer:SkyMirror","NeowsBlessing","Toxic Egg 2","Simple Rune","Snack Pack","MawBank","hubris:MobiusCoin","Ring of Chaos","Meat on the Bone"],"acts_visited":["Exordium","TheCity"],"potions_floor_usage":[12,12,16,23],"damage_taken":[{"damage":0,"enemies":"2 Louse","floor":1,"turns":1},{"damage":0,"enemies":"Jaw Worm","floor":5,"turns":1},{"damage":0,"enemies":"Replay:BlueRogue","floor":6,"turns":1},{"damage":25,"enemies":"Lagavulin","floor":8,"turns":11},{"damage":0,"enemies":"Cultist","floor":10,"turns":5},{"damage":4,"enemies":"Blue Slaver","floor":11,"turns":4},{"damage":6,"enemies":"Gremlin Gang","floor":12,"turns":5},{"damage":24,"enemies":"Gremlin Nob","floor":14,"turns":5},{"damage":9,"enemies":"Slime Boss","floor":16,"turns":10},{"damage":27,"enemies":"2 Thieves","floor":18,"turns":5},{"damage":28,"enemies":"Spheric Guardian","floor":19,"turns":5},{"damage":18,"enemies":"Slavers","floor":23,"turns":2}],"seed_played":"7931905963634931320","potions_obtained":[{"floor":10,"key":"SteroidPotion"},{"floor":11,"key":"DistilledChaos"},{"floor":14,"key":"PowerPotion"},{"floor":19,"key":"potionbrewer:AcidPotion"}],"is_trial":false,"path_per_floor":["M","?","?","$","M","E","R","E","T","M","M","M","R","E","R","B",null,"M","M","?","$","?","E"],"character_chosen":"ASTROLOGER","items_purchased":["astrologer:SpaceDust+1","Meat on the Bone","astrologer:Judgement"],"campfire_rested":1,"item_purchase_floors":[4,21,21],"current_hp_per_floor":[70,70,59,59,59,59,59,34,34,34,30,26,26,2,23,16,70,43,15,15,15,15,0,0],"gold":58,"neow_bonus":"THREE_ENEMY_KILL","is_daily":false,"chose_seed":false,"campfire_upgraded":2,"win_rate":0.0,"timestamp":1614210336,"path_taken":["M","?","?","?","?","E","R","E","T","M","M","M","R","E","R","BOSS","M","?","?","$","?","E"],"items_purchased_type":["Card","Relic","Card"],"build_version":"2020-12-22","purchased_purges":2,"victory":false,"max_hp_per_floor":[70,70,70,70,70,70,70,70,70,70,70,70,70,70,70,70,70,70,70,70,70,70,70,70],"card_choices":[{"not_picked":["astrologer:Conjunction","astrologer:GlassStar"],"picked":"astrologer:SpaceDust","floor":1},{"not_picked":["astrologer:Prismatic","astrologer:Nova"],"picked":"astrologer:Eclipse","floor":5},{"not_picked":["astrologer:ReadTheStars+1","astrologer:CometStrike"],"picked":"astrologer:Justice+1","floor":6},{"not_picked":["astrologer:Stardust+1","astrologer:Radiance"],"picked":"astrologer:Conjunction+1","floor":8},{"not_picked":["astrologer:TheHierophant+1","astrologer:Opposition"],"picked":"astrologer:Novile+1","floor":10},{"not_picked":["astrologer:CometStrike","astrologer:Conjunction+1"],"picked":"astrologer:Starfield","floor":11},{"not_picked":["astrologer:Radiance","astrologer:Conjunction+1"],"picked":"astrologer:TheLovers+1","floor":12},{"not_picked":["astrologer:FadingStar+1","astrologer:StarOfMisfortune+1"],"picked":"astrologer:ReadTheStars+1","floor":14},{"not_picked":["astrologer:TheWorld+1","astrologer:Death"],"picked":"astrologer:Premonition","floor":16},{"not_picked":["astrologer:FrozenStar+1","astrologer:Eclipse"],"picked":"astrologer:Radiance","floor":18},{"not_picked":["astrologer:ReadTheStars+1","astrologer:Premeditation+1"],"picked":"astrologer:SpaceDust+1","floor":19}],"player_experience":2810069,"relics_obtained":[{"floor":6,"key":"Simple Rune"},{"floor":8,"key":"Snack Pack"},{"floor":9,"key":"MawBank"},{"floor":14,"key":"hubris:MobiusCoin"}],"event_choices":[{"damage_healed":0,"gold_gain":75,"player_choice":"Gold","damage_taken":11,"max_hp_gain":0,"max_hp_loss":0,"event_name":"betterThird:BetterGoop","floor":3,"gold_loss":0},{"damage_healed":0,"gold_gain":0,"player_choice":"Ignored","damage_taken":0,"max_hp_gain":0,"max_hp_loss":0,"event_name":"Ghosts","floor":22,"gold_loss":0}],"is_beta":false,"boss_relics":[{"not_picked":["Silver_Glasses","Busted Crown"],"picked":"Ring of Chaos"}],"items_purged_floors":[4,21],"is_endless":false,"potions_floor_spawned":[10,11,14,19],"killed_by":"Slavers","ascension_level":3}}