{"host":"u6f15rvcj4nca0wu","time":1614184993,"event":{"mods":["BaseMod","Bestiary","Colored Map","Highlight Path","Minty Spire (Améliorations d\u0027érgonomie)","Relic Stats"],"gold_per_floor":[213,67,78,78,78,78,78,89,89,89,14,14,39,59,59,162,162,174,24,42,42,42,55,55,68,120,136,152,168,185,110,110,212,212,225,225,239,254,274,274,274,274,274,23,55,72,72,72,72,72],"floor_reached":51,"language":"FRA","playtime":7240,"items_purged":["Strike_P","Strike_P"],"score":631,"play_id":"db847aac-8cd1-4af6-aa34-c63368a5561c","local_time":"20210224174313","is_ascension_mode":false,"campfire_choices":[{"data":"CutThroughFate","floor":6.0,"key":"SMITH"},{"data":"Pray","floor":10.0,"key":"SMITH"},{"floor":15.0,"key":"REST"},{"floor":24.0,"key":"REST"},{"floor":32.0,"key":"REST"},{"floor":40.0,"key":"REST"},{"floor":42.0,"key":"REST"},{"floor":49.0,"key":"REST"}],"circlet_count":0,"master_deck":["Strike_P","Defend_P","Defend_P","Defend_P+1","Defend_P","Eruption","Vigilance","ClearTheMind","CutThroughFate+1","Pray+1","ReachHeaven","Evaluate","Judgement+1","CurseOfTheBell","ThirdEye","ThirdEye+1","Consecrate","Crescendo+1","EmptyBody+1","EmptyFist+1","BowlingBash+1","Worship+1","Devotion","CrushJoints+1","Dark Shackles","CutThroughFate+1","CrushJoints+1","FlurryOfBlows","SashWhip","Parasite","Prostrate+1"],"relics":["PureWater","Bronze Scales","Strawberry","Vajra","Matryoshka","Calling Bell","Blood Vial","Pantograph","FossilizedHelix","MealTicket","White Beast Statue","War Paint","VioletLotus","Damaru","StrikeDummy","Bag of Marbles","Bag of Preparation"],"acts_visited":["Exordium","TheCity","TheBeyond"],"potions_floor_usage":[50,50,50,50],"damage_taken":[{"damage":0.0,"enemies":"2 Louse","floor":1.0,"turns":4.0},{"damage":1.0,"enemies":"Jaw Worm","floor":3.0,"turns":5.0},{"damage":2.0,"enemies":"Small Slimes","floor":8.0,"turns":3.0},{"damage":24.0,"enemies":"3 Sentries","floor":13.0,"turns":6.0},{"damage":1.0,"enemies":"2 Fungi Beasts","floor":14.0,"turns":2.0},{"damage":48.0,"enemies":"Slime Boss","floor":16.0,"turns":8.0},{"damage":23.0,"enemies":"2 Thieves","floor":18.0,"turns":5.0},{"damage":23.0,"enemies":"Shell Parasite","floor":20.0,"turns":6.0},{"damage":28.0,"enemies":"Snake Plant","floor":23.0,"turns":5.0},{"damage":0.0,"enemies":"Centurion and Healer","floor":25.0,"turns":4.0},{"damage":0.0,"enemies":"Snecko","floor":27.0,"turns":3.0},{"damage":3.0,"enemies":"Cultist and Chosen","floor":28.0,"turns":3.0},{"damage":20.0,"enemies":"Shelled Parasite and Fungi","floor":29.0,"turns":4.0},{"damage":4.0,"enemies":"Snecko","floor":30.0,"turns":6.0},{"damage":46.0,"enemies":"Collector","floor":33.0,"turns":5.0},{"damage":12.0,"enemies":"3 Shapes","floor":35.0,"turns":3.0},{"damage":0.0,"enemies":"3 Darklings","floor":37.0,"turns":5.0},{"damage":43.0,"enemies":"Sphere and 2 Shapes","floor":38.0,"turns":5.0},{"damage":20.0,"enemies":"4 Shapes","floor":39.0,"turns":5.0},{"damage":63.0,"enemies":"Reptomancer","floor":45.0,"turns":5.0},{"damage":9.0,"enemies":"Writhing Mass","floor":46.0,"turns":5.0},{"damage":0.0,"enemies":"Sphere and 2 Shapes","floor":48.0,"turns":1.0},{"damage":65,"enemies":"Donu and Deca","floor":50,"turns":7}],"seed_played":"2075880356358557342","potions_obtained":[{"floor":3.0,"key":"ColorlessPotion"},{"floor":8.0,"key":"Energy Potion"},{"floor":20.0,"key":"Dexterity Potion"},{"floor":23.0,"key":"FearPotion"},{"floor":27.0,"key":"SmokeBomb"},{"floor":28.0,"key":"Swift Potion"},{"floor":29.0,"key":"Fire Potion"},{"floor":30.0,"key":"DuplicationPotion"},{"floor":33.0,"key":"Weak Potion"},{"floor":35.0,"key":"AttackPotion"},{"floor":37.0,"key":"BottledMiracle"},{"floor":38.0,"key":"Strength Potion"},{"floor":39.0,"key":"AttackPotion"},{"floor":45.0,"key":"SkillPotion"},{"floor":46.0,"key":"EntropicBrew"}],"is_trial":false,"path_per_floor":["M","$","M","?","?","R","?","M","T","R","$","?","E","M","R","B",null,"M","$","M","$","?","M","R","M","T","M","M","M","M","?","R","B",null,"M","?","M","M","M","R","?","R","T","$","E","M","$","M","R","B",null],"character_chosen":"WATCHER","items_purchased":["Bronze Scales","MealTicket","Bag of Marbles"],"campfire_rested":6,"item_purchase_floors":[2,19,44],"current_hp_per_floor":[72,72,71,71,76,76,76,74,81,81,81,81,57,56,81,33,84,61,61,40,55,55,29,54,56,56,58,57,39,37,37,62,38,84,72,72,74,33,15,40,40,65,65,80,19,12,27,29,54,16],"gold":72,"neow_bonus":"HUNDRED_GOLD","is_daily":false,"chose_seed":false,"campfire_upgraded":2,"win_rate":0.0,"timestamp":1614184993,"path_taken":["M","$","M","?","?","R","?","M","T","R","$","?","E","M","R","BOSS","M","$","M","$","?","M","R","M","T","M","M","M","M","?","R","BOSS","M","?","M","M","M","R","?","R","T","$","E","M","$","M","R","BOSS"],"items_purchased_type":["Relic","Relic","Relic"],"build_version":"2020-12-13","purchased_purges":2,"victory":true,"max_hp_per_floor":[72,72,72,72,77,77,77,77,84,84,84,84,84,84,84,84,84,84,84,84,84,84,84,84,84,84,84,84,84,84,84,84,84,84,84,84,84,84,84,84,84,84,84,84,84,84,84,84,84,84],"relic_stats":{"Blood Vial":28,"counters":[23,105],"Bronze Scales":[249],"Pantograph":47,"MealTicket":45,"VioletLotus":[3],"Bag of Preparation":[6],"War Paint":["Judgement","Defend_P"],"obtain_stats":[{"Vajra":12,"Damaru":43,"Bag of Preparation":45,"War Paint":26,"White Beast Statue":26,"Calling Bell":17,"Blood Vial":17,"Matryoshka":13,"Bronze Scales":2,"Strawberry":9,"Pantograph":17,"MealTicket":19,"VioletLotus":34,"Bag of Marbles":44,"PureWater":0,"StrikeDummy":43,"FossilizedHelix":17},{"Vajra":3,"Damaru":19,"Bag of Preparation":20,"War Paint":10,"White Beast Statue":10,"Calling Bell":6,"Blood Vial":6,"Matryoshka":4,"Bronze Scales":1,"Strawberry":3,"Pantograph":6,"MealTicket":7,"VioletLotus":15,"Bag of Marbles":19,"PureWater":0,"StrikeDummy":19,"FossilizedHelix":6},{"Vajra":12,"Damaru":87,"Bag of Preparation":92,"War Paint":48,"White Beast Statue":48,"Calling Bell":28,"Blood Vial":28,"Matryoshka":18,"Bronze Scales":4,"Strawberry":12,"Pantograph":28,"MealTicket":33,"VioletLotus":69,"Bag of Marbles":87,"PureWater":0,"StrikeDummy":87,"FossilizedHelix":28}]},"card_choices":[{"not_picked":["FlyingSleeves","InnerPeace"],"picked":"ClearTheMind","floor":1.0},{"not_picked":["SashWhip","LikeWater"],"picked":"CutThroughFate","floor":3.0},{"not_picked":["SandsOfTime","ClearTheMind"],"picked":"Pray","floor":8.0},{"not_picked":["SignatureMove","WreathOfFlame"],"picked":"ReachHeaven","floor":13.0},{"not_picked":["Weave","InnerPeace"],"picked":"Evaluate","floor":14.0},{"not_picked":["LessonLearned","SpiritShield"],"picked":"Judgement","floor":16.0},{"not_picked":["TalkToTheHand","SandsOfTime"],"picked":"ThirdEye","floor":18.0},{"not_picked":["Wireheading","Tantrum"],"picked":"ThirdEye+1","floor":20.0},{"not_picked":["Swivel","Study"],"picked":"Consecrate","floor":23.0},{"not_picked":["Scrawl","FearNoEvil"],"picked":"Crescendo+1","floor":25.0},{"not_picked":["Halt","FlurryOfBlows"],"picked":"EmptyBody+1","floor":27.0},{"not_picked":["Evaluate+1","ThirdEye"],"picked":"EmptyFist+1","floor":28.0},{"not_picked":["ReachHeaven","FollowUp"],"picked":"BowlingBash+1","floor":29.0},{"not_picked":["BowlingBash+1","Collect+1"],"picked":"Worship+1","floor":30.0},{"not_picked":["LessonLearned","Establishment"],"picked":"Devotion","floor":33.0},{"not_picked":["Evaluate+1","Halt+1"],"picked":"CrushJoints+1","floor":35.0},{"not_picked":["Violence","Enlightenment"],"picked":"Dark Shackles","floor":36.0},{"not_picked":["Consecrate","EmptyFist"],"picked":"CutThroughFate+1","floor":37.0},{"not_picked":["Crescendo","ThirdEye+1"],"picked":"CrushJoints+1","floor":38.0},{"not_picked":["SignatureMove+1","Swivel"],"picked":"FlurryOfBlows","floor":39.0},{"not_picked":["Halt+1","EmptyBody"],"picked":"SashWhip","floor":45.0},{"not_picked":["FlyingSleeves+1","Crescendo"],"picked":"Prostrate+1","floor":46.0}],"player_experience":334623,"relics_obtained":[{"floor":9.0,"key":"Strawberry"},{"floor":13.0,"key":"Matryoshka"},{"floor":17.0,"key":"Blood Vial"},{"floor":17.0,"key":"Pantograph"},{"floor":17.0,"key":"FossilizedHelix"},{"floor":26.0,"key":"White Beast Statue"},{"floor":26.0,"key":"War Paint"},{"floor":43.0,"key":"Damaru"},{"floor":43.0,"key":"StrikeDummy"},{"floor":45.0,"key":"Bag of Preparation"}],"event_choices":[{"damage_healed":0.0,"max_hp_gain":0.0,"max_hp_loss":0.0,"gold_gain":0.0,"event_name":"Shining Light","player_choice":"Ignored","floor":4.0,"gold_loss":0.0,"damage_taken":0.0},{"damage_healed":0.0,"max_hp_gain":5.0,"max_hp_loss":0.0,"gold_gain":0.0,"event_name":"Big Fish","player_choice":"Donut","floor":5.0,"gold_loss":0.0,"damage_taken":0.0},{"damage_healed":0.0,"max_hp_gain":0.0,"max_hp_loss":0.0,"gold_gain":0.0,"event_name":"Golden Wing","player_choice":"Ignored","floor":7.0,"gold_loss":0.0,"damage_taken":0.0},{"damage_healed":0.0,"max_hp_gain":0.0,"max_hp_loss":0.0,"gold_gain":0.0,"event_name":"WeMeetAgain","player_choice":"Gave Potion","floor":12.0,"gold_loss":0.0,"damage_taken":0.0,"relics_obtained":["Vajra"]},{"damage_healed":0.0,"max_hp_gain":0.0,"max_hp_loss":0.0,"gold_gain":0.0,"event_name":"Vampires","player_choice":"Ignored","floor":22.0,"gold_loss":0.0,"damage_taken":0.0},{"cards_removed":["Strike_P"],"damage_healed":0.0,"max_hp_gain":0.0,"max_hp_loss":0.0,"gold_gain":0.0,"event_name":"Beggar","player_choice":"Gave Gold","floor":31.0,"gold_loss":75.0,"damage_taken":0.0},{"damage_healed":0.0,"max_hp_gain":0.0,"max_hp_loss":0.0,"gold_gain":0.0,"event_name":"SensoryStone","player_choice":"Memory 1","floor":36.0,"gold_loss":0.0,"damage_taken":0.0},{"damage_healed":0.0,"max_hp_gain":0.0,"max_hp_loss":0.0,"gold_gain":0.0,"event_name":"Mysterious Sphere","player_choice":"Ignored","floor":41.0,"gold_loss":0.0,"damage_taken":0.0}],"is_beta":false,"boss_relics":[{"not_picked":["HolyWater","Coffee Dripper"],"picked":"Calling Bell"},{"not_picked":["Runic Dome","Tiny House"],"picked":"VioletLotus"}],"items_purged_floors":[11,44],"is_endless":false,"potions_floor_spawned":[3,8,20,23,27,28,29,30,33,35,37,38,39,45,46,48],"ascension_level":0}}