{"host":"0kk91h4bq4kgfj0u","time":1614140593,"event":{"mods":["BaseMod","Bestiary","Block Reminder","Colored Map","Colored Powertips","Curses Come First","Highlight Path","Minty Spire (QoL Compilation)","Relic Stats","StSLib"],"gold_per_floor":[211,226,129,144,0,33,50,4,4,15,15,15],"floor_reached":11,"language":"ENG","playtime":403,"items_purged":[],"score":101,"play_id":"e9e4d9cc-d72a-47a2-8e3c-ef92147453f1","local_time":"20210223232313","is_ascension_mode":true,"campfire_choices":[],"circlet_count":0,"master_deck":["Strike_G","Strike_G","Strike_G","Strike_G","Strike_G","Defend_G","Defend_G","Defend_G","Defend_G","Defend_G","Survivor","Neutralize","Noxious Fumes","Deflect","Slice","Flying Knee","Escape Plan","Quick Slash"],"relics":["Ring of the Snake","Nunchaku","Happy Flower","Sundial"],"acts_visited":["Exordium"],"potions_floor_usage":[3,6,11],"damage_taken":[{"damage":0,"enemies":"2 Louse","floor":1,"turns":3},{"damage":6,"enemies":"Small Slimes","floor":2,"turns":5},{"damage":6,"enemies":"Cultist","floor":4,"turns":4},{"damage":27,"enemies":"3 Sentries","floor":6,"turns":10},{"damage":14,"enemies":"Exordium Thugs","floor":7,"turns":5},{"damage":0,"enemies":"Looter","floor":10,"turns":4},{"damage":32,"enemies":"Gremlin Nob","floor":11,"turns":3}],"seed_played":"4610922716111391526","potions_obtained":[{"floor":1,"key":"DuplicationPotion"},{"floor":6,"key":"Fire Potion"}],"is_trial":false,"path_per_floor":["M","M","$","M","$","E","M","?","T","M","E"],"character_chosen":"THE_SILENT","items_purchased":["Fruit Juice","Nunchaku"],"campfire_rested":0,"item_purchase_floors":[3,5],"current_hp_per_floor":[63,57,62,56,56,29,15,15,15,15,0,0],"gold":15,"neow_bonus":"HUNDRED_GOLD","is_daily":false,"chose_seed":false,"campfire_upgraded":0,"win_rate":0.0,"timestamp":1614140593,"path_taken":["M","M","$","M","$","E","M","?","T","M","E"],"items_purchased_type":["Potion","Relic"],"build_version":"2020-12-22","purchased_purges":0,"victory":false,"max_hp_per_floor":[70,70,75,75,75,75,75,75,75,75,75,75],"relic_stats":{"Nunchaku":[4],"Happy Flower":[4],"counters":[7,34],"Sundial":[0],"obtain_stats":[{"Nunchaku":5,"Happy Flower":6,"Sundial":9,"Ring of the Snake":0},{"Nunchaku":3,"Happy Flower":4,"Sundial":5,"Ring of the Snake":0},{"Nunchaku":12,"Happy Flower":22,"Sundial":27,"Ring of the Snake":0}],"Ring of the Snake":[14]},"card_choices":[{"not_picked":["Masterful Stab","Bane"],"picked":"Noxious Fumes","floor":1},{"not_picked":["Acrobatics","Infinite Blades"],"picked":"Deflect","floor":2},{"not_picked":["Outmaneuver","Prepared"],"picked":"Slice","floor":4},{"not_picked":["Finisher","Bane"],"picked":"Flying Knee","floor":6},{"not_picked":["Wraith Form v2","Dodge and Roll"],"picked":"Escape Plan","floor":7},{"not_picked":["Backstab","Choke"],"picked":"Quick Slash","floor":10}],"player_experience":914111,"relics_obtained":[{"floor":6,"key":"Happy Flower"},{"floor":9,"key":"Sundial"}],"event_choices":[{"damage_healed":0,"gold_gain":0,"player_choice":"Left Gold","damage_taken":0,"max_hp_gain":0,"max_hp_loss":0,"event_name":"World of Goop","floor":8,"gold_loss":46}],"is_beta":false,"boss_relics":[],"items_purged_floors":[],"is_endless":false,"potions_floor_spawned":[1,6],"killed_by":"Gremlin Nob","ascension_level":7}}