{"host":"jsd6g3c2vo13e69c","time":1614132432,"event":{"mods":["2.2 Compatiblity","Act Like it!","BaseMod","Better Altar","Better Match","Better Note","Better Sensory Stone","Better Third Choice","BetterRewards","Colored Map","Colored Powertips","Downfall","Friendly Minions","GifTheSpireLib","Googly Eyes","Gremlin Mod","Hermit","Hubris","Infinite Spire","Melee Mod","Minty Spire (QoL Compilation)","Permanent Neow","Quick Restart","Random Character Button","Replay The Spire","Shop Mod","Spire Arcade","StSLib","The Cursed","The Disciple","The Forsaken","thorton"],"gold_per_floor":[110,110,188,34,48,48,60,77,154,173,201,201,211,228,228,323,323,342,342,257,257,257,257,257],"floor_reached":23,"language":"ENG","playtime":846,"items_purged":["meleeMod_Jab"],"score":238,"play_id":"ab4951b1-362e-4017-b1ab-c7cc069a2b45","local_time":"20210223210712","is_ascension_mode":true,"campfire_choices":[{"data":"meleeMod_ForwardSmash","floor":6,"key":"SMITH"},{"data":"meleeMod_SuperMushroom","floor":12,"key":"SMITH"},{"data":"meleeMod_SuperSpicyCurry","floor":15,"key":"SMITH"}],"circlet_count":0,"master_deck":["meleeMod_Jab","meleeMod_Jab","meleeMod_Shield","meleeMod_Shield","meleeMod_NeutralAir","meleeMod_BackAir","meleeMod_ForwardSmash+1","meleeMod_WallJump","meleeMod_Knee+1","meleeMod_SoftKnee","meleeMod_SuperMushroom+1","meleeMod_Gentleman","meleeMod_CommandGrab+1","meleeMod_SuperSpicyCurry+1","meleeMod_EdgeCancel+1","hubris:InfiniteBlow+7"],"relics":["meleeMod_LosersMang0","hubris:Towel","hubris:SphereOfDissonance","Juzu Bracelet","infinitespire:FocusingShard","meleeMod_FourStock","thethorton:CrushedCigarette","Enchiridion","Counterbalance","Bloody Idol","Blood Vial","MealTicket","Empty Cage"],"acts_visited":["Exordium","TheCity"],"potions_floor_usage":[18,23],"damage_taken":[{"damage":0,"enemies":"Jaw Worm","floor":1,"turns":3},{"damage":0,"enemies":"Cultist","floor":5,"turns":2},{"damage":6,"enemies":"2 Louse","floor":7,"turns":2},{"damage":11,"enemies":"Looter","floor":8,"turns":2},{"damage":0,"enemies":"3 Louse","floor":10,"turns":3},{"damage":0,"enemies":"Gremlin Nob","floor":11,"turns":2},{"damage":0,"enemies":"Exordium Wildlife","floor":13,"turns":2},{"damage":0,"enemies":"Large Slime","floor":14,"turns":2},{"damage":28,"enemies":"The Guardian","floor":16,"turns":5},{"damage":0,"enemies":"Chosen","floor":18,"turns":2},{"damage":12,"enemies":"Book of Stabbing","floor":23,"turns":1}],"seed_played":"-1598176690813995276","potions_obtained":[{"floor":7,"key":"SteroidPotion"},{"floor":8,"key":"Flashbang"},{"floor":10,"key":"Fire Potion"}],"is_trial":false,"path_per_floor":["M","?","T","$","M","R","M","M","T","M","E","R","M","M","R","B",null,"M","?","?","?","AVR","E"],"character_chosen":"FALCON","items_purchased":["Juzu Bracelet"],"campfire_rested":0,"item_purchase_floors":[4],"current_hp_per_floor":[85,85,85,85,85,85,79,68,68,68,68,68,68,68,68,40,85,85,69,72,10,10,0,0],"gold":257,"neow_bonus":"REMOVE_CARD","is_daily":false,"chose_seed":false,"campfire_upgraded":3,"win_rate":0.0,"timestamp":1614132432,"path_taken":["M","?","?","$","M","R","M","M","T","M","E","R","M","M","R","BOSS","M","?","?","?","AVR","E"],"items_purchased_type":["Relic"],"build_version":"2020-12-22","purchased_purges":1,"victory":false,"max_hp_per_floor":[85,85,85,85,85,85,85,85,85,85,85,85,85,85,85,85,85,85,85,85,85,85,85,85],"card_choices":[{"not_picked":["meleeMod_WaveLand","meleeMod_NoDI"],"picked":"meleeMod_ForwardSmash","floor":1},{"not_picked":["meleeMod_DownTilt","meleeMod_NoDI"],"picked":"meleeMod_WallJump","floor":5},{"not_picked":["meleeMod_Randall","meleeMod_FalconKick"],"picked":"meleeMod_Knee","floor":7},{"not_picked":["meleeMod_DownSmash","meleeMod_UpTilt"],"picked":"meleeMod_SoftKnee","floor":8},{"not_picked":["meleeMod_ForwardTilt","meleeMod_GetUpAttack"],"picked":"meleeMod_SuperMushroom","floor":10},{"not_picked":["meleeMod_WaveDash","meleeMod_SDRemix"],"picked":"meleeMod_Gentleman","floor":11},{"not_picked":["meleeMod_FalconDive","meleeMod_BMoveSpecialist"],"picked":"meleeMod_CommandGrab","floor":13},{"not_picked":["meleeMod_Taunt","meleeMod_WallJump"],"picked":"meleeMod_SuperSpicyCurry","floor":14},{"not_picked":["meleeMod_EdgeGuard","meleeMod_Roll"],"picked":"meleeMod_EdgeCancel","floor":16},{"not_picked":["meleeMod_SweetSpot","meleeMod_FalconDive","meleeMod_ForwardTilt"],"picked":"SKIP","floor":18}],"player_experience":428117,"relics_obtained":[{"floor":3,"key":"hubris:SphereOfDissonance"},{"floor":9,"key":"infinitespire:FocusingShard"},{"floor":11,"key":"meleeMod_FourStock"},{"floor":19,"key":"Enchiridion"}],"event_choices":[{"damage_healed":0,"gold_gain":0,"player_choice":"Obtained Book","damage_taken":16,"max_hp_gain":0,"max_hp_loss":0,"event_name":"Cursed Tome","floor":19,"gold_loss":0},{"damage_healed":0,"gold_gain":0,"player_choice":"Obtained Relic","damage_taken":0,"relics_obtained":["Counterbalance"],"max_hp_gain":0,"max_hp_loss":0,"event_name":"Addict","floor":20,"gold_loss":85},{"damage_healed":0,"gold_gain":0,"player_choice":" Idol Vial ","damage_taken":65,"relics_obtained":["Bloody Idol","Blood Vial"],"max_hp_gain":75,"max_hp_loss":10,"event_name":"betterAltar:BetterAltar","floor":21,"potions_obtained":[],"relics_lost":[],"gold_loss":0}],"is_beta":false,"boss_relics":[{"not_picked":["bronze:MakeshiftBattery","Ectoplasm"],"picked":"thethorton:CrushedCigarette"}],"items_purged_floors":[22],"is_endless":false,"potions_floor_spawned":[7,8,10,16],"killed_by":"Book of Stabbing","ascension_level":2}}