{"host":"lr7e131drr5jge75","time":1614139699,"event":{"mods":["BaseMod","BetterRewards","Minty Spire (QoL Compilation)","Permanent Neow","Quick Restart","StSLib"],"gold_per_floor":[111,111,124,137,162,162,203,203,275,125,169,194,194,214,214,337,337,358,379,379,403,427,427,451,451,451,472,472,224,224,244,244,244,244],"floor_reached":33,"language":"ENG","playtime":2051,"items_purged":[],"score":288,"play_id":"c14af928-647c-4517-ae37-90372aadbb4a","local_time":"20210223200819","is_ascension_mode":false,"campfire_choices":[{"data":"Eruption","floor":6.0,"key":"SMITH"},{"data":"CrushJoints","floor":8.0,"key":"SMITH"},{"data":"FollowUp","floor":13.0,"key":"SMITH"},{"data":"Halt","floor":15.0,"key":"SMITH"},{"data":"ClearTheMind","floor":23.0,"key":"SMITH"},{"data":"Halt","floor":28.0,"key":"SMITH"},{"data":"Indignation","floor":32,"key":"SMITH"}],"circlet_count":0,"master_deck":["Strike_P+1","Strike_P+1","Strike_P+1","Strike_P+1","Defend_P+1","Defend_P+1","Defend_P+1","Defend_P+1","Eruption+1","Vigilance","Indignation+1","CrushJoints+1","Halt+1","FollowUp+1","Halt+1","DeusExMachina","CurseOfTheBell","ClearTheMind+1"],"relics":["PureWater","Happy Flower","Golden Idol","Gambling Chip","Darkstone Periapt","Sling","Bag of Marbles","Calling Bell","Anchor","Pantograph","Ice Cream","Toy Ornithopter","Yang"],"acts_visited":["Exordium","TheCity"],"potions_floor_usage":[31],"damage_taken":[{"damage":1.0,"enemies":"Jaw Worm","floor":1.0,"turns":5.0},{"damage":0.0,"enemies":"Cultist","floor":3.0,"turns":2.0},{"damage":4.0,"enemies":"2 Louse","floor":4.0,"turns":3.0},{"damage":0.0,"enemies":"Exordium Wildlife","floor":5.0,"turns":3.0},{"damage":0.0,"enemies":"Lagavulin","floor":7.0,"turns":2.0},{"damage":8.0,"enemies":"3 Sentries","floor":11.0,"turns":4.0},{"damage":0.0,"enemies":"3 Louse","floor":12.0,"turns":1.0},{"damage":0.0,"enemies":"Blue Slaver","floor":14.0,"turns":1.0},{"damage":10.0,"enemies":"The Guardian","floor":16.0,"turns":7.0},{"damage":0.0,"enemies":"Shell Parasite","floor":18.0,"turns":2.0},{"damage":0.0,"enemies":"2 Thieves","floor":19.0,"turns":3.0},{"damage":6.0,"enemies":"Centurion and Healer","floor":21.0,"turns":4.0},{"damage":0.0,"enemies":"Sentry and Sphere","floor":22.0,"turns":3.0},{"damage":4.0,"enemies":"3 Cultists","floor":24.0,"turns":5.0},{"damage":0.0,"enemies":"Snake Plant","floor":25.0,"turns":1.0},{"damage":0.0,"enemies":"Snecko","floor":27.0,"turns":2.0},{"damage":0,"enemies":"3 Cultists","floor":31,"turns":2},{"damage":87,"enemies":"Collector","floor":33,"turns":5}],"seed_played":"-1046788761256148821","potions_obtained":[{"floor":1.0,"key":"FearPotion"},{"floor":3.0,"key":"SteroidPotion"},{"floor":7.0,"key":"BlessingOfTheForge"},{"floor":11.0,"key":"Ambrosia"},{"floor":21.0,"key":"Fire Potion"},{"floor":24.0,"key":"SmokeBomb"},{"floor":27.0,"key":"AttackPotion"}],"is_trial":false,"path_per_floor":["M","?","M","M","M","R","E","R","T","$","E","M","R","M","R","B",null,"M","M","?","M","M","R","M","M","T","M","R","$","?","M","R","B"],"character_chosen":"WATCHER","items_purchased":["Sling","Yang"],"campfire_rested":0,"item_purchase_floors":[10,29],"current_hp_per_floor":[71,67,67,63,63,63,63,63,63,63,55,55,55,55,55,45,73,73,73,73,67,67,67,63,63,63,63,63,63,63,68,68,0,0],"gold":244,"neow_bonus":"RANDOM_COMMON_RELIC","is_daily":false,"chose_seed":false,"campfire_upgraded":7,"win_rate":0.0,"timestamp":1614139699,"path_taken":["M","?","M","M","M","R","E","R","T","$","E","M","R","M","R","BOSS","M","M","?","M","M","R","M","M","T","M","R","$","?","M","R","BOSS"],"items_purchased_type":["Relic","Relic"],"build_version":"2020-12-22","purchased_purges":0,"victory":false,"max_hp_per_floor":[72,67,67,67,67,67,67,67,67,67,67,67,67,67,67,67,73,73,73,73,73,73,73,73,73,73,73,73,73,73,73,73,73,73],"card_choices":[{"not_picked":["SashWhip","CutThroughFate"],"picked":"Indignation","floor":1.0},{"not_picked":["JustLucky","Judgement"],"picked":"CrushJoints","floor":3.0},{"not_picked":["CrushJoints","SignatureMove"],"picked":"Halt","floor":4.0},{"not_picked":["SignatureMove","Meditate","MentalFortress"],"picked":"SKIP","floor":5.0},{"not_picked":["FlurryOfBlows","Omniscience"],"picked":"FollowUp","floor":7.0},{"not_picked":["ThirdEye","Weave","JustLucky"],"picked":"SKIP","floor":11.0},{"not_picked":["SashWhip","FlurryOfBlows"],"picked":"Halt","floor":12.0},{"not_picked":["ThirdEye","Pray","ForeignInfluence"],"picked":"SKIP","floor":14.0},{"not_picked":["Judgement","Blasphemy"],"picked":"DeusExMachina","floor":16.0},{"not_picked":["Worship","FlyingSleeves","DeceiveReality+1"],"picked":"SKIP","floor":18.0},{"not_picked":["CutThroughFate","EmptyBody","Prostrate"],"picked":"SKIP","floor":19.0},{"not_picked":["CutThroughFate","Halt","Protect"],"picked":"SKIP","floor":21.0},{"not_picked":["SandsOfTime","Prostrate"],"picked":"ClearTheMind","floor":22.0},{"not_picked":["FollowUp","TalkToTheHand+1","FlurryOfBlows+1"],"picked":"SKIP","floor":24.0},{"not_picked":["EmptyBody+1","PathToVictory+1","Indignation"],"picked":"SKIP","floor":27.0},{"not_picked":["FlurryOfBlows","WindmillStrike","EmptyBody"],"picked":"SKIP","floor":31}],"player_experience":32160,"relics_obtained":[{"floor":7.0,"key":"Gambling Chip"},{"floor":9.0,"key":"Darkstone Periapt"},{"floor":11.0,"key":"Bag of Marbles"},{"floor":17.0,"key":"Anchor"},{"floor":17.0,"key":"Pantograph"},{"floor":17.0,"key":"Ice Cream"},{"floor":26.0,"key":"Toy Ornithopter"}],"event_choices":[{"damage_healed":0.0,"max_hp_gain":0.0,"max_hp_loss":5.0,"gold_gain":0.0,"event_name":"Golden Idol","player_choice":"Lose Max HP","floor":2.0,"gold_loss":0.0,"damage_taken":0.0,"relics_obtained":["Golden Idol"]},{"damage_healed":0.0,"max_hp_gain":0.0,"max_hp_loss":0.0,"gold_gain":0.0,"event_name":"Back to Basics","player_choice":"Simplicity","floor":20.0,"gold_loss":0.0,"damage_taken":0.0,"cards_upgraded":["Strike_P","Strike_P","Strike_P","Strike_P","Defend_P","Defend_P","Defend_P","Defend_P"]},{"damage_healed":0.0,"max_hp_gain":0.0,"max_hp_loss":0.0,"gold_gain":0.0,"event_name":"NoteForYourself","player_choice":"Ignored","floor":30.0,"gold_loss":0.0,"damage_taken":0.0}],"is_beta":false,"boss_relics":[{"not_picked":["Sozu","Coffee Dripper"],"picked":"Calling Bell"}],"items_purged_floors":[],"is_endless":false,"potions_floor_spawned":[1,3,7,11,21,24,25,27],"killed_by":"Collector","ascension_level":0}}