{"host":"1lxw72ckkilnkgp7","time":1614173703,"event":{"mods":["ATMod(阿瑾Mod)","BaseMod","BetterRewards","Custom Start","Marisa（F雨　魔理沙）","Minty Spire (QoL Compilation)","Quick Restart","Replay The Spire","Shop Mod","StSLib","The Servant 0.9.4","[功能]功能增强和修复MOD"],"gold_per_floor":[111,144,144,155,174,174,202,202,202,202,202,215,246,258,258,361,461,481,456,456,475,615,615,675,760,811,910,969,969,969,1011,1011,1189,1189,1229,1323,1313,1403,1441,1441,1481,1471,1471,1528,1528,1564,1564,1564,1564,1639,1639,1639,1639,1719,1744],"floor_reached":56,"language":"ZHS","playtime":1762,"items_purged":["Defend_P","FlurryOfBlows","AT_LightSaberMaster","Defend_P","Strike_P","Strike_P","Strike_P","Strike_P","Defend_P","CutThroughFate","Writhe","Defend_P+1","BowlingBash","FlurryOfBlows","Conclude","CutThroughFate+1"],"score":1777,"play_id":"99816fdf-3081-40fa-93eb-d8c5c89bca5d","local_time":"20210224213503","is_ascension_mode":false,"campfire_choices":[{"data":"Adaptation","floor":6.0,"key":"SMITH"},{"data":"Adaptation","floor":8.0,"key":"SMITH"},{"data":"AT_FamilyPortrait","floor":10.0,"key":"SMITH"},{"data":"Crescendo","floor":11.0,"key":"SMITH"},{"data":"CutThroughFate","floor":15.0,"key":"SMITH"},{"data":"InnerPeace","floor":23.0,"key":"SMITH"},{"floor":30.0,"key":"RECALL"},{"data":"Tantrum","floor":32.0,"key":"SMITH"},{"data":"Scrawl","floor":40,"key":"SMITH"},{"data":"AT_ChampionStep","floor":49,"key":"SMITH"},{"data":"MentalFortress","floor":52,"key":"SMITH"}],"circlet_count":0,"master_deck":["Vigilance","AT_FamilyPortrait+1","Adaptation+1","Tantrum+1","Adaptation+1","Crescendo+1","InnerPeace+1","Indignation","AT_ChampionStep+1","Scrawl+1","Wallop+1","MentalFortress+1","ReplayTheSpireMod:Brewmster"],"relics":["PureWater","AT_ATBox","Du-Vu Doll","Vajra","ReplayTheSpireMod:ShopPack","WingedGreaves","Strawberry","ReplayTheSpireMod:TigerMarble","Sling","AT_ArcaneBoots","Sundial","Snack Pack","Replay:Wanted Poster","Ice Cream","Lantern","Cauldron","AT_MibuBalloonWealth","Simple Rune","ReplayTheSpireMod:CursedCoin","Bronze Scales","Anchor","Replay:Wax Seal","Philosopher\u0027s Stone","ClockworkSouvenir","Replay:WaspNest","Damaru","Ornamental Fan","Centennial Puzzle","HornCleat","OrangePellets","Pen Nib","Toy Ornithopter","Melange"],"acts_visited":["Exordium","TheCity","TheBeyond","TheEnding"],"potions_floor_usage":[55,55,55],"damage_taken":[{"damage":0.0,"enemies":"Cultist","floor":1.0,"turns":2.0},{"damage":15.0,"enemies":"Small Slimes","floor":2.0,"turns":2.0},{"damage":6.0,"enemies":"2 Louse","floor":4.0,"turns":2.0},{"damage":5.0,"enemies":"Red Slaver","floor":5.0,"turns":2.0},{"damage":15.0,"enemies":"Replay:BlueRogue","floor":7.0,"turns":5.0},{"damage":0.0,"enemies":"Blue Slaver","floor":12.0,"turns":1.0},{"damage":0.0,"enemies":"3 Sentries","floor":13.0,"turns":2.0},{"damage":4.0,"enemies":"Gremlin Gang","floor":14.0,"turns":2.0},{"damage":2.0,"enemies":"Fading Forest","floor":16.0,"turns":11.0},{"damage":0.0,"enemies":"2 Thieves","floor":18.0,"turns":1.0},{"damage":0.0,"enemies":"Chosen","floor":21.0,"turns":2.0},{"damage":4.0,"enemies":"Book of Stabbing","floor":24.0,"turns":2.0},{"damage":0.0,"enemies":"3 Cultists","floor":25.0,"turns":2.0},{"damage":0.0,"enemies":"Replay:Snechameleon","floor":28.0,"turns":1.0},{"damage":0.0,"enemies":"Snecko","floor":31.0,"turns":1.0},{"damage":0.0,"enemies":"Collector","floor":33.0,"turns":2.0},{"damage":0.0,"enemies":"Orb Walker","floor":35.0,"turns":1.0},{"damage":0.0,"enemies":"3 Shapes","floor":36.0,"turns":1.0},{"damage":0,"enemies":"Jaw Worm Horde","floor":38,"turns":2},{"damage":0,"enemies":"Writhing Mass","floor":39,"turns":2},{"damage":6,"enemies":"Transient","floor":41,"turns":1},{"damage":0,"enemies":"Giant Head","floor":44,"turns":1},{"damage":0,"enemies":"Maw","floor":46,"turns":1},{"damage":0,"enemies":"Awakened One","floor":50,"turns":2},{"damage":0,"enemies":"Shield and Spear","floor":54,"turns":1},{"damage":1,"enemies":"The Heart","floor":55,"turns":3}],"seed_played":"-5005482641795843004","potions_obtained":[{"floor":1.0,"key":"FearPotion"},{"floor":4.0,"key":"BottledMiracle"},{"floor":7.0,"key":"Fire Potion"},{"floor":16.0,"key":"Adrenaline Potion"},{"floor":19.0,"key":"PowerPotion"},{"floor":19.0,"key":"Ambrosia"},{"floor":38,"key":"GamblersBrew"}],"is_trial":false,"path_per_floor":["M","M","$","M","M","R","E","R","T","R","R","M","E","M","R","B",null,"M","$","?","M","$","R","E","M","T","?","E","?","R","M","R","B",null,"M","M","$","M","M","R","M","$","T","E","$","M","?","?","R","B",null,"R","$","E","B",null],"character_chosen":"WATCHER","items_purchased":["AT_FamilyPortrait","Du-Vu Doll","Vajra","ReplayTheSpireMod:ShopPack","CutThroughFate","FlurryOfBlows","Adaptation","Tantrum","Adaptation","Strawberry","ReplayTheSpireMod:TigerMarble","Sling","Crescendo","Ice Cream","InnerPeace","Lantern","Cauldron","AT_MibuBalloonWealth","Simple Rune","ReplayTheSpireMod:CursedCoin","ClockworkSouvenir","Replay:WaspNest","Damaru","Ornamental Fan","Centennial Puzzle","OrangePellets","Pen Nib","Toy Ornithopter","ReplayTheSpireMod:Brewmster","Melange"],"campfire_rested":0,"item_purchase_floors":[0,0,0,0,0,0,0,0,0,3,3,3,3,19,19,19,19,22,22,22,37,37,37,42,42,45,45,53,53,53],"current_hp_per_floor":[72,57,64,58,53,53,38,38,38,38,38,38,38,40,40,52,79,79,79,79,79,79,79,77,79,79,79,79,79,79,79,79,79,79,79,79,79,79,79,79,77,77,77,77,77,79,75,75,75,75,75,75,75,75,74],"gold":1744,"neow_bonus":"","is_daily":false,"chose_seed":false,"campfire_upgraded":10,"win_rate":0.0,"timestamp":1614173703,"path_taken":["M","M","$","?","M","R","E","R","T","R","R","M","E","M","R","BOSS","M","$","?","M","$","R","E","M","T","?","E","?","R","M","R","BOSS","M","M","$","M","M","R","M","$","T","E","$","M","?","?","R","BOSS","R","$","E","BOSS"],"items_purchased_type":["Card","Relic","Relic","Relic","Card","Card","Card","Card","Card","Relic","Relic","Relic","Card","Relic","Card","Relic","Relic","Relic","Relic","Relic","Relic","Relic","Relic","Relic","Relic","Relic","Relic","Relic","Card","Relic"],"build_version":"2020-12-22","purchased_purges":16,"victory":true,"max_hp_per_floor":[72,72,79,79,79,79,79,79,79,79,79,79,79,79,79,79,79,79,79,79,79,79,79,79,79,79,79,79,79,79,79,79,79,79,79,79,79,79,79,79,79,79,79,79,79,79,75,75,75,75,75,75,75,75,75],"card_choices":[{"not_picked":["Prostrate","Consecrate"],"picked":"CutThroughFate","floor":1.0},{"not_picked":["ThirdEye","CarveReality","Replay:AtTheReady"],"picked":"SKIP","floor":2.0},{"not_picked":["EmptyFist","Swivel","Sanctity"],"picked":"SKIP","floor":4.0},{"not_picked":["ForeignInfluence","SandsOfTime","FollowUp"],"picked":"SKIP","floor":5.0},{"not_picked":["Meditate","Replay:LoomingThreat"],"picked":"BowlingBash","floor":7.0},{"not_picked":["Replay:ManipulateFuture","Halt"],"picked":"FlurryOfBlows","floor":12.0},{"not_picked":["Worship","ForeignInfluence","AT_DivineConfetti"],"picked":"SKIP","floor":13.0},{"not_picked":["Study","Worship","CutThroughFate"],"picked":"SKIP","floor":14.0},{"not_picked":["CarveReality+1","EmptyBody","EmptyFist+1"],"picked":"SKIP","floor":18.0},{"not_picked":["Replay:BluntJabs","Conclude","Consecrate"],"picked":"SKIP","floor":21.0},{"not_picked":["Worship","SignatureMove+1"],"picked":"Indignation","floor":24.0},{"not_picked":["Conclude","FollowUp","Replay:Battleflow"],"picked":"SKIP","floor":25.0},{"not_picked":["JustLucky","Consecrate","EmptyFist+1"],"picked":"SKIP","floor":28.0},{"not_picked":["Wireheading+1","Replay:AtTheReady"],"picked":"AT_ChampionStep","floor":31.0},{"not_picked":["Ragnarok","Wish"],"picked":"Scrawl","floor":33.0},{"not_picked":["Replay:AtTheReady","Worship+1"],"picked":"Wallop+1","floor":35.0},{"not_picked":["EmptyFist","Halt+1","Swivel+1"],"picked":"SKIP","floor":36.0},{"not_picked":["DeceiveReality+1","Consecrate+1"],"picked":"MentalFortress","floor":38},{"not_picked":["Prostrate+1","Consecrate+1","AT_OneInchPunch+1"],"picked":"SKIP","floor":39},{"not_picked":["Prostrate+1","Consecrate+1","AT_OneInchPunch+1"],"picked":"SKIP","floor":39},{"not_picked":["LikeWater","Halt","CutThroughFate+1"],"picked":"SKIP","floor":41},{"not_picked":["FlyingSleeves","Replay:Anticipation+1","Evaluate"],"picked":"SKIP","floor":44},{"not_picked":["FollowUp","ClearTheMind+1","FlurryOfBlows+1"],"picked":"SKIP","floor":46},{"not_picked":["AT_OneInchPunch","Sanctity+1","Judgement"],"picked":"SKIP","floor":54}],"player_experience":174601,"relics_obtained":[{"floor":7.0,"key":"AT_SpeedBoots"},{"floor":9.0,"key":"Sundial"},{"floor":13.0,"key":"Snack Pack"},{"floor":24.0,"key":"Bronze Scales"},{"floor":26.0,"key":"Anchor"},{"floor":28.0,"key":"Replay:Wax Seal"},{"floor":44,"key":"HornCleat"}],"event_choices":[{"damage_healed":0.0,"max_hp_gain":0.0,"max_hp_loss":0.0,"gold_gain":0.0,"event_name":"Vampires","player_choice":"Ignored","floor":20.0,"gold_loss":0.0,"damage_taken":0.0},{"damage_healed":0.0,"max_hp_gain":0.0,"max_hp_loss":0.0,"gold_gain":99.0,"event_name":"Nest","player_choice":"Stole From Cult","floor":27.0,"gold_loss":0.0,"damage_taken":0.0},{"cards_removed":["Eruption"],"damage_healed":0.0,"max_hp_gain":0.0,"max_hp_loss":0.0,"gold_gain":0.0,"event_name":"Purifier","player_choice":"Purged","floor":29.0,"gold_loss":0.0,"damage_taken":0.0},{"damage_healed":0,"gold_gain":0,"player_choice":"Max HP","damage_taken":0,"max_hp_gain":0,"max_hp_loss":4,"event_name":"Winding Halls","floor":47,"gold_loss":0},{"damage_healed":0,"gold_gain":0,"player_choice":"Ignored","damage_taken":0,"max_hp_gain":0,"max_hp_loss":0,"event_name":"NoteForYourself","floor":48,"gold_loss":0}],"is_beta":false,"boss_relics":[{"not_picked":["AT_MortalBlade","Calling Bell"],"picked":"Replay:Wanted Poster"},{"not_picked":["ChewingGum","Runic Dome"],"picked":"Philosopher\u0027s Stone"}],"items_purged_floors":[0,0,0,0,0,19,19,19,19,19,22,22,37,37,42,42],"is_endless":false,"potions_floor_spawned":[1,4,7,7,12,13,13,14,16,21,24,25,25,25,28,31,31,33,35,36,38,41,44,54,54,54],"ascension_level":0}}