{"host":"qc268ltokmxwqyrx","time":1614148192,"event":{"mods":["BaseMod","Colored Map","Minty Spire (QoL Compilation)","Relic Stats","Slay the Relics Exporter","StSLib","ojb\u0027s Info Mod"],"gold_per_floor":[112,125,200,165,185,218,218,231,277,4,28,28,46,76,76,76,76],"floor_reached":16,"language":"ENG","playtime":541,"items_purged":["Strike_G"],"score":220,"play_id":"c9a1f332-1ce2-467d-b982-22e8ed6b0fe1","local_time":"20210224002952","is_ascension_mode":true,"campfire_choices":[{"data":"Poisoned Stab","floor":7.0,"key":"SMITH"},{"floor":12.0,"key":"REST"},{"floor":15.0,"key":"REST"}],"circlet_count":0,"master_deck":["AscendersBane","Strike_G","Strike_G","Strike_G","Defend_G","Defend_G","Defend_G","Defend_G","Survivor","Neutralize","Dagger Throw","Poisoned Stab+1","Underhanded Strike","Blade Dance","Prepared","Blade Dance","Calculated Gamble"],"relics":["Empty Cage","InkBottle","Juzu Bracelet","Pen Nib","Ancient Tea Set","Snake Skull"],"acts_visited":["Exordium"],"potions_floor_usage":[],"damage_taken":[{"damage":6.0,"enemies":"Cultist","floor":1.0,"turns":5.0},{"damage":0.0,"enemies":"Small Slimes","floor":2.0,"turns":4.0},{"damage":4.0,"enemies":"Jaw Worm","floor":5.0,"turns":4.0},{"damage":29.0,"enemies":"3 Sentries","floor":6.0,"turns":8.0},{"damage":7.0,"enemies":"Large Slime","floor":8.0,"turns":5.0},{"damage":1.0,"enemies":"Looter","floor":13.0,"turns":2.0},{"damage":25.0,"enemies":"Lagavulin","floor":14.0,"turns":5.0},{"damage":43,"enemies":"Slime Boss","floor":16,"turns":6}],"seed_played":"-7519194321165265279","potions_obtained":[{"floor":2.0,"key":"Strength Potion"},{"floor":8.0,"key":"Regen Potion"}],"is_trial":false,"path_per_floor":["M","M","?","?","M","E","R","M","T","$","T","R","M","E","R","B"],"character_chosen":"THE_SILENT","items_purchased":["Pen Nib","Prepared"],"campfire_rested":2,"item_purchase_floors":[10,10],"current_hp_per_floor":[53,53,42,58,54,25,25,18,18,18,18,37,41,16,35,0,0],"gold":76,"neow_bonus":"BOSS_RELIC","is_daily":false,"chose_seed":false,"campfire_upgraded":1,"win_rate":0.0,"timestamp":1614148192,"path_taken":["M","M","?","?","M","E","R","M","T","$","?","R","M","E","R","BOSS"],"items_purchased_type":["Relic","Card"],"build_version":"2020-12-22","purchased_purges":1,"victory":false,"max_hp_per_floor":[66,66,66,66,66,66,66,66,66,66,66,66,66,66,66,66,66],"relic_stats":{"counters":[8,39],"Pen Nib":[4],"Snake Skull":[2],"Juzu Bracelet":0,"obtain_stats":[{"Pen Nib":10,"Snake Skull":14,"Juzu Bracelet":9,"Empty Cage":0,"Ancient Tea Set":11,"InkBottle":6,"Ring of the Snake":0},{"Pen Nib":5,"Snake Skull":7,"Juzu Bracelet":5,"Empty Cage":0,"Ancient Tea Set":5,"InkBottle":4,"Ring of the Snake":0},{"Pen Nib":26,"Snake Skull":33,"Juzu Bracelet":26,"Empty Cage":0,"Ancient Tea Set":26,"InkBottle":21,"Ring of the Snake":0}],"InkBottle":[8]},"card_choices":[{"not_picked":["PiercingWail","Setup"],"picked":"Dagger Throw","floor":1.0},{"not_picked":["Leg Sweep","Deadly Poison"],"picked":"Poisoned Stab","floor":2.0},{"not_picked":["Crippling Poison","Deadly Poison"],"picked":"Underhanded Strike","floor":5.0},{"not_picked":["Setup","Dodge and Roll","Slice"],"picked":"SKIP","floor":6.0},{"not_picked":["Setup","Dodge and Roll","Slice"],"picked":"SKIP","floor":6.0},{"not_picked":["Underhanded Strike","Unload"],"picked":"Blade Dance","floor":8.0},{"not_picked":["Dagger Spray","Heel Hook"],"picked":"Blade Dance","floor":13.0},{"not_picked":["Blade Dance","Blur"],"picked":"Calculated Gamble","floor":14.0}],"player_experience":1906316,"relics_obtained":[{"floor":6.0,"key":"InkBottle"},{"floor":9.0,"key":"Juzu Bracelet"},{"floor":11.0,"key":"Ancient Tea Set"},{"floor":14.0,"key":"Snake Skull"}],"event_choices":[{"damage_healed":0.0,"max_hp_gain":0.0,"max_hp_loss":0.0,"gold_gain":75.0,"event_name":"World of Goop","player_choice":"Gather Gold","floor":3.0,"gold_loss":0.0,"damage_taken":11.0},{"damage_healed":16.0,"max_hp_gain":0.0,"max_hp_loss":0.0,"gold_gain":0.0,"event_name":"The Cleric","player_choice":"Healed","floor":4.0,"gold_loss":35.0,"damage_taken":0.0}],"is_beta":false,"boss_relics":[],"items_purged_floors":[10],"is_endless":false,"potions_floor_spawned":[2,8],"killed_by":"Slime Boss","ascension_level":20}}