{"host":"4nqeo0vu1vuav7gg","time":1614186065,"event":{"mods":["AchievementEnabler","BaseMod","Block Reminder","Colored Map","Colored Powertips","Highlight Path","Minty Spire (QoL Compilation)","Quick Restart","Rare Cards Sparkle","Relic Relevance Reorder","StSLib"],"gold_per_floor":[114,170,10,20,95,121,121,149,149,149,168,197,197,217,217,289,289,303,227,244,244,2,2,37,37,37,54,54,54],"floor_reached":28,"language":"ENG","playtime":1006,"items_purged":["Strike_B"],"score":608,"play_id":"4fcbb9dd-5aa3-4906-835e-320dd2154219","local_time":"20210224180105","is_ascension_mode":true,"campfire_choices":[{"floor":7.0,"key":"REST"},{"floor":10.0,"key":"REST"},{"floor":15.0,"key":"REST"},{"floor":23.0,"key":"REST"},{"floor":25,"key":"REST"}],"circlet_count":0,"master_deck":["AscendersBane","Strike_B","Strike_B","Strike_B","Defend_B","Defend_B","Defend_B","Defend_B","Zap","Dualcast","Sunder","Defragment","White Noise","Darkness","Ball Lightning","Zap","Buffer","Conserve Battery","Fission","Static Discharge","Electrodynamics","Force Field","Melter","Reinforced Body"],"relics":["FrozenCore","Nunchaku","CaptainsWheel","Happy Flower","Bottled Tornado","PreservedInsect","Gambling Chip","Eternal Feather","Orrery"],"acts_visited":["Exordium","TheCity"],"potions_floor_usage":[24,24],"damage_taken":[{"damage":10.0,"enemies":"Small Slimes","floor":1.0,"turns":3.0},{"damage":0.0,"enemies":"Cultist","floor":4.0,"turns":3.0},{"damage":14.0,"enemies":"Gremlin Nob","floor":6.0,"turns":4.0},{"damage":19.0,"enemies":"Lagavulin","floor":8.0,"turns":6.0},{"damage":0.0,"enemies":"2 Louse","floor":11.0,"turns":2.0},{"damage":11.0,"enemies":"Gremlin Nob","floor":12.0,"turns":3.0},{"damage":12.0,"enemies":"2 Fungi Beasts","floor":14.0,"turns":3.0},{"damage":0.0,"enemies":"Slime Boss","floor":16.0,"turns":7.0},{"damage":36.0,"enemies":"3 Byrds","floor":18.0,"turns":7.0},{"damage":27.0,"enemies":"Shell Parasite","floor":20.0,"turns":5.0},{"damage":41,"enemies":"Gremlin Leader","floor":24,"turns":6},{"damage":21,"enemies":"Snake Plant","floor":27,"turns":4},{"damage":25,"enemies":"Book of Stabbing","floor":28,"turns":5}],"seed_played":"-7415052634901847008","potions_obtained":[{"floor":1.0,"key":"AttackPotion"},{"floor":4.0,"key":"BlessingOfTheForge"},{"floor":12.0,"key":"FearPotion"},{"floor":14.0,"key":"FearPotion"},{"floor":20.0,"key":"Swift Potion"}],"is_trial":false,"path_per_floor":["M","?","$","M","?","E","R","E","T","R","M","E","?","M","R","B",null,"M","$","M","?","$","R","E","R","T","M","E"],"character_chosen":"DEFECT","items_purchased":["Defragment","Static Discharge","Regen Potion","Orrery"],"campfire_rested":5,"item_purchase_floors":[3,19,22,22],"current_hp_per_floor":[36,36,36,36,25,11,32,13,13,40,40,29,29,17,47,47,65,29,29,2,2,2,35,9,42,42,21,0,0],"gold":54,"neow_bonus":"ONE_RARE_RELIC","is_daily":false,"chose_seed":false,"campfire_upgraded":0,"win_rate":0.0,"timestamp":1614186065,"path_taken":["M","?","$","M","?","E","R","E","T","R","M","E","?","?","R","BOSS","M","$","M","?","$","R","E","R","T","M","E"],"items_purchased_type":["Card","Card","Potion","Relic"],"build_version":"2020-12-22","purchased_purges":1,"victory":false,"max_hp_per_floor":[71,71,71,71,71,71,71,71,71,71,71,71,71,71,71,71,71,71,71,71,71,71,71,71,71,71,71,71,71],"card_choices":[{"not_picked":["Rip and Tear","Leap"],"picked":"Sunder","floor":1.0},{"not_picked":["Storm","Rip and Tear","Stack"],"picked":"SKIP","floor":4.0},{"not_picked":["Gash","Sunder"],"picked":"White Noise","floor":6.0},{"not_picked":["Gash","Leap"],"picked":"Darkness","floor":8.0},{"not_picked":["Aggregate","Auto Shields","Go for the Eyes"],"picked":"SKIP","floor":11.0},{"not_picked":["Redo","Hello World"],"picked":"Ball Lightning","floor":12.0},{"not_picked":["FTL","Scrape"],"picked":"Conserve Battery","floor":14.0},{"not_picked":["Hyperbeam","Reboot"],"picked":"Fission","floor":16.0},{"not_picked":["Lockon","Conserve Battery","Rebound"],"picked":"SKIP","floor":18.0},{"not_picked":["Leap","Rebound","Go for the Eyes"],"picked":"SKIP","floor":20.0},{"not_picked":["Stack","Hello World"],"picked":"Electrodynamics","floor":22.0},{"not_picked":["Leap+1","Storm"],"picked":"Force Field","floor":22.0},{"not_picked":["Amplify","Rebound"],"picked":"Melter","floor":24},{"not_picked":["Rip and Tear","Beam Cell"],"picked":"Reinforced Body","floor":27}],"player_experience":1114961,"relics_obtained":[{"floor":6.0,"key":"Bottled Tornado"},{"floor":8.0,"key":"PreservedInsect"},{"floor":9.0,"key":"Eternal Feather"},{"floor":12.0,"key":"Happy Flower"},{"floor":24,"key":"Nunchaku"},{"floor":26,"key":"Gambling Chip"}],"event_choices":[{"damage_healed":0.0,"max_hp_gain":0.0,"max_hp_loss":0.0,"gold_gain":56.0,"event_name":"Golden Wing","player_choice":"Gained Gold","floor":2.0,"gold_loss":0.0,"damage_taken":0.0},{"damage_healed":0.0,"max_hp_gain":0.0,"max_hp_loss":0.0,"gold_gain":75.0,"event_name":"World of Goop","player_choice":"Gather Gold","floor":5.0,"gold_loss":0.0,"damage_taken":11.0},{"damage_healed":0.0,"max_hp_gain":0.0,"max_hp_loss":0.0,"gold_gain":0.0,"event_name":"Match and Keep!","player_choice":"2 cards matched","floor":13.0,"gold_loss":0.0,"damage_taken":0.0,"cards_obtained":["Zap","Buffer"]},{"damage_healed":0.0,"max_hp_gain":0.0,"max_hp_loss":0.0,"gold_gain":0.0,"event_name":"Ghosts","player_choice":"Ignored","floor":21.0,"gold_loss":0.0,"damage_taken":0.0}],"is_beta":false,"boss_relics":[{"not_picked":["SlaversCollar","Coffee Dripper"],"picked":"FrozenCore"}],"items_purged_floors":[3],"is_endless":false,"potions_floor_spawned":[1,4,12,14,20],"killed_by":"Book of Stabbing","ascension_level":20}}