{"host":"7gewg82ormp6yt4e","time":1614170213,"event":{"mods":["BaseMod","Block Reminder","Colored Map","DeckTracker","Highlight Path","Minty Spire (QoL Compilation)","Relic Stats","StSLib","ojb\u0027s Info Mod"],"gold_per_floor":[119,194,0,0,15,15,43,2,26,52,70,96,116,134,134,210,210,224,224,236,19,19,51,51,68,68,98,126,126,201,236,236,312,312,332,94,94,106,106,106,133,145,145,175,200,200,228,268,268,268,268,268,268,89,118,118],"floor_reached":57,"language":"JPN","playtime":5406,"items_purged":["Strike_P","Strike_P"],"score":3132,"play_id":"a44273a0-ecb8-403f-8a36-711b3a9a9d0e","local_time":"20210224213653","is_ascension_mode":true,"campfire_choices":[{"data":"Eruption","floor":6.0,"key":"SMITH"},{"data":"Wallop","floor":15.0,"key":"SMITH"},{"data":"Tantrum","floor":24.0,"key":"SMITH"},{"data":"Vigilance","floor":32,"key":"SMITH"},{"floor":40,"key":"RECALL"},{"data":"Meditate","floor":49,"key":"SMITH"},{"data":"Secret Weapon","floor":53,"key":"SMITH"}],"circlet_count":0,"master_deck":["AscendersBane","Strike_P+1","Strike_P+1","Defend_P","Defend_P+1","Defend_P+1","Defend_P","Eruption+1","Vigilance+1","ThirdEye","CutThroughFate+1","EmptyBody","EmptyMind+1","Tantrum+1","Adaptation","Ragnarok+1","CutThroughFate+1","Wallop+1","Omniscience","Swivel","Vengeance","WaveOfTheHand+1","Sanctity+1","WheelKick+1","LessonLearned+1","MentalFortress+1","Apotheosis+1","Secret Weapon+1","Meditate+1","Wallop+1","DevaForm"],"relics":["Black Star","PreservedInsect","CultistMask","Matryoshka","StoneCalendar","Vajra","War Paint","MealTicket","Art of War","Unceasing Top","InkBottle","Snecko Eye","Tiny Chest","Toolbox","Gremlin Horn","Whetstone","Molten Egg 2","Bottled Flame","Yang","Bronze Scales","Pantograph","Dead Branch","SlaversCollar","Juzu Bracelet","Ancient Tea Set","Singing Bowl","Pocketwatch","Eternal Feather","Gambling Chip","Incense Burner","Calipers","Bag of Preparation","Orichalcum","CaptainsWheel","Mummified Hand"],"acts_visited":["Exordium","TheCity","TheBeyond","TheEnding"],"potions_floor_usage":[33,56,56],"damage_taken":[{"damage":2.0,"enemies":"Small Slimes","floor":1.0,"turns":7.0},{"damage":3.0,"enemies":"Cultist","floor":5.0,"turns":4.0},{"damage":7.0,"enemies":"Lagavulin","floor":7.0,"turns":7.0},{"damage":3.0,"enemies":"Gremlin Nob","floor":10.0,"turns":3.0},{"damage":4.0,"enemies":"Jaw Worm","floor":11.0,"turns":2.0},{"damage":6.0,"enemies":"3 Sentries","floor":12.0,"turns":6.0},{"damage":0.0,"enemies":"Looter","floor":13.0,"turns":3.0},{"damage":12.0,"enemies":"Exordium Thugs","floor":14.0,"turns":4.0},{"damage":0.0,"enemies":"Hexaghost","floor":16.0,"turns":7.0},{"damage":15.0,"enemies":"3 Byrds","floor":18.0,"turns":6.0},{"damage":2.0,"enemies":"2 Thieves","floor":20.0,"turns":2.0},{"damage":2.0,"enemies":"Book of Stabbing","floor":23.0,"turns":2.0},{"damage":0.0,"enemies":"Snecko","floor":25.0,"turns":1.0},{"damage":0.0,"enemies":"3 Cultists","floor":27.0,"turns":2.0},{"damage":0.0,"enemies":"Gremlin Leader","floor":28.0,"turns":1.0},{"damage":0.0,"enemies":"Book of Stabbing","floor":31.0,"turns":2.0},{"damage":9,"enemies":"Automaton","floor":33,"turns":6},{"damage":0,"enemies":"3 Darklings","floor":35,"turns":2},{"damage":0,"enemies":"Orb Walker","floor":38,"turns":2},{"damage":0,"enemies":"Giant Head","floor":41,"turns":5},{"damage":0,"enemies":"Writhing Mass","floor":42,"turns":4},{"damage":7,"enemies":"Nemesis","floor":44,"turns":7},{"damage":0,"enemies":"Mind Bloom Boss Battle","floor":45,"turns":1},{"damage":0,"enemies":"Giant Head","floor":47,"turns":7},{"damage":1,"enemies":"Spire Growth","floor":48,"turns":5},{"damage":6,"enemies":"Donu and Deca","floor":50,"turns":8},{"damage":21,"enemies":"Awakened One","floor":51,"turns":14},{"damage":0,"enemies":"Shield and Spear","floor":55,"turns":5},{"damage":30,"enemies":"The Heart","floor":56,"turns":7}],"seed_played":"-2712827316244911785","potions_obtained":[{"floor":7.0,"key":"Block Potion"},{"floor":10.0,"key":"CultistPotion"},{"floor":12.0,"key":"Weak Potion"},{"floor":18.0,"key":"DistilledChaos"},{"floor":27.0,"key":"BlessingOfTheForge"},{"floor":28.0,"key":"FearPotion"},{"floor":33,"key":"LiquidMemories"},{"floor":35,"key":"Regen Potion"}],"is_trial":false,"path_per_floor":["M","?","$","?","M","R","E","$","T","E","M","E","M","M","R","B",null,"M","?","M","$","?","E","R","M","T","M","E","?","T","E","R","B",null,"M","$","?","M","?","R","E","M","T","E","?","T","E","M","R","B","B",null,"R","$","E","B",null],"character_chosen":"WATCHER","items_purchased":["PreservedInsect","CutThroughFate","EmptyMind","Toolbox","Block Potion","Juzu Bracelet","DevaForm"],"campfire_rested":0,"item_purchase_floors":[3,3,8,21,21,36,54],"current_hp_per_floor":[59,48,48,48,45,45,38,38,38,35,31,25,25,13,13,13,54,39,39,37,52,52,50,50,50,50,50,50,31,31,31,31,47,67,67,73,69,69,59,59,61,61,61,56,75,75,75,76,77,71,56,72,77,77,79,63],"gold":118,"neow_bonus":"BOSS_RELIC","is_daily":false,"chose_seed":false,"campfire_upgraded":6,"win_rate":0.0,"timestamp":1614170213,"path_taken":["M","?","$","?","M","R","E","$","T","E","M","E","M","?","R","BOSS","M","?","M","$","?","E","R","?","T","M","E","?","?","E","R","BOSS","M","$","?","M","?","R","E","M","T","E","?","?","E","M","R","BOSS","BOSS","R","$","E","BOSS"],"items_purchased_type":["Relic","Card","Card","Relic","Potion","Relic","Card"],"build_version":"2020-12-22","purchased_purges":2,"victory":true,"max_hp_per_floor":[68,68,68,68,68,68,68,68,68,68,68,68,68,68,68,68,68,68,68,68,68,68,68,68,68,68,68,68,73,73,73,73,73,73,73,73,69,69,69,69,71,71,71,73,75,75,75,77,77,77,77,77,77,77,79,79],"relic_stats":{"Gremlin Horn":[11,13],"Singing Bowl":10,"StoneCalendar":[156],"Yang":[178],"Juzu Bracelet":0,"Bag of Preparation":[10],"Whetstone":["Ragnarok","CutThroughFate"],"Mummified Hand":[7],"Pantograph":48,"Gambling Chip":[25],"MealTicket":21,"Tiny Chest":2,"InkBottle":[52],"counters":[29,132],"Dead Branch":[63],"Eternal Feather":6,"PreservedInsect":603,"War Paint":["EmptyMind","Defend_P"],"Orichalcum":[0],"Bronze Scales":[315],"Snecko Eye":[208,218,224,236],"Black Star":10,"Art of War":[11],"obtain_stats":[{"Calipers":46,"Gremlin Horn":23,"Singing Bowl":41,"Vajra":9,"StoneCalendar":7,"Yang":28,"Juzu Bracelet":36,"Incense Burner":45,"Bag of Preparation":47,"Whetstone":23,"Ancient Tea Set":41,"Matryoshka":7,"Mummified Hand":55,"Pantograph":31,"Gambling Chip":44,"Toolbox":21,"MealTicket":10,"Tiny Chest":19,"InkBottle":12,"Dead Branch":31,"Eternal Feather":44,"PreservedInsect":3,"War Paint":9,"Orichalcum":47,"SlaversCollar":34,"Bottled Flame":26,"CaptainsWheel":55,"Bronze Scales":28,"Snecko Eye":17,"Molten Egg 2":26,"CultistMask":4,"Black Star":0,"Art of War":10,"PureWater":0,"Unceasing Top":12,"Pocketwatch":43},{"Calipers":23,"Gremlin Horn":12,"Singing Bowl":20,"Vajra":3,"StoneCalendar":3,"Yang":15,"Juzu Bracelet":18,"Incense Burner":23,"Bag of Preparation":24,"Whetstone":12,"Ancient Tea Set":20,"Matryoshka":3,"Mummified Hand":28,"Pantograph":16,"Gambling Chip":22,"Toolbox":11,"MealTicket":4,"Tiny Chest":10,"InkBottle":6,"Dead Branch":16,"Eternal Feather":22,"PreservedInsect":1,"War Paint":3,"Orichalcum":24,"SlaversCollar":17,"Bottled Flame":13,"CaptainsWheel":28,"Bronze Scales":15,"Snecko Eye":9,"Molten Egg 2":13,"CultistMask":1,"Black Star":0,"Art of War":4,"PureWater":0,"Unceasing Top":6,"Pocketwatch":21},{"Calipers":86,"Gremlin Horn":53,"Singing Bowl":74,"Vajra":18,"StoneCalendar":18,"Yang":57,"Juzu Bracelet":67,"Incense Burner":86,"Bag of Preparation":93,"Whetstone":53,"Ancient Tea Set":74,"Matryoshka":18,"Mummified Hand":125,"Pantograph":59,"Gambling Chip":85,"Toolbox":51,"MealTicket":21,"Tiny Chest":49,"InkBottle":29,"Dead Branch":59,"Eternal Feather":85,"PreservedInsect":7,"War Paint":18,"Orichalcum":93,"SlaversCollar":65,"Bottled Flame":54,"CaptainsWheel":125,"Bronze Scales":57,"Snecko Eye":43,"Molten Egg 2":54,"CultistMask":7,"Black Star":0,"Art of War":21,"PureWater":0,"Unceasing Top":29,"Pocketwatch":78}],"Unceasing Top":[0],"Pocketwatch":[24]},"card_choices":[{"not_picked":["Halt","Evaluate"],"picked":"ThirdEye","floor":1.0},{"not_picked":["FlurryOfBlows","Fasting2"],"picked":"EmptyBody","floor":5.0},{"not_picked":["Protect","Prostrate","Pray"],"picked":"SKIP","floor":7.0},{"not_picked":["BowlingBash","Consecrate"],"picked":"Tantrum","floor":10.0},{"not_picked":["Worship","CutThroughFate"],"picked":"Adaptation","floor":11.0},{"not_picked":["Consecrate","WreathOfFlame"],"picked":"Ragnarok","floor":12.0},{"not_picked":["JustLucky","Protect"],"picked":"CutThroughFate","floor":13.0},{"not_picked":["CrushJoints","Adaptation"],"picked":"Wallop","floor":14.0},{"not_picked":["DevaForm","Ragnarok"],"picked":"Omniscience","floor":16.0},{"not_picked":["CutThroughFate","Protect","FollowUp"],"picked":"SKIP","floor":18.0},{"not_picked":["Prostrate","Establishment"],"picked":"Swivel","floor":20.0},{"not_picked":["ClearTheMind","PathToVictory"],"picked":"Vengeance","floor":23.0},{"not_picked":["CarveReality","FollowUp"],"picked":"WaveOfTheHand+1","floor":25.0},{"not_picked":["PathToVictory","Halt"],"picked":"Sanctity","floor":27.0},{"not_picked":["Weave+1","Collect"],"picked":"WheelKick+1","floor":28.0},{"not_picked":["Prostrate+1","Collect","FollowUp+1"],"picked":"SKIP","floor":31.0},{"not_picked":["Blasphemy","DeusExMachina"],"picked":"LessonLearned+1","floor":33},{"not_picked":["ClearTheMind+1","FollowUp+1","CarveReality+1"],"picked":"SKIP","floor":35},{"not_picked":["Evaluate+1","Halt+1"],"picked":"MentalFortress","floor":38},{"not_picked":["Metamorphosis","Panacea"],"picked":"Apotheosis","floor":39},{"not_picked":["Secret Technique","Thinking Ahead"],"picked":"Secret Weapon","floor":39},{"not_picked":["PathToVictory","EmptyBody","ForeignInfluence"],"picked":"Singing Bowl","floor":41},{"not_picked":["PathToVictory","Halt"],"picked":"Meditate","floor":42},{"not_picked":["Conclude+1","FlurryOfBlows+1","WindmillStrike+1"],"picked":"Singing Bowl","floor":44},{"not_picked":["EmptyFist+1","Swivel","FlyingSleeves+1"],"picked":"Singing Bowl","floor":45},{"not_picked":["EmptyMind","ForeignInfluence"],"picked":"Wallop+1","floor":47},{"not_picked":["Weave+1","Evaluate+1","Consecrate+1"],"picked":"Singing Bowl","floor":48},{"not_picked":["Collect","FlurryOfBlows+1","Establishment"],"picked":"Singing Bowl","floor":55}],"player_experience":2915397,"relics_obtained":[{"floor":7.0,"key":"Matryoshka"},{"floor":7.0,"key":"StoneCalendar"},{"floor":9.0,"key":"Vajra"},{"floor":9.0,"key":"War Paint"},{"floor":10.0,"key":"MealTicket"},{"floor":10.0,"key":"Art of War"},{"floor":12.0,"key":"Unceasing Top"},{"floor":12.0,"key":"InkBottle"},{"floor":23.0,"key":"Gremlin Horn"},{"floor":23.0,"key":"Whetstone"},{"floor":26.0,"key":"Molten Egg 2"},{"floor":26.0,"key":"Bottled Flame"},{"floor":28.0,"key":"Yang"},{"floor":28.0,"key":"Bronze Scales"},{"floor":31.0,"key":"Pantograph"},{"floor":31.0,"key":"Dead Branch"},{"floor":41,"key":"Ancient Tea Set"},{"floor":41,"key":"Singing Bowl"},{"floor":43,"key":"Pocketwatch"},{"floor":44,"key":"Eternal Feather"},{"floor":44,"key":"Gambling Chip"},{"floor":45,"key":"Incense Burner"},{"floor":46,"key":"Calipers"},{"floor":47,"key":"Bag of Preparation"},{"floor":47,"key":"Orichalcum"},{"floor":55,"key":"CaptainsWheel"},{"floor":55,"key":"Mummified Hand"}],"event_choices":[{"damage_healed":0.0,"max_hp_gain":0.0,"max_hp_loss":0.0,"gold_gain":75.0,"event_name":"World of Goop","player_choice":"Gather Gold","floor":2.0,"gold_loss":0.0,"damage_taken":11.0},{"damage_healed":0.0,"max_hp_gain":0.0,"max_hp_loss":0.0,"gold_gain":0.0,"event_name":"FaceTrader","player_choice":"Trade","floor":4.0,"gold_loss":0.0,"damage_taken":0.0,"relics_obtained":["CultistMask"]},{"damage_healed":0.0,"max_hp_gain":0.0,"max_hp_loss":0.0,"gold_gain":0.0,"event_name":"The Mausoleum","player_choice":"Opened","floor":19.0,"gold_loss":0.0,"damage_taken":0.0,"relics_obtained":["Tiny Chest"],"cards_obtained":["Writhe"]},{"cards_removed":["Writhe"],"damage_healed":0.0,"max_hp_gain":0.0,"max_hp_loss":0.0,"gold_gain":0.0,"event_name":"Fountain of Cleansing","player_choice":"Removed Curses","floor":22.0,"gold_loss":0.0,"damage_taken":0.0},{"damage_healed":0.0,"max_hp_gain":5.0,"max_hp_loss":0.0,"gold_gain":0.0,"event_name":"Forgotten Altar","player_choice":"Shed Blood","floor":29.0,"gold_loss":0.0,"damage_taken":24.0},{"damage_healed":0,"gold_gain":0,"player_choice":"Max HP","damage_taken":0,"max_hp_gain":0,"max_hp_loss":4,"event_name":"Winding Halls","floor":37,"gold_loss":0},{"damage_healed":0,"gold_gain":0,"player_choice":"Memory 3","damage_taken":10,"max_hp_gain":0,"max_hp_loss":0,"event_name":"SensoryStone","floor":39,"gold_loss":0},{"damage_healed":0,"gold_gain":0,"player_choice":"Fight","damage_taken":0,"max_hp_gain":0,"max_hp_loss":0,"event_name":"MindBloom","floor":45,"gold_loss":0}],"is_beta":false,"boss_relics":[{"not_picked":["SacredBark","Velvet Choker"],"picked":"Snecko Eye"},{"not_picked":["Sozu","Calling Bell"],"picked":"SlaversCollar"}],"items_purged_floors":[36,54],"is_endless":false,"potions_floor_spawned":[7,10,12,18,27,28,33,35,41,42,55],"ascension_level":20}}