{"host":"flm17o2q7bfjyna6","time":1614204025,"event":{"mods":["2.2 Compatiblity","Act Like it!","BaseMod","Better Altar","Better Match","Better Note","Better Sensory Stone","Better Skull","Better Third Choice","Better Vampires","Colored Map","Colored Powertips","DeckTracker","Downfall","Fox Events","Minty Spire (QoL Compilation)","Quick Restart","Reworked Bosses","Spicy Shops","StSLib","TheSwordswoman","Wandering Minibosses"],"gold_per_floor":[99,110,110,120,138,138,138,171,191,210,238,338,402,429,447,548,548,548,559,575,625,295,305,305,325,375,408,458,458,608,185,205,301,301,301,317,328,18,29,79,104,104,121,121,171,200,16,51,63,63],"floor_reached":51,"language":"ENG","playtime":3672,"items_purged":["bronze:Strike","bronze:Strike","bronze:Strike","bronze:Defend"],"score":1008,"play_id":"9fc72329-0107-4f28-b643-74b16ef6cab0","local_time":"20210224170025","is_ascension_mode":true,"campfire_choices":[{"data":"bronze:Goto","floor":1,"key":"SMITH"},{"data":"bronze:Separator","floor":6,"key":"SMITH"},{"data":"bronze:FollowUp","floor":18,"key":"SMITH"},{"data":"bronze:Constructor","floor":29,"key":"SMITH"},{"data":"bronze:Repulsor","floor":35,"key":"SMITH"},{"data":"bronze:FineTuning","floor":42,"key":"SMITH"},{"data":"bronze:GetLatest","floor":44,"key":"SMITH"}],"circlet_count":0,"master_deck":["bronze:Strike+1","bronze:Defend","bronze:Defend","bronze:Replicate+1","bronze:Goto+1","bronze:WhirlingStrike+1","bronze:Replicate","bronze:OilSpill+1","bronze:Separator+1","bronze:Verify+1","bronze:Shield","bronze:GetLatest+1","bronze:FollowUp+1","bronze:Flail","bronze:Optimize","bronze:FineTuning+1","bronze:Repair","bronze:Optimize","bronze:Refactor+1","bronze:Constructor+1","bronze:FineTuning+1","bronze:GetLatest+1","bronze:DelayedGuard+1","bronze:DecaBeam+1","bronze:DelayedGuard+1","bronze:Repair+1","bronze:Repulsor+1","bronze:Goto+1","bronze:ItsAFeature","bronze:TinkerersToolbox+1","bronze:DelayedSlice+1","bronze:Separator+1","bronze:ChildClass+1","bronze:Invalidate+1","Pain","bronze:Allocate+1","bronze:FineTuning+1","bronze:ForceShield+1","bronze:Constructor+1","bronze:MaxOutput","bronze:FineTuning+1","bronze:ChildClass+1"],"relics":["bronze:BronzeCore","TungstenRod","Omamori","Question Card","downfall:CloakOfManyFaces","CultistMask","FaceOfCleric","NlothsMask","GremlinMask","SsserpentHead","Vajra","Calling Bell","Ornamental Fan","champ:DeflectingBracers","Membership Card","Toxic Egg 2","Pear","downfall:RedIOU","Pantograph","champ:Barbells","White Beast Statue","DollysMirror","expansioncontent:StudyCardRelic","Medical Kit","hexamod:CandleOfCauterizing","Art of War","WarpedTongs","Lantern","Molten Egg 2","bronze:DonusWashers","Mummified Hand","Whetstone","Ginger","Sling","Bag of Marbles"],"acts_visited":["Exordium","TheCity","TheBeyond"],"potions_floor_usage":[8,11,12,14,15,16,23,25,31,33,47,50,50],"damage_taken":[{"damage":2,"enemies":"Jaw Worm","floor":2,"turns":3},{"damage":0,"enemies":"Cultist","floor":4,"turns":2},{"damage":3,"enemies":"2 Louse","floor":5,"turns":2},{"damage":4,"enemies":"3 Sentries","floor":8,"turns":3},{"damage":11,"enemies":"Red Slaver","floor":9,"turns":6},{"damage":1,"enemies":"3 Louse","floor":10,"turns":3},{"damage":15,"enemies":"Gremlin Nob","floor":11,"turns":3},{"damage":10,"enemies":"downfall:FaceTrader","floor":12,"turns":8},{"damage":0,"enemies":"2 Fungi Beasts","floor":13,"turns":2},{"damage":19,"enemies":"Lagavulin","floor":14,"turns":5},{"damage":0,"enemies":"Blue Slaver","floor":15,"turns":2},{"damage":6,"enemies":"SI_SHIV_ARCHETYPE","floor":16,"turns":5},{"damage":2,"enemies":"Shell Parasite","floor":19,"turns":4},{"damage":19,"enemies":"Chosen","floor":20,"turns":4},{"damage":5,"enemies":"downfall:FleeingMerchant","floor":22,"turns":4},{"damage":1,"enemies":"3 Cultists","floor":23,"turns":3},{"damage":17,"enemies":"Shelled Parasite and Fungi","floor":25,"turns":4},{"damage":61,"enemies":"Book of Stabbing","floor":27,"turns":6},{"damage":9,"enemies":"Book of Stabbing","floor":30,"turns":8},{"damage":7,"enemies":"downfall:FleeingMerchant","floor":31,"turns":4},{"damage":0,"enemies":"Chosen and Byrds","floor":32,"turns":4},{"damage":56,"enemies":"DF_ARCHETYPE_CLAW","floor":33,"turns":10},{"damage":7,"enemies":"3 Shapes","floor":36,"turns":5},{"damage":23,"enemies":"3 Darklings","floor":37,"turns":4},{"damage":7,"enemies":"downfall:FleeingMerchant","floor":38,"turns":4},{"damage":35,"enemies":"Transient","floor":39,"turns":5},{"damage":26,"enemies":"4 Shapes","floor":43,"turns":4},{"damage":52,"enemies":"Giant Head","floor":46,"turns":8},{"damage":0,"enemies":"downfall:FleeingMerchant","floor":47,"turns":3},{"damage":0,"enemies":"Reptomancer","floor":48,"turns":3},{"damage":0,"enemies":"Spire Growth","floor":49,"turns":3},{"damage":83,"enemies":"WA_ARCHETYPE_DIVINITY","floor":50,"turns":6}],"seed_played":"-6368463905426483029","potions_obtained":[{"floor":0,"key":"Dexterity Potion"},{"floor":0,"key":"Block Potion"},{"floor":0,"key":"GamblersBrew"},{"floor":5,"key":"Explosive Potion"},{"floor":9,"key":"Swift Potion"},{"floor":11,"key":"Explosive Potion"},{"floor":13,"key":"FearPotion"},{"floor":14,"key":"Block Potion"},{"floor":15,"key":"Ancient Potion"},{"floor":23,"key":"SkillPotion"},{"floor":27,"key":"hexamod:SoulburnPotion"},{"floor":32,"key":"DuplicationPotion"},{"floor":33,"key":"bronze:CleanCodePotion"},{"floor":36,"key":"bronze:CleanCodePotion"},{"floor":46,"key":"Dexterity Potion"},{"floor":48,"key":"LiquidMemories"},{"floor":49,"key":"bronze:BurnAndBuffPotion"}],"is_trial":false,"path_per_floor":["R","M","?","M","M","R","T","E","M","M","E","?","M","E","M","B",null,"R","M","M","?","$","M","T","M","?","E","?","R","?","$","M","B",null,"R","M","M","$","M","?","T","R","M","R","?","E","?","E","M","B",null],"character_chosen":"THE_AUTOMATON","items_purchased":["Membership Card","Toxic Egg 2","Pantograph","champ:Barbells","White Beast Statue","bronze:Repulsor","DollysMirror","Medical Kit","hexamod:CandleOfCauterizing","Art of War","bronze:DonusWashers","Mummified Hand","Whetstone","bronze:Constructor+1","bronze:MaxOutput","Ginger","Sling","Fruit Juice","SkillPotion","bronze:FineTuning+1"],"campfire_rested":0,"item_purchase_floors":[22,22,31,31,31,31,31,38,38,38,47,47,47,47,47,47,47,47,47,47],"current_hp_per_floor":[70,68,68,68,65,65,65,61,50,49,34,24,25,7,8,11,74,74,75,57,86,82,82,82,74,74,35,35,35,37,38,50,30,104,104,105,100,94,73,73,73,73,48,48,48,15,21,32,53,16],"gold":63,"neow_bonus":"THREE_SMALL_POTIONS","is_daily":false,"chose_seed":false,"campfire_upgraded":7,"win_rate":0.0,"timestamp":1614204025,"path_taken":["R","M","?","M","?","R","T","E","M","?","E","?","?","E","M","BOSS","R","M","M","?","$","M","T","M","?","E","?","R","?","$","M","BOSS","R","M","M","$","M","?","T","R","M","R","?","E","?","E","M","BOSS"],"items_purchased_type":["Relic","Relic","Relic","Relic","Relic","Card","Relic","Relic","Relic","Relic","Relic","Relic","Relic","Card","Card","Relic","Relic","Potion","Potion","Card"],"build_version":"2020-12-22","purchased_purges":4,"victory":true,"max_hp_per_floor":[70,70,70,70,70,70,70,70,70,70,70,70,71,72,73,74,74,74,75,76,86,87,88,88,89,89,100,100,100,101,102,103,104,104,104,105,106,107,108,108,108,108,109,109,109,110,116,117,118,119],"card_choices":[{"not_picked":["bronze:Overload","bronze:MaxOutput"],"picked":"bronze:WhirlingStrike","floor":2},{"not_picked":["bronze:Philosophize","bronze:ForLoop"],"picked":"bronze:OilSpill","floor":4},{"not_picked":["bronze:ChildClass","bronze:Repulsor"],"picked":"bronze:Separator","floor":5},{"not_picked":["bronze:Turbo","bronze:Overheat"],"picked":"bronze:Verify","floor":8},{"not_picked":["bronze:Overheat","bronze:ForLoop"],"picked":"bronze:Shield","floor":9},{"not_picked":["bronze:DelayedSlice","bronze:Turbo"],"picked":"bronze:GetLatest","floor":10},{"not_picked":["bronze:DelayedSlice","bronze:Deprecate"],"picked":"bronze:FollowUp","floor":11},{"not_picked":["bronze:Branch","bronze:Terminator","bronze:Iterate"],"picked":"bronze:Flail","floor":12},{"not_picked":["bronze:Iterate","bronze:BugBarrage","bronze:Frontload"],"picked":"bronze:Optimize","floor":13},{"not_picked":["bronze:Repulsor","bronze:Refactor","bronze:DarkDash"],"picked":"bronze:FineTuning","floor":14},{"not_picked":["bronze:Constructor","bronze:Fortify","bronze:BronzeArmor"],"picked":"bronze:Repair","floor":15},{"not_picked":["bronze:Break","bronze:BurnOut","bronze:ThunderWave"],"picked":"bronze:ShipIt","floor":16},{"not_picked":["bronze:Philosophize","bronze:Shield","bronze:Return"],"picked":"bronze:Optimize","floor":19},{"not_picked":["bronze:Turbo","bronze:Fortify","bronze:Flail"],"picked":"bronze:Refactor+1","floor":20},{"not_picked":["bronze:CloningBeam","bronze:FineTuning","bronze:Deprecate+1"],"picked":"bronze:Constructor","floor":22},{"not_picked":["bronze:ForLoop+1","bronze:Iterate","bronze:WildBeam"],"picked":"bronze:FineTuning+1","floor":23},{"not_picked":["bronze:Turbo+1","bronze:Mutator","bronze:Flail"],"picked":"bronze:GetLatest+1","floor":25},{"not_picked":["bronze:Turbo+1","bronze:OilSpill+1","bronze:Overheat+1"],"picked":"bronze:DelayedGuard+1","floor":27},{"not_picked":[],"picked":"bronze:DecaBeam","floor":30},{"not_picked":["bronze:Deprecate+1","bronze:BronzeArmor+1","bronze:CutThrough"],"picked":"bronze:DelayedGuard+1","floor":30},{"not_picked":["bronze:Invalidate+1","bronze:DelayedSlice+1","bronze:ClassDefault"],"picked":"bronze:Repair+1","floor":31},{"not_picked":["bronze:WhirlingStrike","bronze:DigitalCarnage","bronze:AlphaBuild"],"picked":"bronze:ItsAFeature","floor":32},{"not_picked":["bronze:InfiniteLoop","bronze:Hardcode","bronze:Library"],"picked":"bronze:TinkerersToolbox+1","floor":33},{"not_picked":["bronze:CutThrough+1","bronze:Return+1","bronze:Philosophize+1"],"picked":"bronze:DelayedSlice+1","floor":36},{"not_picked":["bronze:Turbo+1","bronze:WhirlingStrike","bronze:Verify"],"picked":"bronze:Separator+1","floor":37},{"not_picked":["bronze:Branch","bronze:Repulsor+1","bronze:Overload+1"],"picked":"bronze:ChildClass+1","floor":38},{"not_picked":["bronze:Allocate+1","bronze:WhirlingStrike+1","bronze:BronzeArmor+1"],"picked":"bronze:Invalidate+1","floor":39},{"not_picked":["bronze:Philosophize+1","bronze:FindAndReplace+1","bronze:Overheat"],"picked":"bronze:Allocate+1","floor":43},{"not_picked":["bronze:Mutator","bronze:Optimize","bronze:OilSpill+1"],"picked":"bronze:FineTuning+1","floor":46},{"not_picked":["bronze:Optimize+1","bronze:Turbo+1","bronze:CutThrough+1"],"picked":"bronze:ForceShield+1","floor":47},{"not_picked":["bronze:CloningBeam+1","bronze:WildBeam+1","bronze:Separator+1"],"picked":"bronze:ChildClass+1","floor":48},{"not_picked":["bronze:DelayedGuard+1","bronze:BitShift+1","bronze:Deprecate+1","bronze:DarkDash+1"],"picked":"SKIP","floor":49}],"player_experience":2002718,"relics_obtained":[{"floor":7,"key":"TungstenRod"},{"floor":8,"key":"Omamori"},{"floor":11,"key":"Question Card"},{"floor":12,"key":"downfall:CloakOfManyFaces"},{"floor":14,"key":"Vajra"},{"floor":17,"key":"Bronze Scales"},{"floor":17,"key":"Ornamental Fan"},{"floor":17,"key":"champ:DeflectingBracers"},{"floor":27,"key":"Pear"},{"floor":41,"key":"Lantern"},{"floor":46,"key":"Molten Egg 2"},{"floor":48,"key":"Bag of Marbles"}],"event_choices":[{"cards_removed":["bronze:ShipIt"],"damage_healed":19,"gold_gain":0,"player_choice":"Offered Rare","damage_taken":0,"max_hp_gain":10,"max_hp_loss":0,"event_name":"Bonfire Elementals","floor":21,"gold_loss":0},{"cards_removed":["bronze:Strike"],"damage_healed":0,"gold_gain":0,"player_choice":"Give","damage_taken":0,"max_hp_gain":0,"max_hp_loss":0,"event_name":"betterNote:BetterNote","floor":26,"gold_loss":0,"cards_obtained":["bronze:Strike"]},{"cards_removed":["bronze:Defend"],"damage_healed":0,"gold_gain":0,"player_choice":"Removed Skill","damage_taken":0,"max_hp_gain":0,"max_hp_loss":0,"event_name":"Falling","floor":45,"gold_loss":0}],"is_beta":false,"boss_relics":[{"not_picked":["Fusion Hammer","Busted Crown"],"picked":"Calling Bell"},{"not_picked":["Pandora\u0027s Box","SacredBark"],"picked":"expansioncontent:StudyCardRelic"}],"items_purged_floors":[22,31,38,47],"is_endless":false,"potions_floor_spawned":[5,9,11,13,14,15,23,27,32,33,36,37,38,39,43,46,47,48,49],"ascension_level":3}}