{"host":"tr0r177cvmpvg89h","time":1614181974,"event":{"mods":["BaseMod","Colored Map","DeckTracker","Minty Spire (QoL Compilation)","StSLib","SuperFastMode"],"gold_per_floor":[119,46,59,59,79,79,79,90,144,156,22,32,48,48,48,148,148,158,173,73,73,73,73,73,84,136,136,149,176,191,211,211,211,211],"floor_reached":33,"language":"KOR","playtime":1608,"items_purged":["Strike_B","Strike_B"],"score":259,"play_id":"744613c6-07e2-400c-95fe-52854073cb77","local_time":"20210225005254","is_ascension_mode":false,"campfire_choices":[{"data":"Defragment","floor":6,"key":"SMITH"},{"data":"Redo","floor":10,"key":"SMITH"},{"floor":15,"key":"REST"},{"data":"Electrodynamics","floor":23,"key":"SMITH"},{"data":"Static Discharge","floor":27,"key":"SMITH"},{"floor":32,"key":"REST"}],"circlet_count":0,"master_deck":["Defend_B","Defend_B","Defend_B+1","Defend_B","Zap","Dualcast","BootSequence","Creative AI+1","Coolheaded","Defragment+1","Ball Lightning","Redo+1","Static Discharge+1","White Noise","Streamline","Electrodynamics+1","Tempest+1","Necronomicurse","Consume+1","Defragment+1"],"relics":["Cracked Core","Centennial Puzzle","MawBank","Inserter","Necronomicon","Mango","Pen Nib","Ginger"],"acts_visited":["Exordium","TheCity"],"potions_floor_usage":[16,16,31,33],"damage_taken":[{"damage":2,"enemies":"2 Louse","floor":1,"turns":3},{"damage":9,"enemies":"Small Slimes","floor":3,"turns":4},{"damage":3,"enemies":"Cultist","floor":5,"turns":4},{"damage":14,"enemies":"Looter","floor":8,"turns":3},{"damage":2,"enemies":"Blue Slaver","floor":12,"turns":2},{"damage":2,"enemies":"Large Slime","floor":13,"turns":4},{"damage":21,"enemies":"Hexaghost","floor":16,"turns":9},{"damage":0,"enemies":"Chosen","floor":18,"turns":6},{"damage":24,"enemies":"3 Byrds","floor":19,"turns":4},{"damage":15,"enemies":"Snecko","floor":25,"turns":3},{"damage":2,"enemies":"Cultist and Chosen","floor":28,"turns":4},{"damage":23,"enemies":"Book of Stabbing","floor":29,"turns":3},{"damage":18,"enemies":"Snake Plant","floor":30,"turns":3},{"damage":3,"enemies":"3 Cultists","floor":31,"turns":3},{"damage":38,"enemies":"Champ","floor":33,"turns":5}],"seed_played":"-4035280147073731502","potions_obtained":[{"floor":1,"key":"Dexterity Potion"},{"floor":8,"key":"SkillPotion"},{"floor":12,"key":"Ancient Potion"},{"floor":13,"key":"SmokeBomb"},{"floor":19,"key":"PotionOfCapacity"},{"floor":25,"key":"Energy Potion"},{"floor":31,"key":"BlessingOfTheForge"}],"is_trial":false,"path_per_floor":["M","$","M","?","M","R","?","M","T","R","$","M","M","?","R","B",null,"M","M","$","?","?","R","?","M","T","R","M","E","M","M","R","B"],"character_chosen":"DEFECT","items_purchased":["Defragment","Static Discharge"],"campfire_rested":2,"item_purchase_floors":[2,11],"current_hp_per_floor":[66,66,57,43,40,40,40,26,26,26,26,24,22,22,42,21,68,68,44,44,28,42,42,69,54,54,54,52,29,11,8,32,0,0],"gold":211,"neow_bonus":"TRANSFORM_TWO_CARDS","is_daily":false,"chose_seed":false,"campfire_upgraded":4,"win_rate":0.0,"timestamp":1614181974,"path_taken":["M","$","M","?","M","R","?","M","T","R","$","M","?","?","R","BOSS","M","M","$","?","?","R","?","?","T","R","M","E","M","M","R","BOSS"],"items_purchased_type":["Card","Card"],"build_version":"2020-12-22","purchased_purges":2,"victory":false,"max_hp_per_floor":[68,68,68,68,68,68,68,68,68,68,68,68,68,68,68,68,68,68,68,68,68,82,82,82,82,82,82,82,82,82,82,82,82,82],"card_choices":[{"not_picked":["Redo","Rebound"],"picked":"Coolheaded","floor":1},{"not_picked":["BootSequence","Hello World"],"picked":"Ball Lightning","floor":3},{"not_picked":["Barrage","Sweeping Beam"],"picked":"Redo","floor":5},{"not_picked":["Heatsinks","Stack","Coolheaded"],"picked":"SKIP","floor":8},{"not_picked":["Rebound","Streamline"],"picked":"White Noise","floor":12},{"not_picked":["Coolheaded","Go for the Eyes"],"picked":"Streamline","floor":13},{"not_picked":["All For One","Thunder Strike"],"picked":"Electrodynamics","floor":16},{"not_picked":["Stack","Compile Driver","Gash+1"],"picked":"SKIP","floor":18},{"not_picked":["Aggregate","Streamline"],"picked":"Tempest+1","floor":19},{"not_picked":["Heatsinks","Redo+1"],"picked":"Consume+1","floor":25},{"not_picked":["Rebound","Consume","Steam Power"],"picked":"SKIP","floor":28},{"not_picked":["Rebound","Blizzard+1"],"picked":"Defragment+1","floor":29},{"not_picked":["Streamline","Auto Shields","Hologram"],"picked":"SKIP","floor":30},{"not_picked":["Genetic Algorithm+1","Rebound","Scrape"],"picked":"SKIP","floor":31}],"player_experience":136786,"relics_obtained":[{"floor":9,"key":"MawBank"},{"floor":21,"key":"Necronomicon"},{"floor":26,"key":"Pen Nib"},{"floor":29,"key":"Ginger"}],"event_choices":[{"damage_healed":0,"gold_gain":0,"player_choice":"Entered Light","damage_taken":14,"max_hp_gain":0,"max_hp_loss":0,"event_name":"Shining Light","floor":4,"gold_loss":0,"cards_upgraded":["Creative AI","Defend_B"]},{"damage_healed":0,"gold_gain":0,"player_choice":"Gave Potion","damage_taken":0,"relics_obtained":["Centennial Puzzle"],"max_hp_gain":0,"max_hp_loss":0,"event_name":"WeMeetAgain","floor":7,"gold_loss":0},{"damage_healed":0,"gold_gain":0,"player_choice":"Ignored","damage_taken":0,"max_hp_gain":0,"max_hp_loss":0,"event_name":"Liars Game","floor":14,"gold_loss":0},{"damage_healed":0,"gold_gain":0,"player_choice":"Obtained Book","damage_taken":16,"max_hp_gain":0,"max_hp_loss":0,"event_name":"Cursed Tome","floor":21,"gold_loss":0},{"damage_healed":0,"gold_gain":0,"player_choice":"Opened","damage_taken":0,"relics_obtained":["Mango"],"max_hp_gain":0,"max_hp_loss":0,"event_name":"The Mausoleum","floor":22,"gold_loss":0},{"damage_healed":27,"gold_gain":0,"player_choice":"Heal","damage_taken":0,"max_hp_gain":0,"max_hp_loss":0,"event_name":"The Library","floor":24,"gold_loss":0}],"is_beta":false,"boss_relics":[{"not_picked":["Runic Dome","Runic Pyramid"],"picked":"Inserter"}],"items_purged_floors":[11,20],"is_endless":false,"potions_floor_spawned":[1,8,12,13,19,25,31],"killed_by":"Champ","ascension_level":0}}