{"host":"uyfpom4rlahfoee4","time":1614143764,"event":{"mods":["BaseMod","Downfall","Minty Spire (QoL Compilation)","StSLib"],"gold_per_floor":[99,109,109,7,23,37,37,51,71,71,85,99,99,128,141,236,236,236,251,8,23,34,19,45,45,65,15,27,12,12,23,43,144,144,144,155,155,167,185,185,185,196,209,220,239,89,89,103,114,114],"floor_reached":51,"language":"ENG","playtime":3869,"items_purged":[],"score":663,"play_id":"8174f606-ac10-41f0-8892-a189788f0122","local_time":"20210223211604","is_ascension_mode":false,"campfire_choices":[{"data":"Guardian:TwinSlam","floor":1,"key":"SMITH"},{"data":"Guardian:BodySlam","floor":10,"key":"SMITH"},{"data":"Guardian:CurlUp","floor":13,"key":"SMITH"},{"data":"Guardian:FierceBash","floor":18,"key":"SMITH"},{"data":"Guardian:Harden","floor":25,"key":"SMITH"},{"data":"Guardian:Recover","floor":30,"key":"SMITH"},{"data":"Guardian:FierceBash","floor":35,"key":"SMITH"},{"data":"Guardian:SpikerProtocol","floor":47,"key":"SMITH"}],"circlet_count":0,"master_deck":["Guardian:Strike_Guardian","Guardian:Strike_Guardian","Guardian:Strike_Guardian","Guardian:Strike_Guardian","Guardian:Defend_Guardian","Guardian:Defend_Guardian","Guardian:Defend_Guardian","Guardian:Defend_Guardian","Guardian:CurlUp+1","Guardian:TwinSlam+1","Guardian:AncientConstruct+1","Guardian:BronzeArmor+1","Clumsy","Guardian:Incinerate","Guardian:BodySlam+1","Guardian:SpikerProtocol+1","Guardian:Reroute","Guardian:TimeBomb","Guardian:ShieldSpikes","Guardian:Recover+1","Guardian:Clone","Guardian:FierceBash+1","Guardian:PrimingBeam","Guardian:Harden+1","Guardian:Emergency+1","Guardian:PrimingBeam+1","Guardian:Incinerate","Decay","Guardian:RollAttack","Guardian:ShieldCharger","Guardian:BronzeOrb","Guardian:Emergency+1","Guardian:FierceBash+1","Guardian:Incinerate","Guardian:PiercingHide","Guardian:PrimingBeam+1","Guardian:TemporalStrike","Guardian:Emergency","Guardian:Recover+1","Guardian:Gem_Blue","Guardian:Gem_Fragmented"],"relics":["Guardian:ModeShifterPlus","Ornamental Fan","White Beast Statue","Cursed Key","PreservedInsect","Lantern"],"acts_visited":["Exordium","TheCity","TheBeyond"],"potions_floor_usage":[9,14,16,19,23,29,32,33,33,36,42,42,48,50,50,50],"damage_taken":[{"damage":0,"enemies":"Small Slimes","floor":2,"turns":4},{"damage":0,"enemies":"downfall:FleeingMerchant","floor":4,"turns":4},{"damage":0,"enemies":"Cultist","floor":5,"turns":3},{"damage":0,"enemies":"Jaw Worm","floor":6,"turns":5},{"damage":5,"enemies":"2 Fungi Beasts","floor":8,"turns":4},{"damage":7,"enemies":"Large Slime","floor":9,"turns":4},{"damage":2,"enemies":"Exordium Thugs","floor":11,"turns":6},{"damage":16,"enemies":"Lots of Slimes","floor":12,"turns":3},{"damage":18,"enemies":"3 Sentries","floor":14,"turns":6},{"damage":0,"enemies":"downfall:LooterAlt","floor":15,"turns":4},{"damage":9,"enemies":"SI_SHIV_ARCHETYPE","floor":16,"turns":9},{"damage":0,"enemies":"Spheric Guardian","floor":19,"turns":3},{"damage":5,"enemies":"downfall:FleeingMerchant","floor":20,"turns":4},{"damage":0,"enemies":"Shell Parasite","floor":21,"turns":4},{"damage":17,"enemies":"Shelled Parasite and Fungi","floor":22,"turns":5},{"damage":0,"enemies":"downfall:FleeingMerchant","floor":23,"turns":4},{"damage":11,"enemies":"Centurion and Healer","floor":26,"turns":6},{"damage":4,"enemies":"Snake Plant","floor":28,"turns":4},{"damage":8,"enemies":"downfall:FleeingMerchant","floor":29,"turns":4},{"damage":1,"enemies":"Cultist and Chosen","floor":31,"turns":4},{"damage":12,"enemies":"3 Cultists","floor":32,"turns":5},{"damage":16,"enemies":"WA_ARCHETYPE_CALM","floor":33,"turns":7},{"damage":0,"enemies":"3 Shapes","floor":36,"turns":3},{"damage":0,"enemies":"3 Darklings","floor":38,"turns":4},{"damage":0,"enemies":"Jaw Worm Horde","floor":39,"turns":4},{"damage":0,"enemies":"Transient","floor":42,"turns":5},{"damage":8,"enemies":"Writhing Mass","floor":43,"turns":5},{"damage":2,"enemies":"Sphere and 2 Shapes","floor":44,"turns":5},{"damage":0,"enemies":"3 Darklings","floor":45,"turns":4},{"damage":3,"enemies":"Jaw Worm Horde","floor":48,"turns":3},{"damage":8,"enemies":"Writhing Mass","floor":49,"turns":4},{"damage":91,"enemies":"IC_BLOCK_ARCHETYPE","floor":50,"turns":13}],"seed_played":"-4362327901403541980","potions_obtained":[{"floor":5,"key":"ColorlessPotion"},{"floor":8,"key":"DuplicationPotion"},{"floor":9,"key":"hexamod:SoulburnPotion"},{"floor":14,"key":"SteroidPotion"},{"floor":15,"key":"SteroidPotion"},{"floor":16,"key":"AttackPotion"},{"floor":19,"key":"CultistPotion"},{"floor":20,"key":"Explosive Potion"},{"floor":21,"key":"hexamod:SoulburnPotion"},{"floor":23,"key":"Slimebound:ThreeZeroPotion"},{"floor":28,"key":"Block Potion"},{"floor":29,"key":"Guardian:StasisDiscoveryPotion"},{"floor":32,"key":"Fruit Juice"},{"floor":33,"key":"Explosive Potion"},{"floor":36,"key":"Guardian:AcceleratePotion"},{"floor":38,"key":"Regen Potion"},{"floor":39,"key":"Regen Potion"},{"floor":42,"key":"Fruit Juice"},{"floor":43,"key":"hexamod:SoulburnPotion"},{"floor":44,"key":"Fire Potion"},{"floor":48,"key":"Fire Potion"}],"is_trial":false,"path_per_floor":["R","M","?","$","M","M","T","M","M","R","M","M","R","E","M","B",null,"R","M","$","M","M","$","T","R","M","?","M","$","R","M","M","B",null,"R","M","?","M","M","?","T","M","M","M","M","?","R","M","M","B",null],"character_chosen":"GUARDIAN","items_purchased":["Guardian:Incinerate","Guardian:BodySlam","PreservedInsect","Guardian:Harden"],"campfire_rested":0,"item_purchase_floors":[4,4,20,20],"current_hp_per_floor":[80,80,80,80,80,80,80,75,68,68,66,50,50,32,32,23,80,80,80,75,75,58,58,58,58,47,77,73,65,65,64,57,41,85,85,85,85,85,85,85,85,90,82,80,80,100,100,97,89,13],"gold":114,"neow_bonus":"ONE_RANDOM_RARE_CARD","is_daily":false,"chose_seed":false,"campfire_upgraded":8,"win_rate":0.0,"timestamp":1614143764,"path_taken":["R","M","?","$","M","M","T","M","M","R","M","M","R","E","M","BOSS","R","M","$","M","M","?","T","R","M","?","M","$","R","M","M","BOSS","R","M","?","M","M","?","T","M","?","M","M","?","R","?","M","BOSS"],"items_purchased_type":["Card","Card","Relic","Card"],"build_version":"2020-12-22","purchased_purges":0,"victory":true,"max_hp_per_floor":[80,80,80,80,80,80,80,80,80,80,80,80,80,80,80,80,80,80,80,80,80,80,80,80,80,80,80,80,80,80,80,85,85,85,85,85,85,85,85,85,85,90,90,90,90,100,100,100,100,100],"card_choices":[{"not_picked":["Guardian:VentSteam","Guardian:Recover"],"picked":"Guardian:BronzeArmor","floor":2},{"not_picked":["Guardian:Gem_Cyan","Guardian:RollAttack"],"picked":"Guardian:Gem_Blue","floor":4},{"not_picked":["Guardian:Gem_Synthetic","Guardian:TemporalStrike"],"picked":"Guardian:SpikerProtocol","floor":5},{"not_picked":["Guardian:RollAttack","Guardian:GuardianWhirl"],"picked":"Guardian:Reroute","floor":6},{"not_picked":["Guardian:Emergency","Guardian:VentSteam"],"picked":"Guardian:TimeBomb","floor":8},{"not_picked":["Guardian:Recover","Guardian:WalkerClaw"],"picked":"Guardian:ShieldSpikes","floor":9},{"not_picked":["Guardian:TemporalShield","Guardian:ShieldSpikes"],"picked":"Guardian:Gem_Lightblue","floor":11},{"not_picked":["Guardian:Clone","Guardian:PolyBeam"],"picked":"Guardian:Recover","floor":12},{"not_picked":["Guardian:GuardianWhirl","Guardian:Repulse"],"picked":"Guardian:Gem_Yellow","floor":14},{"not_picked":["Guardian:Repulse","Guardian:WalkerClaw"],"picked":"Guardian:Clone","floor":15},{"not_picked":["Guardian:ConstructionForm","Guardian:HyperBeam_Guardian"],"picked":"Guardian:FierceBash","floor":16},{"not_picked":["Guardian:EvasiveProtocol","Guardian:RollAttack"],"picked":"Guardian:Gem_Red","floor":19},{"not_picked":["Guardian:Recover","Guardian:MultiBeam"],"picked":"Guardian:PrimingBeam","floor":20},{"not_picked":["Guardian:Suspension+1","Guardian:ArmoredProtocol"],"picked":"Guardian:Emergency+1","floor":21},{"not_picked":["Guardian:FastForward","Guardian:TemporalShield+1"],"picked":"Guardian:PrimingBeam+1","floor":22},{"not_picked":["Guardian:DecasProtection","Guardian:BronzeOrb"],"picked":"Guardian:Incinerate","floor":23},{"not_picked":["Guardian:Suspension+1","Guardian:DonusPower"],"picked":"Guardian:RollAttack","floor":26},{"not_picked":["Guardian:TimeCapacitor","Guardian:Gem_Green"],"picked":"Guardian:ShieldCharger","floor":28},{"not_picked":["Guardian:VentSteam","Guardian:PrismaticBeam"],"picked":"Guardian:BronzeOrb","floor":29},{"not_picked":["Guardian:WalkerClaw","Guardian:VentSteam"],"picked":"Guardian:Gem_Red","floor":31},{"not_picked":["Guardian:TimeCapacitor","Guardian:Gem_Fragmented"],"picked":"Guardian:Emergency+1","floor":32},{"not_picked":["Guardian:StasisField","Guardian:GatlingBeam"],"picked":"Guardian:FierceBash","floor":33},{"not_picked":["Guardian:Gem_Green","Guardian:Clone+1"],"picked":"Guardian:Incinerate","floor":36},{"not_picked":["Guardian:Planning+1","Guardian:TemporalShield"],"picked":"Guardian:PiercingHide","floor":38},{"not_picked":["Guardian:Gem_Synthetic","Guardian:Gem_Blue"],"picked":"Guardian:PrimingBeam+1","floor":39},{"not_picked":["Guardian:Gem_Lightblue","Guardian:Gem_Red"],"picked":"Guardian:TemporalStrike","floor":42},{"not_picked":["Guardian:Reroute","Guardian:PolyBeam"],"picked":"Guardian:Gem_Fragmented","floor":43},{"not_picked":["Guardian:Gem_Blue","Guardian:MultiBeam"],"picked":"Guardian:Emergency","floor":44},{"not_picked":["Guardian:WalkerClaw+1","Guardian:Gem_Red"],"picked":"Guardian:Recover+1","floor":45},{"not_picked":["Guardian:Reroute","Guardian:BronzeOrb+1"],"picked":"Guardian:Gem_Blue","floor":48},{"not_picked":["Guardian:Recover","Guardian:Gem_Red"],"picked":"Guardian:Gem_Fragmented","floor":49}],"player_experience":164080,"relics_obtained":[{"floor":7,"key":"Ornamental Fan"},{"floor":14,"key":"White Beast Statue"},{"floor":24,"key":"Lantern"}],"event_choices":[],"is_beta":false,"boss_relics":[{"not_picked":["Calling Bell","Velvet Choker"],"picked":"Cursed Key"},{"not_picked":["Snecko Eye","Astrolabe"],"picked":"Guardian:ModeShifterPlus"}],"items_purged_floors":[],"is_endless":false,"potions_floor_spawned":[5,8,9,14,15,16,19,20,21,22,23,26,28,29,31,32,33,36,38,39,42,43,44,45,48,49],"ascension_level":0}}