{"host":"mithrandi","time":1614194024,"event":{"mods":["BaseMod","Colored Map","Highlight Path","Minty Spire (QoL Compilation)","SuperFastMode"],"gold_per_floor":[116,191,205,205,28,58,75,75,101,101,117,117,146,156,156,156,156],"floor_reached":16,"language":"ENG","playtime":552,"items_purged":[],"score":270,"play_id":"4b6fcfde-0e30-4e04-848e-a107d722a60a","local_time":"20210224211344","is_ascension_mode":true,"campfire_choices":[{"data":"TalkToTheHand","floor":12,"key":"SMITH"},{"floor":15,"key":"REST"}],"circlet_count":0,"master_deck":["AscendersBane","Strike_P","Strike_P","Strike_P","Strike_P","Defend_P","Defend_P","Defend_P","Defend_P","Eruption+1","Vigilance","DeceiveReality","FollowUp","TalkToTheHand+1","Tantrum","Prostrate","ReachHeaven","Prostrate","MentalFortress","Omniscience","EmptyBody"],"relics":["PureWater","NeowsBlessing","Art of War","Smiling Mask","Blue Candle","Darkstone Periapt"],"acts_visited":["Exordium"],"potions_floor_usage":[13,13,14],"damage_taken":[{"damage":0,"enemies":"Cultist","floor":1,"turns":1},{"damage":0,"enemies":"Jaw Worm","floor":3,"turns":1},{"damage":0,"enemies":"Lagavulin","floor":6,"turns":1},{"damage":0,"enemies":"2 Louse","floor":7,"turns":3},{"damage":3,"enemies":"2 Fungi Beasts","floor":11,"turns":3},{"damage":24,"enemies":"Gremlin Nob","floor":13,"turns":4},{"damage":14,"enemies":"Exordium Thugs","floor":14,"turns":3},{"damage":46,"enemies":"Slime Boss","floor":16,"turns":8}],"seed_played":"-1644878037252343639","potions_obtained":[{"floor":1,"key":"SteroidPotion"},{"floor":3,"key":"BlessingOfTheForge"},{"floor":13,"key":"Fire Potion"},{"floor":14,"key":"Ancient Potion"}],"is_trial":false,"path_per_floor":["M","?","M","?","$","E","M","?","T","?","M","R","E","M","R","B"],"character_chosen":"WATCHER","items_purchased":["TalkToTheHand","Tantrum","Prostrate"],"campfire_rested":1,"item_purchase_floors":[5,5,5],"current_hp_per_floor":[61,50,50,50,50,50,50,50,50,45,42,42,18,4,24,0,0],"gold":156,"neow_bonus":"THREE_ENEMY_KILL","is_daily":false,"chose_seed":false,"campfire_upgraded":1,"win_rate":0.0,"timestamp":1614194024,"path_taken":["M","?","M","?","$","E","M","?","T","?","M","R","E","M","R","BOSS"],"items_purchased_type":["Card","Card","Card"],"build_version":"2020-12-18","purchased_purges":0,"victory":false,"max_hp_per_floor":[68,68,68,68,68,68,68,68,68,68,68,68,68,68,68,68,68],"card_choices":[{"not_picked":["Study","PathToVictory"],"picked":"DeceiveReality","floor":1},{"not_picked":["Evaluate","Halt"],"picked":"FollowUp","floor":3},{"not_picked":["ClearTheMind","CutThroughFate"],"picked":"ReachHeaven","floor":6},{"not_picked":["SashWhip","Blasphemy"],"picked":"Prostrate","floor":7},{"not_picked":["ThirdEye","Consecrate"],"picked":"MentalFortress","floor":11},{"not_picked":["Prostrate","Meditate"],"picked":"Omniscience","floor":13},{"not_picked":["Crescendo","ThirdEye"],"picked":"EmptyBody","floor":14}],"player_experience":3113669,"relics_obtained":[{"floor":6,"key":"Art of War"},{"floor":9,"key":"Smiling Mask"},{"floor":13,"key":"Darkstone Periapt"}],"event_choices":[{"damage_healed":0,"gold_gain":75,"player_choice":"Gather Gold","damage_taken":11,"max_hp_gain":0,"max_hp_loss":0,"event_name":"World of Goop","floor":2,"gold_loss":0},{"damage_healed":0,"gold_gain":0,"player_choice":"Grow","damage_taken":0,"max_hp_gain":0,"max_hp_loss":0,"event_name":"Living Wall","floor":4,"gold_loss":0,"cards_upgraded":["Eruption"]},{"damage_healed":0,"gold_gain":0,"player_choice":"Ignored","damage_taken":0,"max_hp_gain":0,"max_hp_loss":0,"event_name":"Liars Game","floor":8,"gold_loss":0},{"damage_healed":0,"gold_gain":0,"player_choice":"Success","damage_taken":5,"relics_obtained":["Blue Candle"],"max_hp_gain":0,"max_hp_loss":0,"event_name":"Scrap Ooze","floor":10,"gold_loss":0}],"is_beta":true,"boss_relics":[],"items_purged_floors":[],"is_endless":false,"potions_floor_spawned":[1,3,11,13,14],"killed_by":"Slime Boss","ascension_level":20}}