{"host":"8jwrv7sn1174lfer","time":1614192289,"event":{"mods":["BaseMod","Colored Map","Colored Powertips","Downfall","Highlight Path","Minty Spire (QoL Compilation)","StSLib"],"gold_per_floor":[99,119,136,149,161,171,219,32,49,62,77,109,109,109,122,226,226,226,240,258,258,2,102,102,114,141,167,198,210,232,258,281,389,401,413,436,448,460,613,613,660,673,691,726,262,272,272,302,202,202],"floor_reached":51,"language":"ENG","playtime":2504,"items_purged":["bronze:Strike","bronze:Strike","bronze:Defend","bronze:Strike"],"score":946,"play_id":"e9507b28-bb81-4f88-a6da-5eb441384277","local_time":"20210224134449","is_ascension_mode":true,"campfire_choices":[{"data":"bronze:Goto","floor":1.0,"key":"SMITH"},{"data":"expansioncontent:PolyBeam","floor":13.0,"key":"SMITH"},{"data":"bronze:Boost","floor":18.0,"key":"SMITH"},{"data":"bronze:Flail","floor":29,"key":"SMITH"},{"data":"bronze:HyperBeam","floor":35,"key":"SMITH"},{"data":"bronze:ItsAFeature","floor":49,"key":"SMITH"}],"circlet_count":0,"master_deck":["bronze:Strike","bronze:Defend+1","bronze:Defend","bronze:Replicate","bronze:Goto+1","bronze:Flail+1","bronze:Iterate","bronze:Boost+1","expansioncontent:PolyBeam+1","bronze:Boost+1","bronze:Iterate","bronze:BronzeOrb+1","bronze:Virus","bronze:Frontload+1","bronze:BronzeOrb","bronze:Return+1","bronze:Terminator+1","bronze:MaxOutput+1","bronze:HyperBeam+1","bronze:Repulsor+1","bronze:ItsAFeature+1","bronze:Flail","expansioncontent:YouAreMine+1"],"relics":["Coffee Dripper","Pen Nib","Toxic Egg 2","downfall:ShatteredFragment","bronze:MakeshiftBattery","Membership Card","bronze:Mallet","Shuriken","MawBank","Philosopher\u0027s Stone","Oddly Smooth Stone","Bottled Flame","Sundial","bronze:BottledCode","Guardian:PocketSentry","Letter Opener","War Paint","CaptainsWheel","Bottled Lightning","downfall:HeartBlessingGreen"],"acts_visited":["Exordium","TheCity","TheBeyond"],"potions_floor_usage":[50],"damage_taken":[{"damage":0.0,"enemies":"Cultist","floor":2.0,"turns":4.0},{"damage":2.0,"enemies":"Jaw Worm","floor":3.0,"turns":4.0},{"damage":0.0,"enemies":"2 Louse","floor":4.0,"turns":1.0},{"damage":0.0,"enemies":"2 Fungi Beasts","floor":5.0,"turns":2.0},{"damage":1.0,"enemies":"Large Slime","floor":6.0,"turns":4.0},{"damage":0.0,"enemies":"downfall:FleeingMerchant","floor":8.0,"turns":4.0},{"damage":0.0,"enemies":"Gremlin Gang","floor":9.0,"turns":4.0},{"damage":0.0,"enemies":"Exordium Wildlife","floor":10.0,"turns":3.0},{"damage":0.0,"enemies":"Exordium Thugs","floor":11.0,"turns":2.0},{"damage":0.0,"enemies":"Gremlin Nob","floor":12.0,"turns":3.0},{"damage":0.0,"enemies":"downfall:LooterAlt","floor":15.0,"turns":1.0},{"damage":3.0,"enemies":"WA_ARCHETYPE_RETAIN","floor":16.0,"turns":4.0},{"damage":0.0,"enemies":"3 Byrds","floor":19.0,"turns":2.0},{"damage":0.0,"enemies":"Chosen","floor":20.0,"turns":3.0},{"damage":0.0,"enemies":"downfall:FleeingMerchant","floor":22.0,"turns":4.0},{"damage":4.0,"enemies":"Colosseum Nobs","floor":23.0,"turns":3.0},{"damage":0,"enemies":"Snecko","floor":26,"turns":2},{"damage":1,"enemies":"Snake Plant","floor":27,"turns":3},{"damage":6,"enemies":"Cultist and Chosen","floor":28,"turns":3},{"damage":0,"enemies":"Snecko","floor":30,"turns":2},{"damage":0,"enemies":"3 Cultists","floor":31,"turns":3},{"damage":0,"enemies":"Shelled Parasite and Fungi","floor":32,"turns":2},{"damage":12,"enemies":"DF_ARCHETYPE_CLAW","floor":33,"turns":4},{"damage":2,"enemies":"Orb Walker","floor":36,"turns":2},{"damage":0,"enemies":"downfall:FleeingMerchant","floor":39,"turns":1},{"damage":0,"enemies":"3 Darklings","floor":42,"turns":1},{"damage":0,"enemies":"4 Shapes","floor":43,"turns":1},{"damage":0,"enemies":"Reptomancer","floor":44,"turns":2},{"damage":7,"enemies":"Writhing Mass","floor":46,"turns":3},{"damage":1,"enemies":"Giant Head","floor":48,"turns":3},{"damage":4,"enemies":"SI_POISON_ARCHETYPE","floor":50,"turns":3}],"seed_played":"-4067236948242311446","potions_obtained":[{"floor":2.0,"key":"SkillPotion"},{"floor":3.0,"key":"Block Potion"},{"floor":9.0,"key":"PowerPotion"},{"floor":11.0,"key":"SteroidPotion"},{"floor":12.0,"key":"SkillPotion"},{"floor":16.0,"key":"bronze:FreeFunctionsPotion"},{"floor":19.0,"key":"Explosive Potion"},{"floor":23.0,"key":"PowerPotion"},{"floor":31,"key":"SpeedPotion"},{"floor":36,"key":"Swift Potion"}],"is_trial":false,"path_per_floor":["R","M","M","M","M","M","T","$","M","M","M","E","R","?","M","B",null,"R","M","M","?","$","?","T","?","M","M","M","R","M","M","M","B",null,"R","M","?","T","$","?","T","M","M","E","$","M","?","E","R","B",null],"character_chosen":"THE_AUTOMATON","items_purchased":["expansioncontent:PolyBeam","Membership Card","bronze:Return+1","Sundial","War Paint","CaptainsWheel","bronze:ItsAFeature","bronze:Flail","FairyPotion","expansioncontent:YouAreMine"],"campfire_rested":0,"item_purchase_floors":[8,22,22,39,45,45,45,45,45,45],"current_hp_per_floor":[70,70,68,68,68,67,67,67,67,67,67,67,67,46,46,43,70,70,70,70,70,70,66,66,58,58,57,51,51,51,51,51,39,70,70,68,68,68,68,60,60,60,60,60,60,53,53,52,52,48],"gold":202,"neow_bonus":"BOSS_RELIC","is_daily":false,"chose_seed":false,"campfire_upgraded":6,"win_rate":0.0,"timestamp":1614192289,"path_taken":["R","M","M","M","?","M","T","$","M","M","M","E","R","?","M","BOSS","R","M","M","?","$","?","T","?","M","M","M","R","M","?","M","BOSS","R","M","?","?","$","?","T","M","M","E","$","M","?","E","R","BOSS"],"items_purchased_type":["Card","Relic","Card","Relic","Relic","Relic","Card","Card","Potion","Card"],"build_version":"2020-12-22","purchased_purges":4,"victory":true,"max_hp_per_floor":[70,70,70,70,70,70,70,70,70,70,70,70,70,70,70,70,70,70,70,70,70,70,70,70,70,70,70,70,70,70,70,70,70,70,70,70,70,70,70,60,60,60,60,60,60,60,60,60,60,60],"card_choices":[{"not_picked":["bronze:Backtrace","bronze:BuggyMess"],"picked":"bronze:Flail","floor":2.0},{"not_picked":["bronze:Overheat","bronze:BugBarrage","bronze:Repulsor"],"picked":"SKIP","floor":3.0},{"not_picked":["bronze:Refactor","bronze:BitShift"],"picked":"bronze:Iterate","floor":4.0},{"not_picked":["bronze:BuggyMess","bronze:BronzeArmor","bronze:DelayedGuard"],"picked":"SKIP","floor":5.0},{"not_picked":["bronze:DelayedSlice","bronze:ForLoop"],"picked":"bronze:Boost","floor":6.0},{"not_picked":["bronze:Assembly","bronze:CutThrough","bronze:Constructor"],"picked":"SKIP","floor":8.0},{"not_picked":["bronze:Turbo","bronze:ForceShield"],"picked":"bronze:Boost","floor":9.0},{"not_picked":["bronze:BuggyMess","bronze:DelayedSlice","bronze:BitShift"],"picked":"SKIP","floor":10.0},{"not_picked":["bronze:Refactor","bronze:Overload"],"picked":"bronze:Iterate","floor":11.0},{"not_picked":["bronze:Optimize","bronze:Invalidate+1","bronze:Deprecate+1"],"picked":"SKIP","floor":12.0},{"not_picked":["bronze:Constructor+1","bronze:Turbo+1"],"picked":"bronze:BronzeOrb","floor":15.0},{"not_picked":["bronze:Library","bronze:Mutator"],"picked":"bronze:Virus","floor":16.0},{"not_picked":["bronze:Deprecate+1","bronze:BugBarrage"],"picked":"bronze:Frontload+1","floor":19.0},{"not_picked":["bronze:Overheat","bronze:Boost+1","bronze:Shield+1"],"picked":"SKIP","floor":20.0},{"not_picked":["bronze:Deprecate+1","bronze:WhirlingStrike"],"picked":"bronze:BronzeOrb","floor":22.0},{"not_picked":["bronze:Separator","bronze:BugBarrage"],"picked":"bronze:Terminator+1","floor":23.0},{"not_picked":["bronze:DelayedSlice","bronze:ForLoop+1","bronze:Terminator+1"],"picked":"SKIP","floor":26},{"not_picked":["bronze:Deprecate+1","bronze:ChildClass+1","bronze:Shield+1"],"picked":"SKIP","floor":27},{"not_picked":["bronze:FineTuning+1","bronze:Separator","bronze:Frontload+1"],"picked":"SKIP","floor":28},{"not_picked":["bronze:Repair+1","bronze:Repulsor","bronze:Safeguard+1"],"picked":"SKIP","floor":30},{"not_picked":["bronze:Iterate","bronze:BuggyMess+1","bronze:Deprecate+1"],"picked":"SKIP","floor":31},{"not_picked":["bronze:DelayedSlice","bronze:Philosophize+1"],"picked":"bronze:MaxOutput+1","floor":32},{"not_picked":["bronze:HardenedForm","bronze:RecursiveStrike"],"picked":"bronze:HyperBeam","floor":33},{"not_picked":["bronze:Deprecate+1","bronze:Shield+1","bronze:Overload+1"],"picked":"SKIP","floor":36},{"not_picked":["bronze:ForLoop+1","bronze:WhirlingStrike"],"picked":"bronze:Repulsor+1","floor":39},{"not_picked":["bronze:Repair+1","bronze:WildBeam+1","bronze:Constructor+1"],"picked":"SKIP","floor":42},{"not_picked":["bronze:Optimize","bronze:Terminator+1","bronze:BugBarrage"],"picked":"SKIP","floor":43},{"not_picked":["bronze:BurnOut","bronze:Fortify","bronze:CutThrough+1"],"picked":"SKIP","floor":44},{"not_picked":["bronze:Constructor+1","bronze:Overheat+1","bronze:DelayedSlice+1"],"picked":"SKIP","floor":46},{"not_picked":["bronze:GetLatest+1","bronze:DigitalCarnage+1","bronze:Iterate+1"],"picked":"SKIP","floor":48}],"player_experience":837891,"relics_obtained":[{"floor":7.0,"key":"Pen Nib"},{"floor":12.0,"key":"Toxic Egg 2"},{"floor":23.0,"key":"bronze:Mallet"},{"floor":23.0,"key":"Shuriken"},{"floor":24.0,"key":"MawBank"},{"floor":37,"key":"Oddly Smooth Stone"},{"floor":38,"key":"Bottled Flame"},{"floor":41,"key":"Guardian:PocketSentry"},{"floor":44,"key":"Letter Opener"},{"floor":48,"key":"Bottled Lightning"}],"event_choices":[],"is_beta":false,"boss_relics":[{"not_picked":["Fusion Hammer","Runic Dome"],"picked":"bronze:MakeshiftBattery"},{"not_picked":["expansioncontent:StudyCardRelic","Empty Cage"],"picked":"Philosopher\u0027s Stone"}],"items_purged_floors":[8,22,39,45],"is_endless":false,"potions_floor_spawned":[2,3,9,11,12,16,19,23,28,31,32,36,48],"ascension_level":2}}