{"host":"hbrjinenk1akq1dy","time":1614160932,"event":{"mods":["AchievementEnabler","BaseMod","Bestiary","Colored Map","Colored Powertips","Curses Come First","Highlight Path","Minty Spire (QoL Compilation)","Permanent Neow","Quick Restart","StSLib","SuperFastMode"],"gold_per_floor":[111,111,111,129,144,173,173,173,173,173,188,188,200,233,233,335,335,355,355,369,369,380,380,64,79,152,179,193,212,162,176,176,278,278,295,20,20,20,38,38,72,88,163,163,195,195,205,231,231,231,231],"floor_reached":50,"language":"ENG","playtime":2856,"items_purged":["Defend_P","Doubt"],"score":784,"play_id":"ee3f1b9a-02af-44c1-859a-10a1def7e7a9","local_time":"20210224180212","is_ascension_mode":true,"campfire_choices":[{"data":"EmptyFist","floor":7.0,"key":"SMITH"},{"data":"EmptyFist","floor":10.0,"key":"SMITH"},{"data":"Protect","floor":12.0,"key":"SMITH"},{"data":"SashWhip","floor":15.0,"key":"SMITH"},{"data":"Vault","floor":23.0,"key":"SMITH"},{"data":"Vault","floor":32,"key":"SMITH"},{"data":"InnerPeace","floor":40,"key":"SMITH"},{"floor":44,"key":"RECALL"},{"data":"DeceiveReality","floor":46,"key":"SMITH"},{"data":"Strike_P","floor":49,"key":"SMITH"}],"circlet_count":0,"master_deck":["Strike_P","Strike_P","Strike_P+1","Defend_P+1","Defend_P+1","Defend_P+1","Eruption+1","Vigilance+1","EmptyFist+1","EmptyFist+1","InnerPeace+1","Protect+1","SashWhip+1","DeceiveReality+1","Vault+1","Vault+1","Wallop+1","CutThroughFate+1","SpiritShield+1","Master of Strategy+1","FearNoEvil+1","CutThroughFate+1","Normality"],"relics":["PureWater","War Paint","FossilizedHelix","StoneCalendar","Mango","Cursed Key","Toxic Egg 2","Singing Bowl","VioletLotus","Nunchaku","Mercury Hourglass","Mummified Hand","Vajra"],"acts_visited":["Exordium","TheCity","TheBeyond"],"potions_floor_usage":[29,33,33,50],"damage_taken":[{"damage":0.0,"enemies":"Jaw Worm","floor":1.0,"turns":4.0},{"damage":1.0,"enemies":"Small Slimes","floor":4.0,"turns":3.0},{"damage":0.0,"enemies":"Cultist","floor":5.0,"turns":2.0},{"damage":16.0,"enemies":"Lagavulin","floor":6.0,"turns":8.0},{"damage":0.0,"enemies":"Lagavulin Event","floor":8.0,"turns":2.0},{"damage":0.0,"enemies":"Exordium Thugs","floor":11.0,"turns":3.0},{"damage":0.0,"enemies":"Gremlin Gang","floor":13.0,"turns":3.0},{"damage":6.0,"enemies":"3 Sentries","floor":14.0,"turns":7.0},{"damage":9.0,"enemies":"The Guardian","floor":16.0,"turns":9.0},{"damage":11.0,"enemies":"2 Thieves","floor":18.0,"turns":3.0},{"damage":0.0,"enemies":"3 Byrds","floor":20.0,"turns":7.0},{"damage":0.0,"enemies":"Sentry and Sphere","floor":22.0,"turns":5.0},{"damage":0.0,"enemies":"Snecko","floor":25.0,"turns":5.0},{"damage":5.0,"enemies":"Book of Stabbing","floor":27.0,"turns":7.0},{"damage":0.0,"enemies":"3 Cultists","floor":28.0,"turns":7.0},{"damage":0,"enemies":"Sentry and Sphere","floor":29,"turns":7},{"damage":0,"enemies":"Snake Plant","floor":31,"turns":6},{"damage":88,"enemies":"Champ","floor":33,"turns":15},{"damage":0,"enemies":"3 Darklings","floor":35,"turns":7},{"damage":0,"enemies":"3 Shapes","floor":39,"turns":4},{"damage":0,"enemies":"Nemesis","floor":41,"turns":7},{"damage":0,"enemies":"Maw","floor":42,"turns":7},{"damage":16,"enemies":"Giant Head","floor":45,"turns":11},{"damage":0,"enemies":"Spire Growth","floor":47,"turns":4},{"damage":0,"enemies":"Nemesis","floor":48,"turns":9},{"damage":93,"enemies":"Time Eater","floor":50,"turns":13}],"seed_played":"2653477398402398421","potions_obtained":[{"floor":4.0,"key":"LiquidBronze"},{"floor":6.0,"key":"SmokeBomb"},{"floor":13.0,"key":"SmokeBomb"},{"floor":14.0,"key":"FairyPotion"},{"floor":18.0,"key":"AttackPotion"},{"floor":27.0,"key":"Block Potion"},{"floor":29,"key":"AttackPotion"},{"floor":35,"key":"SpeedPotion"}],"is_trial":false,"path_per_floor":["M","?","?","M","M","E","R","?","T","R","M","R","M","E","R","B",null,"M","?","M","?","M","R","$","M","T","E","M","M","?","M","R","B",null,"M","$","?","?","M","R","E","M","T","R","E","R","M","E","R","B"],"character_chosen":"WATCHER","items_purchased":["Toxic Egg 2","Master of Strategy+1"],"campfire_rested":0,"item_purchase_floors":[24,36],"current_hp_per_floor":[72,58,58,57,57,41,41,41,41,41,41,41,41,49,49,40,86,75,75,75,75,75,75,75,75,75,72,74,74,74,74,74,27,90,92,92,94,94,94,94,94,96,96,96,82,82,84,86,86,0,0],"gold":231,"neow_bonus":"RANDOM_COMMON_RELIC","is_daily":false,"chose_seed":false,"campfire_upgraded":9,"win_rate":0.0,"timestamp":1614160932,"path_taken":["M","?","?","M","M","E","R","?","T","R","M","R","M","E","R","BOSS","M","?","?","?","M","R","$","M","T","E","?","?","?","M","R","BOSS","M","$","?","?","?","R","E","M","T","R","E","R","M","E","R","BOSS"],"items_purchased_type":["Relic","Card"],"build_version":"2020-12-22","purchased_purges":2,"victory":false,"max_hp_per_floor":[72,72,72,72,72,72,72,72,72,72,72,72,72,86,86,86,86,86,86,86,86,86,86,86,86,86,88,90,90,90,90,90,90,90,92,92,94,94,94,94,94,96,96,96,98,98,100,102,102,102,102],"card_choices":[{"not_picked":["FollowUp","ClearTheMind"],"picked":"EmptyFist","floor":1.0},{"not_picked":["ReachHeaven","ThirdEye"],"picked":"EmptyFist","floor":4.0},{"not_picked":["JustLucky","EmptyBody"],"picked":"InnerPeace","floor":5.0},{"not_picked":["Prostrate","Worship","InnerPeace"],"picked":"SKIP","floor":6.0},{"not_picked":["Fasting2","WheelKick"],"picked":"Protect","floor":11.0},{"not_picked":["FollowUp","Devotion"],"picked":"SashWhip","floor":13.0},{"not_picked":["Evaluate","JustLucky"],"picked":"DeceiveReality","floor":14.0},{"not_picked":["ConjureBlade","Establishment"],"picked":"Vault","floor":16.0},{"not_picked":["PathToVictory+1","EmptyFist","SignatureMove"],"picked":"SKIP","floor":18.0},{"not_picked":["FlyingSleeves","Indignation","SignatureMove"],"picked":"SKIP","floor":20.0},{"not_picked":["CarveReality","Consecrate","Swivel+1"],"picked":"SKIP","floor":22.0},{"not_picked":["FollowUp","Consecrate","Prostrate+1"],"picked":"SKIP","floor":25.0},{"not_picked":["Study","BattleHymn","Swivel+1"],"picked":"Singing Bowl","floor":27.0},{"not_picked":["Consecrate","Prostrate+1","BowlingBash"],"picked":"Singing Bowl","floor":28.0},{"not_picked":["CarveReality+1","ThirdEye+1"],"picked":"Wallop","floor":29},{"not_picked":["ClearTheMind+1","Consecrate"],"picked":"CutThroughFate+1","floor":31},{"not_picked":["Omniscience+1","LessonLearned"],"picked":"SpiritShield+1","floor":33},{"not_picked":["FollowUp+1","Nirvana","BattleHymn+1"],"picked":"Singing Bowl","floor":35},{"not_picked":["Secret Weapon+1","Flash of Steel","Finesse+1"],"picked":"Singing Bowl","floor":37},{"not_picked":["PathToVictory+1","ClearTheMind+1"],"picked":"FearNoEvil+1","floor":39},{"not_picked":["EmptyFist","FollowUp+1"],"picked":"CutThroughFate+1","floor":41},{"not_picked":["Evaluate+1","FlyingSleeves+1","WreathOfFlame+1"],"picked":"Singing Bowl","floor":42},{"not_picked":["CutThroughFate","WreathOfFlame+1","FlyingSleeves"],"picked":"Singing Bowl","floor":45},{"not_picked":["JustLucky+1","Perseverance+1","Evaluate+1"],"picked":"Singing Bowl","floor":47},{"not_picked":["EmptyFist","SandsOfTime","Wallop+1"],"picked":"Singing Bowl","floor":48}],"player_experience":261103,"relics_obtained":[{"floor":6.0,"key":"FossilizedHelix"},{"floor":9.0,"key":"StoneCalendar"},{"floor":14.0,"key":"Mango"},{"floor":27.0,"key":"Singing Bowl"},{"floor":41,"key":"Nunchaku"},{"floor":43,"key":"Mercury Hourglass"},{"floor":45,"key":"Mummified Hand"},{"floor":48,"key":"Vajra"}],"event_choices":[{"damage_healed":0.0,"max_hp_gain":0.0,"max_hp_loss":0.0,"gold_gain":0.0,"event_name":"Shining Light","player_choice":"Entered Light","floor":2.0,"gold_loss":0.0,"damage_taken":14.0,"cards_upgraded":["Defend_P","Defend_P"]},{"damage_healed":0.0,"max_hp_gain":0.0,"max_hp_loss":0.0,"gold_gain":0.0,"event_name":"Living Wall","player_choice":"Grow","floor":3.0,"gold_loss":0.0,"damage_taken":0.0,"cards_upgraded":["Eruption"]},{"damage_healed":0.0,"max_hp_gain":0.0,"max_hp_loss":0.0,"gold_gain":0.0,"event_name":"Dead Adventurer","player_choice":"Searched \u00272\u0027 times","floor":8.0,"gold_loss":0.0,"damage_taken":0.0},{"damage_healed":0.0,"max_hp_gain":0.0,"max_hp_loss":0.0,"gold_gain":0.0,"event_name":"Duplicator","player_choice":"Copied","floor":19.0,"gold_loss":0.0,"damage_taken":0.0,"cards_obtained":["Vault"]},{"cards_removed":["Strike_P"],"damage_healed":0.0,"max_hp_gain":0.0,"max_hp_loss":0.0,"gold_gain":0.0,"event_name":"Purifier","player_choice":"Purged","floor":21.0,"gold_loss":0.0,"damage_taken":0.0},{"damage_healed":0,"gold_gain":0,"player_choice":"Bet on Murderer","damage_taken":0,"max_hp_gain":0,"max_hp_loss":0,"event_name":"The Joust","floor":30,"gold_loss":50},{"damage_healed":0,"gold_gain":0,"player_choice":"Memory 1","damage_taken":0,"max_hp_gain":0,"max_hp_loss":0,"event_name":"SensoryStone","floor":37,"gold_loss":0},{"damage_healed":0,"gold_gain":0,"player_choice":"Upgraded","damage_taken":0,"max_hp_gain":0,"max_hp_loss":0,"event_name":"Upgrade Shrine","floor":38,"gold_loss":0,"cards_upgraded":["Wallop"]}],"is_beta":false,"boss_relics":[{"not_picked":["SlaversCollar","Snecko Eye"],"picked":"Cursed Key"},{"not_picked":["Empty Cage","Fusion Hammer"],"picked":"VioletLotus"}],"items_purged_floors":[24,36],"is_endless":false,"potions_floor_spawned":[4,6,13,14,18,22,27,29,35],"killed_by":"Time Eater","ascension_level":4}}