{"host":"2yqfi47fogfu1ic4","time":1614128744,"event":{"mods":["AchievementEnabler","BaseMod","Colored Map","Colored Powertips","Highlight Path","Minty Spire (QoL Compilation)","Permanent Neow","Relic Stats","StSLib"],"gold_per_floor":[110,124,184,30,47,47,47,81,105,119,132,132,152,172,172,172,172],"floor_reached":16,"language":"DEU","playtime":657,"items_purged":[],"score":208,"play_id":"428670ac-cda9-4bc8-8872-40d7bc6e9776","local_time":"20210224020544","is_ascension_mode":true,"campfire_choices":[{"data":"Adrenaline","floor":6.0,"key":"SMITH"},{"data":"Dagger Spray","floor":15.0,"key":"SMITH"}],"circlet_count":0,"master_deck":["AscendersBane","Strike_G","Strike_G","Strike_G","Strike_G","Strike_G","Defend_G","Defend_G","Defend_G","Defend_G","Defend_G","Survivor","Neutralize","All Out Attack","Deadly Poison","Adrenaline+1","All Out Attack","Dagger Spray+1","Reflex","Dagger Throw","After Image","Acrobatics"],"relics":["Coffee Dripper","Lantern","Bag of Marbles","Golden Idol"],"acts_visited":["Exordium"],"potions_floor_usage":[16,16],"damage_taken":[{"damage":0.0,"enemies":"Cultist","floor":1.0,"turns":4.0},{"damage":0.0,"enemies":"Jaw Worm","floor":2.0,"turns":5.0},{"damage":6.0,"enemies":"Small Slimes","floor":5.0,"turns":2.0},{"damage":4.0,"enemies":"Lagavulin","floor":8.0,"turns":6.0},{"damage":0.0,"enemies":"3 Louse","floor":10.0,"turns":1.0},{"damage":3.0,"enemies":"Looter","floor":11.0,"turns":3.0},{"damage":1.0,"enemies":"Exordium Thugs","floor":13.0,"turns":3.0},{"damage":0.0,"enemies":"Blue Slaver","floor":14.0,"turns":3.0},{"damage":52,"enemies":"Slime Boss","floor":16,"turns":6}],"seed_played":"-4933669953127598453","potions_obtained":[{"floor":1.0,"key":"BlessingOfTheForge"},{"floor":5.0,"key":"LiquidBronze"},{"floor":8.0,"key":"Weak Potion"},{"floor":13.0,"key":"Strength Potion"}],"is_trial":false,"path_per_floor":["M","M","?","$","M","R","$","E","T","M","M","?","M","M","R","B"],"character_chosen":"THE_SILENT","items_purchased":["Adrenaline"],"campfire_rested":0,"item_purchase_floors":[4],"current_hp_per_floor":[59,59,59,59,53,53,53,49,49,49,46,46,45,45,45,0,0],"gold":172,"neow_bonus":"BOSS_RELIC","is_daily":false,"chose_seed":false,"campfire_upgraded":2,"win_rate":0.0,"timestamp":1614128744,"path_taken":["M","M","?","$","M","R","?","E","T","?","M","?","M","M","R","BOSS"],"items_purchased_type":["Card"],"build_version":"2020-12-22","purchased_purges":0,"victory":false,"max_hp_per_floor":[66,66,66,66,66,66,66,66,66,66,66,60,60,60,60,60,60],"relic_stats":{"counters":[9,33],"Golden Idol":8,"obtain_stats":[{"Lantern":8,"Golden Idol":12,"Coffee Dripper":0,"Bag of Marbles":9,"Ring of the Snake":0},{"Lantern":4,"Golden Idol":6,"Coffee Dripper":0,"Bag of Marbles":4,"Ring of the Snake":0},{"Lantern":17,"Golden Idol":21,"Coffee Dripper":0,"Bag of Marbles":17,"Ring of the Snake":0}]},"card_choices":[{"not_picked":["Expertise","Sucker Punch"],"picked":"All Out Attack","floor":1.0},{"not_picked":["Acrobatics","PiercingWail"],"picked":"Deadly Poison","floor":2.0},{"not_picked":["Distraction","Outmaneuver"],"picked":"All Out Attack","floor":5.0},{"not_picked":["Riddle With Holes","Dagger Throw"],"picked":"Dagger Spray","floor":8.0},{"not_picked":["Distraction","Riddle With Holes"],"picked":"Reflex","floor":10.0},{"not_picked":["Underhanded Strike","Backflip"],"picked":"Dagger Throw","floor":11.0},{"not_picked":["Cloak And Dagger","Crippling Poison"],"picked":"After Image","floor":13.0},{"not_picked":["Masterful Stab","Deadly Poison"],"picked":"Acrobatics","floor":14.0}],"player_experience":1991232,"relics_obtained":[{"floor":8.0,"key":"Lantern"},{"floor":9.0,"key":"Bag of Marbles"}],"event_choices":[{"damage_healed":0.0,"max_hp_gain":0.0,"max_hp_loss":0.0,"gold_gain":60.0,"event_name":"Golden Wing","player_choice":"Gained Gold","floor":3.0,"gold_loss":0.0,"damage_taken":0.0},{"damage_healed":0.0,"max_hp_gain":0.0,"max_hp_loss":6.0,"gold_gain":0.0,"event_name":"Golden Idol","player_choice":"Lose Max HP","floor":12.0,"gold_loss":0.0,"damage_taken":0.0,"relics_obtained":["Golden Idol"]}],"is_beta":false,"boss_relics":[],"items_purged_floors":[],"is_endless":false,"potions_floor_spawned":[1,5,8,13,14],"killed_by":"Slime Boss","ascension_level":20}}