{"host":"i0avyit1s6jb1siw","time":1614205571,"event":{"mods":["BaseMod","DeckTracker","Dota2Spire","Minty Spire (QoL Compilation)","Quick Restart","StSLib","SuperFastMode"],"gold_per_floor":[32,32,75,75,114,114,217,238,304,329,329,329,329,329],"floor_reached":13,"language":"ENG","playtime":265,"items_purged":[],"score":170,"play_id":"b5add6ba-27fb-42fc-bcae-115177e121df","local_time":"20210224232611","is_ascension_mode":true,"campfire_choices":[{"data":"HandOfGreed","floor":6,"key":"SMITH"},{"data":"True Grit","floor":12,"key":"SMITH"}],"circlet_count":0,"master_deck":["AscendersBane","Strike_R","Strike_R","Strike_R","Strike_R","Strike_R","Defend_R","Defend_R","Defend_R","Defend_R","Bash","HandOfGreed+1","Spot Weakness","Anger","Feel No Pain","Fire Breathing","Sword Boomerang","True Grit+1"],"relics":["Burning Blood","Golden Idol","Omamori","Dota2Spire:DrumOfEndurance"],"acts_visited":["Exordium"],"potions_floor_usage":[7,9],"damage_taken":[{"damage":4,"enemies":"Jaw Worm","floor":1,"turns":3},{"damage":9,"enemies":"Small Slimes","floor":3,"turns":5},{"damage":4,"enemies":"2 Louse","floor":5,"turns":2},{"damage":24,"enemies":"3 Sentries","floor":7,"turns":9},{"damage":9,"enemies":"2 Fungi Beasts","floor":8,"turns":4},{"damage":16,"enemies":"Exordium Thugs","floor":9,"turns":4},{"damage":53,"enemies":"Lagavulin","floor":13,"turns":7}],"seed_played":"8173158652426221485","potions_obtained":[{"floor":3,"key":"ColorlessPotion"},{"floor":5,"key":"Weak Potion"}],"is_trial":false,"path_per_floor":["M","?","M","?","M","R","E","M","M","T","T","R","E"],"character_chosen":"IRONCLAD","items_purchased":[],"campfire_rested":0,"item_purchase_floors":[],"current_hp_per_floor":[70,68,65,65,67,67,49,46,36,36,36,36,0,0],"gold":329,"neow_bonus":"RANDOM_COLORLESS_2","is_daily":false,"chose_seed":false,"campfire_upgraded":2,"win_rate":0.0,"timestamp":1614205571,"path_taken":["M","?","M","?","M","R","E","M","M","T","T","R","E"],"items_purchased_type":[],"build_version":"2020-12-22","purchased_purges":0,"victory":false,"max_hp_per_floor":[75,68,68,68,68,68,68,68,68,68,68,68,68,68],"card_choices":[{"not_picked":["Metamorphosis","Chrysalis"],"picked":"HandOfGreed","floor":0},{"not_picked":["Evolve","Battle Trance"],"picked":"Spot Weakness","floor":1},{"not_picked":["Iron Wave","Cleave"],"picked":"Anger","floor":3},{"not_picked":["Bludgeon","True Grit"],"picked":"Feel No Pain","floor":5},{"not_picked":["Entrench","Havoc"],"picked":"Fire Breathing","floor":7},{"not_picked":["Flex","Cleave"],"picked":"Sword Boomerang","floor":8},{"not_picked":["Flex","Rupture"],"picked":"True Grit","floor":9}],"player_experience":2515255,"relics_obtained":[{"floor":7,"key":"Omamori"},{"floor":10,"key":"Dota2Spire:DrumOfEndurance"}],"event_choices":[{"damage_healed":0,"gold_gain":0,"player_choice":"Lose Max HP","damage_taken":0,"relics_obtained":["Golden Idol"],"max_hp_gain":0,"max_hp_loss":7,"event_name":"Golden Idol","floor":2,"gold_loss":0},{"damage_healed":0,"gold_gain":0,"player_choice":"Ignored","damage_taken":0,"max_hp_gain":0,"max_hp_loss":0,"event_name":"Liars Game","floor":4,"gold_loss":0}],"is_beta":false,"boss_relics":[],"items_purged_floors":[],"is_endless":false,"potions_floor_spawned":[3,5],"killed_by":"Lagavulin","ascension_level":20}}