{"host":"1vy6j31128f61x2z","time":1614141469,"event":{"mods":["AchievementEnabler","BaseMod","Colored Powertips","Minty Spire (QoL Compilation)","Permanent Neow","Random Character Button","Relic Stats"],"gold_per_floor":[117,129,61,75,75,103,103,134,134,150,163,163,191,211,211,310,310,323,47,47,47,47,81,81,116,116,116,145,145,158,170,170,265,265,277,277,26,43,54,1053,1079,1079,1103,1103,232,232,258,258,258,258],"floor_reached":51,"language":"ENG","playtime":2050,"items_purged":["Strike_R","Shame","Normality"],"score":1282,"play_id":"8600eeac-8621-4545-950a-43e4c4169bd3","local_time":"20210223233749","is_ascension_mode":true,"campfire_choices":[{"data":"Immolate","floor":7.0,"key":"SMITH"},{"data":"Demon Form","floor":12.0,"key":"SMITH"},{"data":"Shockwave","floor":15.0,"key":"SMITH"},{"data":"Disarm","floor":24.0,"key":"SMITH"},{"data":"Metallicize","floor":27.0,"key":"SMITH"},{"data":"Fiend Fire","floor":32.0,"key":"SMITH"},{"data":"Clothesline","floor":42,"key":"SMITH"},{"data":"Hemokinesis","floor":44,"key":"SMITH"},{"data":"Whirlwind","floor":49,"key":"SMITH"}],"circlet_count":0,"master_deck":["Defend_R","Defend_R","Defend_R","Defend_R","Bash+1","Wild Strike+1","Disarm+1","Immolate+1","Hemokinesis+1","Demon Form+1","Clothesline+1","Shockwave+1","Fiend Fire+1","Metallicize+1","Reaper","Armaments","Berserk+1","Heavy Blade+1","Normality","Whirlwind+1","Master of Strategy"],"relics":["Burning Blood","Juzu Bracelet","Singing Bowl","Eternal Feather","CaptainsWheel","Busted Crown","Happy Flower","Kunai","Vajra","Centennial Puzzle","Bottled Flame","Letter Opener","Ancient Tea Set","Astrolabe","Whetstone","PreservedInsect","Toy Ornithopter","Dead Branch","Strawberry","Meat on the Bone"],"acts_visited":["Exordium","TheCity","TheBeyond"],"potions_floor_usage":[50,50],"damage_taken":[{"damage":1.0,"enemies":"Cultist","floor":1.0,"turns":3.0},{"damage":7.0,"enemies":"Small Slimes","floor":2.0,"turns":3.0},{"damage":0.0,"enemies":"2 Louse","floor":4.0,"turns":3.0},{"damage":33.0,"enemies":"Lagavulin","floor":6.0,"turns":7.0},{"damage":8.0,"enemies":"Gremlin Nob","floor":8.0,"turns":3.0},{"damage":0.0,"enemies":"Lots of Slimes","floor":10.0,"turns":1.0},{"damage":4.0,"enemies":"Exordium Wildlife","floor":11.0,"turns":3.0},{"damage":23.0,"enemies":"Lagavulin","floor":13.0,"turns":6.0},{"damage":3.0,"enemies":"Looter","floor":14.0,"turns":4.0},{"damage":7.0,"enemies":"Slime Boss","floor":16.0,"turns":8.0},{"damage":0.0,"enemies":"3 Byrds","floor":18.0,"turns":5.0},{"damage":26.0,"enemies":"Slavers","floor":23.0,"turns":7.0},{"damage":42.0,"enemies":"Gremlin Leader","floor":25.0,"turns":7.0},{"damage":29.0,"enemies":"Slavers","floor":28.0,"turns":4.0},{"damage":10.0,"enemies":"Chosen","floor":30.0,"turns":5.0},{"damage":23.0,"enemies":"Centurion and Healer","floor":31.0,"turns":8.0},{"damage":109.0,"enemies":"Automaton","floor":33.0,"turns":9.0},{"damage":17.0,"enemies":"3 Darklings","floor":35.0,"turns":5.0},{"damage":41,"enemies":"3 Shapes","floor":38,"turns":6},{"damage":15,"enemies":"Spire Growth","floor":39,"turns":5},{"damage":25,"enemies":"Reptomancer","floor":41,"turns":7},{"damage":10,"enemies":"Giant Head","floor":47,"turns":6},{"damage":56,"enemies":"Time Eater","floor":50,"turns":8}],"seed_played":"-1913650144103412433","potions_obtained":[{"floor":1.0,"key":"ColorlessPotion"},{"floor":4.0,"key":"AttackPotion"},{"floor":6.0,"key":"Block Potion"},{"floor":11.0,"key":"Explosive Potion"},{"floor":16.0,"key":"ColorlessPotion"},{"floor":25.0,"key":"PowerPotion"},{"floor":33.0,"key":"BlessingOfTheForge"},{"floor":35.0,"key":"Ancient Potion"}],"is_trial":false,"path_per_floor":["M","M","$","M","?","E","R","E","T","M","M","R","E","M","R","B",null,"M","$","?","$","?","E","R","E","T","R","E","?","M","M","R","B",null,"M","?","$","M","M","?","E","R","T","R","$","?","E","?","R","B",null],"character_chosen":"IRONCLAD","items_purchased":["Immolate","Armaments","Happy Flower","Whetstone","Dead Branch","Whirlwind","Strawberry","Master of Strategy","PowerPotion"],"campfire_rested":0,"item_purchase_floors":[3,19,19,37,45,45,45,45,45],"current_hp_per_floor":[77,76,76,80,80,53,53,53,53,61,63,72,55,58,67,66,80,86,86,69,69,69,67,79,62,62,74,71,71,76,88,100,29,85,76,76,76,57,50,50,70,82,82,94,101,101,99,99,111,76],"gold":258,"neow_bonus":"REMOVE_CARD","is_daily":false,"chose_seed":false,"campfire_upgraded":9,"win_rate":0.0,"timestamp":1614141469,"path_taken":["M","?","?","M","?","E","R","E","T","M","M","R","E","M","R","BOSS","M","$","?","$","?","E","R","E","T","R","E","?","M","M","R","BOSS","M","?","$","M","M","?","E","R","T","R","$","?","E","?","R","BOSS"],"items_purchased_type":["Card","Card","Relic","Relic","Relic","Card","Relic","Card","Potion"],"build_version":"2020-12-22","purchased_purges":3,"victory":true,"max_hp_per_floor":[80,80,80,80,80,80,80,82,82,84,84,84,84,84,84,84,84,86,86,91,91,91,93,93,95,95,95,97,97,99,101,101,103,103,105,105,105,107,109,109,111,111,111,111,118,118,120,114,114,114],"relic_stats":{"Singing Bowl":28,"Happy Flower":[25],"counters":[23,123],"Astrolabe":["Perfected Strike","Berserk","Heavy Blade"],"Dead Branch":[22],"Eternal Feather":90,"PreservedInsect":130,"Juzu Bracelet":2,"Letter Opener":[5],"Whetstone":["Bash","Wild Strike"],"Burning Blood":130,"Centennial Puzzle":[30],"Busted Crown":24,"Kunai":[11],"obtain_stats":[{"Singing Bowl":8,"Happy Flower":19,"Astrolabe":34,"Dead Branch":45,"Vajra":23,"Eternal Feather":9,"PreservedInsect":41,"Juzu Bracelet":6,"Letter Opener":28,"Whetstone":37,"Ancient Tea Set":29,"Burning Blood":0,"CaptainsWheel":13,"Centennial Puzzle":25,"Bottled Flame":26,"Busted Crown":17,"Strawberry":45,"Kunai":22,"Toy Ornithopter":43,"Meat on the Bone":47},{"Singing Bowl":5,"Happy Flower":11,"Astrolabe":17,"Dead Branch":21,"Vajra":12,"Eternal Feather":5,"PreservedInsect":21,"Juzu Bracelet":4,"Letter Opener":14,"Whetstone":18,"Ancient Tea Set":14,"Burning Blood":0,"CaptainsWheel":8,"Centennial Puzzle":13,"Bottled Flame":13,"Busted Crown":10,"Strawberry":21,"Kunai":11,"Toy Ornithopter":21,"Meat on the Bone":22},{"Singing Bowl":19,"Happy Flower":46,"Astrolabe":86,"Dead Branch":109,"Vajra":53,"Eternal Feather":19,"PreservedInsect":109,"Juzu Bracelet":16,"Letter Opener":64,"Whetstone":91,"Ancient Tea Set":64,"Burning Blood":0,"CaptainsWheel":29,"Centennial Puzzle":60,"Bottled Flame":60,"Busted Crown":41,"Strawberry":109,"Kunai":46,"Toy Ornithopter":109,"Meat on the Bone":115}],"Toy Ornithopter":3,"Meat on the Bone":0},"card_choices":[{"not_picked":["Disarm","Clash"],"picked":"Wild Strike","floor":1.0},{"not_picked":["Clash","Blood for Blood"],"picked":"Disarm","floor":2.0},{"not_picked":["Clash","Dual Wield"],"picked":"Hemokinesis","floor":4.0},{"not_picked":["Clash","Sever Soul"],"picked":"Clothesline","floor":6.0},{"not_picked":["Headbutt","Rampage","Reckless Charge"],"picked":"Singing Bowl","floor":8.0},{"not_picked":["Iron Wave","Perfected Strike","Wild Strike"],"picked":"Singing Bowl","floor":10.0},{"not_picked":["Clash","Cleave"],"picked":"Shockwave","floor":11.0},{"not_picked":["Rupture","Cleave"],"picked":"Fiend Fire","floor":13.0},{"not_picked":["Cleave","Headbutt"],"picked":"Metallicize","floor":14.0},{"not_picked":["Double Tap","Impervious"],"picked":"Reaper","floor":16.0},{"not_picked":["Rampage"],"picked":"Singing Bowl","floor":18.0},{"not_picked":["Warcry"],"picked":"Singing Bowl","floor":23.0},{"not_picked":["Infernal Blade"],"picked":"Singing Bowl","floor":25.0},{"not_picked":["Warcry"],"picked":"Singing Bowl","floor":28.0},{"not_picked":["Body Slam"],"picked":"Singing Bowl","floor":30.0},{"not_picked":["Twin Strike"],"picked":"Singing Bowl","floor":31.0},{"not_picked":["Bludgeon"],"picked":"Singing Bowl","floor":33.0},{"not_picked":["Cleave"],"picked":"Singing Bowl","floor":35.0},{"not_picked":["Blood for Blood+1"],"picked":"Singing Bowl","floor":38},{"not_picked":["Perfected Strike"],"picked":"Singing Bowl","floor":39},{"not_picked":["Dark Embrace"],"picked":"Singing Bowl","floor":41},{"not_picked":["Blood for Blood"],"picked":"Singing Bowl","floor":47}],"player_experience":138918,"relics_obtained":[{"floor":6.0,"key":"Juzu Bracelet"},{"floor":8.0,"key":"Singing Bowl"},{"floor":9.0,"key":"Eternal Feather"},{"floor":13.0,"key":"CaptainsWheel"},{"floor":23.0,"key":"Vajra"},{"floor":25.0,"key":"Centennial Puzzle"},{"floor":26.0,"key":"Bottled Flame"},{"floor":28.0,"key":"Letter Opener"},{"floor":29.0,"key":"Ancient Tea Set"},{"floor":41,"key":"PreservedInsect"},{"floor":43,"key":"Toy Ornithopter"},{"floor":47,"key":"Meat on the Bone"}],"event_choices":[{"damage_healed":0.0,"max_hp_gain":0.0,"max_hp_loss":0.0,"gold_gain":0.0,"event_name":"Match and Keep!","player_choice":"1 cards matched","floor":5.0,"gold_loss":0.0,"damage_taken":0.0,"cards_obtained":["Demon Form"]},{"damage_healed":0.0,"max_hp_gain":5.0,"max_hp_loss":0.0,"gold_gain":0.0,"event_name":"Forgotten Altar","player_choice":"Shed Blood","floor":20.0,"gold_loss":0.0,"damage_taken":22.0},{"damage_healed":0.0,"max_hp_gain":0.0,"max_hp_loss":0.0,"gold_gain":0.0,"event_name":"Addict","player_choice":"Stole Relic","floor":22.0,"gold_loss":0.0,"damage_taken":0.0,"relics_obtained":["Kunai"],"cards_obtained":["Shame"]},{"damage_healed":0.0,"max_hp_gain":0.0,"max_hp_loss":0.0,"gold_gain":0.0,"event_name":"Wheel of Change","player_choice":"Relic","floor":29.0,"gold_loss":0.0,"damage_taken":0.0},{"cards_removed":["Perfected Strike"],"damage_healed":0.0,"max_hp_gain":0.0,"max_hp_loss":0.0,"gold_gain":0.0,"event_name":"Falling","player_choice":"Removed Attack","floor":36.0,"gold_loss":0.0,"damage_taken":0.0},{"damage_healed":0,"gold_gain":999,"player_choice":"Gold","damage_taken":0,"max_hp_gain":0,"max_hp_loss":0,"event_name":"MindBloom","floor":40,"gold_loss":0,"cards_obtained":["Normality","Normality"]},{"damage_healed":0,"gold_gain":0,"player_choice":"Ignored","damage_taken":0,"max_hp_gain":0,"max_hp_loss":0,"event_name":"Mysterious Sphere","floor":46,"gold_loss":0},{"damage_healed":0,"gold_gain":0,"player_choice":"Max HP","damage_taken":0,"max_hp_gain":0,"max_hp_loss":6,"event_name":"Winding Halls","floor":48,"gold_loss":0}],"is_beta":false,"boss_relics":[{"not_picked":["Calling Bell","Black Star"],"picked":"Busted Crown"},{"not_picked":["Runic Pyramid","Runic Dome"],"picked":"Astrolabe"}],"items_purged_floors":[19,37,45],"is_endless":false,"potions_floor_spawned":[1,4,6,11,16,18,25,33,35,47],"ascension_level":9}}