{"host":"fl9v8v0ogd4flw78","time":1614183727,"event":{"mods":["BaseMod","Downfall","Ekko","Gremlin Mod","Highlight Path","Koishi","Luminous","Marked Mod","Minty Spire (QoL Compilation)","Quick Restart","READ ME - Guardian Mod","Relic Stats","Replay The Spire","StSLib","Td1madao Mod","The Marked","The Servant 0.9.4"],"gold_per_floor":[109,129,15,30,41,41,54,72,117,117,144,144,179,217,217,319,319,339,33,50,50,50],"floor_reached":21,"language":"ZHS","playtime":1258,"items_purged":["Sickly"],"score":258,"play_id":"7e7a6b4b-ad88-4139-a276-e921750ecc92","local_time":"20210225002207","is_ascension_mode":true,"campfire_choices":[{"data":"KidneyShot","floor":6,"key":"SMITH"},{"data":"Starlight","floor":10,"key":"SMITH"},{"data":"Moonlight","floor":12,"key":"SMITH"},{"data":"Revamp","floor":15,"key":"SMITH"}],"circlet_count":0,"master_deck":["Strike_S","Strike_S","Strike_S","Defend_S","Defend_S","Defend_S","KidneyShot+1","Exchange","GearUp","Ricochet","InstantArmor","FastForward","ShatteredReality","Starlight+1","Moonlight+1","Revamp+1","ShatteredReality+1","Dilation+1","TimeWarp+1","Defy","Rewind","WasteNot"],"relics":["Uniform","Toy Ornithopter","Darkstone Periapt","Mummified Hand","WingedGreaves","Astrolabe","Divine Protection"],"acts_visited":["Exordium","TheCity"],"potions_floor_usage":[8,11],"damage_taken":[{"damage":4,"enemies":"Cultist","floor":1,"turns":4},{"damage":4,"enemies":"Small Slimes","floor":2,"turns":5},{"damage":0,"enemies":"Jaw Worm","floor":4,"turns":3},{"damage":0,"enemies":"Looter","floor":5,"turns":3},{"damage":0,"enemies":"3 Louse","floor":7,"turns":3},{"damage":0,"enemies":"Gremlin Gang","floor":8,"turns":4},{"damage":5,"enemies":"Lagavulin","floor":11,"turns":7},{"damage":10,"enemies":"3 Sentries","floor":13,"turns":6},{"damage":29,"enemies":"Slime Boss","floor":16,"turns":12},{"damage":1,"enemies":"Shell Parasite","floor":18,"turns":5},{"damage":8,"enemies":"Spheric Guardian","floor":20,"turns":7},{"damage":14,"enemies":"Centurion and Healer","floor":21,"turns":8}],"seed_played":"-1091266434421725053","potions_obtained":[{"floor":2,"key":"champ:CounterPotion"},{"floor":8,"key":"SkillPotion"},{"floor":16,"key":"Swift Potion"}],"is_trial":false,"path_per_floor":["M","M","$","M","M","R","M","M","T","R","E","R","E","?","R","B",null,"M","$","M","M"],"character_chosen":"THE_SERVANT","items_purchased":["InstantArmor","Divine Protection","Rewind"],"campfire_rested":0,"item_purchase_floors":[3,19,19],"current_hp_per_floor":[67,63,63,63,63,63,63,63,63,63,63,63,53,34,34,5,59,58,58,50,36,36],"gold":50,"neow_bonus":"TWENTY_PERCENT_HP_BONUS","is_daily":false,"chose_seed":false,"campfire_upgraded":4,"win_rate":0.0,"timestamp":1614183727,"path_taken":["M","M","$","M","M","R","M","M","T","R","E","R","E","?","R","BOSS","M","$","M","M"],"items_purchased_type":["Card","Relic","Card"],"build_version":"2020-12-22","purchased_purges":1,"victory":false,"max_hp_per_floor":[77,77,77,77,77,77,77,77,77,77,77,77,77,77,77,77,77,77,77,77,77,77],"relic_stats":{"Darkstone Periapt":0,"counters":[12,67],"Mummified Hand":[1],"Astrolabe":["ShatteredReality","Dilation","TimeWarp"],"obtain_stats":[{"Darkstone Periapt":11,"Divine Protection":19,"Mummified Hand":13,"Astrolabe":17,"WingedGreaves":14,"Uniform":0,"Toy Ornithopter":9},{"Darkstone Periapt":7,"Divine Protection":10,"Mummified Hand":8,"Astrolabe":9,"WingedGreaves":8,"Uniform":0,"Toy Ornithopter":6},{"Darkstone Periapt":29,"Divine Protection":52,"Mummified Hand":35,"Astrolabe":47,"WingedGreaves":35,"Uniform":0,"Toy Ornithopter":22}],"Toy Ornithopter":5},"card_choices":[{"not_picked":["Potential","TimeWarp"],"picked":"GearUp","floor":1},{"not_picked":["Starlight","TimeTheft"],"picked":"Ricochet","floor":2},{"not_picked":["Alleviate","Read"],"picked":"FastForward","floor":4},{"not_picked":["TimeTheft","DoubleEdge","Moondial"],"picked":"SKIP","floor":5},{"not_picked":["FastForward","Rearm"],"picked":"ShatteredReality","floor":7},{"not_picked":["Spin","GearUp"],"picked":"Starlight","floor":8},{"not_picked":["Spin","GearUp"],"picked":"Moonlight","floor":11},{"not_picked":["StarChef","Moonlight","Hightail"],"picked":"SKIP","floor":13},{"not_picked":["Spin","ShatteredReality"],"picked":"Revamp","floor":14},{"not_picked":["Deny","Initiator"],"picked":"TheWorld","floor":16},{"not_picked":["FastForward","TimeWarp"],"picked":"Defy","floor":18},{"not_picked":["Spin+1","Potential+1"],"picked":"WasteNot","floor":20}],"player_experience":541151,"relics_obtained":[{"floor":9,"key":"Toy Ornithopter"},{"floor":11,"key":"Darkstone Periapt"},{"floor":13,"key":"Mummified Hand"},{"floor":14,"key":"WingedGreaves"}],"event_choices":[],"is_beta":false,"boss_relics":[{"not_picked":["Ring of Chaos","Painkiller Herb"],"picked":"Astrolabe"}],"items_purged_floors":[3],"is_endless":false,"potions_floor_spawned":[2,8,16],"killed_by":"Centurion and Healer","ascension_level":7}}