{"host":"5sw3zovcv0q4yiho","time":1614137383,"event":{"mods":["BaseMod","Minty Spire (QoL Compilation)","Replay The Spire","StSLib"],"gold_per_floor":[109,109,124,134,153,153,181,181,481,446,462,474,494,506,506,607,607,576,54,54,74,74,74],"floor_reached":22,"language":"ENG","playtime":2720,"items_purged":["Defend_B"],"score":190,"play_id":"28f731b7-a5b8-414c-9650-5c6124c8bec9","local_time":"20210223212943","is_ascension_mode":false,"campfire_choices":[{"data":"Zap","floor":6,"key":"SMITH"},{"floor":8,"key":"REST"},{"floor":15,"key":"REST"}],"circlet_count":0,"master_deck":["Strike_B","Strike_B","Strike_B","Strike_B","Defend_B","Defend_B","Defend_B","Zap+1","Dualcast","Rebound","Conserve Battery","Redo","BootSequence","White Noise","Fusion","Cold Snap","Coolheaded","Core Surge","Buffer","Rebound+1","Bandage Up","Streamline","Doubt","ReplayTheSpireMod:Calculation Training"],"relics":["Black Star","GremlinMask","Cables","Ginger","Old Coin","Nuclear Battery","Replay:Frozen Program","Anchor","Ring of Misfortune"],"acts_visited":["Exordium","TheCity"],"potions_floor_usage":[7,12,16,16,16],"damage_taken":[{"damage":3,"enemies":"2 Louse","floor":1,"turns":3},{"damage":3,"enemies":"Cultist","floor":3,"turns":5},{"damage":0,"enemies":"Small Slimes","floor":4,"turns":4},{"damage":6,"enemies":"3 Louse","floor":5,"turns":5},{"damage":49,"enemies":"Gremlin Nob","floor":7,"turns":5},{"damage":0,"enemies":"Looter","floor":11,"turns":4},{"damage":12,"enemies":"Large Slime","floor":12,"turns":5},{"damage":7,"enemies":"2 Fungi Beasts","floor":13,"turns":5},{"damage":11,"enemies":"Exordium Wildlife","floor":14,"turns":7},{"damage":2,"enemies":"The Guardian","floor":16,"turns":14},{"damage":32,"enemies":"2 Thieves","floor":18,"turns":5},{"damage":12,"enemies":"Spheric Guardian","floor":21,"turns":4},{"damage":40,"enemies":"3 Cultists","floor":22,"turns":5}],"seed_played":"9073083079896603271","potions_obtained":[{"floor":4,"key":"SteroidPotion"},{"floor":7,"key":"EssenceOfDarkness"},{"floor":11,"key":"LiquidMemories"},{"floor":12,"key":"Venom Potion"},{"floor":14,"key":"Fire Potion"},{"floor":16,"key":"Milkshake"}],"is_trial":false,"path_per_floor":["M","?","M","M","M","R","E","R","T","?","M","M","M","M","R","B",null,"M","$","?","M","M"],"character_chosen":"DEFECT","items_purchased":["Bandage Up","Replay:Frozen Program","Streamline","Anchor"],"campfire_rested":2,"item_purchase_floors":[19,19,19,19],"current_hp_per_floor":[72,72,69,69,63,63,14,36,36,54,54,42,35,24,46,44,75,43,43,43,35,0,0],"gold":74,"neow_bonus":"BOSS_RELIC","is_daily":false,"chose_seed":false,"campfire_upgraded":1,"win_rate":0.0,"timestamp":1614137383,"path_taken":["M","?","?","M","?","R","E","R","T","?","M","M","M","M","R","BOSS","M","$","?","M","M"],"items_purchased_type":["Card","Relic","Card","Relic"],"build_version":"2020-12-22","purchased_purges":1,"victory":false,"max_hp_per_floor":[75,75,75,75,75,75,75,75,75,75,75,75,75,75,75,75,75,75,75,75,75,75,75],"card_choices":[{"not_picked":["ReplaySolidLightProjector","ReplayTheSpireMod:Reroute Power"],"picked":"Rebound","floor":1},{"not_picked":["Streamline","ReplayTheSpireMod:Reroute Power"],"picked":"Conserve Battery","floor":3},{"not_picked":["ReplayTheSpireMod:Repulse","Gash"],"picked":"Redo","floor":4},{"not_picked":["ReplayTheSpireMod:System Scan","Beam Cell"],"picked":"BootSequence","floor":5},{"not_picked":["Barrage","Sunder"],"picked":"White Noise","floor":7},{"not_picked":["Streamline","Stack"],"picked":"Fusion","floor":11},{"not_picked":["Turbo","Gash"],"picked":"Cold Snap","floor":12},{"not_picked":["Stack","Ball Lightning"],"picked":"Coolheaded","floor":13},{"not_picked":["Redo","Sunder"],"picked":"Core Surge","floor":14},{"not_picked":["Reboot","Echo Form"],"picked":"Buffer","floor":16},{"not_picked":["BootSequence","Reprogram"],"picked":"Rebound+1","floor":18},{"not_picked":["Cold Snap","Consume"],"picked":"ReplayTheSpireMod:Calculation Training","floor":21}],"player_experience":323236,"relics_obtained":[{"floor":7,"key":"Cables"},{"floor":7,"key":"Ginger"},{"floor":9,"key":"Old Coin"},{"floor":20,"key":"Ring of Misfortune"}],"event_choices":[{"damage_healed":0,"gold_gain":0,"player_choice":"Trade","damage_taken":0,"relics_obtained":["GremlinMask"],"max_hp_gain":0,"max_hp_loss":0,"event_name":"FaceTrader","floor":2,"gold_loss":0},{"damage_healed":18,"gold_gain":0,"player_choice":"Healed","damage_taken":0,"max_hp_gain":0,"max_hp_loss":0,"event_name":"The Cleric","floor":10,"gold_loss":35}],"is_beta":false,"boss_relics":[{"not_picked":["ReplayTheSpireMod:DimensionalGlitch","Fusion Hammer"],"picked":"Nuclear Battery"}],"items_purged_floors":[19],"is_endless":false,"potions_floor_spawned":[4,7,11,12,14,16],"killed_by":"3 Cultists","ascension_level":0}}