{"host":"zdahj580pq9zy75i","time":1614203692,"event":{"mods":["AchievementEnabler","BaseMod","Bestiary","Colored Map","Minty Spire (QoL Compilation)","Relic Stats","StSLib","ojb\u0027s Info Mod: The sequel"],"gold_per_floor":[109,109,109,259,279,304,304,319,319,123,150,150,163,491,491,563,563,563,563],"floor_reached":18,"language":"ENG","playtime":783,"items_purged":["Doubt"],"score":406,"play_id":"eed2f431-1c3d-4982-b9de-c186e9c964e6","local_time":"20210224165452","is_ascension_mode":true,"campfire_choices":[{"data":"Uppercut","floor":7,"key":"SMITH"},{"data":"Flame Barrier","floor":12,"key":"SMITH"},{"floor":15,"key":"REST"}],"circlet_count":0,"master_deck":["AscendersBane","Strike_R","Strike_R","Strike_R","Strike_R+1","Defend_R","Defend_R+1","Defend_R","Defend_R","Bash","Battle Trance","Whirlwind","Uppercut+1","Flame Barrier+1","Disarm","Pummel","Iron Wave","Barricade"],"relics":["Burning Blood","NeowsBlessing","Kunai","Paper Frog","Thread and Needle","Old Coin","Runic Pyramid"],"acts_visited":["Exordium","TheCity"],"potions_floor_usage":[14],"damage_taken":[{"damage":0,"enemies":"2 Louse","floor":1,"turns":1},{"damage":0,"enemies":"Jaw Worm","floor":5,"turns":1},{"damage":0,"enemies":"Gremlin Nob","floor":6,"turns":1},{"damage":11,"enemies":"Cultist","floor":8,"turns":4},{"damage":37,"enemies":"3 Sentries","floor":11,"turns":12},{"damage":13,"enemies":"Lots of Slimes","floor":13,"turns":4},{"damage":25,"enemies":"Lagavulin","floor":14,"turns":8},{"damage":26,"enemies":"The Guardian","floor":16,"turns":13},{"damage":18,"enemies":"Shell Parasite","floor":18,"turns":8}],"seed_played":"-10205259141195281","potions_obtained":[{"floor":1,"key":"BloodPotion"},{"floor":6,"key":"DuplicationPotion"},{"floor":16,"key":"Ancient Potion"}],"is_trial":false,"path_per_floor":["M","?","?","?","M","E","R","M","T","$","E","R","M","E","R","B",null,"M"],"character_chosen":"IRONCLAD","items_purchased":["Disarm","Pummel"],"campfire_rested":1,"item_purchase_floors":[10,10],"current_hp_per_floor":[74,74,51,51,57,63,63,58,58,58,27,27,20,16,38,18,61,43,43],"gold":563,"neow_bonus":"THREE_ENEMY_KILL","is_daily":false,"chose_seed":false,"campfire_upgraded":2,"win_rate":0.0,"timestamp":1614203692,"path_taken":["M","?","?","?","M","E","R","M","T","$","E","R","M","E","R","BOSS","M"],"items_purchased_type":["Card","Card"],"build_version":"2020-12-22","purchased_purges":1,"victory":false,"max_hp_per_floor":[75,75,75,75,75,75,75,75,75,75,75,75,75,75,75,75,75,75,75],"relic_stats":{"counters":[9,52],"Kunai":[8],"obtain_stats":[{"NeowsBlessing":0,"Thread and Needle":11,"Kunai":6,"Burning Blood":0,"Paper Frog":9,"Old Coin":14,"Runic Pyramid":17},{"NeowsBlessing":0,"Thread and Needle":5,"Kunai":3,"Burning Blood":0,"Paper Frog":4,"Old Coin":7,"Runic Pyramid":8},{"NeowsBlessing":0,"Thread and Needle":19,"Kunai":3,"Burning Blood":0,"Paper Frog":7,"Old Coin":31,"Runic Pyramid":44}],"Burning Blood":48},"card_choices":[{"not_picked":["Searing Blow","Flex"],"picked":"Battle Trance","floor":1},{"not_picked":["Warcry","Infernal Blade"],"picked":"Uppercut","floor":5},{"not_picked":["Clash","Perfected Strike"],"picked":"Flame Barrier","floor":6},{"not_picked":["Rage","Wild Strike","Thunderclap"],"picked":"SKIP","floor":8},{"not_picked":["Clothesline","Wild Strike"],"picked":"Iron Wave","floor":11},{"not_picked":["Seeing Red","Wild Strike","Headbutt"],"picked":"SKIP","floor":13},{"not_picked":["Body Slam","Sword Boomerang","Cleave"],"picked":"SKIP","floor":14},{"not_picked":["Berserk","Brutality"],"picked":"Barricade","floor":16}],"player_experience":802793,"relics_obtained":[{"floor":6,"key":"Kunai"},{"floor":9,"key":"Paper Frog"},{"floor":11,"key":"Thread and Needle"},{"floor":14,"key":"Old Coin"}],"event_choices":[{"damage_healed":0,"gold_gain":0,"cards_transformed":["Strike_R"],"player_choice":"Change","damage_taken":0,"max_hp_gain":0,"max_hp_loss":0,"event_name":"Living Wall","floor":2,"gold_loss":0,"cards_obtained":["Whirlwind"]},{"damage_healed":0,"gold_gain":0,"player_choice":"Entered Light","damage_taken":23,"max_hp_gain":0,"max_hp_loss":0,"event_name":"Shining Light","floor":3,"gold_loss":0,"cards_upgraded":["Defend_R","Strike_R"]},{"damage_healed":0,"gold_gain":150,"player_choice":"AGREE","damage_taken":0,"max_hp_gain":0,"max_hp_loss":0,"event_name":"Liars Game","floor":4,"gold_loss":0,"cards_obtained":["Doubt"]}],"is_beta":false,"boss_relics":[{"not_picked":["SacredBark","Busted Crown"],"picked":"Runic Pyramid"}],"items_purged_floors":[10],"is_endless":false,"potions_floor_spawned":[1,6,11,16],"killed_by":"Shell Parasite","ascension_level":20}}