{"host":"qp7xs8nuzfsyommi","time":1614200262,"event":{"mods":["2.2 Compatiblity","BaseMod","Colored Powertips","DeckTracker","Highlight Path","Minty Spire (QoL Compilation)","Permanent Neow","Quick Restart","StSLib","Weighted Paths"],"gold_per_floor":[367,384,384,384,40,40,52,85,85,104,119,136,136,169,169,241,241,259,259,259,284,304,330,330,3,3,14,27,27,39,54,54,132,132,149,169,188,15,15,46,71,96,96,96,123,123,123,103,103,103,103,103,103,18,46,46,46],"floor_reached":56,"language":"ENG","playtime":3694,"items_purged":[],"score":2130,"play_id":"6c67d2d3-959e-47c1-b57a-44ac85a1f046","local_time":"20210224155742","is_ascension_mode":true,"campfire_choices":[{"data":"Panacea","floor":6.0,"key":"SMITH"},{"data":"Recycle","floor":13.0,"key":"SMITH"},{"floor":15.0,"key":"RECALL"},{"data":"Biased Cognition","floor":24.0,"key":"SMITH"},{"data":"Creative AI","floor":29.0,"key":"SMITH"},{"data":"Discovery","floor":32.0,"key":"SMITH"},{"data":"Sunder","floor":44.0,"key":"SMITH"},{"data":"Aggregate","floor":47.0,"key":"SMITH"},{"data":"Hologram","floor":49.0,"key":"SMITH"},{"data":"Hologram","floor":53.0,"key":"SMITH"}],"circlet_count":0,"master_deck":["AscendersBane","Strike_B","Strike_B","Strike_B","Defend_B","Defend_B","Defend_B","Defend_B","Zap","Dualcast","Ball Lightning","Reinforced Body","Panacea+1","Chill","Hologram+1","Go for the Eyes","Conserve Battery","Recycle+1","White Noise","Coolheaded","Biased Cognition+1","Hologram+1","Discovery+1","Creative AI+1","Compile Driver","Biased Cognition","Sunder+1","Stack+1","Impatience","Aggregate+1","Biased Cognition","Lockon","Barrage"],"relics":["Cracked Core","PreservedInsect","Bird Faced Urn","Eternal Feather","Strawberry","Busted Crown","Pen Nib","OrangePellets","Mercury Hourglass","Coffee Dripper","Bronze Scales","Bottled Lightning","Unceasing Top","Anchor","Singing Bowl","Vajra","Boot"],"acts_visited":["Exordium","TheCity","TheBeyond","TheEnding"],"potions_floor_usage":[56],"damage_taken":[{"damage":3.0,"enemies":"2 Louse","floor":1.0,"turns":2.0},{"damage":7.0,"enemies":"Jaw Worm","floor":2.0,"turns":3.0},{"damage":0.0,"enemies":"Cultist","floor":7.0,"turns":3.0},{"damage":10.0,"enemies":"Lagavulin","floor":8.0,"turns":7.0},{"damage":4.0,"enemies":"2 Fungi Beasts","floor":10.0,"turns":4.0},{"damage":1.0,"enemies":"Exordium Thugs","floor":11.0,"turns":4.0},{"damage":0.0,"enemies":"Exordium Wildlife","floor":12.0,"turns":3.0},{"damage":7.0,"enemies":"3 Sentries","floor":14.0,"turns":7.0},{"damage":61.0,"enemies":"The Guardian","floor":16.0,"turns":16.0},{"damage":4.0,"enemies":"Spheric Guardian","floor":18.0,"turns":4.0},{"damage":3.0,"enemies":"Shell Parasite","floor":22.0,"turns":5.0},{"damage":26.0,"enemies":"Book of Stabbing","floor":23.0,"turns":5.0},{"damage":21.0,"enemies":"Shelled Parasite and Fungi","floor":27.0,"turns":8.0},{"damage":11.0,"enemies":"Centurion and Healer","floor":28.0,"turns":4.0},{"damage":21.0,"enemies":"Snake Plant","floor":30.0,"turns":4.0},{"damage":0.0,"enemies":"Snecko","floor":31.0,"turns":10.0},{"damage":0.0,"enemies":"Automaton","floor":33.0,"turns":9.0},{"damage":3.0,"enemies":"3 Shapes","floor":35.0,"turns":5.0},{"damage":6.0,"enemies":"Orb Walker","floor":36.0,"turns":3.0},{"damage":0.0,"enemies":"4 Shapes","floor":37.0,"turns":4.0},{"damage":18.0,"enemies":"Nemesis","floor":40.0,"turns":4.0},{"damage":0.0,"enemies":"Mind Bloom Boss Battle","floor":41.0,"turns":7.0},{"damage":1.0,"enemies":"Giant Head","floor":42.0,"turns":8.0},{"damage":0.0,"enemies":"Reptomancer","floor":45.0,"turns":4.0},{"damage":20.0,"enemies":"Awakened One","floor":50.0,"turns":10.0},{"damage":29.0,"enemies":"Donu and Deca","floor":51.0,"turns":9.0},{"damage":34.0,"enemies":"Shield and Spear","floor":55.0,"turns":6.0},{"damage":60,"enemies":"The Heart","floor":56,"turns":5}],"seed_played":"3561496255091665417","potions_obtained":[{"floor":1.0,"key":"FairyPotion"},{"floor":2.0,"key":"SmokeBomb"},{"floor":12.0,"key":"GamblersBrew"},{"floor":18.0,"key":"PowerPotion"},{"floor":22.0,"key":"BlessingOfTheForge"},{"floor":27.0,"key":"SmokeBomb"},{"floor":31.0,"key":"PotionOfCapacity"},{"floor":35.0,"key":"BlessingOfTheForge"},{"floor":42.0,"key":"SteroidPotion"},{"floor":45.0,"key":"SpeedPotion"},{"floor":48.0,"key":"PotionOfCapacity"},{"floor":55.0,"key":"Dexterity Potion"}],"is_trial":false,"path_per_floor":["M","M","?","?","$","R","M","E","T","M","M","M","R","E","R","B",null,"M","?","$","T","M","E","R","$","T","M","M","R","M","M","R","B",null,"M","M","M","$","?","E","?","E","T","R","E","?","R","?","R","B","B",null,"R","$","E","B"],"character_chosen":"DEFECT","items_purchased":["PreservedInsect","Panacea","Chill","Creative AI","OrangePellets","Bronze Scales","Lockon"],"campfire_rested":0,"item_purchase_floors":[5,5,5,25,25,38,54],"current_hp_per_floor":[61,54,47,47,47,47,47,37,37,33,32,32,41,43,55,22,62,62,50,50,50,51,31,43,43,43,42,43,58,41,75,75,75,75,74,73,75,75,75,59,75,74,74,75,75,75,75,75,75,75,64,72,75,75,53,0,0],"gold":46,"neow_bonus":"TWO_FIFTY_GOLD","is_daily":false,"chose_seed":false,"campfire_upgraded":9,"win_rate":0.0,"timestamp":1614200262,"path_taken":["M","M","?","?","$","R","M","E","T","M","?","M","R","E","R","BOSS","M","?","?","?","M","E","R","$","T","M","M","R","M","?","R","BOSS","M","?","M","$","?","E","?","E","T","R","E","?","R","?","R","BOSS","BOSS","R","$","E","BOSS"],"items_purchased_type":["Relic","Card","Card","Card","Relic","Relic","Card"],"build_version":"2020-12-22","purchased_purges":0,"victory":false,"max_hp_per_floor":[71,71,68,68,68,68,68,68,68,68,68,68,68,75,75,75,75,75,75,75,75,75,75,75,75,75,75,75,75,75,75,75,75,75,75,75,75,75,75,75,75,75,75,75,75,75,75,75,75,75,75,75,75,75,75,75,75],"card_choices":[{"not_picked":["Conserve Battery","Steam"],"picked":"Ball Lightning","floor":1.0},{"not_picked":["Lockon","Steam"],"picked":"Reinforced Body","floor":2.0},{"not_picked":["Ball Lightning","Gash"],"picked":"Hologram","floor":7.0},{"not_picked":["Barrage","Redo"],"picked":"Go for the Eyes","floor":8.0},{"not_picked":["Lockon","Consume"],"picked":"Conserve Battery","floor":10.0},{"not_picked":["Streamline","Turbo"],"picked":"Recycle","floor":11.0},{"not_picked":["Turbo","Coolheaded"],"picked":"White Noise","floor":12.0},{"not_picked":["Hello World","Turbo"],"picked":"Coolheaded","floor":14.0},{"not_picked":["Rainbow","Seek"],"picked":"Biased Cognition","floor":16.0},{"not_picked":[],"picked":"Hologram","floor":18.0},{"not_picked":["Stack"],"picked":"SKIP","floor":22.0},{"not_picked":["Cold Snap"],"picked":"SKIP","floor":23.0},{"not_picked":[],"picked":"Compile Driver","floor":27.0},{"not_picked":["Blizzard"],"picked":"SKIP","floor":28.0},{"not_picked":["Redo"],"picked":"SKIP","floor":30.0},{"not_picked":["Sweeping Beam+1"],"picked":"SKIP","floor":31.0},{"not_picked":[],"picked":"Biased Cognition","floor":33.0},{"not_picked":["Rebound"],"picked":"SKIP","floor":35.0},{"not_picked":[],"picked":"Sunder","floor":36.0},{"not_picked":[],"picked":"Stack+1","floor":37.0},{"not_picked":[],"picked":"Impatience","floor":39.0},{"not_picked":["Steam"],"picked":"SKIP","floor":40.0},{"not_picked":[],"picked":"Aggregate","floor":42.0},{"not_picked":[],"picked":"Biased Cognition","floor":45.0},{"not_picked":[],"picked":"Barrage","floor":55.0}],"player_experience":1509068,"relics_obtained":[{"floor":8.0,"key":"Bird Faced Urn"},{"floor":9.0,"key":"Eternal Feather"},{"floor":14.0,"key":"Strawberry"},{"floor":23.0,"key":"Pen Nib"},{"floor":26.0,"key":"Mercury Hourglass"},{"floor":40.0,"key":"Bottled Lightning"},{"floor":41.0,"key":"Unceasing Top"},{"floor":42.0,"key":"Anchor"},{"floor":43.0,"key":"Singing Bowl"},{"floor":45.0,"key":"Vajra"},{"floor":55.0,"key":"Boot"}],"event_choices":[{"cards_removed":["Parasite"],"damage_healed":0.0,"max_hp_gain":0.0,"max_hp_loss":0.0,"gold_gain":0.0,"event_name":"Golden Wing","player_choice":"Card Removal","floor":3.0,"gold_loss":0.0,"damage_taken":7.0},{"cards_removed":["Strike_B"],"damage_healed":0.0,"max_hp_gain":0.0,"max_hp_loss":0.0,"gold_gain":0.0,"event_name":"Purifier","player_choice":"Purged","floor":4.0,"gold_loss":0.0,"damage_taken":0.0},{"damage_healed":0.0,"max_hp_gain":0.0,"max_hp_loss":0.0,"gold_gain":0.0,"event_name":"Knowing Skull","player_choice":"CARD ","floor":19.0,"potions_obtained":[],"gold_loss":0.0,"damage_taken":12.0,"cards_obtained":["Discovery"]},{"damage_healed":0.0,"max_hp_gain":0.0,"max_hp_loss":0.0,"gold_gain":0.0,"event_name":"SensoryStone","player_choice":"Memory 1","floor":39.0,"gold_loss":0.0,"damage_taken":0.0},{"damage_healed":0.0,"max_hp_gain":0.0,"max_hp_loss":0.0,"gold_gain":0.0,"event_name":"MindBloom","player_choice":"Fight","floor":41.0,"gold_loss":0.0,"damage_taken":0.0},{"damage_healed":0.0,"max_hp_gain":0.0,"max_hp_loss":0.0,"gold_gain":0.0,"event_name":"Tomb of Lord Red Mask","player_choice":"Ignored","floor":46.0,"gold_loss":0.0,"damage_taken":0.0},{"damage_healed":0.0,"max_hp_gain":0.0,"max_hp_loss":0.0,"gold_gain":0.0,"event_name":"The Woman in Blue","player_choice":"Bought 1 Potion","floor":48.0,"gold_loss":0.0,"damage_taken":0.0}],"is_beta":false,"boss_relics":[{"not_picked":["Cursed Key","Fusion Hammer"],"picked":"Busted Crown"},{"not_picked":["Black Star","SlaversCollar"],"picked":"Coffee Dripper"}],"items_purged_floors":[],"is_endless":false,"potions_floor_spawned":[1,2,11,12,18,22,27,31,35,40,41,42,45,55],"killed_by":"The Heart","ascension_level":20}}