{"host":"q75fusloz6zmuoth","time":1614195353,"event":{"mods":["BaseMod","Filter the Spire","Minty Spire (QoL Compilation)","Relic Stats","StSLib"],"gold_per_floor":[115,134,145,110,125,125,153,153,153,153,182,224,244,270,270,371,371,415,415,149,166,117,147,147,147,173,205,205,219,245,245,245,349,349,368,384,74,123,123,155,167,479,514,558,21,21,36,66,66,66],"floor_reached":51,"language":"ENG","playtime":5730,"items_purged":["Strike_P"],"score":1169,"play_id":"1665f1a1-9ecc-4731-ac57-8d2fb206157e","local_time":"20210224203553","is_ascension_mode":true,"campfire_choices":[{"data":"Eruption","floor":6.0,"key":"SMITH"},{"data":"ForeignInfluence","floor":8.0,"key":"SMITH"},{"floor":15.0,"key":"REST"},{"floor":25.0,"key":"REST"},{"data":"Fasting2","floor":28.0,"key":"SMITH"},{"floor":32,"key":"REST"},{"data":"Adaptation","floor":41,"key":"SMITH"},{"floor":46,"key":"REST"},{"floor":49,"key":"REST"}],"circlet_count":0,"master_deck":["Strike_P","Strike_P","Defend_P","Defend_P","Eruption+1","CrushJoints+1","FlurryOfBlows+1","WaveOfTheHand+1","Halt","Conclude","ForeignInfluence+1","FearNoEvil","Perseverance+1","Wallop","Prostrate+1","Brilliance","Adaptation+1","BowlingBash","Fasting2+1","EmptyBody+1","JustLucky+1","ThirdEye+1","ClearTheMind+1","Meditate+1","Pray+1","Omniscience+1","Wallop","Pray+1","Transmutation+1","Sanctity+1","Pray+1","Evaluate+1","Evaluate+1"],"relics":["Astrolabe","Kunai","Toxic Egg 2","Omamori","Happy Flower","VioletLotus","Sling","Dream Catcher","Smiling Mask","Art of War","Strawberry","Philosopher\u0027s Stone","Ice Cream","Dead Branch","MawBank","Boot","Singing Bowl","Bag of Preparation","DollysMirror","Bronze Scales","White Beast Statue"],"acts_visited":["Exordium","TheCity","TheBeyond"],"potions_floor_usage":[38,40,47],"damage_taken":[{"damage":4.0,"enemies":"Cultist","floor":1.0,"turns":3.0},{"damage":0.0,"enemies":"2 Louse","floor":2.0,"turns":2.0},{"damage":24.0,"enemies":"Jaw Worm","floor":3.0,"turns":2.0},{"damage":0.0,"enemies":"Blue Slaver","floor":5.0,"turns":2.0},{"damage":8.0,"enemies":"Gremlin Nob","floor":7.0,"turns":3.0},{"damage":0.0,"enemies":"Lagavulin","floor":11.0,"turns":3.0},{"damage":6.0,"enemies":"2 Fungi Beasts","floor":12.0,"turns":3.0},{"damage":3.0,"enemies":"Lots of Slimes","floor":13.0,"turns":3.0},{"damage":12.0,"enemies":"Gremlin Nob","floor":14.0,"turns":3.0},{"damage":12.0,"enemies":"The Guardian","floor":16.0,"turns":7.0},{"damage":24.0,"enemies":"Chosen","floor":18.0,"turns":5.0},{"damage":11.0,"enemies":"2 Thieves","floor":21.0,"turns":3.0},{"damage":6.0,"enemies":"Book of Stabbing","floor":23.0,"turns":3.0},{"damage":10.0,"enemies":"Snecko","floor":24.0,"turns":5.0},{"damage":16.0,"enemies":"Slavers","floor":27.0,"turns":4.0},{"damage":0.0,"enemies":"Snake Plant","floor":29.0,"turns":3.0},{"damage":0,"enemies":"Gremlin Leader","floor":30,"turns":3},{"damage":10,"enemies":"Champ","floor":33,"turns":11},{"damage":10,"enemies":"3 Shapes","floor":35,"turns":4},{"damage":6,"enemies":"Orb Walker","floor":36,"turns":2},{"damage":32,"enemies":"2 Orb Walkers","floor":38,"turns":5},{"damage":7,"enemies":"Reptomancer","floor":40,"turns":3},{"damage":11,"enemies":"Nemesis","floor":44,"turns":5},{"damage":9,"enemies":"Spire Growth","floor":47,"turns":3},{"damage":0,"enemies":"Giant Head","floor":48,"turns":5},{"damage":34,"enemies":"Donu and Deca","floor":50,"turns":8}],"seed_played":"8257684008393506962","potions_obtained":[{"floor":11.0,"key":"BlessingOfTheForge"},{"floor":12.0,"key":"BlessingOfTheForge"},{"floor":13.0,"key":"Energy Potion"},{"floor":14.0,"key":"ColorlessPotion"},{"floor":16.0,"key":"SpeedPotion"},{"floor":21.0,"key":"SmokeBomb"},{"floor":23.0,"key":"FearPotion"},{"floor":33,"key":"Energy Potion"},{"floor":36,"key":"Regen Potion"},{"floor":44,"key":"DistilledChaos"},{"floor":48,"key":"Fire Potion"}],"is_trial":false,"path_per_floor":["M","M","M","?","M","R","E","R","T","?","E","M","M","E","R","B",null,"M","?","$","M","$","E","M","R","T","E","R","M","E","?","R","B",null,"M","M","$","?","?","E","R","?","T","E","$","R","M","E","R","B",null],"character_chosen":"WATCHER","items_purchased":["Fasting2","Sling","EmptyBody+1","ThirdEye+1","Ice Cream","Bag of Preparation","DollysMirror","Bronze Scales","Evaluate+1"],"campfire_rested":5,"item_purchase_floors":[20,20,20,22,37,45,45,45,45],"current_hp_per_floor":[61,61,37,55,55,55,47,47,47,47,47,41,38,26,47,35,63,39,39,39,28,28,22,12,33,33,17,17,17,24,24,47,37,69,59,53,53,21,21,19,19,19,19,10,10,36,29,31,57,23],"gold":66,"neow_bonus":"BOSS_RELIC","is_daily":false,"chose_seed":false,"campfire_upgraded":4,"win_rate":0.0,"timestamp":1614195353,"path_taken":["M","M","M","?","M","R","E","R","T","?","E","M","M","E","R","BOSS","M","?","$","?","$","E","M","R","T","E","R","M","E","?","R","BOSS","M","M","$","?","?","E","R","?","T","E","$","R","?","E","R","BOSS"],"items_purchased_type":["Card","Relic","Card","Card","Relic","Relic","Relic","Relic","Card"],"build_version":"2020-12-22","purchased_purges":1,"victory":true,"max_hp_per_floor":[72,72,72,72,72,72,72,72,72,72,72,72,72,72,72,72,72,72,72,72,72,72,72,72,72,72,72,72,72,79,79,79,79,79,79,79,79,79,79,79,79,79,79,81,81,83,85,87,87,87],"relic_stats":{"Happy Flower":[26],"Singing Bowl":8,"counters":[26,103],"Astrolabe":["CrushJoints","FlurryOfBlows","WaveOfTheHand"],"Dead Branch":[43],"Bag of Preparation":[6],"Smiling Mask":25,"MawBank":60,"Boot":[22],"Dream Catcher":4,"Bronze Scales":[36],"VioletLotus":[13],"Art of War":[8],"Kunai":[36],"obtain_stats":[{"Ice Cream":37,"Happy Flower":14,"Singing Bowl":44,"Astrolabe":0,"Dead Branch":38,"Omamori":11,"Bag of Preparation":45,"Sling":20,"Smiling Mask":26,"MawBank":40,"Boot":43,"White Beast Statue":48,"Dream Catcher":23,"DollysMirror":45,"Strawberry":30,"Bronze Scales":45,"Philosopher\u0027s Stone":34,"VioletLotus":17,"Art of War":27,"Kunai":7,"PureWater":0,"Toxic Egg 2":9},{"Ice Cream":20,"Happy Flower":9,"Singing Bowl":23,"Astrolabe":0,"Dead Branch":21,"Omamori":6,"Bag of Preparation":23,"Sling":11,"Smiling Mask":14,"MawBank":22,"Boot":22,"White Beast Statue":25,"Dream Catcher":13,"DollysMirror":23,"Strawberry":17,"Bronze Scales":23,"Philosopher\u0027s Stone":18,"VioletLotus":10,"Art of War":15,"Kunai":5,"PureWater":0,"Toxic Egg 2":5},{"Ice Cream":74,"Happy Flower":24,"Singing Bowl":87,"Astrolabe":0,"Dead Branch":79,"Omamori":15,"Bag of Preparation":87,"Sling":36,"Smiling Mask":47,"MawBank":82,"Boot":82,"White Beast Statue":95,"Dream Catcher":42,"DollysMirror":87,"Strawberry":57,"Bronze Scales":87,"Philosopher\u0027s Stone":68,"VioletLotus":31,"Art of War":51,"Kunai":12,"PureWater":0,"Toxic Egg 2":12}]},"card_choices":[{"not_picked":["Protect","Crescendo"],"picked":"Halt","floor":1.0},{"not_picked":["FlurryOfBlows","ClearTheMind"],"picked":"Conclude","floor":2.0},{"not_picked":["Swivel","EmptyMind"],"picked":"ForeignInfluence","floor":3.0},{"not_picked":["Prostrate","WaveOfTheHand"],"picked":"FearNoEvil","floor":5.0},{"not_picked":["EmptyMind","InnerPeace"],"picked":"Wish","floor":7.0},{"not_picked":["ReachHeaven","Brilliance","Weave"],"picked":"SKIP","floor":11.0},{"not_picked":["Nirvana","SashWhip"],"picked":"Wallop","floor":12.0},{"not_picked":["SashWhip","FlurryOfBlows"],"picked":"Prostrate+1","floor":13.0},{"not_picked":["CutThroughFate","BowlingBash","WreathOfFlame+1"],"picked":"SKIP","floor":14.0},{"not_picked":["Ragnarok","ConjureBlade+1"],"picked":"Brilliance","floor":16.0},{"not_picked":["Protect+1","Sanctity+1"],"picked":"Adaptation","floor":18.0},{"not_picked":["InnerPeace+1","FlyingSleeves+1"],"picked":"JustLucky+1","floor":21.0},{"not_picked":["JustLucky","Establishment","Protect+1"],"picked":"SKIP","floor":23.0},{"not_picked":["ReachHeaven","WaveOfTheHand+1"],"picked":"ClearTheMind+1","floor":25.0},{"not_picked":["LessonLearned","EmptyFist"],"picked":"Meditate+1","floor":27.0},{"not_picked":["Conclude","Consecrate","JustLucky"],"picked":"SKIP","floor":29.0},{"not_picked":["Prostrate+1","Fasting2"],"picked":"Pray+1","floor":30},{"not_picked":["Judgement+1","Alpha+1"],"picked":"Omniscience+1","floor":33},{"not_picked":["EmptyBody+1","ThirdEye+1","CutThroughFate"],"picked":"SKIP","floor":35},{"not_picked":["Consecrate+1","Meditate+1"],"picked":"Wallop","floor":36},{"not_picked":["Prostrate+1","SashWhip"],"picked":"Pray+1","floor":38},{"not_picked":["Panacea+1","Purity+1"],"picked":"Transmutation+1","floor":39},{"not_picked":["SashWhip","EmptyBody+1"],"picked":"Sanctity+1","floor":40},{"not_picked":["Establishment","FlyingSleeves+1","WheelKick"],"picked":"Singing Bowl","floor":44},{"not_picked":["ReachHeaven+1","FlyingSleeves","WheelKick"],"picked":"Singing Bowl","floor":46},{"not_picked":["MentalFortress","SashWhip","Vengeance+1"],"picked":"Singing Bowl","floor":47},{"not_picked":["Protect+1","WreathOfFlame+1","Consecrate"],"picked":"Singing Bowl","floor":48},{"not_picked":["InnerPeace+1","Ragnarok"],"picked":"Evaluate+1","floor":49}],"player_experience":667917,"relics_obtained":[{"floor":7.0,"key":"Kunai"},{"floor":9.0,"key":"Toxic Egg 2"},{"floor":11.0,"key":"Omamori"},{"floor":14.0,"key":"Happy Flower"},{"floor":23.0,"key":"Dream Catcher"},{"floor":26.0,"key":"Smiling Mask"},{"floor":27.0,"key":"Art of War"},{"floor":30,"key":"Strawberry"},{"floor":38,"key":"Dead Branch"},{"floor":40,"key":"MawBank"},{"floor":43,"key":"Boot"},{"floor":44,"key":"Singing Bowl"},{"floor":48,"key":"White Beast Statue"}],"event_choices":[{"damage_healed":18.0,"max_hp_gain":0.0,"max_hp_loss":0.0,"gold_gain":0.0,"event_name":"The Cleric","player_choice":"Healed","floor":4.0,"gold_loss":35.0,"damage_taken":0.0},{"damage_healed":0.0,"max_hp_gain":0.0,"max_hp_loss":0.0,"gold_gain":0.0,"cards_transformed":["Strike_P"],"event_name":"Living Wall","player_choice":"Change","floor":10.0,"gold_loss":0.0,"damage_taken":0.0,"cards_obtained":["Perseverance"]},{"damage_healed":0.0,"max_hp_gain":0.0,"max_hp_loss":0.0,"gold_gain":0.0,"cards_transformed":["Wish"],"event_name":"Transmorgrifier","player_choice":"Transformed","floor":19.0,"gold_loss":0.0,"damage_taken":0.0,"cards_obtained":["BowlingBash"]},{"damage_healed":0,"gold_gain":0,"player_choice":"Ignored","damage_taken":0,"max_hp_gain":0,"max_hp_loss":0,"event_name":"Ghosts","floor":31,"gold_loss":0},{"damage_healed":0,"gold_gain":0,"player_choice":"Fight","damage_taken":0,"max_hp_gain":0,"max_hp_loss":0,"event_name":"Mysterious Sphere","floor":38,"gold_loss":0},{"damage_healed":0,"gold_gain":0,"player_choice":"Memory 1","damage_taken":0,"max_hp_gain":0,"max_hp_loss":0,"event_name":"SensoryStone","floor":39,"gold_loss":0},{"damage_healed":0,"gold_gain":300,"player_choice":"Gold","damage_taken":0,"max_hp_gain":0,"max_hp_loss":0,"event_name":"Wheel of Change","floor":42,"gold_loss":0}],"is_beta":false,"boss_relics":[{"not_picked":["Empty Cage","SacredBark"],"picked":"VioletLotus"},{"not_picked":["SlaversCollar","Busted Crown"],"picked":"Philosopher\u0027s Stone"}],"items_purged_floors":[45],"is_endless":false,"potions_floor_spawned":[11,12,13,14,16,21,23,24,33,36,44,48],"ascension_level":6}}