{"host":"03jd0k347uuzjnun","time":1614172025,"event":{"mods":["BaseMod","Bestiary","Minty Spire (QoL Compilation)","Permanent Neow","Quick Restart","Random Character Button","Relic Stats"],"gold_per_floor":[110,126,51,51,69,113,113,136,136,170,190,210,210,235,235,324,324,343,362,377,169,183,219,219,244,293,314,314,347,104,142,142,237,237,258,258,272,272,12,55,55,93,93,136,136,157,196,211,211,211,211,211],"floor_reached":51,"language":"ENG","playtime":6047,"items_purged":["Strike_B","Amplify","Undo"],"score":1753,"play_id":"c21f0974-9ed0-42de-b8ea-de717732cc85","local_time":"20210224140705","is_ascension_mode":true,"campfire_choices":[{"data":"Sunder","floor":7.0,"key":"SMITH"},{"data":"Defragment","floor":15.0,"key":"SMITH"},{"data":"Defragment","floor":24.0,"key":"SMITH"},{"data":"Defragment","floor":32.0,"key":"SMITH"},{"floor":49.0,"key":"RECALL"}],"circlet_count":0,"master_deck":["AscendersBane","Defend_B","Defend_B","Defend_B","Defend_B","Zap","Dualcast","Sunder+1","Glacier","Auto Shields","Heatsinks","Echo Form","Echo Form","Defragment+1","Echo Form","Capacitor","Self Repair","Defragment+1","Defragment+1","Core Surge","Machine Learning","Self Repair+1","Echo Form","Conserve Battery+1","Coolheaded+1","Coolheaded+1"],"relics":["Cracked Core","Golden Idol","The Courier","Kunai","HornCleat","Snecko Eye","Membership Card","Eternal Feather","Bronze Scales","Omamori","Strawberry","Meat on the Bone","Sozu","Frozen Eye","Toxic Egg 2","Oddly Smooth Stone","White Beast Statue","Sundial","Pen Nib"],"acts_visited":["Exordium","TheCity","TheBeyond"],"potions_floor_usage":[],"damage_taken":[{"damage":0.0,"enemies":"2 Louse","floor":1.0,"turns":2.0},{"damage":4.0,"enemies":"Small Slimes","floor":2.0,"turns":3.0},{"damage":12.0,"enemies":"Jaw Worm","floor":5.0,"turns":3.0},{"damage":5.0,"enemies":"3 Sentries","floor":6.0,"turns":9.0},{"damage":7.0,"enemies":"Looter","floor":8.0,"turns":3.0},{"damage":18.0,"enemies":"Gremlin Nob","floor":10.0,"turns":4.0},{"damage":9.0,"enemies":"Red Slaver","floor":11.0,"turns":4.0},{"damage":1.0,"enemies":"Exordium Thugs","floor":12.0,"turns":6.0},{"damage":0.0,"enemies":"2 Fungi Beasts","floor":14.0,"turns":3.0},{"damage":0.0,"enemies":"Hexaghost","floor":16.0,"turns":11.0},{"damage":0.0,"enemies":"Spheric Guardian","floor":18.0,"turns":5.0},{"damage":0.0,"enemies":"Shell Parasite","floor":19.0,"turns":3.0},{"damage":16.0,"enemies":"Snake Plant","floor":20.0,"turns":4.0},{"damage":0.0,"enemies":"3 Cultists","floor":22.0,"turns":5.0},{"damage":4.0,"enemies":"Gremlin Leader","floor":23.0,"turns":10.0},{"damage":0.0,"enemies":"Snecko","floor":25.0,"turns":6.0},{"damage":23.0,"enemies":"Centurion and Healer","floor":27.0,"turns":4.0},{"damage":15.0,"enemies":"Book of Stabbing","floor":29.0,"turns":6.0},{"damage":28.0,"enemies":"Slavers","floor":31.0,"turns":4.0},{"damage":2.0,"enemies":"Champ","floor":33.0,"turns":11.0},{"damage":9.0,"enemies":"Orb Walker","floor":35.0,"turns":6.0},{"damage":29.0,"enemies":"3 Darklings","floor":37.0,"turns":6.0},{"damage":14.0,"enemies":"Nemesis","floor":40.0,"turns":7.0},{"damage":15.0,"enemies":"Reptomancer","floor":42.0,"turns":7.0},{"damage":0.0,"enemies":"Giant Head","floor":44.0,"turns":9.0},{"damage":33.0,"enemies":"Transient","floor":46.0,"turns":6.0},{"damage":29.0,"enemies":"Reptomancer","floor":47.0,"turns":7.0},{"damage":0.0,"enemies":"4 Shapes","floor":48.0,"turns":7.0},{"damage":57.0,"enemies":"Time Eater","floor":50.0,"turns":16.0},{"damage":60,"enemies":"Awakened One","floor":51,"turns":5}],"seed_played":"4595984018655267177","potions_obtained":[{"floor":1.0,"key":"Dexterity Potion"},{"floor":2.0,"key":"Explosive Potion"},{"floor":6.0,"key":"EssenceOfSteel"},{"floor":10.0,"key":"PotionOfCapacity"},{"floor":16.0,"key":"AttackPotion"},{"floor":20.0,"key":"LiquidBronze"},{"floor":23.0,"key":"Block Potion"},{"floor":27.0,"key":"BlessingOfTheForge"},{"floor":31.0,"key":"Ancient Potion"}],"is_trial":false,"path_per_floor":["M","M","?","?","M","E","R","M","T","E","M","M","?","M","R","B",null,"M","M","M","$","M","E","R","M","T","M","?","E","$","E","R","B",null,"M","?","M","?","$","E","$","E","T","E","?","M","E","M","R","B","B"],"character_chosen":"DEFECT","items_purchased":["Membership Card","Self Repair","Omamori","Strawberry","Core Surge","Frozen Eye","Toxic Egg 2","Conserve Battery+1"],"campfire_rested":0,"item_purchase_floors":[21,21,30,30,30,39,39,39],"current_hp_per_floor":[64,60,60,60,48,43,43,36,36,18,9,8,8,8,8,8,50,50,50,34,34,48,58,64,64,64,55,55,54,61,47,59,71,71,71,71,56,56,56,71,71,71,71,71,71,71,71,71,71,60,0,0],"gold":211,"neow_bonus":"ONE_RANDOM_RARE_CARD","is_daily":false,"chose_seed":false,"campfire_upgraded":4,"win_rate":0.0,"timestamp":1614172025,"path_taken":["M","M","?","?","M","E","R","M","T","E","M","M","?","M","R","BOSS","M","M","M","$","M","E","R","M","T","M","?","E","$","E","R","BOSS","M","?","?","?","$","E","?","E","T","E","?","M","E","M","R","BOSS","BOSS"],"items_purchased_type":["Relic","Card","Relic","Relic","Card","Relic","Relic","Card"],"build_version":"2020-12-22","purchased_purges":3,"victory":false,"max_hp_per_floor":[71,71,71,64,64,64,64,64,64,64,64,64,64,64,64,64,64,64,64,64,64,64,64,64,64,64,64,64,64,71,71,71,71,71,71,71,71,71,71,71,71,71,71,71,71,71,71,71,71,71,71,71],"relic_stats":{"Sozu":2,"counters":[30,182],"Golden Idol":187,"Sundial":[14],"Bronze Scales":[434],"Snecko Eye":[266,278,288,244],"Eternal Feather":18,"Pen Nib":[1],"Kunai":[4],"obtain_stats":[{"Golden Idol":4,"Oddly Smooth Stone":40,"Eternal Feather":23,"The Courier":6,"Pen Nib":47,"Omamori":30,"White Beast Statue":42,"Sozu":34,"Frozen Eye":39,"HornCleat":10,"Sundial":44,"Bronze Scales":26,"Strawberry":30,"Snecko Eye":17,"Kunai":9,"Membership Card":21,"Toxic Egg 2":39,"Cracked Core":0,"Meat on the Bone":31},{"Golden Idol":2,"Oddly Smooth Stone":23,"Eternal Feather":15,"The Courier":4,"Pen Nib":27,"Omamori":18,"White Beast Statue":24,"Sozu":20,"Frozen Eye":22,"HornCleat":6,"Sundial":25,"Bronze Scales":16,"Strawberry":18,"Snecko Eye":10,"Kunai":5,"Membership Card":13,"Toxic Egg 2":22,"Cracked Core":0,"Meat on the Bone":19},{"Golden Idol":5,"Oddly Smooth Stone":125,"Eternal Feather":75,"The Courier":17,"Pen Nib":154,"Omamori":91,"White Beast Statue":132,"Sozu":106,"Frozen Eye":118,"HornCleat":24,"Sundial":141,"Bronze Scales":81,"Strawberry":91,"Snecko Eye":48,"Kunai":20,"Membership Card":60,"Toxic Egg 2":118,"Cracked Core":0,"Meat on the Bone":95}],"Meat on the Bone":12},"card_choices":[{"not_picked":["Coolheaded","Ball Lightning"],"picked":"Sunder","floor":1.0},{"not_picked":["Coolheaded","Barrage","Streamline"],"picked":"SKIP","floor":2.0},{"not_picked":["Cold Snap","Turbo"],"picked":"Glacier","floor":5.0},{"not_picked":["Double Energy","Meteor Strike"],"picked":"Auto Shields","floor":6.0},{"not_picked":["Ball Lightning","Coolheaded"],"picked":"Heatsinks","floor":8.0},{"not_picked":["Barrage","Leap"],"picked":"Undo","floor":10.0},{"not_picked":["Darkness","Static Discharge"],"picked":"Echo Form","floor":11.0},{"not_picked":["Coolheaded","Lockon","Streamline"],"picked":"SKIP","floor":12.0},{"not_picked":["Conserve Battery","Steam"],"picked":"Defragment","floor":14.0},{"not_picked":["Reboot","Core Surge"],"picked":"Echo Form","floor":16.0},{"not_picked":["Go for the Eyes","Conserve Battery","Fusion"],"picked":"SKIP","floor":18.0},{"not_picked":["Rip and Tear","Chaos+1","Undo"],"picked":"SKIP","floor":19.0},{"not_picked":["Coolheaded","Redo"],"picked":"Capacitor","floor":20.0},{"not_picked":["Cold Snap","Conserve Battery","Coolheaded"],"picked":"SKIP","floor":22.0},{"not_picked":["Streamline","Redo"],"picked":"Defragment","floor":23.0},{"not_picked":["FTL","Loop","Sunder"],"picked":"SKIP","floor":25.0},{"not_picked":["Turbo","FTL","Scrape"],"picked":"SKIP","floor":27.0},{"not_picked":["Hello World","Barrage+1"],"picked":"Defragment","floor":29.0},{"not_picked":["Barrage","Stack","Hologram+1"],"picked":"SKIP","floor":31.0},{"not_picked":["Amplify","Fission"],"picked":"Machine Learning","floor":33.0},{"not_picked":["Gash+1","Turbo","Fusion"],"picked":"SKIP","floor":35.0},{"not_picked":["Chaos","Turbo"],"picked":"Self Repair+1","floor":37.0},{"not_picked":["Turbo+1","Leap+1"],"picked":"Coolheaded+1","floor":40.0},{"not_picked":["Compile Driver","Loop","Steam+1"],"picked":"SKIP","floor":42.0},{"not_picked":["Redo+1","Barrage","Cold Snap"],"picked":"SKIP","floor":44.0},{"not_picked":["Hologram+1","Self Repair+1"],"picked":"Coolheaded+1","floor":46.0},{"not_picked":["Rip and Tear","Reboot+1","Static Discharge+1"],"picked":"SKIP","floor":47.0},{"not_picked":["Redo+1","Coolheaded+1","Streamline"],"picked":"SKIP","floor":48.0}],"player_experience":1455937,"relics_obtained":[{"floor":6.0,"key":"The Courier"},{"floor":9.0,"key":"Kunai"},{"floor":10.0,"key":"HornCleat"},{"floor":23.0,"key":"Eternal Feather"},{"floor":26.0,"key":"Bronze Scales"},{"floor":31.0,"key":"Meat on the Bone"},{"floor":40.0,"key":"Oddly Smooth Stone"},{"floor":42.0,"key":"White Beast Statue"},{"floor":44.0,"key":"Sundial"},{"floor":47.0,"key":"Pen Nib"}],"event_choices":[{"cards_removed":["Strike_B"],"damage_healed":0.0,"max_hp_gain":0.0,"max_hp_loss":0.0,"gold_gain":0.0,"event_name":"The Cleric","player_choice":"Card Removal","floor":3.0,"gold_loss":75.0,"damage_taken":0.0},{"damage_healed":0.0,"max_hp_gain":0.0,"max_hp_loss":7.0,"gold_gain":0.0,"event_name":"Golden Idol","player_choice":"Lose Max HP","floor":4.0,"gold_loss":0.0,"damage_taken":0.0,"relics_obtained":["Golden Idol"]},{"damage_healed":0.0,"max_hp_gain":0.0,"max_hp_loss":0.0,"gold_gain":0.0,"cards_transformed":["Strike_B"],"event_name":"Living Wall","player_choice":"Change","floor":13.0,"gold_loss":0.0,"damage_taken":0.0,"cards_obtained":["Echo Form"]},{"cards_removed":["Strike_B"],"damage_healed":0.0,"max_hp_gain":0.0,"max_hp_loss":0.0,"gold_gain":0.0,"event_name":"Back to Basics","player_choice":"Elegance","floor":28.0,"gold_loss":0.0,"damage_taken":0.0},{"damage_healed":0.0,"max_hp_gain":0.0,"max_hp_loss":0.0,"gold_gain":0.0,"event_name":"SecretPortal","player_choice":"Ignored","floor":36.0,"gold_loss":0.0,"damage_taken":0.0},{"damage_healed":0.0,"max_hp_gain":0.0,"max_hp_loss":0.0,"gold_gain":0.0,"event_name":"Duplicator","player_choice":"Copied","floor":38.0,"gold_loss":0.0,"damage_taken":0.0,"cards_obtained":["Echo Form"]},{"damage_healed":0.0,"max_hp_gain":0.0,"max_hp_loss":0.0,"gold_gain":0.0,"event_name":"Tomb of Lord Red Mask","player_choice":"Ignored","floor":45.0,"gold_loss":0.0,"damage_taken":0.0}],"is_beta":false,"boss_relics":[{"not_picked":["Philosopher\u0027s Stone","Empty Cage"],"picked":"Snecko Eye"},{"not_picked":["Tiny House","Black Star"],"picked":"Sozu"}],"items_purged_floors":[21,30,39],"is_endless":false,"potions_floor_spawned":[1,2,6,10,16,20,23,27,31,37,42,44,46,47,48],"killed_by":"Awakened One","ascension_level":20}}