{"host":"p0hktren06injwdf","time":1614186752,"event":{"mods":["AchievementEnabler","BaseMod","Colored Map","DeckTracker","Minty Spire (QoL Compilation)","Permanent Neow","StSLib","SuperFastMode"],"gold_per_floor":[117,127,52,69,69,100,116,132,156,156,172,47,62,77,77,154,154,170,170,170,180,234,234,261,272,272,95,109,109,159,169,169,169,169],"floor_reached":33,"language":"KOR","playtime":527,"items_purged":["Strike_P","Defend_P"],"score":542,"play_id":"a56ec715-acff-46a2-91dc-60d6ea04fdfa","local_time":"20210225021232","is_ascension_mode":true,"campfire_choices":[{"floor":15.0,"key":"REST"},{"data":"SignatureMove","floor":23,"key":"SMITH"},{"floor":29,"key":"REST"},{"data":"MentalFortress","floor":32,"key":"SMITH"}],"circlet_count":0,"master_deck":["AscendersBane","Defend_P","Defend_P","Eruption+1","Vigilance","Halt","Consecrate","CutThroughFate","Evaluate","SignatureMove+1","EmptyFist","FollowUp","WheelKick","Wallop","MentalFortress+1","Tantrum"],"relics":["PureWater","TungstenRod","Blood Vial","Sozu","Oddly Smooth Stone","Art of War","Peace Pipe"],"acts_visited":["Exordium","TheCity"],"potions_floor_usage":[33],"damage_taken":[{"damage":0.0,"enemies":"Cultist","floor":1.0,"turns":3.0},{"damage":1.0,"enemies":"Jaw Worm","floor":2.0,"turns":4.0},{"damage":9.0,"enemies":"Small Slimes","floor":4.0,"turns":4.0},{"damage":19.0,"enemies":"Lagavulin","floor":6.0,"turns":5.0},{"damage":9.0,"enemies":"Exordium Thugs","floor":7.0,"turns":5.0},{"damage":4.0,"enemies":"Blue Slaver","floor":8.0,"turns":3.0},{"damage":0.0,"enemies":"2 Fungi Beasts","floor":11.0,"turns":3.0},{"damage":0.0,"enemies":"Red Slaver","floor":13.0,"turns":2.0},{"damage":0.0,"enemies":"Exordium Thugs","floor":14.0,"turns":2.0},{"damage":20,"enemies":"Hexaghost","floor":16,"turns":6},{"damage":0,"enemies":"Chosen","floor":18,"turns":2},{"damage":0,"enemies":"Spheric Guardian","floor":21,"turns":1},{"damage":45,"enemies":"Slavers","floor":24,"turns":8},{"damage":0,"enemies":"Snecko","floor":25,"turns":3},{"damage":0,"enemies":"Centurion and Healer","floor":28,"turns":4},{"damage":0,"enemies":"Snake Plant","floor":31,"turns":1},{"damage":62,"enemies":"Collector","floor":33,"turns":9}],"seed_played":"-420982146422732265","potions_obtained":[{"floor":4.0,"key":"SpeedPotion"},{"floor":6.0,"key":"Dexterity Potion"},{"floor":7.0,"key":"Energy Potion"},{"floor":8.0,"key":"BottledMiracle"}],"is_trial":false,"path_per_floor":["M","M","?","M","?","E","M","M","T","?","M","$","M","M","R","B",null,"M","?","?","M","T","R","E","M","T","$","M","R","?","M","R","B"],"character_chosen":"WATCHER","items_purchased":["EmptyFist","Tantrum"],"campfire_rested":2,"item_purchase_floors":[12,27],"current_hp_per_floor":[43,42,42,33,33,14,5,1,1,1,3,3,5,7,27,9,53,55,55,55,57,57,57,14,16,16,16,18,38,38,40,40,0,0],"gold":169,"neow_bonus":"TRANSFORM_TWO_CARDS","is_daily":false,"chose_seed":false,"campfire_upgraded":2,"win_rate":0.0,"timestamp":1614186752,"path_taken":["M","?","?","M","?","E","M","?","T","?","M","$","M","M","R","BOSS","M","?","?","?","?","R","E","M","T","$","M","R","?","M","R","BOSS"],"items_purchased_type":["Card","Card"],"build_version":"2020-12-22","purchased_purges":2,"victory":false,"max_hp_per_floor":[68,68,68,68,68,68,68,68,68,68,68,68,68,68,68,68,68,68,68,68,68,68,68,68,68,68,68,68,68,68,68,68,68,68],"card_choices":[{"not_picked":["BattleHymn","Weave"],"picked":"Consecrate","floor":1.0},{"not_picked":["Collect","ClearTheMind","WindmillStrike"],"picked":"SKIP","floor":2.0},{"not_picked":["Crescendo","FlyingSleeves"],"picked":"CutThroughFate","floor":4.0},{"not_picked":["DevaForm","WaveOfTheHand","Protect"],"picked":"SKIP","floor":6.0},{"not_picked":["JustLucky","ClearTheMind","CutThroughFate"],"picked":"SKIP","floor":7.0},{"not_picked":["EmptyBody","Crescendo"],"picked":"Evaluate","floor":8.0},{"not_picked":["Vengeance","BowlingBash"],"picked":"SignatureMove","floor":11.0},{"not_picked":["Crescendo","CutThroughFate"],"picked":"FollowUp","floor":13.0},{"not_picked":["Meditate","Prostrate","EmptyBody"],"picked":"SKIP","floor":14.0},{"not_picked":["Prostrate","SashWhip","WindmillStrike"],"picked":"SKIP","floor":18},{"not_picked":["ThirdEye","SandsOfTime+1","Halt+1"],"picked":"SKIP","floor":21},{"not_picked":["EmptyFist","Judgement","FlyingSleeves"],"picked":"SKIP","floor":24},{"not_picked":["ReachHeaven+1","EmptyBody"],"picked":"MentalFortress","floor":25},{"not_picked":["PathToVictory","EmptyFist","CarveReality+1"],"picked":"SKIP","floor":28},{"not_picked":["Halt+1","SashWhip","BattleHymn"],"picked":"SKIP","floor":31}],"player_experience":1112342,"relics_obtained":[{"floor":6.0,"key":"TungstenRod"},{"floor":9.0,"key":"Blood Vial"},{"floor":22,"key":"Oddly Smooth Stone"},{"floor":24,"key":"Art of War"},{"floor":26,"key":"Peace Pipe"}],"event_choices":[{"cards_removed":["Nirvana"],"damage_healed":0.0,"max_hp_gain":0.0,"max_hp_loss":0.0,"gold_gain":0.0,"event_name":"The Cleric","player_choice":"Card Removal","floor":3.0,"gold_loss":75.0,"damage_taken":0.0},{"damage_healed":0.0,"max_hp_gain":0.0,"max_hp_loss":0.0,"gold_gain":0.0,"event_name":"Upgrade Shrine","player_choice":"Upgraded","floor":5.0,"gold_loss":0.0,"damage_taken":0.0,"cards_upgraded":["Eruption"]},{"damage_healed":0.0,"max_hp_gain":0.0,"max_hp_loss":0.0,"gold_gain":0.0,"event_name":"Golden Wing","player_choice":"Ignored","floor":10.0,"gold_loss":0.0,"damage_taken":0.0},{"damage_healed":0,"gold_gain":0,"cards_transformed":["Strike_P","Strike_P"],"player_choice":"Became Test Subject","damage_taken":0,"max_hp_gain":0,"max_hp_loss":0,"event_name":"Drug Dealer","floor":19,"gold_loss":0,"cards_obtained":["WheelKick","Wallop"]},{"damage_healed":0,"gold_gain":0,"player_choice":"Got Potions","damage_taken":0,"max_hp_gain":0,"max_hp_loss":0,"event_name":"Lab","floor":20,"gold_loss":0},{"damage_healed":0,"gold_gain":50,"player_choice":"Stole From Cult","damage_taken":0,"max_hp_gain":0,"max_hp_loss":0,"event_name":"Nest","floor":30,"gold_loss":0}],"is_beta":false,"boss_relics":[{"not_picked":["Coffee Dripper","Black Star"],"picked":"Sozu"}],"items_purged_floors":[12,27],"is_endless":false,"potions_floor_spawned":[4,6,7,8,11,25,31],"killed_by":"Collector","ascension_level":20}}