{"host":"miczq86z2i77lhk7","time":1614189156,"event":{"mods":["AchievementEnabler","BaseMod","Colored Map","Colored Powertips","Downfall","Highlight Path","Minty Spire (QoL Compilation)","StSLib"],"gold_per_floor":[99,117,27,38,23,36,59,59,91,91,91,148,148,148,158,262,262,262,275,90,90,90,90,136,152,152,178,38,38,38,38],"floor_reached":29,"language":"ENG","playtime":3583,"items_purged":["sneckomod:Strike","sneckomod:Strike","sneckomod:Defend"],"score":262,"play_id":"0ba5d5f1-5988-4f49-904c-f81f733c235b","local_time":"20210224185236","is_ascension_mode":false,"campfire_choices":[{"data":"sneckomod:SnekBite","floor":1.0,"key":"SMITH"},{"data":"sneckomod:UnknownBlock","floor":8.0,"key":"SMITH"},{"data":"sneckomod:TailWhip","floor":10.0,"key":"SMITH"},{"floor":13.0,"key":"REST"},{"data":"sneckomod:UnlimitedRolls","floor":18.0,"key":"SMITH"},{"data":"bronze:MaxOutput","floor":23,"key":"SMITH"}],"circlet_count":0,"master_deck":["sneckomod:Strike","sneckomod:Defend","sneckomod:TailWhip+1","sneckomod:SnekBite+1","sneckomod:Unknown","sneckomod:UnknownVulnerable","sneckomod:UnknownBlock+1","sneckomod:QuickMove","sneckomod:SoulDraw","sneckomod:SoulDraw","sneckomod:Nope","sneckomod:UnknownStrike","sneckomod:UnlimitedRolls+1","bronze:HyperBeam","sneckomod:Unknown0Cost+1","sneckomod:SnekBeam+1","sneckomod:UnlimitedRolls+1","bronze:MaxOutput+1","sneckomod:Unknown1Cost","sneckomod:UnknownUncommonPower"],"relics":["sneckomod:SuperSneckoSoul","Juzu Bracelet","Boot","Omamori","Blood Vial","Dream Catcher"],"acts_visited":["Exordium","TheCity"],"potions_floor_usage":[25],"damage_taken":[{"damage":0.0,"enemies":"Cultist","floor":2.0,"turns":3.0},{"damage":0.0,"enemies":"downfall:FleeingMerchant","floor":3.0,"turns":4.0},{"damage":3.0,"enemies":"2 Louse","floor":4.0,"turns":2.0},{"damage":5.0,"enemies":"downfall:FleeingMerchant","floor":5.0,"turns":5.0},{"damage":3.0,"enemies":"Jaw Worm","floor":6.0,"turns":4.0},{"damage":22.0,"enemies":"Lagavulin","floor":9.0,"turns":6.0},{"damage":29.0,"enemies":"Gremlin Nob","floor":12.0,"turns":5.0},{"damage":4.0,"enemies":"Red Slaver","floor":15.0,"turns":4.0},{"damage":15.0,"enemies":"SI_SHIV_ARCHETYPE","floor":16.0,"turns":10.0},{"damage":22.0,"enemies":"Spheric Guardian","floor":19.0,"turns":4.0},{"damage":6.0,"enemies":"downfall:FleeingMerchant","floor":20.0,"turns":4.0},{"damage":12,"enemies":"3 Byrds","floor":25,"turns":4},{"damage":23,"enemies":"Gremlin Leader","floor":27,"turns":8},{"damage":13,"enemies":"downfall:FleeingMerchant","floor":28,"turns":4},{"damage":41,"enemies":"Sentry and Sphere","floor":29,"turns":4}],"seed_played":"361612199205698683","potions_obtained":[{"floor":9.0,"key":"DuplicationPotion"},{"floor":15.0,"key":"Fruit Juice"},{"floor":16.0,"key":"champ:CounterPotion"},{"floor":19.0,"key":"BlessingOfTheForge"},{"floor":22,"key":"CultistPotion"}],"is_trial":false,"path_per_floor":["R","M","$","M","$","M","T","R","E","R","?","?","R","?","M","B",null,"R","M","$","?","?","R","T","M","?","E","$","M"],"character_chosen":"THE_SNECKO","items_purchased":["sneckomod:SnekBeam"],"campfire_rested":1,"item_purchase_floors":[20],"current_hp_per_floor":[99,99,99,96,91,88,88,88,66,66,66,37,66,90,91,79,107,107,85,79,79,79,79,79,69,69,48,37,0,0,0],"gold":38,"neow_bonus":"TEN_PERCENT_HP_BONUS","is_daily":false,"chose_seed":false,"campfire_upgraded":5,"win_rate":0.0,"timestamp":1614189156,"path_taken":["R","M","?","M","$","M","T","R","E","R","?","?","R","?","M","BOSS","R","M","$","?","?","R","T","M","?","E","$","M"],"items_purchased_type":["Card"],"build_version":"2020-12-22","purchased_purges":3,"victory":false,"max_hp_per_floor":[99,99,99,99,99,99,99,99,99,99,99,99,99,99,104,107,107,107,107,107,107,107,107,107,107,107,107,107,107,107,107],"card_choices":[{"not_picked":["sneckomod:UnknownX","sneckomod:UnknownStrike"],"picked":"sneckomod:UnknownVulnerable","floor":2.0},{"not_picked":["sneckomod:SoulRoll","sneckomod:MasterEye"],"picked":"sneckomod:UnknownBlock","floor":3.0},{"not_picked":["sneckomod:RainOfDice","sneckomod:WideSting"],"picked":"sneckomod:QuickMove","floor":4.0},{"not_picked":["sneckomod:SnakeSap","sneckomod:ImprovisedAttack","sneckomod:UnknownUncommonSkill"],"picked":"SKIP","floor":5.0},{"not_picked":["sneckomod:DiceBlock","sneckomod:UnknownCommonAttack"],"picked":"sneckomod:SoulDraw","floor":6.0},{"not_picked":["sneckomod:DiceBoulder","sneckomod:Unknown2Cost"],"picked":"sneckomod:SoulDraw","floor":9.0},{"not_picked":["sneckomod:SoulRoll","sneckomod:RainOfDice"],"picked":"sneckomod:Nope","floor":12.0},{"not_picked":["sneckomod:Mudshield","sneckomod:DiceCrush"],"picked":"sneckomod:UnknownStrike","floor":15.0},{"not_picked":["sneckomod:UnknownRarePower","sneckomod:Unknown3Cost"],"picked":"sneckomod:UnlimitedRolls","floor":16.0},{"not_picked":["sneckomod:UnknownClassSLIMEBOUND","sneckomod:WideSting"],"picked":"sneckomod:Unknown0Cost+1","floor":19.0},{"not_picked":["sneckomod:UnknownStrike","sneckomod:QuickBite"],"picked":"sneckomod:UnknownDraw","floor":20.0},{"not_picked":["sneckomod:IronFang","sneckomod:SoulDraw","sneckomod:UnknownDraw"],"picked":"SKIP","floor":25},{"not_picked":["sneckomod:SoulRoll","sneckomod:IronFang"],"picked":"sneckomod:Unknown1Cost","floor":27},{"not_picked":["sneckomod:DiceBoulder","sneckomod:SoulRoll"],"picked":"sneckomod:UnknownUncommonPower","floor":28}],"player_experience":94195,"relics_obtained":[{"floor":7.0,"key":"Juzu Bracelet"},{"floor":9.0,"key":"Boot"},{"floor":12.0,"key":"Omamori"},{"floor":24,"key":"Blood Vial"},{"floor":27,"key":"Dream Catcher"}],"event_choices":[{"damage_healed":24.0,"max_hp_gain":0.0,"max_hp_loss":0.0,"gold_gain":0.0,"event_name":"Mushrooms","player_choice":"Healed and dodged fight","floor":14.0,"gold_loss":0.0,"damage_taken":0.0,"cards_obtained":["Parasite"]},{"damage_healed":0,"gold_gain":0,"player_choice":"Forge","damage_taken":0,"max_hp_gain":0,"max_hp_loss":0,"event_name":"Accursed Blacksmith","floor":26,"gold_loss":0,"cards_upgraded":["sneckomod:SnekBeam"]}],"is_beta":false,"boss_relics":[{"not_picked":["SacredBark","Philosopher\u0027s Stone"],"picked":"sneckomod:SuperSneckoSoul"}],"items_purged_floors":[3,20,28],"is_endless":false,"potions_floor_spawned":[9,15,16,19],"killed_by":"Sentry and Sphere","ascension_level":0}}