{"host":"s41rn2jhghpwfrvz","time":1614131003,"event":{"mods":["BaseMod","Minty Spire (QoL Compilation)","Quick Restart","Relic Stats","SuperFastMode"],"gold_per_floor":[119,138,138,151,76,102,2,2,2,28,41,65,80,109,109,186,186,198,209,226,244,259,291,88,119,143,174,224,239,239,269,269,342,342,360,68,68,83,93,123,143,177,177,203,203,219,219,237,237,237,237,237,237,80,107,107],"floor_reached":57,"language":"ENG","playtime":1525,"items_purged":["Coolheaded","Gash","Fire Breathing"],"score":3888,"play_id":"2ba4a5ee-ca6f-4c2b-b420-6cb41be0aa3c","local_time":"20210224034323","daily_mods":["SealedDeck","Diverse","Elite Swarm"],"is_ascension_mode":true,"campfire_choices":[{"data":"Acrobatics","floor":8,"key":"SMITH"},{"data":"Skim","floor":15,"key":"SMITH"},{"data":"TalkToTheHand","floor":30,"key":"SMITH"},{"data":"TalkToTheHand","floor":32,"key":"SMITH"},{"data":"Grand Finale","floor":45,"key":"SMITH"},{"floor":47,"key":"RECALL"},{"data":"Coolheaded","floor":49,"key":"SMITH"},{"data":"Beam Cell","floor":53,"key":"SMITH"}],"circlet_count":0,"master_deck":["AscendersBane","Beam Cell+1","Coolheaded+1","Gash","Skim+1","Tactician+1","Acrobatics+1","Gash","Grand Finale+1","Genetic Algorithm+1","TalkToTheHand+1","TalkToTheHand+1","Genetic Algorithm+1","Night Terror"],"relics":["Burning Blood","Lizard Tail","Gambling Chip","Bronze Scales","Odd Mushroom","Art of War","Runic Cube","Mango","DollysMirror","Ginger","Paper Frog","Prayer Wheel","Runic Pyramid","Medical Kit","Incense Burner","Dream Catcher","Mummified Hand","Thread and Needle","ClockworkSouvenir","FossilizedHelix"],"acts_visited":["Exordium","TheCity","TheBeyond","TheEnding"],"potions_floor_usage":[23,56],"damage_taken":[{"damage":0,"enemies":"Cultist","floor":1,"turns":2},{"damage":0,"enemies":"Small Slimes","floor":2,"turns":1},{"damage":1,"enemies":"2 Louse","floor":4,"turns":2},{"damage":0,"enemies":"Gremlin Nob","floor":6,"turns":2},{"damage":0,"enemies":"3 Sentries","floor":10,"turns":1},{"damage":0,"enemies":"Gremlin Gang","floor":11,"turns":1},{"damage":0,"enemies":"The Mushroom Lair","floor":12,"turns":1},{"damage":0,"enemies":"2 Fungi Beasts","floor":13,"turns":1},{"damage":0,"enemies":"Gremlin Nob","floor":14,"turns":1},{"damage":2,"enemies":"The Guardian","floor":16,"turns":2},{"damage":0,"enemies":"Chosen","floor":18,"turns":1},{"damage":0,"enemies":"Spheric Guardian","floor":19,"turns":1},{"damage":0,"enemies":"Snecko","floor":20,"turns":1},{"damage":0,"enemies":"Cultist and Chosen","floor":21,"turns":1},{"damage":0,"enemies":"Shelled Parasite and Fungi","floor":22,"turns":1},{"damage":0,"enemies":"Slavers","floor":23,"turns":1},{"damage":0,"enemies":"Book of Stabbing","floor":25,"turns":2},{"damage":0,"enemies":"Slavers","floor":27,"turns":1},{"damage":0,"enemies":"3 Cultists","floor":29,"turns":1},{"damage":0,"enemies":"Gremlin Leader","floor":31,"turns":3},{"damage":0,"enemies":"Collector","floor":33,"turns":2},{"damage":13,"enemies":"3 Darklings","floor":35,"turns":2},{"damage":0,"enemies":"3 Shapes","floor":38,"turns":3},{"damage":0,"enemies":"Spire Growth","floor":39,"turns":2},{"damage":0,"enemies":"Giant Head","floor":40,"turns":3},{"damage":0,"enemies":"Writhing Mass","floor":41,"turns":2},{"damage":0,"enemies":"Reptomancer","floor":42,"turns":3},{"damage":0,"enemies":"Nemesis","floor":44,"turns":5},{"damage":0,"enemies":"Jaw Worm Horde","floor":46,"turns":2},{"damage":0,"enemies":"Spire Growth","floor":48,"turns":2},{"damage":0,"enemies":"Time Eater","floor":50,"turns":3},{"damage":0,"enemies":"Donu and Deca","floor":51,"turns":2},{"damage":0,"enemies":"Shield and Spear","floor":55,"turns":2},{"damage":2,"enemies":"The Heart","floor":56,"turns":7}],"seed_played":"-2340313795568489881","potions_obtained":[{"floor":1,"key":"HeartOfIron"},{"floor":10,"key":"LiquidBronze"},{"floor":13,"key":"Swift Potion"},{"floor":33,"key":"Explosive Potion"},{"floor":46,"key":"SteroidPotion"}],"is_trial":true,"path_per_floor":["M","M","?","M","$","E","$","R","T","E","M","?","M","E","R","B",null,"M","M","M","M","M","E","$","E","T","E","?","M","R","E","R","B",null,"M","$","?","M","M","E","M","E","T","E","R","M","R","M","R","B","B",null,"R","$","E","B",null],"character_chosen":"IRONCLAD","items_purchased":["TalkToTheHand","DollysMirror","Medical Kit","ClockworkSouvenir"],"campfire_rested":0,"item_purchase_floors":[24,24,36,54],"current_hp_per_floor":[74,75,75,75,75,75,75,75,75,75,75,75,75,75,75,75,75,75,75,75,75,75,89,89,89,89,89,89,89,89,89,89,89,89,82,82,82,88,89,89,89,89,89,89,89,89,89,89,89,89,89,89,89,89,89,89],"gold":107,"neow_bonus":"","is_daily":false,"chose_seed":false,"campfire_upgraded":7,"win_rate":0.0,"timestamp":1614131003,"path_taken":["M","M","?","M","?","E","$","R","T","E","M","?","M","E","R","BOSS","M","M","M","M","M","E","$","E","T","E","?","?","R","E","R","BOSS","M","$","?","M","M","E","?","E","T","E","R","?","R","M","R","BOSS","BOSS","R","$","E","BOSS"],"items_purchased_type":["Card","Relic","Relic","Relic"],"build_version":"2020-12-22","purchased_purges":3,"victory":true,"max_hp_per_floor":[75,75,75,75,75,75,75,75,75,75,75,75,75,75,75,75,75,75,75,75,75,75,89,89,89,89,89,89,89,89,89,89,89,89,89,89,89,89,89,89,89,89,89,89,89,89,89,89,89,89,89,89,89,89,89,89],"relic_stats":{"counters":[34,67],"Ginger":[6],"Medical Kit":[19],"Burning Blood":25,"Lizard Tail":0,"Dream Catcher":0,"Mummified Hand":[0],"Gambling Chip":[67],"Bronze Scales":[189],"Prayer Wheel":6,"Art of War":[0],"obtain_stats":[{"Mango":23,"Thread and Needle":44,"Incense Burner":40,"Ginger":25,"Odd Mushroom":12,"Medical Kit":36,"Burning Blood":0,"ClockworkSouvenir":54,"Lizard Tail":6,"Dream Catcher":42,"DollysMirror":24,"Mummified Hand":43,"Gambling Chip":9,"Bronze Scales":10,"Prayer Wheel":31,"Art of War":14,"FossilizedHelix":55,"Runic Cube":17,"Paper Frog":27,"Runic Pyramid":34},{"Mango":16,"Thread and Needle":28,"Incense Burner":25,"Ginger":17,"Odd Mushroom":7,"Medical Kit":22,"Burning Blood":0,"ClockworkSouvenir":32,"Lizard Tail":4,"Dream Catcher":27,"DollysMirror":16,"Mummified Hand":27,"Gambling Chip":4,"Bronze Scales":5,"Prayer Wheel":20,"Art of War":9,"FossilizedHelix":33,"Runic Cube":10,"Paper Frog":18,"Runic Pyramid":21},{"Mango":20,"Thread and Needle":49,"Incense Burner":39,"Ginger":22,"Odd Mushroom":10,"Medical Kit":31,"Burning Blood":0,"ClockworkSouvenir":58,"Lizard Tail":7,"Dream Catcher":44,"DollysMirror":20,"Mummified Hand":44,"Gambling Chip":7,"Bronze Scales":8,"Prayer Wheel":27,"Art of War":12,"FossilizedHelix":60,"Runic Cube":14,"Paper Frog":23,"Runic Pyramid":29}],"Runic Cube":[3]},"card_choices":[{"not_picked":["Skewer","Hologram","Beam Cell"],"picked":"SKIP","floor":1},{"not_picked":["ThirdEye","Slice","Chaos"],"picked":"SKIP","floor":2},{"not_picked":["Predator","Anger","DevaForm"],"picked":"SKIP","floor":4},{"not_picked":["DevaForm","Die Die Die"],"picked":"Grand Finale","floor":6},{"not_picked":["Omniscience","ConjureBlade","Storm of Steel"],"picked":"SKIP","floor":10},{"not_picked":["ClearTheMind","Dagger Spray","Skim"],"picked":"SKIP","floor":11},{"not_picked":["Tantrum","Seeing Red","JustLucky"],"picked":"SKIP","floor":13},{"not_picked":["Unload","Reaper","MasterReality"],"picked":"SKIP","floor":14},{"not_picked":["Clash+1","Backflip+1"],"picked":"Genetic Algorithm+1","floor":18},{"not_picked":["True Grit","JustLucky","Escape Plan"],"picked":"SKIP","floor":19},{"not_picked":["Deflect","Coolheaded","Offering"],"picked":"SKIP","floor":20},{"not_picked":["Body Slam","Chill","Warcry"],"picked":"SKIP","floor":21},{"not_picked":["All Out Attack","WreathOfFlame","Protect"],"picked":"SKIP","floor":22},{"not_picked":["Biased Cognition","Amplify","Ragnarok"],"picked":"SKIP","floor":23},{"not_picked":["Fiend Fire","Rainbow","Ragnarok"],"picked":"SKIP","floor":25},{"not_picked":["Immolate","Grand Finale","Unload"],"picked":"SKIP","floor":27},{"not_picked":["Static Discharge","Poisoned Stab","Undo"],"picked":"SKIP","floor":29},{"not_picked":["Impervious","Brilliance","Bullet Time"],"picked":"SKIP","floor":31},{"not_picked":["Sword Boomerang+1","Go for the Eyes","Twin Strike"],"picked":"SKIP","floor":35},{"not_picked":["Melter","Prepared","Body Slam+1"],"picked":"SKIP","floor":35},{"not_picked":["Compile Driver+1","Defragment","Sentinel"],"picked":"SKIP","floor":38},{"not_picked":["Iron Wave","Perfected Strike","Thunderclap"],"picked":"SKIP","floor":38},{"not_picked":["Go for the Eyes","Wild Strike+1","Swivel+1"],"picked":"SKIP","floor":39},{"not_picked":["Predator","Armaments","True Grit"],"picked":"SKIP","floor":39},{"not_picked":["Burst","Tools of the Trade","Echo Form"],"picked":"SKIP","floor":40},{"not_picked":["Bane","Go for the Eyes","BowlingBash+1"],"picked":"SKIP","floor":41},{"not_picked":["CutThroughFate","Skim","DeusExMachina"],"picked":"SKIP","floor":41},{"not_picked":["Establishment","Electrodynamics","Brutality"],"picked":"SKIP","floor":42},{"not_picked":["Electrodynamics","LessonLearned","Thunder Strike"],"picked":"SKIP","floor":44},{"not_picked":["Fire Breathing","Lockon","FlurryOfBlows"],"picked":"SKIP","floor":46},{"not_picked":["Wireheading+1","Ball Lightning","Stack"],"picked":"SKIP","floor":46},{"not_picked":["Bouncing Flask","Pommel Strike","Fire Breathing"],"picked":"SKIP","floor":48},{"not_picked":["Escape Plan","Bane","Masterful Stab"],"picked":"SKIP","floor":48},{"not_picked":["Machine Learning","Vault"],"picked":"Night Terror","floor":55}],"player_experience":2000188,"relics_obtained":[{"floor":6,"key":"Lizard Tail"},{"floor":9,"key":"Gambling Chip"},{"floor":10,"key":"Bronze Scales"},{"floor":12,"key":"Odd Mushroom"},{"floor":14,"key":"Art of War"},{"floor":23,"key":"Mango"},{"floor":25,"key":"Ginger"},{"floor":27,"key":"Paper Frog"},{"floor":31,"key":"Prayer Wheel"},{"floor":40,"key":"Incense Burner"},{"floor":42,"key":"Dream Catcher"},{"floor":43,"key":"Mummified Hand"},{"floor":44,"key":"Thread and Needle"},{"floor":55,"key":"FossilizedHelix"}],"event_choices":[{"damage_healed":0,"gold_gain":0,"player_choice":"Forge","damage_taken":0,"max_hp_gain":0,"max_hp_loss":0,"event_name":"Accursed Blacksmith","floor":3,"gold_loss":0,"cards_upgraded":["Tactician"]},{"damage_healed":0,"gold_gain":0,"player_choice":"Fought Mushrooms","damage_taken":0,"max_hp_gain":0,"max_hp_loss":0,"event_name":"Mushrooms","floor":12,"gold_loss":0},{"damage_healed":0,"gold_gain":100,"player_choice":"Bet on Murderer","damage_taken":0,"max_hp_gain":0,"max_hp_loss":0,"event_name":"The Joust","floor":28,"gold_loss":50},{"damage_healed":0,"gold_gain":0,"player_choice":"Copied","damage_taken":0,"max_hp_gain":0,"max_hp_loss":0,"event_name":"Duplicator","floor":37,"gold_loss":0,"cards_obtained":["Genetic Algorithm"]}],"is_beta":false,"boss_relics":[{"not_picked":["Ectoplasm","Velvet Choker"],"picked":"Runic Cube"},{"not_picked":["SacredBark","Coffee Dripper"],"picked":"Runic Pyramid"}],"items_purged_floors":[5,7,36],"is_endless":false,"potions_floor_spawned":[1,10,12,13,14,16,20,21,22,33,38,40,42,44,46],"ascension_level":20}}