{"host":"a9gsz7kv8aebwp1f","time":1614152601,"event":{"mods":["AchievementEnabler","BaseMod","Minty Spire (QoL Compilation)"],"gold_per_floor":[119,139,139,314,314,314,329,329,353,353,372,396,416,29,29,29,29],"floor_reached":16,"language":"KOR","playtime":687,"items_purged":[],"score":147,"play_id":"d9faef52-ba0d-4ce8-9978-eefbf59e1601","local_time":"20210224164321","is_ascension_mode":true,"campfire_choices":[{"data":"Dualcast","floor":6,"key":"SMITH"},{"data":"Turbo","floor":8,"key":"SMITH"},{"floor":10,"key":"REST"},{"floor":15,"key":"REST"}],"circlet_count":0,"master_deck":["AscendersBane","Strike_B","Strike_B","Strike_B","Strike_B","Defend_B","Defend_B","Defend_B","Defend_B+1","Zap+1","Dualcast+1","BootSequence","Turbo+1","Beam Cell","Glacier","Chaos","Defragment","Hologram","Auto Shields"],"relics":["Cracked Core","Golden Idol","Bag of Marbles","Blood Vial","War Paint"],"acts_visited":["Exordium"],"potions_floor_usage":[11],"damage_taken":[{"damage":2,"enemies":"Jaw Worm","floor":1,"turns":3},{"damage":4,"enemies":"Small Slimes","floor":2,"turns":4},{"damage":3,"enemies":"2 Louse","floor":7,"turns":3},{"damage":10,"enemies":"Gremlin Gang","floor":11,"turns":8},{"damage":10,"enemies":"Exordium Thugs","floor":12,"turns":5},{"damage":0,"enemies":"Large Slime","floor":13,"turns":7},{"damage":70,"enemies":"Hexaghost","floor":16,"turns":16}],"seed_played":"7747783346458046363","potions_obtained":[{"floor":7,"key":"SpeedPotion"},{"floor":13,"key":"Explosive Potion"}],"is_trial":false,"path_per_floor":["M","M","?","?","?","R","M","R","T","R","M","M","M","$","R","B"],"character_chosen":"DEFECT","items_purchased":["Blood Vial","Auto Shields","War Paint"],"campfire_rested":2,"item_purchase_floors":[14,14,14],"current_hp_per_floor":[66,62,44,44,44,44,41,41,41,63,53,43,43,43,65,0,0],"gold":29,"neow_bonus":"THREE_CARDS","is_daily":false,"chose_seed":false,"campfire_upgraded":2,"win_rate":0.0,"timestamp":1614152601,"path_taken":["M","M","?","?","?","R","M","R","T","R","M","?","M","?","R","BOSS"],"items_purchased_type":["Relic","Card","Relic"],"build_version":"2020-12-22","purchased_purges":0,"victory":false,"max_hp_per_floor":[75,75,75,75,75,75,75,75,75,75,75,75,75,75,75,75,75],"card_choices":[{"not_picked":["Coolheaded","Beam Cell"],"picked":"BootSequence","floor":0},{"not_picked":["Stack","Static Discharge"],"picked":"Turbo","floor":1},{"not_picked":["Cold Snap","Turbo"],"picked":"Beam Cell","floor":2},{"not_picked":["Streamline","Loop"],"picked":"Glacier","floor":7},{"not_picked":["Sweeping Beam","Beam Cell"],"picked":"Chaos","floor":11},{"not_picked":["Compile Driver","Go for the Eyes"],"picked":"Defragment","floor":12},{"not_picked":["Ball Lightning","Double Energy"],"picked":"Hologram","floor":13}],"player_experience":481760,"relics_obtained":[{"floor":9,"key":"Bag of Marbles"}],"event_choices":[{"damage_healed":0,"gold_gain":0,"player_choice":"Take Damage","damage_taken":18,"relics_obtained":["Golden Idol"],"max_hp_gain":0,"max_hp_loss":0,"event_name":"Golden Idol","floor":3,"gold_loss":0},{"damage_healed":0,"gold_gain":175,"player_choice":"AGREE","damage_taken":0,"max_hp_gain":0,"max_hp_loss":0,"event_name":"Liars Game","floor":4,"gold_loss":0,"cards_obtained":["Doubt"]},{"cards_removed":["Doubt"],"damage_healed":0,"gold_gain":0,"player_choice":"Card Removal","damage_taken":0,"max_hp_gain":0,"max_hp_loss":0,"event_name":"Wheel of Change","floor":5,"gold_loss":0}],"is_beta":false,"boss_relics":[],"items_purged_floors":[],"is_endless":false,"potions_floor_spawned":[7,13],"killed_by":"Hexaghost","ascension_level":12}}