{"host":"2d926qfvvz477zl6","time":1614202808,"event":{"mods":["Aspiration","BaseMod","Challenge The Spire","Colorless Booster Pack","Conspire","Defective Defect","Downfall","GifTheSpireLib","Googly Eyes","GungeonMod","Halation","Hermit","Hubris","Infinite Spire","Minty Spire (QoL Compilation)","Morshu Shopkeeper","Permanent Neow","Poor People Problems","Quick Restart","Rare Cards Sparkle","Reliquary","Replay The Spire","Shedinja","Shop Mod","Somnambulant","Spicy Shops","StS++","StSLib","Stuff the Spire","Td1madao Mod","The Awakened One except there are too many feathers","The Blue Laboratory","The Bug Knight","The Construct","The Cursed","The Disciple","The Edgeheg","The Forsaken","The Hierophant","The Servant 0.9.4","TheFirefly","Uncapped","Useless Jewels Mod","Wandering Minibosses","Wide Potions","egg","everything is the same but u backflip on backflip","slay the spire mod where everything is the same but ironclad has a cowboy hat","thorton"],"gold_per_floor":[109,30,30,45,57,86,86,115,115,207,207,207,225,239,239,312,312,331,43,60,60,60,90,90,117,144,179,197,36,36,50,50,123,223,236,236,176,195,195,195],"floor_reached":39,"language":"ENG","playtime":1032,"items_purged":[],"score":1112,"play_id":"0ae096e6-be26-4f13-84dd-c44471d260a1","local_time":"20210224164008","is_ascension_mode":true,"campfire_choices":[{"data":"Mirror Shield","floor":7.0,"key":"SMITH"},{"data":"Zap","floor":11.0,"key":"SMITH"},{"data":"StSpp:CopyPaste","floor":24.0,"key":"SMITH"},{"floor":30,"key":"REST"},{"data":"hubris:PowerSurge","floor":30,"key":"SMITH"},{"data":"Hologram","floor":32,"key":"SMITH"}],"circlet_count":0,"master_deck":["AscendersBane","Strike_B+1","Strike_B+1","Defend_B+1","Defend_B+1","Defend_B+1","Zap+1","Dualcast","ReplayTheSpireMod:IOU","Clumsy","ReplayTheSpireMod:IOU","ReplayTheSpireMod:IOU","ReplayTheSpireMod:IOU","Mirror Shield+1","Doom and Gloom+1","Lockon","Rebound","Core Surge+1","Sweeping Beam","ReplayTheSpireMod:Splinters","Cold Snap","Melter","Leap","Backstab","StSpp:Dive","Neutralize","Rip and Tear","StSpp:CopyPaste+1","Beam Cell+1","FTL","All For One+1","ReplayTheSpireMod:IOU","BasicCrystalCard","conspire:Rain","Shame","Compile Driver","Barrage","Turbo","hubris:PowerSurge+1","Beam Cell+1","ReplayTheSpireMod:IOU","Rip and Tear","ReplayTheSpireMod:IOU","ReplayTheSpireMod:IOU","Writhe","Conserve Battery","Cold Snap","Hologram+1","ReplayGash","Ball Lightning","All For One","Barrage","StuffTheSpire:GlassShard","ReplayTheSpireMod:IOU","ReplayTheSpireMod:IOU","ReplayTheSpireMod:IOU","ReplayTheSpireMod:IOU","ReplayTheSpireMod:IOU","Hologram","Secret Weapon","Beam Cell","StuffTheSpire:ShieldGenerator"],"relics":["Cracked Core","DemoMod:GundromedaStrain","Replay:Wax Seal","Du-Vu Doll","DemoMod:ClearGuonStone","halation:YellowSoulGem","reliquary:PartyBalloon","hubris:AstralHammer","hubris:ToyBattleship","reliquary:Craggleroot","BargainBundle","DemoMod:PinkGuonStone","Medical Kit","Replay:WaspNest","Prayer Wheel","hubris:Spice","infinitespire:Magic Flask","MealTicket","Boot","halation:PromiseList","reliquary:Bookmark","Replay:Wanted Poster","Tiny Chest","HollowMod:StagPassRelic"],"acts_visited":["Exordium","TheCity","TheBeyond"],"potions_floor_usage":[27],"damage_taken":[{"damage":6.0,"enemies":"2 Louse","floor":1.0,"turns":2.0},{"damage":0.0,"enemies":"Jaw Worm","floor":4.0,"turns":1.0},{"damage":0.0,"enemies":"Cultist","floor":5.0,"turns":2.0},{"damage":3.0,"enemies":"3 Sentries","floor":6.0,"turns":3.0},{"damage":0.0,"enemies":"Gremlin Nob","floor":8.0,"turns":2.0},{"damage":0.0,"enemies":"Blue Slaver","floor":13.0,"turns":1.0},{"damage":0.0,"enemies":"Red Slaver","floor":14.0,"turns":1.0},{"damage":2.0,"enemies":"Slime Boss","floor":16.0,"turns":2.0},{"damage":6.0,"enemies":"Shell Parasite","floor":18.0,"turns":2.0},{"damage":1.0,"enemies":"2 Thieves","floor":20.0,"turns":3.0},{"damage":15.0,"enemies":"Nightmare","floor":23.0,"turns":4.0},{"damage":25.0,"enemies":"Gremlin Leader","floor":25.0,"turns":4.0},{"damage":2,"enemies":"Slavers","floor":27,"turns":1},{"damage":0,"enemies":"Chosen and Byrds","floor":28,"turns":3},{"damage":0,"enemies":"Snecko","floor":31,"turns":1},{"damage":0,"enemies":"conspire:MysteriousRune","floor":33,"turns":3},{"damage":0,"enemies":"Orb Walker","floor":35,"turns":1},{"damage":0,"enemies":"3 Darklings","floor":38,"turns":1},{"damage":0,"enemies":"infinitespire:Three Voidlings","floor":39,"turns":2},{"damage":93,"enemies":"Nightmare_Alpha","floor":39,"turns":4}],"seed_played":"5857594029881515310","potions_obtained":[{"floor":4.0,"key":"blueLaboratory:BottleOfVodka"},{"floor":6.0,"key":"BlessingOfTheForge"},{"floor":25.0,"key":"blueLaboratory:BiasPotion"},{"floor":31,"key":"blueLaboratory:FrostheartPotion"}],"is_trial":false,"path_per_floor":["M","$","?","M","M","E","R","E","T","?","R","?","M","M","R","B",null,"M","$","M","?","?","NM","R","E","T","E","M","$","R","M","R","B",null,"M","?","$","M","?"],"character_chosen":"DEFECT","items_purchased":["Replay:Wax Seal","Du-Vu Doll","DemoMod:ClearGuonStone","Mirror Shield","Doom and Gloom+1","BargainBundle","FTL","All For One+1","DemoMod:PinkGuonStone","blueLaboratory:BubblePotion","BasicCrystalCard","conspire:Rain","Medical Kit","halation:PromiseList","Rip and Tear","reliquary:Bookmark","Conserve Battery","Cold Snap","Hologram","Tiny Chest","HollowMod:StagPassRelic","Hologram","Secret Weapon"],"campfire_rested":1,"item_purchase_floors":[2,2,2,2,2,19,19,19,19,19,19,19,19,29,29,29,29,29,29,37,37,37,37],"current_hp_per_floor":[40,40,40,40,40,37,37,37,37,37,37,37,37,37,58,56,67,61,68,67,67,67,60,60,35,35,33,33,48,73,73,73,73,83,83,83,86,86,0,0],"gold":195,"neow_bonus":"ONE_RARE_RELIC","is_daily":false,"chose_seed":false,"campfire_upgraded":5,"win_rate":0.0,"timestamp":1614202808,"path_taken":["M","$","?","M","M","E","R","E","T","?","R","?","M","M","R","BOSS","M","$","M","?","?","NM","R","E","T","E","?","$","R","M","R","BOSS","M","?","$","M","?"],"items_purchased_type":["Relic","Relic","Relic","Card","Card","Relic","Card","Card","Relic","Potion","Card","Card","Relic","Relic","Card","Relic","Card","Card","Card","Relic","Relic","Card","Card"],"build_version":"2020-12-22","purchased_purges":0,"victory":false,"max_hp_per_floor":[71,71,71,71,71,71,71,71,71,71,71,71,71,71,71,71,71,71,78,78,78,78,86,86,86,86,86,86,86,86,86,86,86,86,86,86,86,86,86,86],"card_choices":[{"not_picked":["Aggregate","ReplaySolidLightProjector","Redo"],"picked":"SKIP","floor":1.0},{"not_picked":["FIFO Queue","Coolheaded"],"picked":"Lockon","floor":4.0},{"not_picked":["Auto Shields","Gash"],"picked":"Rebound","floor":5.0},{"not_picked":["StuffTheSpire:GlassShard","Ball Lightning"],"picked":"Core Surge","floor":6.0},{"not_picked":["Cold Snap","Panic Button"],"picked":"Sweeping Beam","floor":8.0},{"not_picked":["StuffTheSpire:LoadUp","hubris:PowerSurge"],"picked":"Cold Snap","floor":10.0},{"not_picked":["StuffTheSpire:LoadUp","Cold Snap"],"picked":"Melter","floor":10.0},{"not_picked":["Double Energy","Redo"],"picked":"Leap","floor":10.0},{"not_picked":["conspire:Rain","Turbo"],"picked":"Rip and Tear","floor":13.0},{"not_picked":["BasicCrystalCard","ReplayTheSpireMod:Calculation Training"],"picked":"StSpp:CopyPaste","floor":14.0},{"not_picked":["Creative AI","hubris:Prefetch"],"picked":"ReplayTheSpireMod:Fabricate Wheel","floor":16.0},{"not_picked":["StuffTheSpire:Plugnplay","StuffTheSpire:NuclearReactor"],"picked":"Beam Cell+1","floor":18.0},{"not_picked":["Coolheaded","Go for the Eyes"],"picked":"Compile Driver","floor":20.0},{"not_picked":["BasicCrystalCard","Go for the Eyes"],"picked":"Barrage","floor":23.0},{"not_picked":["Chaos","Streamline"],"picked":"Turbo","floor":25.0},{"not_picked":["BasicCrystalCard","aspiration:Polymerization","StuffTheSpire:Plugnplay"],"picked":"SKIP","floor":27},{"not_picked":["Reinforced Body","Cold Snap"],"picked":"hubris:PowerSurge","floor":28},{"not_picked":["Reinforced Body","Stack"],"picked":"Beam Cell+1","floor":28},{"not_picked":["StuffTheSpire:LoadUp","StuffTheSpire:Plugnplay"],"picked":"ReplayGash","floor":31},{"not_picked":["Streamline","ReplayTheSpireMod:GoodbyeWorld"],"picked":"Ball Lightning","floor":31},{"not_picked":["StSpp:CopyPaste","Core Surge"],"picked":"All For One","floor":33},{"not_picked":["Consume","StSpp:Igniter+1"],"picked":"Barrage","floor":35},{"not_picked":["StSpp:Fierceness","Hello World"],"picked":"StuffTheSpire:GlassShard","floor":35},{"not_picked":["Turbo+1","Capacitor"],"picked":"Beam Cell","floor":38},{"not_picked":["Conserve Battery","Leap"],"picked":"StuffTheSpire:ShieldGenerator","floor":38}],"player_experience":539797,"relics_obtained":[{"floor":6.0,"key":"reliquary:PartyBalloon"},{"floor":8.0,"key":"hubris:AstralHammer"},{"floor":9.0,"key":"hubris:ToyBattleship"},{"floor":23.0,"key":"hubris:Spice"},{"floor":25.0,"key":"infinitespire:Magic Flask"},{"floor":26.0,"key":"MealTicket"},{"floor":27,"key":"Boot"}],"event_choices":[{"damage_healed":0.0,"max_hp_gain":0.0,"max_hp_loss":0.0,"gold_gain":0.0,"event_name":"Back to Basics","player_choice":"Simplicity","floor":21.0,"gold_loss":0.0,"damage_taken":0.0,"cards_upgraded":["Strike_B","Strike_B","Defend_B","Defend_B","Defend_B"]},{"damage_healed":0.0,"max_hp_gain":0.0,"max_hp_loss":0.0,"gold_gain":0.0,"event_name":"WeMeetAgain","player_choice":"Gave Potion","floor":22.0,"gold_loss":0.0,"damage_taken":0.0,"relics_obtained":["Replay:WaspNest"]},{"damage_healed":0,"gold_gain":0,"player_choice":"Ignored","damage_taken":0,"max_hp_gain":0,"max_hp_loss":0,"event_name":"Tomb of Lord Red Mask","floor":36,"gold_loss":0}],"is_beta":false,"boss_relics":[{"not_picked":["StuffTheSpire:RunicConfusion","Runic Dome"],"picked":"reliquary:Craggleroot"},{"not_picked":["StSpp:PileOfSugar","hubris:Spice"],"picked":"Replay:Wanted Poster"}],"items_purged_floors":[],"is_endless":true,"potions_floor_spawned":[4,6,14,23,25,31,35,39],"killed_by":"Nightmare_Alpha","ascension_level":14}}