{"host":"vqun63pi4q2xs0ca","time":1614186464,"event":{"mods":["BaseMod","Minty Spire (QoL Compilation)","Relic Stats","StSLib"],"gold_per_floor":[99,99,99,39,39,39,39,39,39,39,39,39,39,39,39,39,39],"floor_reached":16,"language":"ENG","playtime":869,"items_purged":[],"score":282,"play_id":"817586e0-c33a-4608-b938-8262cc8ec01e","local_time":"20210224170744","is_ascension_mode":true,"campfire_choices":[{"floor":11,"key":"REST"},{"floor":15,"key":"REST"}],"circlet_count":0,"master_deck":["AscendersBane","Strike_B","Strike_B","Strike_B","Strike_B","Defend_B","Defend_B","Defend_B","Defend_B","Zap","Dualcast","Glacier","Rebound","Capacitor","Cold Snap","Reinforced Body","Hello World","Sweeping Beam","Sunder","Pain","Recycle"],"relics":["Ectoplasm","Darkstone Periapt","Golden Idol","Happy Flower","WarpedTongs","Vajra"],"acts_visited":["Exordium"],"potions_floor_usage":[6,6,14,16],"damage_taken":[{"damage":14,"enemies":"Jaw Worm","floor":1,"turns":4},{"damage":0,"enemies":"Cultist","floor":2,"turns":4},{"damage":5,"enemies":"Small Slimes","floor":3,"turns":4},{"damage":7,"enemies":"Looter","floor":4,"turns":4},{"damage":12,"enemies":"Exordium Wildlife","floor":5,"turns":4},{"damage":0,"enemies":"3 Sentries","floor":6,"turns":9},{"damage":0,"enemies":"Exordium Thugs","floor":7,"turns":5},{"damage":0,"enemies":"2 Fungi Beasts","floor":10,"turns":5},{"damage":15,"enemies":"Large Slime","floor":13,"turns":5},{"damage":9,"enemies":"Lagavulin","floor":14,"turns":9},{"damage":48,"enemies":"Slime Boss","floor":16,"turns":9}],"seed_played":"-5359633164417040229","potions_obtained":[{"floor":1,"key":"GamblersBrew"},{"floor":3,"key":"BlessingOfTheForge"},{"floor":6,"key":"Energy Potion"},{"floor":7,"key":"DistilledChaos"},{"floor":10,"key":"ColorlessPotion"}],"is_trial":false,"path_per_floor":["M","M","M","M","M","E","M","?","T","M","R","?","M","E","R","B"],"character_chosen":"DEFECT","items_purchased":[],"campfire_rested":2,"item_purchase_floors":[],"current_hp_per_floor":[50,50,45,38,26,26,26,26,26,26,45,51,36,27,48,0,0],"gold":39,"neow_bonus":"BOSS_RELIC","is_daily":false,"chose_seed":false,"campfire_upgraded":0,"win_rate":0.0,"timestamp":1614186464,"path_taken":["M","M","M","M","M","E","M","?","T","M","R","?","?","E","R","BOSS"],"items_purchased_type":[],"build_version":"2020-12-22","purchased_purges":0,"victory":false,"max_hp_per_floor":[71,71,71,71,71,71,71,64,64,64,64,70,70,70,70,70,70],"relic_stats":{"Darkstone Periapt":6,"Happy Flower":[9],"counters":[11,62],"Golden Idol":14,"Ectoplasm":260,"obtain_stats":[{"Darkstone Periapt":6,"Happy Flower":9,"Golden Idol":8,"Vajra":14,"Ectoplasm":0,"Cracked Core":0,"WarpedTongs":12},{"Darkstone Periapt":6,"Happy Flower":7,"Golden Idol":7,"Vajra":10,"Ectoplasm":0,"Cracked Core":0,"WarpedTongs":8},{"Darkstone Periapt":29,"Happy Flower":34,"Golden Idol":34,"Vajra":53,"Ectoplasm":0,"Cracked Core":0,"WarpedTongs":39}],"WarpedTongs":[23]},"card_choices":[{"not_picked":["Stack","Skim"],"picked":"Glacier","floor":1},{"not_picked":["Self Repair","Chill"],"picked":"Rebound","floor":2},{"not_picked":["Stack","Beam Cell"],"picked":"Capacitor","floor":3},{"not_picked":["Skim","FTL"],"picked":"Cold Snap","floor":4},{"not_picked":["Gash","Scrape"],"picked":"Reinforced Body","floor":5},{"not_picked":["Conserve Battery","Stack"],"picked":"Hello World","floor":6},{"not_picked":["Darkness","Force Field"],"picked":"Sweeping Beam","floor":7},{"not_picked":["Stack","Gash"],"picked":"Sunder","floor":10},{"not_picked":["Sweeping Beam","Darkness"],"picked":"Recycle","floor":13},{"not_picked":["Fusion","Double Energy","Reprogram"],"picked":"SKIP","floor":14}],"player_experience":1638375,"relics_obtained":[{"floor":6,"key":"Darkstone Periapt"},{"floor":9,"key":"Happy Flower"},{"floor":14,"key":"Vajra"}],"event_choices":[{"damage_healed":0,"gold_gain":0,"player_choice":"Lose Max HP","damage_taken":0,"relics_obtained":["Golden Idol"],"max_hp_gain":0,"max_hp_loss":7,"event_name":"Golden Idol","floor":8,"gold_loss":0},{"damage_healed":0,"gold_gain":0,"player_choice":"Rummage","damage_taken":0,"relics_obtained":["WarpedTongs"],"max_hp_gain":0,"max_hp_loss":0,"event_name":"Accursed Blacksmith","floor":12,"gold_loss":0,"cards_obtained":["Pain"]}],"is_beta":false,"boss_relics":[],"items_purged_floors":[],"is_endless":false,"potions_floor_spawned":[1,3,6,7,10,13],"killed_by":"Slime Boss","ascension_level":20}}