{"host":"gkm149kh1ihaqy0o","time":1614149713,"event":{"mods":["AchievementEnabler","BaseMod","Colored Powertips","Curses Come First","Dark Map","Key Reminder","Minty Spire (QoL Compilation)","Permanent Neow","Quick Restart","Random Character Button","Rare Cards Sparkle","Relic Sorter","Relic Stats","StSLib","SuperFastMode","Unceasing Turn Reminder","everything is the same but u backflip on backflip"],"gold_per_floor":[114,133,149,165,184,219,219,250,273,448,169,169,124,136,136,238,238,256,256,268,282,282,282,282,282,332,332,332,351,369,379,379,379,379],"floor_reached":33,"language":"ENG","playtime":1197,"items_purged":["Doubt"],"score":464,"play_id":"729ac7e8-68b7-4bd7-ad64-d94ae4b08c02","local_time":"20210224005513","is_ascension_mode":true,"campfire_choices":[{"floor":7,"key":"REST"},{"floor":12,"key":"REST"},{"data":"1","floor":15,"key":"LIFT"},{"floor":23,"key":"REST"},{"floor":24,"key":"REST"},{"data":"2","floor":25,"key":"LIFT"},{"data":"3","floor":27,"key":"LIFT"},{"floor":32,"key":"REST"}],"circlet_count":0,"master_deck":["AscendersBane","Strike_B","Strike_B","Strike_B","Defend_B","Defend_B","Defend_B","Defend_B","Zap+1","Dualcast","CurseOfTheBell","Cold Snap+1","Steam+1","Gash+1","Storm","Rainbow","Melter+1","Streamline+1","Scrape+1","Defragment","Hologram","Amplify","Go for the Eyes+1","Necronomicurse","Steam","Purity","Loop","Ball Lightning+1","Biased Cognition"],"relics":["Calling Bell","Anchor","Molten Egg 2","Girya","Art of War","WingedGreaves","Ancient Tea Set","Busted Crown","Necronomicon","War Paint"],"acts_visited":["Exordium","TheCity"],"potions_floor_usage":[4,4,8,8,14,16,16,33],"damage_taken":[{"damage":0,"enemies":"2 Louse","floor":1,"turns":2},{"damage":0,"enemies":"Small Slimes","floor":2,"turns":3},{"damage":0,"enemies":"Cultist","floor":3,"turns":4},{"damage":11,"enemies":"Large Slime","floor":4,"turns":7},{"damage":9,"enemies":"Looter","floor":5,"turns":4},{"damage":32,"enemies":"3 Sentries","floor":6,"turns":9},{"damage":22,"enemies":"Gremlin Nob","floor":8,"turns":4},{"damage":0,"enemies":"Lots of Slimes","floor":14,"turns":3},{"damage":0,"enemies":"Slime Boss","floor":16,"turns":10},{"damage":6,"enemies":"Shell Parasite","floor":18,"turns":4},{"damage":23,"enemies":"2 Thieves","floor":20,"turns":5},{"damage":9,"enemies":"Cultist and Chosen","floor":21,"turns":6},{"damage":7,"enemies":"Centurion and Healer","floor":29,"turns":5},{"damage":11,"enemies":"3 Cultists","floor":30,"turns":4},{"damage":23,"enemies":"Chosen and Byrds","floor":31,"turns":6},{"damage":96,"enemies":"Automaton","floor":33,"turns":10}],"seed_played":"-5222311233852695878","potions_obtained":[{"floor":3,"key":"EntropicBrew"},{"floor":4,"key":"Energy Potion"},{"floor":6,"key":"Swift Potion"},{"floor":8,"key":"LiquidBronze"},{"floor":14,"key":"Dexterity Potion"},{"floor":20,"key":"LiquidMemories"}],"is_trial":false,"path_per_floor":["M","M","M","M","M","E","R","E","T","?","$","R","?","M","R","B",null,"M","?","M","M","?","R","R","R","T","R","?","M","M","M","R","B"],"character_chosen":"DEFECT","items_purchased":["Scrape+1","Weak Potion","Defragment"],"campfire_rested":5,"item_purchase_floors":[11,11,11],"current_hp_per_floor":[68,68,68,57,48,16,38,16,16,16,16,38,38,38,38,38,66,60,60,37,28,12,34,56,56,56,56,56,49,38,15,37,0,0],"gold":379,"neow_bonus":"BOSS_RELIC","is_daily":false,"chose_seed":false,"campfire_upgraded":0,"win_rate":0.0,"timestamp":1614149713,"path_taken":["M","M","M","M","M","E","R","E","T","?","$","R","?","M","R","BOSS","M","?","M","?","?","R","R","R","T","R","?","M","?","M","R","BOSS"],"items_purchased_type":["Card","Potion","Card"],"build_version":"2020-12-22","purchased_purges":1,"victory":false,"max_hp_per_floor":[75,75,75,75,75,75,75,75,75,75,75,75,75,75,75,75,75,75,75,75,75,75,75,75,75,75,75,75,75,75,75,75,75,75],"relic_stats":{"Busted Crown":12,"counters":[16,86],"Art of War":[3],"Necronomicon":[4],"War Paint":["Zap","Steam"],"obtain_stats":[{"Calling Bell":0,"Girya":0,"Anchor":0,"Busted Crown":17,"Molten Egg 2":0,"WingedGreaves":8,"Art of War":6,"Necronomicon":22,"War Paint":26,"Cracked Core":0,"Ancient Tea Set":9},{"Calling Bell":0,"Girya":0,"Anchor":0,"Busted Crown":9,"Molten Egg 2":0,"WingedGreaves":7,"Art of War":6,"Necronomicon":12,"War Paint":12,"Cracked Core":0,"Ancient Tea Set":7},{"Calling Bell":0,"Girya":0,"Anchor":0,"Busted Crown":46,"Molten Egg 2":0,"WingedGreaves":33,"Art of War":29,"Necronomicon":61,"War Paint":61,"Cracked Core":0,"Ancient Tea Set":33}]},"card_choices":[{"not_picked":["Leap","Tempest"],"picked":"Cold Snap+1","floor":1},{"not_picked":["Blizzard+1","Leap"],"picked":"Steam","floor":2},{"not_picked":["Cold Snap+1","Force Field"],"picked":"Gash+1","floor":3},{"not_picked":["Reprogram","Turbo"],"picked":"Storm","floor":4},{"not_picked":["Stack","Darkness"],"picked":"Rainbow","floor":5},{"not_picked":["Redo","Reinforced Body"],"picked":"Melter+1","floor":6},{"not_picked":["Hologram","Stack"],"picked":"Streamline+1","floor":8},{"not_picked":["Compile Driver+1","Redo"],"picked":"Hologram","floor":14},{"not_picked":["Rainbow","Buffer"],"picked":"Amplify","floor":16},{"not_picked":["Redo"],"picked":"SKIP","floor":18},{"not_picked":[],"picked":"Go for the Eyes+1","floor":20},{"not_picked":["Barrage+1"],"picked":"SKIP","floor":21},{"not_picked":[],"picked":"Loop","floor":29},{"not_picked":[],"picked":"Ball Lightning+1","floor":30},{"not_picked":[],"picked":"Biased Cognition","floor":31}],"player_experience":669927,"relics_obtained":[{"floor":0,"key":"Anchor"},{"floor":0,"key":"Molten Egg 2"},{"floor":0,"key":"Girya"},{"floor":6,"key":"Art of War"},{"floor":8,"key":"WingedGreaves"},{"floor":9,"key":"Ancient Tea Set"},{"floor":22,"key":"Necronomicon"},{"floor":26,"key":"War Paint"}],"event_choices":[{"damage_healed":0,"gold_gain":175,"player_choice":"AGREE","damage_taken":0,"max_hp_gain":0,"max_hp_loss":0,"event_name":"Liars Game","floor":10,"gold_loss":0,"cards_obtained":["Doubt"]},{"damage_healed":0,"gold_gain":0,"player_choice":"Left Gold","damage_taken":0,"max_hp_gain":0,"max_hp_loss":0,"event_name":"World of Goop","floor":13,"gold_loss":45},{"cards_removed":["Strike_B"],"damage_healed":0,"gold_gain":0,"player_choice":"Purged","damage_taken":0,"max_hp_gain":0,"max_hp_loss":0,"event_name":"Purifier","floor":19,"gold_loss":0},{"damage_healed":0,"gold_gain":0,"player_choice":"Obtained Book","damage_taken":16,"max_hp_gain":0,"max_hp_loss":0,"event_name":"Cursed Tome","floor":22,"gold_loss":0},{"damage_healed":0,"gold_gain":0,"player_choice":"2 cards matched","damage_taken":0,"max_hp_gain":0,"max_hp_loss":0,"event_name":"Match and Keep!","floor":28,"gold_loss":0,"cards_obtained":["Steam","Purity"]}],"is_beta":false,"boss_relics":[{"not_picked":["Coffee Dripper","Runic Dome"],"picked":"Busted Crown"}],"items_purged_floors":[11],"is_endless":false,"potions_floor_spawned":[3,4,6,8,14,20],"killed_by":"Automaton","ascension_level":10}}