{"host":"yfdtuf6ojcxn06xg","time":1614144849,"event":{"mods":["2.2 Compatiblity","AchievementEnabler","BaseMod","Colored Map","Colored Powertips","Curses Come First","Hermit","JesterMod","Jorbs\u0027s Wanderer Trilogy","Minty Spire (QoL Compilation)","Quick Restart","Rare Cards Sparkle","Relic Stats","Replay The Spire","StSLib","The Cursed","The Disciple","The Hierophant","The Jungle","The Marked","The Necromancer","The Servant 0.9.4"],"gold_per_floor":[10,10,10,20,20,46,46,56,79,79,90,120,120,120,120,145,145,247,247,257,257,275,13,23,23,54,64,64,74,74,105,128,148,148,247,247,262,312,160,174,528,528,558,575,643,163,179,211,211,222,222,222],"floor_reached":53,"language":"ENG","playtime":1925,"items_purged":["Strike_B","Defend_B"],"score":1250,"play_id":"639a6b59-dac5-4d1c-8052-4750d4ef467b","local_time":"20210224003409","is_ascension_mode":true,"campfire_choices":[{"floor":7,"key":"REST"},{"floor":10,"key":"REST"},{"floor":17,"key":"REST"},{"floor":25,"key":"REST"},{"data":"Capacitor","floor":30,"key":"SMITH"},{"floor":34,"key":"REST"},{"floor":42,"key":"REST"},{"data":"Capacitor","floor":49,"key":"SMITH"},{"data":"Defragment","floor":49,"key":"SMITH"},{"floor":51,"key":"REST"}],"circlet_count":0,"master_deck":["Defend_B","Defend_B","Zap","Dualcast","Storm","Storm","Lockon","Redo","Conserve Battery","Electrodynamics","Thunder Strike","Capacitor+1","Leap+1","ReplayTheSpireMod:Calculation Training","ReplayTheSpireMod:Calculation Training","ReplayTheSpireMod:Calculation Training","Electrodynamics","Static Discharge","Defragment+1","Leap+1","Hologram","Barrage+1","Capacitor+1","Conserve Battery","Force Field","Leap+1","Redo","Conserve Battery"],"relics":["Cracked Core","Bronze Scales","Tiny Chest","Ancient Tea Set","Kunai","Philosopher\u0027s Stone","Letter Opener","FossilizedHelix","Garlic","Mercury Hourglass","ReplayTheSpireMod:Lightbulb","ChewingGum","Prayer Wheel","Replay:Arrowhead","Old Coin","Lantern","Blue Candle","Replay:Ringing Soul","ReplayTheSpireMod:Ninjato"],"acts_visited":["Exordium","TheCity","TheBeyond"],"potions_floor_usage":[12,16,27,35,41,43,50,52],"damage_taken":[{"damage":0,"enemies":"2 Louse","floor":1,"turns":2},{"damage":7,"enemies":"Jaw Worm","floor":4,"turns":3},{"damage":53,"enemies":"Lagavulin","floor":6,"turns":7},{"damage":1,"enemies":"Cultist","floor":8,"turns":4},{"damage":13,"enemies":"Red Slaver","floor":11,"turns":3},{"damage":26,"enemies":"Gremlin Nob","floor":12,"turns":4},{"damage":18,"enemies":"Lagavulin","floor":16,"turns":6},{"damage":34,"enemies":"Fading Forest","floor":18,"turns":11},{"damage":19,"enemies":"2 Thieves","floor":20,"turns":3},{"damage":2,"enemies":"Spheric Guardian","floor":22,"turns":3},{"damage":21,"enemies":"Centurion and Healer","floor":24,"turns":4},{"damage":0,"enemies":"Gremlin Leader","floor":26,"turns":5},{"damage":5,"enemies":"Snake Plant","floor":27,"turns":3},{"damage":0,"enemies":"Sentry and Sphere","floor":29,"turns":3},{"damage":21,"enemies":"Book of Stabbing","floor":31,"turns":4},{"damage":0,"enemies":"Centurion and Healer","floor":33,"turns":3},{"damage":5,"enemies":"Pondfish","floor":35,"turns":5},{"damage":0,"enemies":"Orb Walker","floor":37,"turns":3},{"damage":30,"enemies":"Mind Bloom Boss Battle","floor":38,"turns":4},{"damage":8,"enemies":"3 Darklings","floor":40,"turns":3},{"damage":13,"enemies":"2 Orb Walkers","floor":41,"turns":3},{"damage":0,"enemies":"Nemesis","floor":43,"turns":5},{"damage":0,"enemies":"Transient","floor":44,"turns":5},{"damage":0,"enemies":"Maw","floor":47,"turns":4},{"damage":0,"enemies":"Reptomancer","floor":48,"turns":4},{"damage":0,"enemies":"Spire Growth","floor":50,"turns":4},{"damage":24,"enemies":"Donu and Deca","floor":52,"turns":6}],"seed_played":"-7957910385294241083","potions_obtained":[{"floor":6,"key":"EssenceOfSteel"},{"floor":12,"key":"LiquidBronze"},{"floor":18,"key":"SteroidPotion"},{"floor":24,"key":"Block Potion"},{"floor":31,"key":"Swift Potion"},{"floor":35,"key":"Toxic Potion"},{"floor":38,"key":"FearPotion"},{"floor":41,"key":"Venom Potion"},{"floor":50,"key":"Fruit Juice"}],"is_trial":false,"path_per_floor":["M","?","?","M","$","E","R","M","T","R","M","E","?","PTL","PTL","E","R","B",null,"M","?","M","$","M","R","E","M","T","M","R","E","T","M","R","B",null,"M","?","$","M","?","R","E","M","T","$","M","E","R","M","R","B",null],"character_chosen":"DEFECT","items_purchased":["Letter Opener","Defragment","Capacitor","Conserve Battery","Replay:Ringing Soul"],"campfire_rested":7,"item_purchase_floors":[23,39,46,46,46],"current_hp_per_floor":[75,75,80,73,73,20,44,43,43,67,54,28,28,28,28,10,34,22,80,61,61,59,59,38,62,62,57,57,57,57,36,36,36,60,55,80,80,50,50,42,29,53,53,53,53,53,56,59,59,67,94,70],"gold":222,"neow_bonus":"REMOVE_TWO","is_daily":false,"chose_seed":false,"campfire_upgraded":3,"win_rate":0.0,"timestamp":1614144849,"path_taken":["M","?","?","M","$","E","R","M","T","R","M","E","?","PTL","PTL","E","R","BOSS","M","?","M","$","M","R","E","?","T","M","R","E","?","M","R","BOSS","M","?","$","M","?","R","E","M","T","$","M","E","R","M","R","BOSS"],"items_purchased_type":["Relic","Card","Card","Card","Relic"],"build_version":"2020-12-22","purchased_purges":2,"victory":true,"max_hp_per_floor":[75,75,80,80,80,80,80,80,80,80,80,80,80,80,80,80,80,80,80,80,80,80,80,80,80,80,80,80,80,80,80,80,80,80,80,80,80,80,80,80,80,80,80,80,80,80,83,86,86,94,94,94],"relic_stats":{"counters":[27,114],"Bronze Scales":[216],"Blue Candle":[0],"Tiny Chest":1,"Prayer Wheel":4,"Kunai":[1],"Letter Opener":[196],"obtain_stats":[{"Lantern":43,"ReplayTheSpireMod:Ninjato":48,"Blue Candle":45,"Letter Opener":23,"Ancient Tea Set":12,"Replay:Arrowhead":38,"Mercury Hourglass":31,"Old Coin":41,"Replay:Ringing Soul":46,"Bronze Scales":6,"Tiny Chest":9,"Philosopher\u0027s Stone":19,"ChewingGum":36,"Prayer Wheel":38,"Garlic":28,"Kunai":16,"Cracked Core":0,"ReplayTheSpireMod:Lightbulb":32,"FossilizedHelix":26},{"Lantern":22,"ReplayTheSpireMod:Ninjato":25,"Blue Candle":23,"Letter Opener":10,"Ancient Tea Set":6,"Replay:Arrowhead":19,"Mercury Hourglass":15,"Old Coin":21,"Replay:Ringing Soul":23,"Bronze Scales":3,"Tiny Chest":4,"Philosopher\u0027s Stone":8,"ChewingGum":17,"Prayer Wheel":19,"Garlic":13,"Kunai":7,"Cracked Core":0,"ReplayTheSpireMod:Lightbulb":15,"FossilizedHelix":12},{"Lantern":91,"ReplayTheSpireMod:Ninjato":104,"Blue Candle":96,"Letter Opener":46,"Ancient Tea Set":23,"Replay:Arrowhead":80,"Mercury Hourglass":65,"Old Coin":86,"Replay:Ringing Soul":96,"Bronze Scales":12,"Tiny Chest":16,"Philosopher\u0027s Stone":40,"ChewingGum":73,"Prayer Wheel":77,"Garlic":58,"Kunai":29,"Cracked Core":0,"ReplayTheSpireMod:Lightbulb":65,"FossilizedHelix":55}],"Mercury Hourglass":[198]},"card_choices":[{"not_picked":["Hologram","Barrage"],"picked":"Storm","floor":1},{"not_picked":["Streamline","Leap"],"picked":"Storm","floor":4},{"not_picked":["Cold Snap","Streamline"],"picked":"Lockon","floor":6},{"not_picked":["Leap","Turbo"],"picked":"Redo","floor":8},{"not_picked":["Compile Driver","Cold Snap","Chaos"],"picked":"SKIP","floor":11},{"not_picked":["Reprogram","Go for the Eyes"],"picked":"Conserve Battery","floor":12},{"not_picked":["Rebound","Sweeping Beam"],"picked":"Electrodynamics","floor":16},{"not_picked":["Machine Learning","Reboot"],"picked":"Thunder Strike","floor":18},{"not_picked":["Sweeping Beam","Streamline"],"picked":"Capacitor","floor":20},{"not_picked":["Streamline","Sweeping Beam+1"],"picked":"Leap+1","floor":22},{"not_picked":["Sweeping Beam","Panic Button+1"],"picked":"ReplayTheSpireMod:Calculation Training","floor":24},{"not_picked":["Turbo","Core Surge"],"picked":"ReplayTheSpireMod:Calculation Training","floor":26},{"not_picked":["BasicCrystalCard","Blizzard+1","Panic Button"],"picked":"SKIP","floor":27},{"not_picked":["Genetic Algorithm","Go for the Eyes"],"picked":"ReplayTheSpireMod:Calculation Training","floor":29},{"not_picked":["Go for the Eyes","Sweeping Beam+1"],"picked":"Electrodynamics","floor":31},{"not_picked":["ReplayTheSpireMod:System Scan","Lockon"],"picked":"Static Discharge","floor":33},{"not_picked":["Mirror Shield","Hyperbeam"],"picked":"ReplayTheSpireMod:Fabricate Wheel","floor":35},{"not_picked":["Glacier","Compile Driver+1","Time Bomb"],"picked":"SKIP","floor":37},{"not_picked":["Stack","Coolheaded+1"],"picked":"Leap+1","floor":40},{"not_picked":["Leap","Turbo"],"picked":"Hologram","floor":40},{"not_picked":["Glacier","Go for the Eyes+1"],"picked":"Barrage+1","floor":41},{"not_picked":["ReplayRNGCard","Chill","Panic Button+1"],"picked":"SKIP","floor":43},{"not_picked":["Recycle","Coolheaded+1","Compile Driver"],"picked":"SKIP","floor":44},{"not_picked":["Melter+1","Glacier","Streamline+1"],"picked":"SKIP","floor":44},{"not_picked":["Turbo","Stack+1"],"picked":"Force Field","floor":47},{"not_picked":["Turbo+1","Hello World+1","Melter+1"],"picked":"SKIP","floor":47},{"not_picked":["Crystallizer+1","Genetic Algorithm"],"picked":"Leap+1","floor":48},{"not_picked":["ReplayTheSpireMod:GoodbyeWorld","Doom and Gloom+1"],"picked":"Redo","floor":50},{"not_picked":["Rebound","Glacier"],"picked":"Conserve Battery","floor":50}],"player_experience":277896,"relics_obtained":[{"floor":6,"key":"Bronze Scales"},{"floor":9,"key":"Tiny Chest"},{"floor":12,"key":"Ancient Tea Set"},{"floor":16,"key":"Kunai"},{"floor":26,"key":"FossilizedHelix"},{"floor":28,"key":"Garlic"},{"floor":31,"key":"Mercury Hourglass"},{"floor":32,"key":"ReplayTheSpireMod:Lightbulb"},{"floor":38,"key":"Replay:Arrowhead"},{"floor":41,"key":"Old Coin"},{"floor":43,"key":"Lantern"},{"floor":45,"key":"Blue Candle"},{"floor":48,"key":"ReplayTheSpireMod:Ninjato"}],"event_choices":[{"damage_healed":0,"gold_gain":0,"player_choice":"Donut","damage_taken":0,"max_hp_gain":5,"max_hp_loss":0,"event_name":"Big Fish","floor":3,"gold_loss":0},{"cards_removed":["Strike_B"],"damage_healed":0,"gold_gain":0,"player_choice":"Offered Basic","damage_taken":0,"max_hp_gain":0,"max_hp_loss":0,"event_name":"Bonfire Elementals","floor":13,"gold_loss":0},{"damage_healed":0,"gold_gain":0,"player_choice":"Bought 0 Potions","damage_taken":0,"max_hp_gain":0,"max_hp_loss":0,"event_name":"The Woman in Blue","floor":21,"gold_loss":0},{"damage_healed":0,"gold_gain":0,"player_choice":"Fight","damage_taken":0,"max_hp_gain":0,"max_hp_loss":0,"event_name":"MindBloom","floor":38,"gold_loss":0},{"damage_healed":0,"gold_gain":0,"player_choice":"Fight","damage_taken":0,"max_hp_gain":0,"max_hp_loss":0,"event_name":"Mysterious Sphere","floor":41,"gold_loss":0}],"is_beta":false,"boss_relics":[{"not_picked":["Coffee Dripper","Fusion Hammer"],"picked":"Philosopher\u0027s Stone"},{"not_picked":["Pandora\u0027s Box","Replay:Wanted Poster"],"picked":"ChewingGum"}],"items_purged_floors":[39,46],"is_endless":false,"potions_floor_spawned":[6,12,18,24,31,35,38,40,41,50],"ascension_level":3}}