{"host":"Jitters","time":1614135549,"event":{"mods":["BaseMod","Colored Powertips","Curses Come First","Downfall","Minty Spire (QoL Compilation)","Relic Stats","Reliquary","Shop Mod","Spicy Shops","StSLib"],"gold_per_floor":[0,13,27,27,27,43,96,96,112,12,46,57,84,102,121,224,224,224,237,237,237,251,251,329,329,346,346,346,26,26,26,46,147,147,147,161,46,63,63,63,88,104,104,116,116,116,116],"floor_reached":45,"language":"ENG","playtime":2058,"items_purged":["Decay","Writhe"],"score":491,"play_id":"3ba4eaeb-9ebc-41eb-8e9d-6697d121b1a6","local_time":"20210223215909","is_ascension_mode":true,"campfire_choices":[{"data":"bronze:Virus","floor":1,"key":"SMITH"},{"data":"bronze:Repulsor","floor":10,"key":"SMITH"},{"data":"bronze:Iterate","floor":18,"key":"SMITH"},{"data":"bronze:Invalidate","floor":23,"key":"SMITH"},{"floor":27,"key":"REST"},{"floor":30,"key":"REST"},{"data":"bronze:Repair","floor":35,"key":"SMITH"},{"data":"bronze:FineTuning","floor":40,"key":"SMITH"},{"floor":43,"key":"REST"}],"circlet_count":0,"master_deck":["bronze:Defend","bronze:Defend","bronze:Defend","bronze:Defend","bronze:Replicate","bronze:Goto","bronze:Virus+1","bronze:Backtrace","bronze:FineTuning+1","bronze:Branch","bronze:Repulsor+1","bronze:Repair+1","bronze:FunctionCard","bronze:Shield+1","Slimebound:Tackle+1","Slimebound:Tackle+1","Slimebound:Tackle+1","bronze:FineTuning+1","bronze:Format+1","bronze:Branch+1","bronze:ChosenStrike+1","Pain","Regret","Regret","bronze:BronzeOrb","bronze:Overload+1"],"relics":["bronze:BronzeCore","downfall:ExtraCursedKey","downfall:HeartBlessingBlue","Lizard Tail","Ancient Tea Set","Busted Crown","Toxic Egg 2","reliquary:SilkGlove","Vajra","Black Star","WarpedTongs","reliquary:SharkskinSheath"],"acts_visited":["Exordium","TheCity","TheBeyond"],"potions_floor_usage":[9,13,21,26,37,42,45],"damage_taken":[{"damage":12,"enemies":"Jaw Worm","floor":2,"turns":2},{"damage":0,"enemies":"Small Slimes","floor":3,"turns":2},{"damage":0,"enemies":"Cultist","floor":6,"turns":2},{"damage":0,"enemies":"2 Fungi Beasts","floor":9,"turns":2},{"damage":15,"enemies":"Lagavulin","floor":11,"turns":6},{"damage":0,"enemies":"Gremlin Gang","floor":12,"turns":3},{"damage":14,"enemies":"3 Sentries","floor":13,"turns":4},{"damage":14,"enemies":"Red Slaver","floor":14,"turns":2},{"damage":0,"enemies":"Blue Slaver","floor":15,"turns":2},{"damage":57,"enemies":"WA_ARCHETYPE_RETAIN","floor":16,"turns":7},{"damage":11,"enemies":"Chosen","floor":19,"turns":2},{"damage":0,"enemies":"Centurion and Healer","floor":21,"turns":1},{"damage":61,"enemies":"Cultist and Chosen","floor":22,"turns":7},{"damage":16,"enemies":"3 Cultists","floor":26,"turns":6},{"damage":0,"enemies":"downfall:FleeingMerchant","floor":29,"turns":4},{"damage":5,"enemies":"Chosen and Byrds","floor":32,"turns":2},{"damage":83,"enemies":"DF_ARCHETYPE_CLAW","floor":33,"turns":9},{"damage":29,"enemies":"3 Darklings","floor":36,"turns":6},{"damage":8,"enemies":"downfall:FleeingMerchant","floor":37,"turns":4},{"damage":17,"enemies":"Orb Walker","floor":38,"turns":2},{"damage":8,"enemies":"3 Darklings","floor":42,"turns":4},{"damage":39,"enemies":"Writhing Mass","floor":44,"turns":6},{"damage":44,"enemies":"Sphere and 2 Shapes","floor":45,"turns":5}],"seed_played":"-5042908669676780239","potions_obtained":[{"floor":3,"key":"ColorlessPotion"},{"floor":6,"key":"SmokeBomb"},{"floor":11,"key":"DistilledChaos"},{"floor":16,"key":"Energy Potion"},{"floor":22,"key":"Explosive Potion"},{"floor":33,"key":"bronze:BurnAndBuffPotion"},{"floor":38,"key":"LiquidMemories"},{"floor":42,"key":"AttackPotion"}],"is_trial":false,"path_per_floor":["R","M","M","?","?","M","T","?","M","R","E","M","E","M","M","B",null,"R","M","?","M","M","R","T","?","M","R","?","$","R","?","M","B",null,"R","M","$","M","?","R","T","M","R","M","M"],"character_chosen":"THE_AUTOMATON","items_purchased":["Vajra","FairyPotion"],"campfire_rested":3,"item_purchase_floors":[29,29],"current_hp_per_floor":[70,58,58,58,58,58,58,58,58,68,53,53,39,25,25,15,80,80,69,69,69,15,15,15,15,6,30,30,30,54,54,49,14,80,80,51,53,36,36,36,36,39,63,34,0,0,0],"gold":116,"neow_bonus":"THREE_RARE_CARDS","is_daily":false,"chose_seed":false,"campfire_upgraded":6,"win_rate":0.0,"timestamp":1614135549,"path_taken":["R","M","M","?","?","M","T","?","M","R","E","M","E","M","M","BOSS","R","M","?","M","M","R","T","?","M","R","?","$","R","?","M","BOSS","R","M","$","M","?","R","T","M","R","M","?"],"items_purchased_type":["Relic","Potion"],"build_version":"2020-11-17","purchased_purges":2,"victory":false,"max_hp_per_floor":[70,70,70,70,70,70,70,70,70,80,80,80,80,80,80,80,80,80,80,80,80,80,80,80,80,80,80,80,80,80,80,80,80,80,80,80,80,80,80,80,80,80,80,80,80,80,80],"relic_stats":{"Lizard Tail":40,"Busted Crown":22,"counters":[23,90],"Black Star":0,"obtain_stats":[{"Lizard Tail":11,"bronze:BronzeCore":0,"Busted Crown":17,"reliquary:SilkGlove":28,"downfall:HeartBlessingBlue":10,"Vajra":29,"downfall:ExtraCursedKey":8,"Black Star":34,"Toxic Egg 2":24,"Ancient Tea Set":13,"WarpedTongs":39,"reliquary:SharkskinSheath":41},{"Lizard Tail":5,"bronze:BronzeCore":0,"Busted Crown":10,"reliquary:SilkGlove":14,"downfall:HeartBlessingBlue":4,"Vajra":15,"downfall:ExtraCursedKey":3,"Black Star":17,"Toxic Egg 2":13,"Ancient Tea Set":7,"WarpedTongs":20,"reliquary:SharkskinSheath":20},{"Lizard Tail":14,"bronze:BronzeCore":0,"Busted Crown":32,"reliquary:SilkGlove":48,"downfall:HeartBlessingBlue":8,"Vajra":52,"downfall:ExtraCursedKey":6,"Black Star":63,"Toxic Egg 2":42,"Ancient Tea Set":21,"WarpedTongs":75,"reliquary:SharkskinSheath":75}],"WarpedTongs":[11]},"card_choices":[{"not_picked":["bronze:CleanCode","bronze:AlphaBuild"],"picked":"bronze:Virus","floor":0},{"not_picked":["bronze:Invalidate","bronze:Refactor"],"picked":"bronze:Backtrace","floor":2},{"not_picked":["bronze:Allocate","bronze:Shell"],"picked":"bronze:FineTuning","floor":3},{"not_picked":["bronze:Refactor","bronze:BuggyMess"],"picked":"bronze:Branch","floor":6},{"not_picked":["bronze:Shield","bronze:Refactor"],"picked":"bronze:Repulsor","floor":9},{"not_picked":["bronze:Shell","bronze:DigitalCarnage"],"picked":"bronze:Philosophize","floor":11},{"not_picked":["bronze:ClassDefault","bronze:NullPointer","bronze:WildBeam"],"picked":"SKIP","floor":12},{"not_picked":["bronze:NullPointer","bronze:WhirlingStrike"],"picked":"bronze:Invalidate","floor":13},{"not_picked":["bronze:Frontload","bronze:Repair"],"picked":"bronze:Iterate","floor":14},{"not_picked":["bronze:Constructor","bronze:ForceShield"],"picked":"bronze:Repair","floor":15},{"not_picked":["bronze:Format","bronze:InfiniteLoop"],"picked":"bronze:Hardcode","floor":16},{"not_picked":["bronze:Invalidate"],"picked":"SKIP","floor":19},{"not_picked":["bronze:OilSpill"],"picked":"SKIP","floor":22},{"not_picked":["bronze:NullPointer"],"picked":"SKIP","floor":26},{"not_picked":[],"picked":"bronze:Shield+1","floor":29},{"not_picked":[],"picked":"bronze:FineTuning+1","floor":32},{"not_picked":[],"picked":"bronze:Format+1","floor":33},{"not_picked":[],"picked":"bronze:Branch+1","floor":36},{"not_picked":[],"picked":"bronze:ChosenStrike+1","floor":37},{"not_picked":["bronze:Shield+1"],"picked":"SKIP","floor":38},{"not_picked":[],"picked":"bronze:BronzeOrb","floor":42},{"not_picked":[],"picked":"bronze:Overload+1","floor":44}],"player_experience":231824,"relics_obtained":[{"floor":11,"key":"Lizard Tail"},{"floor":13,"key":"Ancient Tea Set"},{"floor":24,"key":"Toxic Egg 2"},{"floor":41,"key":"reliquary:SharkskinSheath"}],"event_choices":[],"is_beta":true,"boss_relics":[{"not_picked":["sneckomod:SneckoTalon","Velvet Choker"],"picked":"Busted Crown"},{"not_picked":["SacredBark","bronze:PlatinumCore"],"picked":"Black Star"}],"items_purged_floors":[29,37],"is_endless":false,"potions_floor_spawned":[3,6,11,16,21,22,33,38,42],"killed_by":"Sphere and 2 Shapes","ascension_level":3}}