{"host":"sw6p9u0oh417cx03","time":1614172540,"event":{"mods":["AchievementEnabler","Act Like it!","BaseMod","CapriCore","DeckTracker","Highlight Path","Minty Spire (QoL Compilation)","Quick Restart","StSLib"],"gold_per_floor":[109,109,177,227,288,288,338,338,411,411,240,256,270,301,301,376,376,396,446,496,105,155,155,173,200,200,231,301,301,319,332,332,409,409,420,470,64,74,88,114,124,155,155,182,107,123,123,149,149,149,149,149,2,33,33],"floor_reached":56,"language":"ZHS","playtime":1705,"items_purged":["Strike_G","Dagger Throw","Blade Dance+1"],"score":2814,"play_id":"fe65edec-430a-411a-b1a1-e9cf7b01fb92","local_time":"20210224211540","is_ascension_mode":true,"campfire_choices":[{"data":"Skewer","floor":6.0,"key":"SMITH"},{"data":"Blade Dance","floor":8.0,"key":"SMITH"},{"data":"Neutralize","floor":10.0,"key":"SMITH"},{"data":"Reflex","floor":15.0,"key":"SMITH"},{"data":"Tactician","floor":23.0,"key":"SMITH"},{"data":"Terror","floor":29.0,"key":"SMITH"},{"floor":32.0,"key":"RECALL"},{"data":"Grand Finale","floor":47,"key":"SMITH"},{"data":"Adrenaline","floor":49,"key":"SMITH"},{"data":"After Image","floor":52,"key":"SMITH"}],"circlet_count":0,"master_deck":["AscendersBane","Survivor+1","Neutralize+1","Skewer+1","Reflex+1","Grand Finale+1","Tactician+1","Terror+1","Acrobatics+1","After Image+1","Prepared+1","Calculated Gamble+1","Adrenaline+1"],"relics":["Ring of the Snake","NeowsBlessing","SsserpentHead","Question Card","Unceasing Top","Pandora\u0027s Box","TheAbacus","White Beast Statue","War Paint","Oddly Smooth Stone","Philosopher\u0027s Stone","Gambling Chip","Strawberry","Pocketwatch","Ornamental Fan","Tingsha","Lizard Tail","PrismaticShard","Akabeko"],"acts_visited":["Exordium","TheCity","TheBeyond","TheEnding"],"potions_floor_usage":[35,55],"damage_taken":[{"damage":0.0,"enemies":"Small Slimes","floor":1.0,"turns":1.0},{"damage":0.0,"enemies":"Cultist","floor":3.0,"turns":1.0},{"damage":0.0,"enemies":"Jaw Worm","floor":5.0,"turns":1.0},{"damage":10.0,"enemies":"Lots of Slimes","floor":12.0,"turns":5.0},{"damage":8.0,"enemies":"Large Slime","floor":13.0,"turns":5.0},{"damage":12.0,"enemies":"Gremlin Nob","floor":14.0,"turns":4.0},{"damage":16.0,"enemies":"The Guardian","floor":16.0,"turns":12.0},{"damage":0.0,"enemies":"Shell Parasite","floor":18.0,"turns":1.0},{"damage":0.0,"enemies":"2 Thieves","floor":24.0,"turns":1.0},{"damage":0.0,"enemies":"Book of Stabbing","floor":25.0,"turns":2.0},{"damage":0.0,"enemies":"Slavers","floor":27.0,"turns":1.0},{"damage":0.0,"enemies":"Snake Plant","floor":28.0,"turns":1.0},{"damage":0.0,"enemies":"Centurion and Healer","floor":30.0,"turns":1.0},{"damage":0.0,"enemies":"Snecko","floor":31.0,"turns":1.0},{"damage":0.0,"enemies":"Champ","floor":33.0,"turns":2.0},{"damage":0,"enemies":"Orb Walker","floor":35,"turns":1},{"damage":0,"enemies":"3 Darklings","floor":38,"turns":1},{"damage":0,"enemies":"Jaw Worm Horde","floor":39,"turns":1},{"damage":0,"enemies":"Reptomancer","floor":40,"turns":1},{"damage":0,"enemies":"4 Shapes","floor":41,"turns":1},{"damage":0,"enemies":"Nemesis","floor":42,"turns":1},{"damage":0,"enemies":"Giant Head","floor":44,"turns":1},{"damage":0,"enemies":"3 Darklings","floor":46,"turns":1},{"damage":0,"enemies":"Nemesis","floor":48,"turns":1},{"damage":0,"enemies":"Donu and Deca","floor":50,"turns":1},{"damage":0,"enemies":"Shield and Spear","floor":54,"turns":1},{"damage":0,"enemies":"The Heart","floor":55,"turns":3}],"seed_played":"3010704485779462180","potions_obtained":[{"floor":1.0,"key":"FairyPotion"},{"floor":13.0,"key":"Block Potion"},{"floor":14.0,"key":"CultistPotion"},{"floor":16.0,"key":"Energy Potion"},{"floor":24.0,"key":"PowerPotion"},{"floor":33.0,"key":"DistilledChaos"},{"floor":35,"key":"LiquidMemories"}],"is_trial":false,"path_per_floor":["M","?","M","?","M","R","?","R","T","R","$","M","M","E","R","B",null,"M","?","?","$","?","R","M","E","T","E","M","R","M","M","R","B",null,"M","?","$","M","M","E","M","E","T","E","$","M","R","E","R","B",null,"R","$","E","B",null],"character_chosen":"THE_SILENT","items_purchased":["Reflex","LiquidMemories","TheAbacus","White Beast Statue","Gambling Chip","PrismaticShard"],"campfire_rested":0,"item_purchase_floors":[11,11,21,21,37,53],"current_hp_per_floor":[59,59,59,59,59,59,59,59,59,59,59,49,41,29,29,13,53,53,53,53,53,53,53,53,53,53,53,53,53,53,53,53,53,63,63,63,63,63,63,70,70,70,70,70,70,70,70,70,70,70,72,72,72,72,72],"gold":33,"neow_bonus":"THREE_ENEMY_KILL","is_daily":false,"chose_seed":false,"campfire_upgraded":9,"win_rate":0.0,"timestamp":1614172540,"path_taken":["M","?","?","?","?","R","?","R","T","R","?","M","M","E","R","BOSS","M","?","?","$","?","R","M","E","T","E","?","R","M","M","R","BOSS","M","?","$","M","M","E","M","E","T","E","?","M","R","E","R","BOSS","R","$","E","BOSS"],"items_purchased_type":["Card","Potion","Relic","Relic","Relic","Relic"],"build_version":"2020-12-22","purchased_purges":3,"victory":true,"max_hp_per_floor":[66,66,66,66,66,66,66,66,66,66,66,66,66,66,66,66,66,66,66,66,66,66,66,66,66,66,66,66,66,66,66,66,66,66,66,66,66,66,66,73,73,73,73,73,73,73,73,73,73,73,73,73,73,73,73],"card_choices":[{"not_picked":["Setup","Caltrops"],"picked":"Skewer","floor":1.0},{"not_picked":["Cloak And Dagger","Sucker Punch","Deadly Poison"],"picked":"SKIP","floor":3.0},{"not_picked":["Outmaneuver","Cloak And Dagger"],"picked":"Blade Dance","floor":5.0},{"not_picked":["Expertise","Deflect","Underhanded Strike","Deadly Poison"],"picked":"SKIP","floor":12.0},{"not_picked":["Infinite Blades","Heel Hook","Riddle With Holes","Sucker Punch"],"picked":"SKIP","floor":13.0},{"not_picked":["Endless Agony","Setup","Flying Knee","Finisher"],"picked":"SKIP","floor":14.0},{"not_picked":["Die Die Die","Corpse Explosion","Envenom"],"picked":"Grand Finale","floor":16.0},{"not_picked":["Bane","Blade Dance","Dagger Throw"],"picked":"Tactician","floor":18.0},{"not_picked":["PiercingWail","Quick Slash","Blade Dance","Escape Plan"],"picked":"SKIP","floor":24.0},{"not_picked":["Blur","Flying Knee","Setup"],"picked":"Dagger Throw","floor":25.0},{"not_picked":["Blade Dance","Leg Sweep","Quick Slash","Dagger Throw"],"picked":"SKIP","floor":27.0},{"not_picked":["Dagger Throw","Dodge and Roll","Riddle With Holes"],"picked":"Terror","floor":28.0},{"not_picked":["Terror+1","Infinite Blades","Leg Sweep"],"picked":"Acrobatics","floor":30.0},{"not_picked":["Terror","Blade Dance","Underhanded Strike","Quick Slash"],"picked":"SKIP","floor":31.0},{"not_picked":["Tools of the Trade","Bullet Time","Corpse Explosion"],"picked":"After Image","floor":33.0},{"not_picked":["Deadly Poison","Blade Dance","Footwork+1","Slice+1"],"picked":"SKIP","floor":35},{"not_picked":["Blade Dance","PiercingWail","Acrobatics"],"picked":"Prepared+1","floor":38},{"not_picked":["Flechettes","Distraction+1","Endless Agony","Deadly Poison"],"picked":"SKIP","floor":39},{"not_picked":["Deflect","Footwork","Caltrops","Die Die Die"],"picked":"SKIP","floor":40},{"not_picked":["Deflect","Footwork","Caltrops","Die Die Die"],"picked":"SKIP","floor":40},{"not_picked":["Deflect","Footwork","Caltrops","Die Die Die"],"picked":"SKIP","floor":40},{"not_picked":["PiercingWail","Bouncing Flask","Dagger Throw","Flying Knee"],"picked":"SKIP","floor":41},{"not_picked":["Setup","Dodge and Roll+1","Storm of Steel","Flechettes"],"picked":"SKIP","floor":42},{"not_picked":["Crippling Poison","Outmaneuver","Tactician+1"],"picked":"Calculated Gamble+1","floor":44},{"not_picked":["Deflect","Catalyst","Backflip","Infinite Blades"],"picked":"SKIP","floor":46},{"not_picked":["Sucker Punch","Acrobatics","Flying Knee"],"picked":"Adrenaline","floor":48},{"not_picked":["Blade Dance","Backstab","Conclude","Eviscerate+1"],"picked":"SKIP","floor":54}],"player_experience":321102,"relics_obtained":[{"floor":9.0,"key":"Question Card"},{"floor":14.0,"key":"Unceasing Top"},{"floor":25.0,"key":"War Paint"},{"floor":27.0,"key":"Oddly Smooth Stone"},{"floor":40,"key":"Strawberry"},{"floor":42,"key":"Pocketwatch"},{"floor":43,"key":"Ornamental Fan"},{"floor":44,"key":"Tingsha"},{"floor":48,"key":"Lizard Tail"},{"floor":54,"key":"Akabeko"}],"event_choices":[{"damage_healed":0.0,"max_hp_gain":0.0,"max_hp_loss":0.0,"gold_gain":0.0,"event_name":"FaceTrader","player_choice":"Trade","floor":2.0,"gold_loss":0.0,"damage_taken":0.0,"relics_obtained":["SsserpentHead"]},{"damage_healed":0.0,"max_hp_gain":0.0,"max_hp_loss":0.0,"gold_gain":0.0,"event_name":"The Woman in Blue","player_choice":"Bought 0 Potions","floor":4.0,"gold_loss":0.0,"damage_taken":0.0},{"damage_healed":0.0,"max_hp_gain":0.0,"max_hp_loss":0.0,"gold_gain":0.0,"event_name":"Liars Game","player_choice":"Ignored","floor":7.0,"gold_loss":0.0,"damage_taken":0.0},{"damage_healed":0.0,"max_hp_gain":0.0,"max_hp_loss":0.0,"gold_gain":0.0,"event_name":"Beggar","player_choice":"Ignored","floor":19.0,"gold_loss":0.0,"damage_taken":0.0},{"damage_healed":0.0,"max_hp_gain":0.0,"max_hp_loss":0.0,"gold_gain":0.0,"event_name":"Vampires","player_choice":"Ignored","floor":20.0,"gold_loss":0.0,"damage_taken":0.0},{"damage_healed":0.0,"max_hp_gain":0.0,"max_hp_loss":0.0,"gold_gain":0.0,"event_name":"Purifier","player_choice":"Ignored","floor":22.0,"gold_loss":0.0,"damage_taken":0.0},{"damage_healed":0,"gold_gain":0,"player_choice":"Forge","damage_taken":0,"max_hp_gain":0,"max_hp_loss":0,"event_name":"Accursed Blacksmith","floor":36,"gold_loss":0,"cards_upgraded":["Acrobatics"]}],"is_beta":false,"boss_relics":[{"not_picked":["Coffee Dripper","Runic Pyramid"],"picked":"Pandora\u0027s Box"},{"not_picked":["Cursed Key","Tiny House"],"picked":"Philosopher\u0027s Stone"}],"items_purged_floors":[11,37,45],"is_endless":false,"potions_floor_spawned":[1,13,14,16,18,24,25,27,28,30,31,33,35,38,39,40,41,42,44,46,48,54],"ascension_level":14}}