{"host":"j6f6v8ly7ajbjvlz","time":1614178552,"event":{"mods":["ATMod(阿瑾Mod)","Act Like it!","Arknights","BaseMod","Colored Powertips","Friendly Minions","Gensokyo","HumanHunterMod(怪物杀人mod)","KinomotoSakuraMod(木之本樱)","Kiyohime（清姬）","Library of Ruina","Library of Ruina Extra","Minty Spire (QoL Compilation)","Relic Stats","RumiaBox-露米娅的神秘盒子","Spicy Shops","StSLib","Yakumo Yukari mod","【功能Mod】混沌之环修复补丁","【遗物卡牌】REMEMod","篝火指南"],"gold_per_floor":[219,219,219,67,85,85,85],"floor_reached":6,"language":"ZHS","playtime":271,"items_purged":[],"score":37,"play_id":"b258498a-376c-4d12-bd79-8204778bba49","local_time":"20210224225552","is_ascension_mode":true,"campfire_choices":[],"circlet_count":0,"master_deck":["ClowCardTheSword","ClowCardTheSword","ClowCardTheSword","ClowCardTheSword","ClowCardTheShield","ClowCardTheShield","ClowCardTheShield","ClowCardTheShield","SpellCardSeal","SpellCardRelease","ClowCardTheSweet","Regret","ClowCardTheFlower"],"relics":["KSMOD_SealedBook","KSMOD_SealedWand","AT_ATBox","REME_ComplimentaryCards","Omamori","AT_BellDemon","PageOfTheKnightOfDespair"],"acts_visited":["Exordium"],"potions_floor_usage":[],"damage_taken":[{"damage":13,"enemies":"Jaw Worm","floor":1,"turns":6},{"damage":24,"enemies":"Cultist","floor":5,"turns":4},{"damage":64,"enemies":"Gremlin Nob","floor":6,"turns":4}],"seed_played":"1770292931117017687","potions_obtained":[{"floor":5,"key":"LiquidMemories"}],"is_trial":false,"path_per_floor":["M","?","?","$","M","E"],"character_chosen":"KINOMOTOSAKURA","items_purchased":["AT_BellDemon"],"campfire_rested":0,"item_purchase_floors":[4],"current_hp_per_floor":[57,57,57,57,38,0,0],"gold":85,"neow_bonus":"HUNDRED_GOLD","is_daily":false,"chose_seed":false,"campfire_upgraded":0,"win_rate":0.0,"timestamp":1614178552,"path_taken":["M","?","?","$","M","E"],"items_purchased_type":["Relic"],"build_version":"2020-12-22","purchased_purges":0,"victory":false,"max_hp_per_floor":[70,70,70,70,70,70,70],"relic_stats":{"counters":[3,14],"obtain_stats":[{"AT_BellDemon":4,"AT_ATBox":0,"KSMOD_SealedBook":0,"PageOfTheKnightOfDespair":5,"KSMOD_SealedWand":0,"Omamori":2,"REME_ComplimentaryCards":0},{"AT_BellDemon":1,"AT_ATBox":0,"KSMOD_SealedBook":0,"PageOfTheKnightOfDespair":2,"KSMOD_SealedWand":0,"Omamori":1,"REME_ComplimentaryCards":0},{"AT_BellDemon":6,"AT_ATBox":0,"KSMOD_SealedBook":0,"PageOfTheKnightOfDespair":10,"KSMOD_SealedWand":0,"Omamori":6,"REME_ComplimentaryCards":0}]},"card_choices":[{"not_picked":["ClowCardTheMirror","ClowCardTheErase"],"picked":"ClowCardTheSweet","floor":1},{"not_picked":["ClowCardTheChange","ClowCardTheBubbles"],"picked":"ClowCardTheFlower","floor":5}],"player_experience":81280,"relics_obtained":[{"floor":5,"key":"PageOfTheKnightOfDespair"}],"event_choices":[{"damage_healed":0,"gold_gain":0,"player_choice":"Box","damage_taken":0,"relics_obtained":["Omamori"],"max_hp_gain":0,"max_hp_loss":0,"event_name":"Big Fish","floor":2,"gold_loss":0,"cards_obtained":["Regret"]},{"damage_healed":0,"gold_gain":0,"player_choice":"Bought 0 Potions","damage_taken":0,"max_hp_gain":0,"max_hp_loss":0,"event_name":"The Woman in Blue","floor":3,"gold_loss":0}],"is_beta":false,"boss_relics":[],"items_purged_floors":[],"is_endless":false,"potions_floor_spawned":[5],"killed_by":"Gremlin Nob","ascension_level":2}}