{"host":"f1ywytio1xmbwkwz","time":1614151140,"event":{"mods":["BaseMod","Minty Spire (QoL Compilation)","Rare Cards Sparkle","Relic Stats","StSLib"],"gold_per_floor":[115,115,133,156,106,141,166,209,233,256,55,70,99,117,117,248,248,269,292,316,316,326,351,6,6,6],"floor_reached":25,"language":"ENG","playtime":1319,"items_purged":["Strike_P","Strike_P"],"score":314,"play_id":"90adb601-1f9c-427b-a6e1-8efe3928399c","local_time":"20210224001900","is_ascension_mode":true,"campfire_choices":[{"data":"Eruption","floor":15,"key":"SMITH"}],"circlet_count":0,"master_deck":["Strike_P","Strike_P","Defend_P","Defend_P","Defend_P","Defend_P","Eruption+1","Vigilance","EmptyBody","BowlingBash","ForeignInfluence","Halt","CutThroughFate","Judgement","TalkToTheHand","TalkToTheHand","FollowUp","EmptyFist","PathToVictory","Establishment","Tantrum","Adaptation","FlurryOfBlows","Vault"],"relics":["PureWater","FossilizedHelix","Bloody Idol","Oddly Smooth Stone","Vajra","Juzu Bracelet","Odd Mushroom","Cursed Key","Blood Vial","Toxic Egg 2"],"acts_visited":["Exordium","TheCity"],"potions_floor_usage":[3,8,8,20,22,23,23],"damage_taken":[{"damage":0,"enemies":"2 Louse","floor":1,"turns":2},{"damage":0,"enemies":"Small Slimes","floor":3,"turns":2},{"damage":0,"enemies":"Jaw Worm","floor":4,"turns":3},{"damage":0,"enemies":"Gremlin Nob","floor":6,"turns":2},{"damage":0,"enemies":"3 Louse","floor":7,"turns":5},{"damage":7,"enemies":"3 Sentries","floor":8,"turns":6},{"damage":0,"enemies":"Large Slime","floor":10,"turns":2},{"damage":0,"enemies":"Lots of Slimes","floor":12,"turns":3},{"damage":0,"enemies":"The Mushroom Lair","floor":13,"turns":2},{"damage":10,"enemies":"Gremlin Gang","floor":14,"turns":2},{"damage":28,"enemies":"Hexaghost","floor":16,"turns":10},{"damage":2,"enemies":"2 Thieves","floor":18,"turns":4},{"damage":0,"enemies":"Chosen","floor":19,"turns":2},{"damage":13,"enemies":"Shelled Parasite and Fungi","floor":20,"turns":5},{"damage":26,"enemies":"Snake Plant","floor":22,"turns":4},{"damage":30,"enemies":"Gremlin Leader","floor":23,"turns":5},{"damage":26,"enemies":"Slavers","floor":25,"turns":2}],"seed_played":"6998916277965009258","potions_obtained":[{"floor":1,"key":"Strength Potion"},{"floor":4,"key":"PowerPotion"},{"floor":6,"key":"Strength Potion"},{"floor":8,"key":"GamblersBrew"},{"floor":10,"key":"GamblersBrew"},{"floor":18,"key":"Regen Potion"},{"floor":22,"key":"GamblersBrew"}],"is_trial":false,"path_per_floor":["M","?","M","M","?","E","M","E","T","M","$","M","?","M","R","B",null,"M","M","M","?","M","E","$","E"],"character_chosen":"WATCHER","items_purchased":["TalkToTheHand","FollowUp","Toxic Egg 2"],"campfire_rested":0,"item_purchase_floors":[11,11,24],"current_hp_per_floor":[72,67,67,67,67,67,67,60,60,60,60,60,60,50,50,22,67,65,65,61,61,40,15,15,0,0],"gold":6,"neow_bonus":"ONE_RARE_RELIC","is_daily":false,"chose_seed":false,"campfire_upgraded":1,"win_rate":0.0,"timestamp":1614151140,"path_taken":["M","?","M","M","?","E","M","E","T","M","$","M","?","M","R","BOSS","M","M","M","?","M","E","$","E"],"items_purchased_type":["Card","Card","Relic"],"build_version":"2020-12-22","purchased_purges":2,"victory":false,"max_hp_per_floor":[72,67,67,67,67,67,67,67,67,67,67,67,67,67,67,67,67,67,67,67,67,67,67,67,67,67],"relic_stats":{"Blood Vial":2,"counters":[17,61],"Bloody Idol":10,"Juzu Bracelet":0,"Cursed Key":0,"obtain_stats":[{"Blood Vial":23,"Golden Idol":2,"Bloody Idol":21,"Oddly Smooth Stone":6,"Vajra":8,"Juzu Bracelet":9,"PureWater":0,"Odd Mushroom":13,"Toxic Egg 2":24,"Cursed Key":17,"FossilizedHelix":0},{"Blood Vial":16,"Golden Idol":1,"Bloody Idol":14,"Oddly Smooth Stone":4,"Vajra":6,"Juzu Bracelet":6,"PureWater":0,"Odd Mushroom":9,"Toxic Egg 2":16,"Cursed Key":11,"FossilizedHelix":0},{"Blood Vial":59,"Golden Idol":2,"Bloody Idol":50,"Oddly Smooth Stone":9,"Vajra":20,"Juzu Bracelet":20,"PureWater":0,"Odd Mushroom":27,"Toxic Egg 2":59,"Cursed Key":39,"FossilizedHelix":0}]},"card_choices":[{"not_picked":["WreathOfFlame","Vengeance"],"picked":"EmptyBody","floor":1},{"not_picked":["SignatureMove","Protect"],"picked":"BowlingBash","floor":3},{"not_picked":["ClearTheMind","Pray"],"picked":"ForeignInfluence","floor":4},{"not_picked":["SashWhip","Consecrate"],"picked":"Halt","floor":6},{"not_picked":["WreathOfFlame","Prostrate"],"picked":"CutThroughFate","floor":7},{"not_picked":["Weave","ThirdEye"],"picked":"Judgement","floor":8},{"not_picked":["Halt","FlyingSleeves"],"picked":"TalkToTheHand","floor":10},{"not_picked":["MasterReality","ThirdEye"],"picked":"EmptyFist","floor":12},{"not_picked":["BowlingBash","CarveReality"],"picked":"PathToVictory","floor":14},{"not_picked":["Blasphemy","Brilliance"],"picked":"Establishment","floor":16},{"not_picked":["EmptyBody","Study","Wireheading"],"picked":"SKIP","floor":18},{"not_picked":["Conclude","Evaluate"],"picked":"Tantrum","floor":19},{"not_picked":["Weave","ThirdEye"],"picked":"Adaptation","floor":20},{"not_picked":["Wireheading+1","CutThroughFate"],"picked":"FlurryOfBlows","floor":22},{"not_picked":["Prostrate","SignatureMove+1"],"picked":"Vault","floor":23}],"player_experience":317393,"relics_obtained":[{"floor":6,"key":"Oddly Smooth Stone"},{"floor":8,"key":"Vajra"},{"floor":9,"key":"Juzu Bracelet"},{"floor":13,"key":"Odd Mushroom"},{"floor":23,"key":"Blood Vial"}],"event_choices":[{"damage_healed":0,"gold_gain":0,"player_choice":"Lose Max HP","damage_taken":0,"relics_obtained":["Golden Idol"],"max_hp_gain":0,"max_hp_loss":5,"event_name":"Golden Idol","floor":2,"gold_loss":0},{"cards_removed":["Doubt"],"damage_healed":0,"gold_gain":0,"player_choice":"Card Removal","damage_taken":0,"max_hp_gain":0,"max_hp_loss":0,"event_name":"The Cleric","floor":5,"gold_loss":50},{"damage_healed":0,"gold_gain":0,"player_choice":"Fought Mushrooms","damage_taken":0,"max_hp_gain":0,"max_hp_loss":0,"event_name":"Mushrooms","floor":13,"gold_loss":0},{"damage_healed":0,"gold_gain":0,"player_choice":"Gave Idol","damage_taken":0,"relics_obtained":["Bloody Idol"],"max_hp_gain":0,"max_hp_loss":0,"event_name":"Forgotten Altar","floor":21,"relics_lost":["Golden Idol"],"gold_loss":0}],"is_beta":false,"boss_relics":[{"not_picked":["Black Star","Empty Cage"],"picked":"Cursed Key"}],"items_purged_floors":[11,24],"is_endless":false,"potions_floor_spawned":[1,4,6,8,10,18,22],"killed_by":"Slavers","ascension_level":4}}