{"host":"fuszjwm6fqgjjp4d","time":1614189936,"event":{"mods":["BaseMod","Colored Map","Minty Spire (QoL Compilation)","Permanent Neow","Relic Sorter","Relic Stats","StSLib"],"gold_per_floor":[110,110,128,108,119,146,162,188,211,224,288,301,30,65,65,136,136,171,171,210,58,72,148,148,148,148,148,240,240,353,394,394,495,495,564,454,21,34,106,161,15,15,15,80,156,245,45,145,145,145,145,145],"floor_reached":51,"language":"ENG","playtime":1519,"items_purged":["Strike_P"],"score":1672,"play_id":"dfe15e3b-0f62-45df-b83d-6e1548585302","local_time":"20210224120536","is_ascension_mode":true,"campfire_choices":[{"data":"Eruption","floor":15.0,"key":"SMITH"},{"data":"Wish","floor":25.0,"key":"SMITH"},{"data":"HandOfGreed","floor":27.0,"key":"SMITH"},{"data":"Ragnarok","floor":29.0,"key":"SMITH"},{"data":"Vigilance","floor":32.0,"key":"SMITH"},{"data":"TalkToTheHand","floor":42.0,"key":"SMITH"},{"floor":49.0,"key":"RECALL"}],"circlet_count":0,"master_deck":["AscendersBane","Defend_P","Defend_P","Defend_P","Defend_P","Eruption+1","Vigilance+1","Dark Shackles","FollowUp+1","SashWhip","FollowUp","Ragnarok+1","FearNoEvil","WheelKick","HandOfGreed+1","Vault","CutThroughFate","Wish+1","Bite+1","Bite","Bite","Bite","Bite","Vault","Wish+1","Conclude+1","TalkToTheHand+1","Wish"],"relics":["PureWater","Sundial","Omamori","Blood Vial","Snecko Eye","Orichalcum","HornCleat","Yang","Busted Crown","Singing Bowl","DollysMirror","The Courier","Membership Card","Peace Pipe","Toolbox","Meat on the Bone"],"acts_visited":["Exordium","TheCity","TheBeyond"],"potions_floor_usage":[],"damage_taken":[{"damage":1.0,"enemies":"Jaw Worm","floor":1.0,"turns":3.0},{"damage":0.0,"enemies":"Small Slimes","floor":3.0,"turns":2.0},{"damage":0.0,"enemies":"Cultist","floor":5.0,"turns":2.0},{"damage":40.0,"enemies":"Gremlin Nob","floor":6.0,"turns":5.0},{"damage":0.0,"enemies":"Blue Slaver","floor":7.0,"turns":2.0},{"damage":15.0,"enemies":"3 Sentries","floor":8.0,"turns":4.0},{"damage":0.0,"enemies":"Looter","floor":10.0,"turns":2.0},{"damage":0.0,"enemies":"Gremlin Gang","floor":12.0,"turns":3.0},{"damage":0.0,"enemies":"Blue Slaver","floor":14.0,"turns":4.0},{"damage":0.0,"enemies":"Slime Boss","floor":16.0,"turns":6.0},{"damage":0.0,"enemies":"Chosen","floor":18.0,"turns":3.0},{"damage":13.0,"enemies":"Shell Parasite","floor":20.0,"turns":4.0},{"damage":0.0,"enemies":"Snake Plant","floor":22.0,"turns":2.0},{"damage":13.0,"enemies":"Gremlin Leader","floor":23.0,"turns":4.0},{"damage":0.0,"enemies":"Cultist and Chosen","floor":28.0,"turns":4.0},{"damage":0.0,"enemies":"Slavers","floor":30.0,"turns":4.0},{"damage":18.0,"enemies":"3 Cultists","floor":31.0,"turns":6.0},{"damage":5.0,"enemies":"Collector","floor":33.0,"turns":8.0},{"damage":10.0,"enemies":"Orb Walker","floor":35.0,"turns":3.0},{"damage":0.0,"enemies":"3 Darklings","floor":38.0,"turns":5.0},{"damage":0.0,"enemies":"Sphere and 2 Shapes","floor":39.0,"turns":4.0},{"damage":14.0,"enemies":"Nemesis","floor":40.0,"turns":5.0},{"damage":0.0,"enemies":"Jaw Worm Horde","floor":44.0,"turns":3.0},{"damage":15.0,"enemies":"Writhing Mass","floor":45.0,"turns":5.0},{"damage":0.0,"enemies":"Reptomancer","floor":46.0,"turns":4.0},{"damage":0.0,"enemies":"3 Darklings","floor":48.0,"turns":5.0},{"damage":14,"enemies":"Awakened One","floor":50,"turns":6},{"damage":66,"enemies":"Donu and Deca","floor":51,"turns":3}],"seed_played":"3404761666343589320","potions_obtained":[{"floor":3.0,"key":"SpeedPotion"},{"floor":4.0,"key":"EssenceOfSteel"},{"floor":5.0,"key":"Energy Potion"},{"floor":10.0,"key":"LiquidMemories"},{"floor":12.0,"key":"Swift Potion"},{"floor":22.0,"key":"DistilledChaos"},{"floor":23.0,"key":"Ancient Potion"},{"floor":28.0,"key":"DistilledChaos"},{"floor":33.0,"key":"EssenceOfSteel"},{"floor":35.0,"key":"Swift Potion"},{"floor":44.0,"key":"Ancient Potion"},{"floor":46.0,"key":"FearPotion"}],"is_trial":false,"path_per_floor":["M","?","M","?","M","E","M","E","T","M","?","M","$","M","R","B",null,"M","?","M","$","M","E","?","R","T","R","M","R","E","M","R","B",null,"M","?","$","M","M","E","$","R","T","M","M","E","$","M","R","B","B"],"character_chosen":"WATCHER","items_purchased":["HandOfGreed","Wish","Singing Bowl","DollysMirror","Membership Card","TalkToTheHand","Wish","Toolbox","Meat on the Bone"],"campfire_rested":0,"item_purchase_floors":[13,21,37,37,41,41,47,47,47],"current_hp_per_floor":[60,60,60,60,60,20,20,5,5,7,7,9,9,11,11,13,54,56,56,45,45,47,36,36,36,36,36,42,42,47,33,33,46,47,43,43,43,49,51,39,39,39,39,43,37,47,47,58,58,57,0,0],"gold":145,"neow_bonus":"RANDOM_COLORLESS","is_daily":false,"chose_seed":false,"campfire_upgraded":6,"win_rate":0.0,"timestamp":1614189936,"path_taken":["M","?","M","?","M","E","M","E","T","?","?","M","$","M","R","BOSS","M","?","M","$","?","E","?","R","T","R","M","R","E","M","R","BOSS","M","?","$","M","?","E","?","R","T","M","M","E","$","M","R","BOSS","BOSS"],"items_purchased_type":["Card","Card","Relic","Relic","Relic","Card","Card","Relic","Relic"],"build_version":"2020-12-22","purchased_purges":1,"victory":false,"max_hp_per_floor":[68,68,68,68,68,68,68,68,68,68,68,68,68,68,68,68,68,68,68,68,68,68,68,47,47,47,47,47,47,47,47,47,47,47,47,47,47,49,51,51,51,51,51,53,55,57,57,59,59,59,59,59],"relic_stats":{"Blood Vial":35,"Peace Pipe":0,"Busted Crown":16,"Singing Bowl":12,"counters":[28,111],"Sundial":[12],"Snecko Eye":[146,144,124,162],"Yang":[155],"Orichalcum":[126],"obtain_stats":[{"Singing Bowl":37,"Yang":30,"The Courier":40,"Omamori":8,"Orichalcum":23,"Blood Vial":9,"Peace Pipe":46,"HornCleat":26,"Busted Crown":34,"Sundial":6,"DollysMirror":37,"Snecko Eye":17,"Toolbox":47,"Membership Card":41,"PureWater":0,"Meat on the Bone":47},{"Singing Bowl":19,"Yang":16,"The Courier":22,"Omamori":6,"Orichalcum":14,"Blood Vial":6,"Peace Pipe":25,"HornCleat":14,"Busted Crown":18,"Sundial":4,"DollysMirror":19,"Snecko Eye":10,"Toolbox":25,"Membership Card":22,"PureWater":0,"Meat on the Bone":25},{"Singing Bowl":71,"Yang":54,"The Courier":85,"Omamori":18,"Orichalcum":46,"Blood Vial":18,"Peace Pipe":97,"HornCleat":46,"Busted Crown":68,"Sundial":12,"DollysMirror":71,"Snecko Eye":33,"Toolbox":97,"Membership Card":85,"PureWater":0,"Meat on the Bone":97}],"Meat on the Bone":0},"card_choices":[{"not_picked":["Finesse","Forethought"],"picked":"Dark Shackles","floor":0.0},{"not_picked":["Consecrate","Crescendo"],"picked":"FollowUp","floor":1.0},{"not_picked":["Worship","Sanctity"],"picked":"SashWhip","floor":3.0},{"not_picked":["WaveOfTheHand","Wallop"],"picked":"FollowUp","floor":5.0},{"not_picked":["PathToVictory","Prostrate"],"picked":"Halt","floor":6.0},{"not_picked":["Consecrate","Adaptation"],"picked":"Ragnarok","floor":7.0},{"not_picked":["Collect","FlurryOfBlows"],"picked":"FearNoEvil","floor":8.0},{"not_picked":["Vengeance","SignatureMove"],"picked":"WheelKick","floor":10.0},{"not_picked":["Halt","CrushJoints","BattleHymn"],"picked":"SKIP","floor":12.0},{"not_picked":["Prostrate","Collect","Consecrate"],"picked":"SKIP","floor":14.0},{"not_picked":["Alpha","Brilliance"],"picked":"Vault","floor":16.0},{"not_picked":["PathToVictory","Evaluate"],"picked":"CutThroughFate","floor":18.0},{"not_picked":["BowlingBash+1","SignatureMove","FlyingSleeves"],"picked":"SKIP","floor":20.0},{"not_picked":["Halt","PathToVictory","EmptyMind+1"],"picked":"SKIP","floor":22.0},{"not_picked":["MasterReality","Indignation","SignatureMove+1"],"picked":"SKIP","floor":23.0},{"not_picked":["Prostrate","FlurryOfBlows","Perseverance"],"picked":"SKIP","floor":28.0},{"not_picked":["FlurryOfBlows+1","Wireheading","SignatureMove"],"picked":"SKIP","floor":30.0},{"not_picked":["PathToVictory","BattleHymn","SashWhip"],"picked":"SKIP","floor":31.0},{"not_picked":["Brilliance","LessonLearned"],"picked":"Vault","floor":33.0},{"not_picked":["Evaluate"],"picked":"SKIP","floor":35.0},{"not_picked":["Crescendo+1"],"picked":"Singing Bowl","floor":38.0},{"not_picked":["Indignation"],"picked":"Singing Bowl","floor":39.0},{"not_picked":[],"picked":"Conclude+1","floor":40.0},{"not_picked":["Meditate"],"picked":"Singing Bowl","floor":44.0},{"not_picked":["Halt"],"picked":"Singing Bowl","floor":45.0},{"not_picked":["Study"],"picked":"Singing Bowl","floor":46.0},{"not_picked":["Weave+1"],"picked":"Singing Bowl","floor":48.0}],"player_experience":1529995,"relics_obtained":[{"floor":6.0,"key":"Sundial"},{"floor":8.0,"key":"Omamori"},{"floor":9.0,"key":"Blood Vial"},{"floor":23.0,"key":"Orichalcum"},{"floor":26.0,"key":"HornCleat"},{"floor":30.0,"key":"Yang"},{"floor":40.0,"key":"The Courier"},{"floor":46.0,"key":"Peace Pipe"}],"event_choices":[{"damage_healed":0.0,"max_hp_gain":0.0,"max_hp_loss":0.0,"gold_gain":0.0,"event_name":"Living Wall","player_choice":"Grow","floor":2.0,"gold_loss":0.0,"damage_taken":0.0,"cards_upgraded":["FollowUp"]},{"damage_healed":0.0,"max_hp_gain":0.0,"max_hp_loss":0.0,"gold_gain":0.0,"event_name":"The Woman in Blue","player_choice":"Bought 1 Potion","floor":4.0,"gold_loss":0.0,"damage_taken":0.0},{"damage_healed":0.0,"max_hp_gain":0.0,"max_hp_loss":0.0,"gold_gain":64.0,"event_name":"Golden Wing","player_choice":"Gained Gold","floor":11.0,"gold_loss":0.0,"damage_taken":0.0},{"damage_healed":0.0,"max_hp_gain":0.0,"max_hp_loss":0.0,"gold_gain":0.0,"event_name":"N\u0027loth","player_choice":"Ignored","floor":19.0,"gold_loss":0.0,"damage_taken":0.0},{"damage_healed":0.0,"max_hp_gain":0.0,"max_hp_loss":21.0,"gold_gain":0.0,"event_name":"Vampires","player_choice":"Became a vampire","floor":24.0,"gold_loss":0.0,"damage_taken":0.0,"cards_obtained":["Bite","Bite","Bite","Bite","Bite"]},{"cards_removed":["Halt"],"damage_healed":0.0,"max_hp_gain":0.0,"max_hp_loss":0.0,"gold_gain":0.0,"event_name":"Designer","player_choice":"Upgrade and Remove","floor":36.0,"gold_loss":110.0,"damage_taken":0.0,"cards_upgraded":["Bite"]}],"is_beta":false,"boss_relics":[{"not_picked":["SacredBark","VioletLotus"],"picked":"Snecko Eye"},{"not_picked":["Cursed Key","Runic Dome"],"picked":"Busted Crown"}],"items_purged_floors":[13],"is_endless":false,"potions_floor_spawned":[3,5,10,12,22,23,28,33,35,44,46],"killed_by":"Donu and Deca","ascension_level":20}}