{"host":"0luxfixkkfk9wck3","time":1614207167,"event":{"mods":["BaseMod","DeckTracker","Downfall","Highlight Path","Minty Spire (QoL Compilation)","StSLib"],"gold_per_floor":[99,99,99,99,99,99,99,32,43,43,54,89,89,89,100,195,195,195,215,226,226,426,426,507,267,296,308,340,352,384,426,450,462,462,462],"floor_reached":33,"language":"ENG","playtime":3021,"items_purged":["downfall:Haunted"],"score":444,"play_id":"418f4c29-2472-465a-8b20-94ac5e93ebcb","local_time":"20210224165247","is_ascension_mode":true,"campfire_choices":[{"data":"bronze:Replicate","floor":1,"key":"SMITH"},{"data":"bronze:Frontload","floor":6,"key":"SMITH"},{"data":"bronze:Overheat","floor":10,"key":"SMITH"},{"data":"bronze:Invalidate","floor":13,"key":"SMITH"},{"data":"bronze:HardenedForm","floor":18,"key":"SMITH"},{"data":"bronze:RecursiveStrike","floor":23,"key":"SMITH"},{"floor":27,"key":"REST"},{"data":"bronze:Format","floor":29,"key":"SMITH"}],"circlet_count":0,"master_deck":["bronze:Strike","bronze:Strike","bronze:Strike","bronze:Defend","bronze:Defend","bronze:Defend","bronze:Defend","bronze:Replicate+1","bronze:Goto","bronze:Frontload+1","bronze:DelayedGuard","bronze:Invalidate+1","bronze:Overheat+1","bronze:Philosophize","bronze:Separator","bronze:OilSpill","bronze:Shell","bronze:RecursiveStrike+1","bronze:HardenedForm+1","bronze:Terminator","RitualDagger","bronze:FollowUp","bronze:OilSpill","bronze:Format+1","bronze:Frontload+1","bronze:InfiniteBeams","bronze:MaxOutput"],"relics":["bronze:BronzeCore","downfall:HeartsMalice","Guardian:GemstoneGun","Strawberry","Sozu","Mercury Hourglass","OrangePellets","MawBank","Dream Catcher"],"acts_visited":["Exordium","TheCity"],"potions_floor_usage":[31,33],"damage_taken":[{"damage":0,"enemies":"Cultist","floor":2,"turns":1},{"damage":0,"enemies":"Jaw Worm","floor":3,"turns":1},{"damage":0,"enemies":"Small Slimes","floor":5,"turns":1},{"damage":0,"enemies":"downfall:FleeingMerchant","floor":8,"turns":4},{"damage":0,"enemies":"2 Fungi Beasts","floor":9,"turns":4},{"damage":2,"enemies":"Exordium Wildlife","floor":11,"turns":4},{"damage":12,"enemies":"3 Sentries","floor":12,"turns":7},{"damage":0,"enemies":"downfall:LooterAlt","floor":15,"turns":3},{"damage":47,"enemies":"SI_SHIV_ARCHETYPE","floor":16,"turns":9},{"damage":0,"enemies":"Chosen","floor":19,"turns":4},{"damage":3,"enemies":"Spheric Guardian","floor":20,"turns":5},{"damage":0,"enemies":"downfall:FleeingMerchant","floor":25,"turns":4},{"damage":22,"enemies":"Slavers","floor":26,"turns":5},{"damage":3,"enemies":"Chosen and Byrds","floor":28,"turns":3},{"damage":6,"enemies":"Snecko","floor":30,"turns":3},{"damage":15,"enemies":"Book of Stabbing","floor":31,"turns":3},{"damage":18,"enemies":"Centurion and Healer","floor":32,"turns":5},{"damage":13,"enemies":"IC_MUSHROOM_ARCHETYPE","floor":33,"turns":7}],"seed_played":"5574598066457727697","potions_obtained":[{"floor":9,"key":"sneckomod:MuddlingPotion"},{"floor":11,"key":"sneckomod:MuddlingPotion"},{"floor":12,"key":"SkillPotion"},{"floor":15,"key":"Explosive Potion"}],"is_trial":false,"path_per_floor":["R","M","M","?","M","R","T","$","M","R","M","E","R","?","M","B",null,"R","M","M","?","?","R","T","$","E","R","M","R","M","E","M","B"],"character_chosen":"THE_AUTOMATON","items_purchased":["bronze:Overheat","OrangePellets"],"campfire_rested":1,"item_purchase_floors":[8,25],"current_hp_per_floor":[63,63,63,70,70,70,70,70,70,70,68,63,63,63,63,16,62,62,62,59,53,53,53,53,53,31,54,51,51,45,30,12,0,0,0],"gold":462,"neow_bonus":"THREE_ENEMY_KILL","is_daily":false,"chose_seed":false,"campfire_upgraded":7,"win_rate":0.0,"timestamp":1614207167,"path_taken":["R","M","M","?","?","R","T","$","M","R","?","E","R","?","M","BOSS","R","M","M","?","?","R","T","$","E","R","M","R","M","E","M","BOSS"],"items_purchased_type":["Card","Relic"],"build_version":"2020-12-22","purchased_purges":1,"victory":false,"max_hp_per_floor":[70,70,70,70,70,70,70,70,70,70,70,77,77,77,77,77,77,77,77,77,77,77,77,77,77,77,77,77,77,77,77,77,77,77,77],"card_choices":[{"not_picked":["bronze:Invalidate","bronze:DelayedSlice"],"picked":"bronze:Frontload","floor":2},{"not_picked":["bronze:Shield","bronze:BitShift"],"picked":"bronze:Philosophize","floor":3},{"not_picked":["bronze:FineTuning","bronze:Philosophize"],"picked":"bronze:DelayedGuard","floor":5},{"not_picked":["bronze:Backtrace","bronze:FineTuning"],"picked":"bronze:Invalidate","floor":8},{"not_picked":["bronze:Safeguard","bronze:Constructor"],"picked":"bronze:Philosophize","floor":9},{"not_picked":["bronze:Boost","bronze:Shield"],"picked":"bronze:Separator","floor":11},{"not_picked":["bronze:Invalidate","bronze:BitShift"],"picked":"bronze:OilSpill","floor":12},{"not_picked":["bronze:CutThrough","bronze:Safeguard"],"picked":"bronze:RecursiveStrike","floor":15},{"not_picked":["bronze:Hardcode","bronze:SpaghettiCode"],"picked":"bronze:HardenedForm","floor":16},{"not_picked":["bronze:ChosenStrike","bronze:DelayedSlice+1"],"picked":"bronze:Terminator","floor":19},{"not_picked":["bronze:Iterate","bronze:Allocate","bronze:BitShift"],"picked":"SKIP","floor":20},{"not_picked":["bronze:ThunderWave","bronze:Frontload"],"picked":"bronze:FollowUp","floor":25},{"not_picked":["bronze:DelayedGuard","bronze:ClassDefault"],"picked":"bronze:OilSpill","floor":26},{"not_picked":["bronze:WildBeam","bronze:Return"],"picked":"bronze:Format","floor":28},{"not_picked":["bronze:Constructor","bronze:DelayedGuard+1"],"picked":"bronze:Frontload+1","floor":30},{"not_picked":["bronze:Flail","bronze:Terminator"],"picked":"bronze:InfiniteBeams","floor":31},{"not_picked":["bronze:Overheat","bronze:Allocate+1"],"picked":"bronze:MaxOutput","floor":32}],"player_experience":12104443,"relics_obtained":[{"floor":7,"key":"Guardian:GemstoneGun"},{"floor":12,"key":"Strawberry"},{"floor":24,"key":"Mercury Hourglass"},{"floor":26,"key":"MawBank"},{"floor":31,"key":"Dream Catcher"}],"event_choices":[{"cards_removed":["bronze:Philosophize"],"damage_healed":7,"gold_gain":0,"player_choice":"Offered Uncommon","damage_taken":0,"max_hp_gain":0,"max_hp_loss":0,"event_name":"Bonfire Elementals","floor":4,"gold_loss":0}],"is_beta":false,"boss_relics":[{"not_picked":["Fusion Hammer","Busted Crown"],"picked":"Sozu"}],"items_purged_floors":[25],"is_endless":false,"potions_floor_spawned":[9,11,12,15,26,28,30,31],"killed_by":"IC_MUSHROOM_ARCHETYPE","ascension_level":9}}