{"host":"0fmi5fguj5lvt8pf","time":1614136363,"event":{"mods":["BaseMod","Colored Map","Curses Come First","Downfall","Minty Spire (QoL Compilation)","Permanent Neow","StSLib"],"gold_per_floor":[99,117,128,128,139,139,215,390,401,435,43,43,43,28,40,142,142,142,159,170,4,4,30,30,253,253,272,289,364,378,378,394,496,496,496,508,508,537,555,614,614,624,362,376,76,76,76,114,133,133,133,161,42,42,42,42],"floor_reached":57,"language":"ENG","playtime":3093,"items_purged":["downfall:Malfunctioning"],"score":1379,"play_id":"ea8b1afc-18b3-4986-8112-6f43ed39a652","local_time":"20210223191243","is_ascension_mode":false,"campfire_choices":[{"data":"bronze:Goto","floor":1,"key":"SMITH"},{"floor":13,"key":"REST"},{"floor":18,"key":"RECALL"},{"data":"bronze:DelayedSlice","floor":26,"key":"SMITH"},{"data":"bronze:MaxOutput","floor":35,"key":"SMITH"},{"data":"bronze:Verify","floor":45,"key":"SMITH"},{"data":"bronze:DelayedSlice","floor":47,"key":"SMITH"},{"data":"bronze:FindAndReplace","floor":54,"key":"SMITH"}],"circlet_count":0,"master_deck":["bronze:Strike","bronze:Strike+1","bronze:Strike+1","bronze:Defend","bronze:Defend+1","bronze:Defend+1","bronze:Replicate","bronze:Goto+1","bronze:DelayedSlice+1","bronze:DelayedSlice+1","bronze:ChosenStrike","Doubt","bronze:FollowUp","bronze:DelayedSlice+1","bronze:Safeguard+1","bronze:Constructor+1","bronze:DelayedSlice","bronze:MaxOutput+1","bronze:OilSpill","bronze:Repair","bronze:Verify+1","CurseOfTheBell","bronze:ForceShield+1","bronze:DelayedSlice+1","bronze:FindAndReplace+1"],"relics":["bronze:BronzeCore","Mango","Kunai","Blue Candle","champ:DeflectingBracers","Ginger","SlaversCollar","Nunchaku","Question Card","The Courier","Happy Flower","Calling Bell","CeramicFish","Molten Egg 2","hexamod:Sixitude","Bottled Tornado","Pocketwatch","hexamod:CandleOfCauterizing","downfall:HeartBlessingRed","downfall:HeartBlessingGreen","downfall:HeartBlessingBlue","War Paint","Orichalcum","bronze:ProtectiveGoggles"],"acts_visited":["Exordium","TheCity","TheBeyond","TheEnding"],"potions_floor_usage":[11,19,23,33,40,50,56,56,56],"damage_taken":[{"damage":1,"enemies":"Cultist","floor":2,"turns":3},{"damage":2,"enemies":"2 Louse","floor":3,"turns":2},{"damage":5,"enemies":"Small Slimes","floor":5,"turns":2},{"damage":0,"enemies":"downfall:LooterAlt","floor":9,"turns":2},{"damage":12,"enemies":"Gremlin Nob","floor":10,"turns":4},{"damage":6,"enemies":"downfall:FleeingMerchant","floor":11,"turns":4},{"damage":2,"enemies":"downfall:FleeingMerchant","floor":14,"turns":4},{"damage":0,"enemies":"3 Louse","floor":15,"turns":2},{"damage":25,"enemies":"DF_ARCHETYPE_STREAMLINE","floor":16,"turns":6},{"damage":1,"enemies":"3 Byrds","floor":19,"turns":3},{"damage":18,"enemies":"downfall:LooterAlt2","floor":20,"turns":4},{"damage":2,"enemies":"downfall:FleeingMerchant","floor":21,"turns":4},{"damage":7,"enemies":"Slavers","floor":23,"turns":3},{"damage":0,"enemies":"downfall:FleeingMerchant","floor":25,"turns":1},{"damage":6,"enemies":"Snecko","floor":27,"turns":4},{"damage":1,"enemies":"Centurion and Healer","floor":28,"turns":3},{"damage":0,"enemies":"Snake Plant","floor":30,"turns":2},{"damage":2,"enemies":"Chosen and Byrds","floor":32,"turns":3},{"damage":2,"enemies":"IC_MUSHROOM_ARCHETYPE","floor":33,"turns":5},{"damage":0,"enemies":"Orb Walker","floor":36,"turns":2},{"damage":12,"enemies":"3 Shapes","floor":38,"turns":3},{"damage":0,"enemies":"Sphere and 2 Shapes","floor":39,"turns":1},{"damage":21,"enemies":"2 Orb Walkers","floor":40,"turns":4},{"damage":3,"enemies":"Maw","floor":42,"turns":6},{"damage":1,"enemies":"4 Shapes","floor":44,"turns":3},{"damage":0,"enemies":"Reptomancer","floor":48,"turns":3},{"damage":1,"enemies":"Jaw Worm Horde","floor":49,"turns":2},{"damage":9,"enemies":"SI_POISON_ARCHETYPE","floor":50,"turns":6},{"damage":23,"enemies":"downfall:CharBossMerchant","floor":52,"turns":5},{"damage":6,"enemies":"downfall:NeowBoss","floor":55,"turns":12},{"damage":77,"enemies":"downfall:NeowBossFinal","floor":56,"turns":11}],"seed_played":"-1099016905403702358","potions_obtained":[{"floor":2,"key":"CultistPotion"},{"floor":5,"key":"champ:CounterPotion"},{"floor":15,"key":"FearPotion"},{"floor":16,"key":"Explosive Potion"},{"floor":20,"key":"Dexterity Potion"},{"floor":29,"key":"downfall:CursedFountainPotion"},{"floor":33,"key":"bronze:BurnAndBuffPotion"},{"floor":42,"key":"sneckomod:MuddlingPotion"},{"floor":52,"key":"SteroidPotion"}],"is_trial":false,"path_per_floor":["R","M","M","?","M","?","T","?","M","E","$","?","R","$","M","B",null,"R","M","M","$","?","E","T","$","R","M","M","?","M","?","M","B",null,"R","M","T","M","M","?","T","M","$","M","R","$","R","E","M","B",null,"E","$","R","B","B",null],"character_chosen":"THE_AUTOMATON","items_purchased":["champ:DeflectingBracers","bronze:FollowUp","Nunchaku","Happy Flower","hexamod:CandleOfCauterizing","bronze:ProtectiveGoggles"],"campfire_rested":1,"item_purchase_floors":[11,11,21,25,43,53],"current_hp_per_floor":[63,62,60,60,55,55,55,55,55,43,37,25,50,48,48,23,84,84,83,65,63,63,56,56,56,56,50,49,49,49,49,54,59,84,84,84,84,72,72,58,58,55,55,61,71,71,71,78,77,68,94,78,78,78,79,9],"gold":42,"neow_bonus":"ONE_RARE_RELIC","is_daily":false,"chose_seed":false,"campfire_upgraded":6,"win_rate":0.0,"timestamp":1614136363,"path_taken":["R","M","?","?","M","?","T","?","M","E","$","?","R","?","M","BOSS","R","M","M","$","?","E","T","$","R","M","M","?","?","?","M","BOSS","R","M","?","?","M","?","T","M","$","M","R","$","R","E","M","BOSS","E","$","R","BOSS","BOSS"],"items_purchased_type":["Relic","Card","Relic","Relic","Relic","Relic"],"build_version":"2020-12-22","purchased_purges":1,"victory":true,"max_hp_per_floor":[84,84,84,84,84,84,84,84,84,84,84,84,84,84,84,84,84,84,84,84,84,84,84,84,84,84,84,84,84,84,84,84,84,84,84,84,84,84,84,84,84,84,84,84,94,94,94,94,94,94,94,94,94,94,94,94],"card_choices":[{"not_picked":["bronze:ForceShield","bronze:DarkDash"],"picked":"bronze:DelayedSlice","floor":2},{"not_picked":["bronze:Branch","bronze:Invalidate"],"picked":"bronze:DelayedSlice","floor":3},{"not_picked":["bronze:BuggyMess","bronze:BitShift","bronze:Iterate"],"picked":"SKIP","floor":5},{"not_picked":["bronze:Frontload","bronze:BugBarrage","bronze:FineTuning"],"picked":"SKIP","floor":9},{"not_picked":["bronze:DelayedGuard","bronze:Invalidate","bronze:DarkDash"],"picked":"SKIP","floor":10},{"not_picked":["bronze:Separator","bronze:Optimize","bronze:DarkDash"],"picked":"SKIP","floor":11},{"not_picked":["bronze:BurnOut","bronze:FineTuning","bronze:CutThrough"],"picked":"SKIP","floor":14},{"not_picked":["bronze:Overload","bronze:Overheat"],"picked":"bronze:DelayedSlice","floor":15},{"not_picked":["bronze:Iterate","bronze:DelayedSlice"],"picked":"bronze:Safeguard+1","floor":19},{"not_picked":["bronze:Overheat","bronze:Shield"],"picked":"bronze:Constructor+1","floor":20},{"not_picked":["bronze:Allocate","bronze:Invalidate"],"picked":"bronze:DelayedSlice","floor":21},{"not_picked":["bronze:BugBarrage+1","bronze:Iterate","bronze:WhirlingStrike"],"picked":"SKIP","floor":23},{"not_picked":["bronze:Refactor+1","bronze:CutThrough","bronze:Separator","bronze:Repair+1"],"picked":"SKIP","floor":25},{"not_picked":["bronze:NullPointer","bronze:BitShift","bronze:Frontload"],"picked":"bronze:MaxOutput","floor":27},{"not_picked":["bronze:Shell","bronze:Optimize+1","bronze:MaxOutput","bronze:Overheat"],"picked":"SKIP","floor":28},{"not_picked":["bronze:Terminator","bronze:MaxOutput","bronze:BronzeOrb"],"picked":"bronze:OilSpill","floor":30},{"not_picked":["bronze:Safeguard","bronze:DelayedGuard","bronze:Constructor","bronze:DigitalCarnage"],"picked":"SKIP","floor":32},{"not_picked":["bronze:ThunderWave","bronze:InfiniteLoop","bronze:Break"],"picked":"bronze:Verify","floor":33},{"not_picked":["bronze:Separator+1","bronze:FineTuning","bronze:MaxOutput+1","bronze:Fortify+1"],"picked":"SKIP","floor":36},{"not_picked":["bronze:Constructor+1","bronze:NullPointer+1","bronze:FineTuning"],"picked":"bronze:ForceShield+1","floor":38},{"not_picked":["bronze:Frontload","bronze:Overload","bronze:BuggyMess","bronze:Branch+1"],"picked":"SKIP","floor":39},{"not_picked":["bronze:WildBeam+1","bronze:ForceShield","bronze:BitShift+1"],"picked":"bronze:DelayedSlice+1","floor":40},{"not_picked":["bronze:NullPointer+1","bronze:Overheat+1","bronze:BronzeArmor","bronze:OilSpill+1"],"picked":"SKIP","floor":42},{"not_picked":["bronze:Library","bronze:Boost+1","bronze:BugBarrage+1","bronze:BuggyMess+1"],"picked":"SKIP","floor":44},{"not_picked":["bronze:FineTuning","bronze:Overload","bronze:Separator+1"],"picked":"bronze:FindAndReplace","floor":48},{"not_picked":["bronze:FineTuning","bronze:GetLatest","bronze:Shell+1","bronze:Terminator"],"picked":"SKIP","floor":49},{"not_picked":["bronze:CloningBeam+1","bronze:RecursiveStrike+1","bronze:Optimize+1","bronze:WhirlingStrike+1"],"picked":"SKIP","floor":52}],"player_experience":1521537,"relics_obtained":[{"floor":7,"key":"Kunai"},{"floor":10,"key":"Blue Candle"},{"floor":23,"key":"Question Card"},{"floor":24,"key":"The Courier"},{"floor":34,"key":"CeramicFish"},{"floor":34,"key":"Molten Egg 2"},{"floor":34,"key":"hexamod:Sixitude"},{"floor":37,"key":"Bottled Tornado"},{"floor":40,"key":"Pocketwatch"},{"floor":48,"key":"War Paint"},{"floor":52,"key":"Orichalcum"}],"event_choices":[{"damage_healed":0,"gold_gain":0,"player_choice":"Success","damage_taken":12,"relics_obtained":["Ginger"],"max_hp_gain":0,"max_hp_loss":0,"event_name":"Scrap Ooze","floor":12,"gold_loss":0},{"damage_healed":0,"gold_gain":0,"player_choice":"Fight","damage_taken":0,"max_hp_gain":0,"max_hp_loss":0,"event_name":"Mysterious Sphere","floor":40,"gold_loss":0}],"is_beta":false,"boss_relics":[{"not_picked":["Philosopher\u0027s Stone","SacredBark"],"picked":"SlaversCollar"},{"not_picked":["Coffee Dripper","Runic Pyramid"],"picked":"Calling Bell"}],"items_purged_floors":[43],"is_endless":false,"potions_floor_spawned":[2,5,15,16,20,30,32,33,36,42,44,52],"ascension_level":0}}