{"host":"hqxy2g3i5ker09hc","time":1614126833,"event":{"mods":["2.2 Compatiblity","AlwaysNeverKeys","Aspiration","BaseMod","Beaked The Cultist","Better Match","Better Note","Better Sensory Stone","Better Silent Start","Better Third Choice","Better-Laid Plans","Conspire","Downfall","GifTheSpireLib","Gold Saver","Hubris","Ironclad Rager","Kalas","Marked Mod","Melee Mod","Minty Spire (QoL Compilation)","MostiFishMod","Nova Terra(??·??)","Permanent Neow","Pikachu Mod","Quarter Circle Forward PUNCH!","Quick Restart","Railgun Mod","Replay The Spire","SIMod","SOS???????","Shop Mod","Small Relic Pack","Spikes Relics","StSLib","Stuff the Spire","The Animator","The Bug Knight","The Forsaken","The Wild Card"],"gold_per_floor":[736,753,785,865,865,865,893,893,893,383,383,3,27,52,52,171,171,186,186,186,86,104,104,127,127,127,142,142,142],"floor_reached":28,"language":"ENG","playtime":1649,"items_purged":["NovaMod:Basic_Strike_Nova","NovaMod:Basic_Strike_Nova"],"score":241,"play_id":"54d283e3-45d0-4c57-84e0-a8e472f84877","local_time":"20210224013353","is_ascension_mode":false,"campfire_choices":[{"data":"NovaMod:Snipe","floor":6,"key":"SMITH"},{"floor":8,"key":"REST"},{"floor":15,"key":"DIG"},{"floor":23,"key":"DIG"},{"floor":25,"key":"DIG"}],"circlet_count":0,"master_deck":["NovaMod:Basic_Strike_Nova","NovaMod:Basic_Strike_Nova","NovaMod:Basic_Defend_Nova","NovaMod:Basic_Defend_Nova","NovaMod:Basic_Defend_Nova","NovaMod:Basic_Defend_Nova","NovaMod:Snipe+1","NovaMod:PenetratingBlast","NovaMod:Chaos","NovaMod:CovertOps+1","NovaMod:HoloDecoy","NovaMod:PrecsionAssembly","NovaMod:RadiationWarrior","hubris:EnhanceAbility","NovaMod:MonomolecularBlade+1","Injury","NovaMod:Upgrade","NovaMod:Upgrade","NovaMod:InfernalIgniter","NovaMod:Bioaugmentation","Madness","conspire:Banana","NovaMod:Pollution","BlessedFruit","BlessedFruit","NovaMod:QuickResponse"],"relics":["NovaMod:GhostSuit","DaveBox","MetatronsCube","NeowsBlessing","SynthV:TestCard","aspiration:EmptySkull","Shovel","Incense Burner","RollingBoulder","Golden Idol","Strange Spoon","hubris:SlimyHat","Mango","Bag of Marbles","aspiration:Lifesprig","HeavenlyBonsai"],"acts_visited":["Exordium","TheCity"],"potions_floor_usage":[14,27],"damage_taken":[{"damage":0.0,"enemies":"Jaw Worm","floor":1.0,"turns":1.0},{"damage":0.0,"enemies":"Small Slimes","floor":2.0,"turns":1.0},{"damage":0.0,"enemies":"conspire:MimicChest","floor":3.0,"turns":1.0},{"damage":67,"enemies":"Lagavulin","floor":7,"turns":7},{"damage":0,"enemies":"2 Louse","floor":13,"turns":2},{"damage":0,"enemies":"Looter","floor":14,"turns":3},{"damage":28,"enemies":"The Guardian","floor":16,"turns":11},{"damage":7,"enemies":"Spheric Guardian","floor":18,"turns":6},{"damage":17,"enemies":"Chosen","floor":22,"turns":6},{"damage":23,"enemies":"Snecko","floor":24,"turns":6},{"damage":29,"enemies":"Shelled Parasite and Fungi","floor":27,"turns":6},{"damage":27,"enemies":"Book of Stabbing","floor":28,"turns":3}],"seed_played":"2872655774102623775","potions_obtained":[{"floor":1.0,"key":"SpeedPotion"},{"floor":7,"key":"LiquidMemories"},{"floor":22,"key":"LiquidMemories"}],"is_trial":false,"path_per_floor":["M","M","?","?","?","R","E","R","T","$","?","$","M","M","R","B",null,"M","?","?","$","M","R","M","R","T","M","E"],"character_chosen":"NOVA","items_purchased":["NovaMod:RadiationWarrior","hubris:EnhanceAbility","RollingBoulder","NovaMod:MonomolecularBlade+1","Strange Spoon","hubris:SlimyHat"],"campfire_rested":1,"item_purchase_floors":[10,10,10,10,12,12],"current_hp_per_floor":[80,80,80,80,80,80,13,37,37,37,37,37,37,37,51,23,94,87,87,87,87,71,71,49,49,49,23,0,0],"gold":142,"neow_bonus":"THREE_ENEMY_KILL","is_daily":false,"chose_seed":false,"campfire_upgraded":1,"win_rate":0.0,"timestamp":1614126833,"path_taken":["M","M","?","?","?","R","E","R","T","$","?","?","M","M","R","BOSS","M","?","?","?","M","R","M","R","T","M","E"],"items_purchased_type":["Card","Card","Relic","Card","Relic","Relic"],"build_version":"2020-12-22","purchased_purges":2,"victory":false,"max_hp_per_floor":[80,80,80,80,80,80,80,80,80,80,80,80,80,80,94,94,94,94,94,94,94,95,95,96,96,96,99,102,102],"card_choices":[{"not_picked":["NovaMod:WaitingGame","NovaMod:Barrier"],"picked":"NovaMod:Chaos","floor":1.0},{"not_picked":["NovaMod:Chaos","NovaMod:Lurk","NovaMod:MonomolecularBlade","NovaMod:Mediatation"],"picked":"NovaMod:CovertOps","floor":2.0},{"not_picked":["NovaMod:Mediatation","NovaMod:PenetratingBlast","NovaMod:ArmorPenetration","NovaMod:PulseGrenade"],"picked":"NovaMod:HoloDecoy","floor":3.0},{"not_picked":["NovaMod:SwiftChop","NovaMod:InfernalIgniter","NovaMod:HoloDecoy","NovaMod:StimPack"],"picked":"NovaMod:PrecsionAssembly","floor":7},{"not_picked":["NovaMod:CovertOps","NovaMod:GhostAcademy","NovaMod:Blink","NovaMod:MultilayerArmor"],"picked":"NovaMod:Upgrade","floor":13},{"not_picked":["NovaMod:RaidArtillery","NovaMod:TripleTap","NovaMod:PulseGrenade","NovaMod:SwiftChop"],"picked":"NovaMod:Upgrade","floor":14},{"not_picked":["NovaMod:EMP","NovaMod:SabotageDrone","NovaMod:ScienceVessel","NovaMod:ExtremeReovery"],"picked":"NovaMod:InfernalIgniter","floor":16},{"not_picked":["NovaMod:SuppressionShells","NovaMod:QuickResponse","NovaMod:WaitingGame","NovaMod:MultilayerArmor"],"picked":"NovaMod:Bioaugmentation","floor":18},{"not_picked":["ReplayTheSpireMod:Uncanny Aura","ReplayTheSpireMod:Trickstab","Good Instincts","Flash of Steel"],"picked":"Madness","floor":20},{"not_picked":["Mayhem","Crow Ritual","Magnetism","Specialist"],"picked":"conspire:Banana","floor":20},{"not_picked":["NovaMod:MagrailMunitions","NovaMod:WidowMine","NovaMod:Thor","NovaMod:PulseGrenade"],"picked":"NovaMod:Pollution","floor":22},{"not_picked":["NovaMod:MonomolecularBlade","NovaMod:Lurk","NovaMod:BarrageShooting+1","NovaMod:AirDrop","NovaMod:RadiationShooting"],"picked":"SKIP","floor":24},{"not_picked":["NovaMod:GhostAcademy","NovaMod:ArmorPenetration","NovaMod:PredatorMissile","NovaMod:AssaultMode"],"picked":"NovaMod:QuickResponse","floor":27}],"player_experience":706703,"relics_obtained":[{"floor":1.0,"key":"SynthV:TestCard"},{"floor":3.0,"key":"aspiration:EmptySkull"},{"floor":7,"key":"Shovel"},{"floor":9,"key":"Incense Burner"},{"floor":15,"key":"Mango"},{"floor":23,"key":"Bag of Marbles"},{"floor":25,"key":"aspiration:Lifesprig"},{"floor":26,"key":"HeavenlyBonsai"}],"event_choices":[{"damage_healed":0,"gold_gain":0,"player_choice":"Grow","damage_taken":0,"max_hp_gain":0,"max_hp_loss":0,"event_name":"Living Wall","floor":5,"gold_loss":0,"cards_upgraded":["NovaMod:CovertOps"]},{"damage_healed":0,"gold_gain":0,"player_choice":"Take Wound","damage_taken":0,"relics_obtained":["Golden Idol"],"max_hp_gain":0,"max_hp_loss":0,"event_name":"Golden Idol","floor":11,"gold_loss":0,"cards_obtained":["Injury"]},{"damage_healed":0,"gold_gain":0,"player_choice":"Ignored","damage_taken":0,"max_hp_gain":0,"max_hp_loss":0,"event_name":"betterNote:BetterNote","floor":19,"gold_loss":0,"cards_obtained":["Shoot"]},{"damage_healed":0,"gold_gain":2,"player_choice":"1","damage_taken":0,"max_hp_gain":0,"max_hp_loss":0,"event_name":"betterStone:BetterStone","floor":20,"gold_loss":0}],"is_beta":false,"boss_relics":[{"not_picked":["GuanYuAspect","StuffTheSpire:Kangaroo","ReplayTheSpireMod:DimensionalGlitch"]}],"items_purged_floors":[12,21],"is_endless":false,"potions_floor_spawned":[1,7,22],"killed_by":"Book of Stabbing","ascension_level":0}}