{"host":"1a8lb11wemezctea","time":1614201075,"event":{"mods":["BaseMod","Colored Powertips","Highlight Path","Minty Spire (QoL Compilation)"],"gold_per_floor":[117,135,135,85,16,16,47,65,142,142,18,31,66,79,79,178,178,189,189,189,189],"floor_reached":20,"language":"ENG","playtime":951,"items_purged":[],"score":313,"play_id":"a91ba960-6ebe-45ec-a65d-de1a0f1b22bb","local_time":"20210224161115","is_ascension_mode":true,"campfire_choices":[{"data":"Vigilance","floor":6,"key":"SMITH"},{"data":"Meditate","floor":10,"key":"SMITH"},{"data":"Strike_P","floor":15,"key":"PURGE"}],"circlet_count":0,"master_deck":["Strike_P","Strike_P","Defend_P","Defend_P","Defend_P","Defend_P","Eruption+1","Vigilance+1","ThirdEye+1","Tantrum","ReachHeaven","EmptyFist","Meditate+1","LikeWater","Halt","Wallop","EmptyBody","Consecrate","Blasphemy","Indignation"],"relics":["PureWater","NeowsBlessing","Ancient Tea Set","Yang","Peace Pipe","Runic Pyramid"],"acts_visited":["Exordium","TheCity"],"potions_floor_usage":[12,13,13,20],"damage_taken":[{"damage":0,"enemies":"Cultist","floor":1,"turns":1},{"damage":0,"enemies":"2 Louse","floor":2,"turns":1},{"damage":0,"enemies":"Lagavulin","floor":7,"turns":1},{"damage":3,"enemies":"Jaw Worm","floor":8,"turns":2},{"damage":0,"enemies":"Exordium Thugs","floor":12,"turns":2},{"damage":0,"enemies":"Gremlin Nob","floor":13,"turns":3},{"damage":4,"enemies":"2 Fungi Beasts","floor":14,"turns":2},{"damage":21,"enemies":"Slime Boss","floor":16,"turns":7},{"damage":0,"enemies":"Spheric Guardian","floor":18,"turns":3},{"damage":2,"enemies":"3 Byrds","floor":20,"turns":3}],"seed_played":"-8225482096292046416","potions_obtained":[{"floor":1,"key":"Explosive Potion"},{"floor":7,"key":"GamblersBrew"},{"floor":8,"key":"BlessingOfTheForge"},{"floor":16,"key":"Dexterity Potion"},{"floor":18,"key":"Explosive Potion"}],"is_trial":false,"path_per_floor":["M","M","?","?","$","R","E","M","T","R","$","M","E","M","R","B",null,"M","?","M"],"character_chosen":"WATCHER","items_purchased":["ReachHeaven","LikeWater","Halt"],"campfire_rested":0,"item_purchase_floors":[5,11,11],"current_hp_per_floor":[65,65,65,65,65,65,65,62,62,62,62,62,62,58,58,37,63,63,63,61,61],"gold":189,"neow_bonus":"THREE_ENEMY_KILL","is_daily":false,"chose_seed":false,"campfire_upgraded":2,"win_rate":0.0,"timestamp":1614201075,"path_taken":["M","M","?","?","?","R","E","?","T","R","$","M","E","M","R","BOSS","M","?","M"],"items_purchased_type":["Card","Card","Card"],"build_version":"2020-12-22","purchased_purges":0,"victory":false,"max_hp_per_floor":[72,72,72,72,72,72,72,72,72,72,72,72,72,72,72,72,72,72,72,72,72],"card_choices":[{"not_picked":["SignatureMove","LikeWater"],"picked":"ThirdEye","floor":1},{"not_picked":["JustLucky","EmptyBody"],"picked":"Tantrum","floor":2},{"not_picked":["SashWhip","SignatureMove"],"picked":"EmptyFist","floor":7},{"not_picked":["Study","ForeignInfluence"],"picked":"Meditate","floor":8},{"not_picked":["BowlingBash","EmptyMind"],"picked":"Wallop","floor":12},{"not_picked":["Weave","Crescendo"],"picked":"EmptyBody","floor":13},{"not_picked":["Sanctity","JustLucky"],"picked":"Consecrate","floor":14},{"not_picked":["Judgement","DeusExMachina"],"picked":"Blasphemy","floor":16},{"not_picked":["Protect","BattleHymn"],"picked":"Indignation","floor":18}],"player_experience":328868,"relics_obtained":[{"floor":7,"key":"Ancient Tea Set"},{"floor":9,"key":"Yang"},{"floor":13,"key":"Peace Pipe"}],"event_choices":[{"damage_healed":0,"gold_gain":0,"player_choice":"Grow","damage_taken":0,"max_hp_gain":0,"max_hp_loss":0,"event_name":"Living Wall","floor":3,"gold_loss":0,"cards_upgraded":["ThirdEye"]},{"cards_removed":["Strike_P"],"damage_healed":0,"gold_gain":0,"player_choice":"Card Removal","damage_taken":0,"max_hp_gain":0,"max_hp_loss":0,"event_name":"The Cleric","floor":4,"gold_loss":50},{"damage_healed":0,"gold_gain":0,"player_choice":"Forge","damage_taken":0,"max_hp_gain":0,"max_hp_loss":0,"event_name":"Accursed Blacksmith","floor":19,"gold_loss":0,"cards_upgraded":["Eruption"]}],"is_beta":false,"boss_relics":[{"not_picked":["SlaversCollar","SacredBark"],"picked":"Runic Pyramid"}],"items_purged_floors":[],"is_endless":false,"potions_floor_spawned":[1,7,8,16,18],"killed_by":"3 Byrds","ascension_level":7}}