{"host":"i0avyit1s6jb1siw","time":1614186083,"event":{"mods":["BaseMod","DeckTracker","Dota2Spire","Minty Spire (QoL Compilation)","Quick Restart","StSLib","SuperFastMode"],"gold_per_floor":[116,41,57,73,89,89,104,104,104,153,172,172,207,217,232,232,232,232],"floor_reached":17,"language":"ENG","playtime":380,"items_purged":["Strike_R"],"score":222,"play_id":"6ce70ef7-0724-4f2f-8450-4b83c2adba2c","local_time":"20210224180123","is_ascension_mode":true,"campfire_choices":[{"data":"Shockwave","floor":6,"key":"SMITH"},{"data":"Evolve","floor":8,"key":"SMITH"},{"floor":12,"key":"REST"},{"floor":16,"key":"REST"}],"circlet_count":0,"master_deck":["AscendersBane","Strike_R","Strike_R","Strike_R","Strike_R","Defend_R","Defend_R","Defend_R","Defend_R","Bash","Hemokinesis","Shrug It Off","Shockwave+1","Evolve+1","Power Through","Pommel Strike","Shrug It Off","Reaper"],"relics":["Runic Cube","Vajra","Orichalcum"],"acts_visited":["Exordium"],"potions_floor_usage":[14,17],"damage_taken":[{"damage":12,"enemies":"Cultist","floor":1,"turns":4},{"damage":2,"enemies":"Small Slimes","floor":3,"turns":2},{"damage":2,"enemies":"2 Louse","floor":4,"turns":2},{"damage":10,"enemies":"Blue Slaver","floor":5,"turns":5},{"damage":20,"enemies":"Lots of Slimes","floor":7,"turns":6},{"damage":1,"enemies":"Looter","floor":11,"turns":5},{"damage":33,"enemies":"Gremlin Nob","floor":13,"turns":4},{"damage":0,"enemies":"3 Louse","floor":14,"turns":3},{"damage":1,"enemies":"Blue Slaver","floor":15,"turns":6},{"damage":38,"enemies":"The Guardian","floor":17,"turns":19}],"seed_played":"-9040773159316416994","potions_obtained":[{"floor":1,"key":"DuplicationPotion"},{"floor":5,"key":"Swift Potion"},{"floor":13,"key":"DistilledChaos"},{"floor":14,"key":"BlessingOfTheForge"}],"is_trial":false,"path_per_floor":["M","$","M","M","M","R","M","R","T","T","M","R","E","M","M","R","B"],"character_chosen":"IRONCLAD","items_purchased":[],"campfire_rested":2,"item_purchase_floors":[],"current_hp_per_floor":[56,56,54,52,42,42,22,22,22,22,21,43,10,10,9,31,0,0],"gold":232,"neow_bonus":"BOSS_RELIC","is_daily":false,"chose_seed":false,"campfire_upgraded":2,"win_rate":0.0,"timestamp":1614186083,"path_taken":["M","?","M","?","M","R","M","R","T","T","M","R","E","M","M","R","BOSS"],"items_purchased_type":[],"build_version":"2020-12-22","purchased_purges":1,"victory":false,"max_hp_per_floor":[75,75,75,75,75,75,75,75,75,75,75,75,75,75,75,75,75,75],"card_choices":[{"not_picked":["Sword Boomerang","Infernal Blade"],"picked":"Hemokinesis","floor":1},{"not_picked":["Searing Blow","Iron Wave"],"picked":"Shrug It Off","floor":3},{"not_picked":["Dark Embrace","Searing Blow"],"picked":"Shockwave","floor":4},{"not_picked":["Twin Strike","Flex"],"picked":"Evolve","floor":5},{"not_picked":["Heavy Blade","Anger"],"picked":"Power Through","floor":7},{"not_picked":["Havoc","Dual Wield"],"picked":"Pommel Strike","floor":11},{"not_picked":["Sever Soul","Whirlwind"],"picked":"Shrug It Off","floor":13},{"not_picked":["Flex","Warcry","Dual Wield"],"picked":"SKIP","floor":14},{"not_picked":["Shrug It Off","Dropkick"],"picked":"Reaper","floor":15}],"player_experience":2505831,"relics_obtained":[{"floor":10,"key":"Vajra"},{"floor":13,"key":"Orichalcum"}],"event_choices":[],"is_beta":false,"boss_relics":[],"items_purged_floors":[2],"is_endless":false,"potions_floor_spawned":[1,5,13,14],"killed_by":"The Guardian","ascension_level":20}}