{"host":"pletss163z7s8pvv","time":1614205954,"event":{"mods":["AchievementEnabler","Act Like it!","AlwaysNeverKeys","BaseMod","Better Altar","Better Match","Better Note","Better Sensory Stone","Better Skull","Better Third Choice","BetterRewards","Bossed Relics","CapriCore","ChefMod","Colored Map","Colored Powertips","Conspire","Dio Mod","Displayed Cursed Tome","Energized Spire","Evolution","Gensokyo","GifTheSpireLib","Hallownest","Hermit","Ironclad Rager","Jedi Mod","Marisa????????","Marked Mod","Minty Spire (QoL Compilation)","Reliquary","Replay The Spire","Retaliation","Ruina","Somnambulant","Spicy Shops","StS++","StSLib","The Administrix","The Alterego","The Animator","The Blue Laboratory","The Bug Knight","The Construct","The Cursed","The Disciple","The Forsaken","The Hierophant","The Necromancer","The Saiyan","The Vixen","The Wild Card","TheVacant","Transform Curses"],"gold_per_floor":[119,119,119,174,35,60,74,89,161,161,161,173,173,201,151,7,7,108,108,128,141,91,16,34,30,30],"floor_reached":25,"language":"ENG","playtime":992,"items_purged":[],"score":234,"play_id":"49c4cf83-f451-47bb-839d-bb0770d00d1c","local_time":"20210224163234","is_ascension_mode":false,"campfire_choices":[{"floor":13,"key":"RECALL"}],"circlet_count":0,"master_deck":["dioMod:StreetSign","dioMod:StreetSign","dioMod:StreetSign","dioMod:StreetSign","Bite+1","dioMod:FlyAway","dioMod:FlyAway","dioMod:FlyAway","dioMod:Defend","dioMod:TripleThreat","dioMod:DoubleTime","dioMod:BloodTransfusion","dioMod:SecretPlan","dioMod:DaggerToss","dioMod:DominatingPresence","dioMod:Freeze","dioMod:BloodShield","conspire:SpireCoStock","dioMod:ZaWarudo","dioMod:LaserVision","dioMod:GoodbyeJojo+1","Clumsy","dioMod:Muda","dioMod:Minions+1"],"relics":["dioMod:VampireBlood","EVO:Axolotl","Strawberry","reliquary:SilkGlove","Centennial Puzzle","reliquary:FingerTrap","Sundial","Pen Nib","Membership Card","energizedSpire:OgreHead","ruina:FalsePresent"],"acts_visited":["Exordium","Gensokyo:Gensokyo"],"potions_floor_usage":[14,18,25,25],"damage_taken":[{"damage":4,"enemies":"Gensokyo:2_Kodama","floor":1,"turns":2},{"damage":66,"enemies":"Gensokyo:Cirno","floor":6,"turns":7},{"damage":6,"enemies":"Gensokyo:Python","floor":7,"turns":3},{"damage":4,"enemies":"Gensokyo:3_Fairies","floor":8,"turns":3},{"damage":8,"enemies":"Gensokyo:3_Kodama","floor":12,"turns":3},{"damage":4,"enemies":"Gensokyo:Mamizou","floor":14,"turns":9},{"damage":59,"enemies":"Gensokyo:Kokoro","floor":18,"turns":13},{"damage":3,"enemies":"ruina:Nosferatu","floor":20,"turns":4},{"damage":9,"enemies":"ruina:2_Scarecrows","floor":21,"turns":6},{"damage":45,"enemies":"ruina:KingOfGreed","floor":24,"turns":5},{"damage":60,"enemies":"ruina:RoadHome","floor":25,"turns":5}],"seed_played":"1266000355934752074","potions_obtained":[{"floor":4,"key":"blueLaboratory:RememoryPotion"},{"floor":6,"key":"blueLaboratory:NullPotion"},{"floor":7,"key":"Dexterity Potion"},{"floor":12,"key":"Block Potion"},{"floor":21,"key":"blueLaboratory:StoneskinPotion"},{"floor":22,"key":"blueLaboratory:RecallPotion"}],"is_trial":false,"path_per_floor":["M","?","?","?","COS","E","M","M","T","PTL","PTL","M","R","E","?","$","R_BF","B",null,"M","M","?","$","M","E"],"character_chosen":"THE_DEFAULT","items_purchased":["Membership Card","dioMod:Muda"],"campfire_rested":0,"item_purchase_floors":[16,23],"current_hp_per_floor":[81,78,78,78,78,59,68,89,89,89,89,89,89,89,89,89,89,65,89,89,83,79,79,56,0,0],"gold":30,"neow_bonus":"TEN_PERCENT_HP_BONUS","is_daily":false,"chose_seed":false,"campfire_upgraded":0,"win_rate":0.0,"timestamp":1614205954,"path_taken":["M","?","?","?","COS","E","M","M","T","PTL","PTL","?","R","E","?","$","R_BF","BOSS","M","M","?","$","M","E"],"items_purchased_type":["Relic","Card"],"build_version":"2020-12-22","purchased_purges":0,"victory":false,"max_hp_per_floor":[82,89,89,89,89,89,89,89,89,89,89,89,89,89,89,89,89,89,89,89,89,84,84,84,84,84],"card_choices":[{"not_picked":["dioMod:DarkRebirth","dioMod:CautiousMuda"],"picked":"dioMod:TripleThreat","floor":1},{"not_picked":["dioMod:Diversion","dioMod:WRYYY"],"picked":"dioMod:DoubleTime","floor":4},{"not_picked":["dioMod:HeavyLifting","dioMod:Pluck"],"picked":"dioMod:BloodTransfusion","floor":4},{"not_picked":["dioMod:Roundabout","dioMod:FlyAway"],"picked":"dioMod:SecretPlan","floor":6},{"not_picked":["dioMod:VengefulMuda","dioMod:DoubleTime"],"picked":"dioMod:DaggerToss","floor":7},{"not_picked":["dioMod:SecretPlan","dioMod:RoadRoller"],"picked":"dioMod:DominatingPresence","floor":8},{"not_picked":["dioMod:BlendIn","dioMod:ComposedMuda"],"picked":"dioMod:Freeze","floor":12},{"not_picked":["dioMod:ComboFever","dioMod:Roundabout"],"picked":"dioMod:BloodShield","floor":14},{"not_picked":["dioMod:Despair","dioMod:RoadRoller"],"picked":"dioMod:ZaWarudo","floor":18},{"not_picked":["dioMod:BloodTransfusion","dioMod:ComposedMuda+1"],"picked":"dioMod:LaserVision","floor":20},{"not_picked":["dioMod:BloodShield+1","dioMod:HeavyLifting"],"picked":"dioMod:GoodbyeJojo+1","floor":21},{"not_picked":["dioMod:Roundabout+1","dioMod:FlyAway+1"],"picked":"dioMod:Minions+1","floor":24}],"player_experience":556246,"relics_obtained":[{"floor":4,"key":"Centennial Puzzle"},{"floor":6,"key":"Sundial"},{"floor":14,"key":"Pen Nib"}],"event_choices":[{"damage_healed":0,"gold_gain":0,"player_choice":"Invest 1","damage_taken":0,"max_hp_gain":0,"max_hp_loss":0,"event_name":"conspire:Investor","floor":15,"gold_loss":0}],"is_beta":false,"boss_relics":[{"not_picked":["Runic Dome","Busted Crown"],"picked":"energizedSpire:OgreHead"}],"items_purged_floors":[],"is_endless":false,"potions_floor_spawned":[6,7,12,21],"killed_by":"ruina:RoadHome","ascension_level":0}}