{"host":"b7j598ve05halrwk","time":1614154191,"event":{"mods":["2.2 Compatiblity","BaseMod","Block Reminder","DeckTracker","Minty Spire (QoL Compilation)","Relic Stats","Slay the Relics Exporter","StSLib","ojb\u0027s Better Paths Mod","ojb\u0027s Info Mod"],"gold_per_floor":[117,117,137,137,137,164,174,174,174,209,229,1,30,43,43,115,115,134,153,153,6,6,6,54,64,116,40,40,72,72,102,102,179,179,197,0,0,18,33,68,68,93,93,93,5,5,5],"floor_reached":46,"language":"ENG","playtime":4528,"items_purged":[],"score":1239,"play_id":"11e60341-ceaa-4353-8a2a-821a8b988c61","local_time":"20210224030951","is_ascension_mode":true,"campfire_choices":[{"data":"Sunder","floor":8.0,"key":"SMITH"},{"data":"Aggregate","floor":15.0,"key":"SMITH"},{"floor":23.0,"key":"REST"},{"floor":30.0,"key":"RECALL"},{"floor":32.0,"key":"REST"},{"floor":41.0,"key":"REST"},{"floor":44,"key":"REST"}],"circlet_count":0,"master_deck":["AscendersBane","Strike_B","Strike_B","Strike_B","Strike_B","Defend_B","Defend_B","Defend_B","Defend_B","Zap","Dualcast","Sunder+1","Cold Snap","Chill","Leap","Fusion","Aggregate+1","Turbo","Self Repair","Loop","Undo","Go for the Eyes","Conserve Battery","Chaos","Stack","Multi-Cast","Storm","Hologram","Hologram","Recycle","Stack","Capacitor","Recycle","Capacitor","Multi-Cast","Echo Form","Tempest+1","Barrage","Hologram","Scrape"],"relics":["Cracked Core","NeowsBlessing","Pear","Lantern","Unceasing Top","Incense Burner","Orrery","Happy Flower","Fusion Hammer","Omamori","Potion Belt","MealTicket","Snecko Eye","Red Mask","Gambling Chip","Blue Candle","Kunai"],"acts_visited":["Exordium","TheCity","TheBeyond"],"potions_floor_usage":[],"damage_taken":[{"damage":0.0,"enemies":"2 Louse","floor":1.0,"turns":1.0},{"damage":0.0,"enemies":"Small Slimes","floor":3.0,"turns":1.0},{"damage":0.0,"enemies":"Lagavulin","floor":6.0,"turns":1.0},{"damage":5.0,"enemies":"Jaw Worm","floor":7.0,"turns":3.0},{"damage":9.0,"enemies":"3 Sentries","floor":10.0,"turns":10.0},{"damage":0.0,"enemies":"Lots of Slimes","floor":11.0,"turns":9.0},{"damage":4.0,"enemies":"Gremlin Nob","floor":13.0,"turns":4.0},{"damage":1.0,"enemies":"Red Slaver","floor":14.0,"turns":3.0},{"damage":7.0,"enemies":"The Guardian","floor":16.0,"turns":12.0},{"damage":6.0,"enemies":"3 Byrds","floor":18.0,"turns":7.0},{"damage":15.0,"enemies":"Spheric Guardian","floor":19.0,"turns":5.0},{"damage":1.0,"enemies":"Snake Plant","floor":25.0,"turns":5.0},{"damage":0.0,"enemies":"Slavers","floor":29.0,"turns":5.0},{"damage":31.0,"enemies":"Gremlin Leader","floor":31.0,"turns":10.0},{"damage":24.0,"enemies":"Automaton","floor":33.0,"turns":16.0},{"damage":6.0,"enemies":"3 Shapes","floor":35.0,"turns":7.0},{"damage":9.0,"enemies":"3 Darklings","floor":38.0,"turns":4.0},{"damage":0.0,"enemies":"4 Shapes","floor":39.0,"turns":6.0},{"damage":40.0,"enemies":"Reptomancer","floor":40.0,"turns":8.0},{"damage":53,"enemies":"Nemesis","floor":42,"turns":9},{"damage":85,"enemies":"Giant Head","floor":46,"turns":7}],"seed_played":"4559736700151391369","potions_obtained":[{"floor":1.0,"key":"SkillPotion"},{"floor":10.0,"key":"LiquidMemories"},{"floor":11.0,"key":"Swift Potion"},{"floor":13.0,"key":"ColorlessPotion"},{"floor":29.0,"key":"Regen Potion"},{"floor":33.0,"key":"Energy Potion"},{"floor":35.0,"key":"Fire Potion"},{"floor":39.0,"key":"CultistPotion"}],"is_trial":false,"path_per_floor":["M","?","M","?","?","E","M","R","T","E","M","$","E","M","R","B",null,"M","M","?","$","?","R","T","M","T","$","$","E","R","E","R","B",null,"M","?","$","M","M","E","R","E","T","R","$","E"],"character_chosen":"DEFECT","items_purchased":["Orrery","Conserve Battery","Recycle","Stack","Recycle","Scrape"],"campfire_rested":4,"item_purchase_floors":[12,12,21,21,27,45],"current_hp_per_floor":[64,39,39,66,66,66,61,61,61,52,52,52,55,54,54,54,74,75,67,67,67,67,81,81,81,81,81,81,81,81,57,81,64,77,78,78,81,81,81,55,79,33,33,57,72,0,0],"gold":5,"neow_bonus":"THREE_ENEMY_KILL","is_daily":false,"chose_seed":false,"campfire_upgraded":2,"win_rate":0.0,"timestamp":1614154191,"path_taken":["M","?","M","?","?","E","M","R","T","E","M","$","E","M","R","BOSS","M","M","?","$","?","R","?","?","T","?","$","E","R","E","R","BOSS","M","?","?","M","M","E","R","E","T","R","$","E"],"items_purchased_type":["Relic","Card","Card","Card","Card","Card"],"build_version":"2020-12-22","purchased_purges":0,"victory":false,"max_hp_per_floor":[71,81,81,81,81,81,81,81,81,81,81,81,81,81,81,81,81,81,81,81,81,81,81,81,81,81,81,81,81,81,81,81,81,81,81,81,81,81,81,81,81,81,81,81,81,81,81],"relic_stats":{"Happy Flower":[34],"counters":[21,133],"Gambling Chip":[11],"Blue Candle":[0],"Snecko Eye":[71,62,62,74],"MealTicket":18,"Kunai":[1],"obtain_stats":[{"Potion Belt":29,"Lantern":6,"Pear":2,"NeowsBlessing":0,"Happy Flower":13,"Blue Candle":42,"Incense Burner":10,"Omamori":26,"Gambling Chip":40,"Orrery":12,"Snecko Eye":34,"MealTicket":31,"Fusion Hammer":17,"Red Mask":36,"Kunai":43,"Cracked Core":0,"Unceasing Top":9},{"Potion Belt":13,"Lantern":3,"Pear":1,"NeowsBlessing":0,"Happy Flower":7,"Blue Candle":20,"Incense Burner":5,"Omamori":12,"Gambling Chip":19,"Orrery":6,"Snecko Eye":15,"MealTicket":14,"Fusion Hammer":9,"Red Mask":16,"Kunai":20,"Cracked Core":0,"Unceasing Top":4},{"Potion Belt":66,"Lantern":3,"Pear":1,"NeowsBlessing":0,"Happy Flower":29,"Blue Candle":126,"Incense Burner":16,"Omamori":61,"Gambling Chip":117,"Orrery":25,"Snecko Eye":92,"MealTicket":76,"Fusion Hammer":44,"Red Mask":99,"Kunai":126,"Cracked Core":0,"Unceasing Top":6}],"Unceasing Top":[197]},"card_choices":[{"not_picked":["Skim","Redo"],"picked":"Sunder","floor":1.0},{"not_picked":["Sunder","Force Field"],"picked":"Cold Snap","floor":3.0},{"not_picked":["Creative AI","Steam"],"picked":"Chill","floor":6.0},{"not_picked":["Go for the Eyes","Gash"],"picked":"Leap","floor":7.0},{"not_picked":["Rebound","Scrape"],"picked":"Fusion","floor":10.0},{"not_picked":["Beam Cell","Rebound"],"picked":"Aggregate","floor":11.0},{"not_picked":["Beam Cell","Self Repair"],"picked":"Turbo","floor":12.0},{"not_picked":["Cold Snap","Thunder Strike"],"picked":"Self Repair","floor":12.0},{"not_picked":["Gash","Streamline"],"picked":"Loop","floor":12.0},{"not_picked":["Compile Driver","Steam Power"],"picked":"Undo","floor":12.0},{"not_picked":["Creative AI","Fusion"],"picked":"Go for the Eyes","floor":12.0},{"not_picked":["Conserve Battery","Consume"],"picked":"Chaos","floor":13.0},{"not_picked":["Chill","Go for the Eyes"],"picked":"Stack","floor":14.0},{"not_picked":["Rainbow","Hyperbeam"],"picked":"Multi-Cast","floor":16.0},{"not_picked":["Darkness","Redo"],"picked":"Storm","floor":18.0},{"not_picked":["Gash","Cold Snap"],"picked":"Hologram","floor":19.0},{"not_picked":["Darkness","Sweeping Beam+1"],"picked":"Capacitor","floor":25.0},{"not_picked":["Darkness","Steam Power"],"picked":"Capacitor","floor":29.0},{"not_picked":["Scrape+1","Chaos"],"picked":"Multi-Cast","floor":31.0},{"not_picked":["Reboot","Seek"],"picked":"Echo Form","floor":33.0},{"not_picked":["Cold Snap","Gash+1"],"picked":"Tempest+1","floor":35.0},{"not_picked":["Reprogram","FTL","Go for the Eyes"],"picked":"SKIP","floor":38.0},{"not_picked":["Turbo","Streamline"],"picked":"Barrage","floor":39.0},{"not_picked":["Leap","Gash+1","Redo+1"],"picked":"SKIP","floor":40.0},{"not_picked":["Ball Lightning","Compile Driver"],"picked":"Hologram","floor":42}],"player_experience":1170007,"relics_obtained":[{"floor":6.0,"key":"Lantern"},{"floor":9.0,"key":"Unceasing Top"},{"floor":10.0,"key":"Incense Burner"},{"floor":13.0,"key":"Happy Flower"},{"floor":26.0,"key":"Omamori"},{"floor":29.0,"key":"Potion Belt"},{"floor":31.0,"key":"MealTicket"},{"floor":40.0,"key":"Gambling Chip"},{"floor":42,"key":"Blue Candle"},{"floor":43,"key":"Kunai"}],"event_choices":[{"damage_healed":0.0,"max_hp_gain":0.0,"max_hp_loss":0.0,"gold_gain":0.0,"event_name":"Scrap Ooze","player_choice":"Success","floor":2.0,"gold_loss":0.0,"damage_taken":35.0,"relics_obtained":["Pear"]},{"damage_healed":27.0,"max_hp_gain":0.0,"max_hp_loss":0.0,"gold_gain":0.0,"event_name":"Big Fish","player_choice":"Banana","floor":4.0,"gold_loss":0.0,"damage_taken":0.0},{"damage_healed":0.0,"max_hp_gain":0.0,"max_hp_loss":0.0,"gold_gain":0.0,"event_name":"Liars Game","player_choice":"Ignored","floor":5.0,"gold_loss":0.0,"damage_taken":0.0},{"damage_healed":0.0,"max_hp_gain":0.0,"max_hp_loss":0.0,"gold_gain":0.0,"event_name":"The Library","player_choice":"Read","floor":20.0,"gold_loss":0.0,"damage_taken":0.0,"cards_obtained":["Hologram"]},{"damage_healed":0.0,"max_hp_gain":0.0,"max_hp_loss":0.0,"gold_gain":0.0,"event_name":"The Mausoleum","player_choice":"Ignored","floor":22.0,"gold_loss":0.0,"damage_taken":0.0},{"damage_healed":0.0,"max_hp_gain":0.0,"max_hp_loss":0.0,"gold_gain":0.0,"event_name":"Tomb of Lord Red Mask","player_choice":"Paid","floor":36.0,"gold_loss":197.0,"damage_taken":0.0,"relics_obtained":["Red Mask"]}],"is_beta":false,"boss_relics":[{"not_picked":["Calling Bell","Runic Pyramid"],"picked":"Fusion Hammer"},{"not_picked":["SlaversCollar","Velvet Choker"],"picked":"Snecko Eye"}],"items_purged_floors":[],"is_endless":false,"potions_floor_spawned":[1,10,11,13,16,19,29,33,35,39],"killed_by":"Giant Head","ascension_level":20}}