{"host":"llzxi9jqk7yykm8l","time":1614146061,"event":{"mods":["BaseMod","Colored Map","Highlight Path","Minty Spire (QoL Compilation)","Replay The Spire","StSLib","Transform Curses"],"gold_per_floor":[113,113,113,124,124,157,174,189,216,226,116,131,146,2,2,102,102,119,134,151,151,6,6,18,18,18,18,31,31,46,75,75,75,75],"floor_reached":33,"language":"ENG","playtime":3128,"items_purged":[],"score":271,"play_id":"5a1523cb-89c3-428d-bba8-9cfbfc54f64b","local_time":"20210223235421","is_ascension_mode":false,"campfire_choices":[{"data":"Flex","floor":15,"key":"SMITH"},{"floor":23,"key":"REST"},{"floor":29,"key":"REST"},{"floor":32,"key":"REST"}],"circlet_count":0,"master_deck":["Strike_R+1","Strike_R","Strike_R","Strike_R","Strike_R","Defend_R","Defend_R","Defend_R","Defend_R+1","Thunderclap","Survivor","Neutralize","Metallicize","Flex+1","Twin Strike","Iron Wave","PanicButton","PanicButton","Run Through+1","Metallicize","Iron Wave","Iron Wave","Barricade","Pummel","Body Slam+1","Cleave","Seeing Red+1","Voices","Flex","Thunderclap","Perfected Strike"],"relics":["Burning Blood","Bag of Preparation","Blue Doll","Orichalcum","Black Star","ClockworkSouvenir","Ring of Misfortune","HornCleat","Simple Rune","Toy Ornithopter"],"acts_visited":["Exordium","TheCity"],"potions_floor_usage":[6,6,10,10,13,16,16,24,31,33],"damage_taken":[{"damage":4,"enemies":"Jaw Worm","floor":1,"turns":6},{"damage":0,"enemies":"2 Louse","floor":4,"turns":3},{"damage":6,"enemies":"3 Sentries","floor":6,"turns":9},{"damage":0,"enemies":"Small Slimes","floor":7,"turns":5},{"damage":3,"enemies":"Looter","floor":8,"turns":4},{"damage":0,"enemies":"3 Louse","floor":10,"turns":4},{"damage":1,"enemies":"Blue Slaver","floor":12,"turns":4},{"damage":0,"enemies":"Lots of Slimes","floor":13,"turns":2},{"damage":52,"enemies":"Fading Forest","floor":16,"turns":11},{"damage":27,"enemies":"Spheric Guardian","floor":18,"turns":6},{"damage":0,"enemies":"Chosen","floor":19,"turns":6},{"damage":18,"enemies":"Snake Plant","floor":20,"turns":6},{"damage":15,"enemies":"Centurion and Healer","floor":24,"turns":8},{"damage":8,"enemies":"Snecko","floor":28,"turns":6},{"damage":17,"enemies":"Shelled Parasite and Fungi","floor":30,"turns":6},{"damage":18,"enemies":"Gremlin Leader","floor":31,"turns":7},{"damage":83,"enemies":"Pondfish","floor":33,"turns":17}],"seed_played":"-490765883222274328","potions_obtained":[{"floor":0,"key":"FearPotion"},{"floor":0,"key":"BlessingOfTheForge"},{"floor":0,"key":"BloodPotion"},{"floor":6,"key":"Adrenaline Potion"},{"floor":7,"key":"Block Potion"},{"floor":10,"key":"Explosive Potion"},{"floor":12,"key":"SkillPotion"},{"floor":20,"key":"Reflective Coating"},{"floor":28,"key":"Flashbang"},{"floor":31,"key":"Block Potion"}],"is_trial":false,"path_per_floor":["M","?","?","M","?","E","M","M","T","M","$","M","M","$","R","B",null,"M","M","M","?","$","R","M","?","T","$","M","R","M","E","R","B"],"character_chosen":"IRONCLAD","items_purchased":["PanicButton","Run Through+1","Metallicize","Orichalcum","ClockworkSouvenir"],"campfire_rested":3,"item_purchase_floors":[11,11,11,14,22],"current_hp_per_floor":[80,77,77,80,80,80,80,80,80,80,80,80,80,80,80,62,80,59,65,53,53,53,77,68,68,68,68,66,80,69,57,80,0,0],"gold":75,"neow_bonus":"THREE_SMALL_POTIONS","is_daily":false,"chose_seed":false,"campfire_upgraded":1,"win_rate":0.0,"timestamp":1614146061,"path_taken":["M","?","?","M","?","E","M","M","T","M","$","M","M","$","R","BOSS","M","M","M","?","$","R","M","?","T","?","?","R","M","E","R","BOSS"],"items_purchased_type":["Card","Card","Card","Relic","Relic"],"build_version":"2020-12-22","purchased_purges":0,"victory":false,"max_hp_per_floor":[80,80,80,80,80,80,80,80,80,80,80,80,80,80,80,80,80,80,80,80,80,80,80,80,80,80,80,80,80,80,80,80,80,80],"card_choices":[{"not_picked":["Fire Breathing","ReplayTheSpireMod:Strike From Hell"],"picked":"Thunderclap","floor":1},{"not_picked":["Entrench","Perfected Strike"],"picked":"Metallicize","floor":4},{"not_picked":["Eclipse","Dark Embrace","Blood for Blood"],"picked":"SKIP","floor":6},{"not_picked":["Massacre","Thunderclap"],"picked":"Flex","floor":7},{"not_picked":["Defy Death","Heavy Blade"],"picked":"Twin Strike","floor":8},{"not_picked":["Headbutt","Body Slam"],"picked":"Iron Wave","floor":10},{"not_picked":["Replay:Undeath\u0027s Touch","True Grit"],"picked":"Iron Wave","floor":12},{"not_picked":["Demonic Infusion","Rupture"],"picked":"Iron Wave","floor":13},{"not_picked":["Replay:Many Hands","Demonic Infusion"],"picked":"Barricade","floor":16},{"not_picked":["Heavy Blade","Clothesline"],"picked":"Pummel","floor":18},{"not_picked":["Flame Barrier+1","Clash"],"picked":"Body Slam+1","floor":19},{"not_picked":["Body Slam","Perfected Strike"],"picked":"Cleave","floor":20},{"not_picked":["Intimidate+1","ReplayTheSpireMod:Strike From Hell+1"],"picked":"Seeing Red+1","floor":24},{"not_picked":["Dropkick","Burning Pact"],"picked":"Flex","floor":28},{"not_picked":["True Grit","Metallicize"],"picked":"Thunderclap","floor":30},{"not_picked":["Havoc","Fiend Fire"],"picked":"Perfected Strike","floor":31}],"player_experience":2453159,"relics_obtained":[{"floor":9,"key":"Blue Doll"},{"floor":25,"key":"Ring of Misfortune"},{"floor":26,"key":"HornCleat"},{"floor":31,"key":"Simple Rune"},{"floor":31,"key":"Toy Ornithopter"}],"event_choices":[{"damage_healed":0,"gold_gain":0,"player_choice":"Success","damage_taken":3,"relics_obtained":["Bag of Preparation"],"max_hp_gain":0,"max_hp_loss":0,"event_name":"Scrap Ooze","floor":2,"gold_loss":0},{"damage_healed":0,"gold_gain":0,"player_choice":"Ignored","damage_taken":0,"max_hp_gain":0,"max_hp_loss":0,"event_name":"Liars Game","floor":5,"gold_loss":0},{"damage_healed":0,"gold_gain":0,"player_choice":"Ignored","damage_taken":0,"max_hp_gain":0,"max_hp_loss":0,"event_name":"Beggar","floor":21,"gold_loss":0}],"is_beta":false,"boss_relics":[{"not_picked":["Replay:Grab Bag","Ring of Chaos"],"picked":"Black Star"}],"items_purged_floors":[],"is_endless":false,"potions_floor_spawned":[6,7,10,12,20,28,31],"killed_by":"Pondfish","ascension_level":0}}