{"host":"8ki4rp59nppvqwda","time":1614129969,"event":{"mods":["AlwaysNeverKeys","BaseMod","Hermit","Minty Spire (QoL Compilation)","Robot Space Explorer","SacredBarkPlus","StSLib","The Cursed","The Necromancer","The Trickster"],"gold_per_floor":[112,112,287,287,302,302,371,371,452,486,16,66,82,99,99,176,176,189,239,302,320,396,396,425,443,470,520,520,604,635,647,647,720,720,740,790,890,476,526,543,573,573,618,650,669,700,33,50,50,50,50],"floor_reached":50,"language":"ENG","playtime":2589,"items_purged":["Doubt","RobotSpaceExplorer:Defend","RobotSpaceExplorer:Defend"],"score":1193,"play_id":"e41f0ed0-f4bf-4671-b127-011557bdc5cf","local_time":"20210223202609","is_ascension_mode":true,"campfire_choices":[{"data":"RobotSpaceExplorer:RigExplosive","floor":6.0,"key":"SMITH"},{"data":"RobotSpaceExplorer:Pulsar","floor":8.0,"key":"SMITH"},{"data":"RobotSpaceExplorer:MiniLasers","floor":15.0,"key":"SMITH"},{"data":"RobotSpaceExplorer:Comet","floor":23.0,"key":"SMITH"},{"data":"RobotSpaceExplorer:DoubleFind","floor":28.0,"key":"SMITH"},{"data":"RobotSpaceExplorer:ShockMissile","floor":32.0,"key":"SMITH"},{"data":"RobotSpaceExplorer:Asteroid","floor":42,"key":"SMITH"},{"data":"RobotSpaceExplorer:PowerCollector","floor":49,"key":"SMITH"}],"circlet_count":0,"master_deck":["AscendersBane","RobotSpaceExplorer:Defend","RobotSpaceExplorer:Scan+1","RobotSpaceExplorer:MiniLasers+1","RobotSpaceExplorer:RigExplosive+1","RobotSpaceExplorer:ShockMissile+1","RobotSpaceExplorer:GlueShot+1","RobotSpaceExplorer:Pulsar+1","RobotSpaceExplorer:Probe","Bandage Up","RobotSpaceExplorer:Arsenal","RobotSpaceExplorer:JunkDive","RobotSpaceExplorer:Comet+1","RobotSpaceExplorer:Probe","RobotSpaceExplorer:LuckyStrike","RobotSpaceExplorer:DoubleFind+1","RobotSpaceExplorer:Scanner","RobotSpaceExplorer:Autoloader","Bite","Bite","Bite","Bite","RobotSpaceExplorer:Pulsar+1","RobotSpaceExplorer:Probe","RobotSpaceExplorer:Asteroid+1","RobotSpaceExplorer:MiniDrones","RobotSpaceExplorer:ScrapMissile","RobotSpaceExplorer:ShovelStrike","RobotSpaceExplorer:PowerCollector+1","RobotSpaceExplorer:PowerGlove","RobotSpaceExplorer:Pulsar+1","RobotSpaceExplorer:Jetpack+1","RobotSpaceExplorer:PowerGlove","RobotSpaceExplorer:Multitool"],"relics":["RobotSpaceExplorer:TurboCore","SsserpentHead","Orichalcum","Tiny Chest","Pen Nib","Nloth\u0027s Gift","War Paint","Akabeko","Red Mask","Mummified Hand","Coffee Dripper","Smiling Mask","RobotSpaceExplorer:FoglandsKnife","PreservedInsect","Omamori","Anchor","Gambling Chip","Blood Vial","TungstenRod","RobotSpaceExplorer:ClockworkSextant","HandDrill"],"acts_visited":["Exordium","TheCity","TheBeyond"],"potions_floor_usage":[33,36,40,40,44,45,46,48,50,50],"damage_taken":[{"damage":3.0,"enemies":"2 Louse","floor":1.0,"turns":3.0},{"damage":0.0,"enemies":"Small Slimes","floor":5.0,"turns":3.0},{"damage":0.0,"enemies":"Cultist","floor":7.0,"turns":4.0},{"damage":33.0,"enemies":"Lagavulin","floor":10.0,"turns":9.0},{"damage":0.0,"enemies":"2 Fungi Beasts","floor":13.0,"turns":4.0},{"damage":0.0,"enemies":"Red Slaver","floor":14.0,"turns":2.0},{"damage":0.0,"enemies":"Slime Boss","floor":16.0,"turns":4.0},{"damage":0.0,"enemies":"Chosen","floor":18.0,"turns":3.0},{"damage":6.0,"enemies":"3 Byrds","floor":20.0,"turns":3.0},{"damage":0.0,"enemies":"Sentry and Sphere","floor":21.0,"turns":4.0},{"damage":15.0,"enemies":"Slavers","floor":24.0,"turns":4.0},{"damage":5.0,"enemies":"3 Cultists","floor":25.0,"turns":4.0},{"damage":4.0,"enemies":"Masked Bandits","floor":29.0,"turns":4.0},{"damage":0.0,"enemies":"Gremlin Leader","floor":30.0,"turns":5.0},{"damage":0.0,"enemies":"Shelled Parasite and Fungi","floor":31.0,"turns":4.0},{"damage":27,"enemies":"Collector","floor":33,"turns":6},{"damage":9,"enemies":"Orb Walker","floor":35,"turns":3},{"damage":0,"enemies":"3 Darklings","floor":40,"turns":3},{"damage":42,"enemies":"Nemesis","floor":41,"turns":5},{"damage":0,"enemies":"Giant Head","floor":44,"turns":5},{"damage":39,"enemies":"Spire Growth","floor":45,"turns":4},{"damage":0,"enemies":"Reptomancer","floor":46,"turns":3},{"damage":7,"enemies":"4 Shapes","floor":48,"turns":4},{"damage":87,"enemies":"Time Eater","floor":50,"turns":8}],"seed_played":"-4710911299359933989","potions_obtained":[{"floor":5.0,"key":"Energy Potion"},{"floor":7.0,"key":"AttackPotion"},{"floor":14.0,"key":"Strength Potion"},{"floor":18.0,"key":"RobotSpaceExplorer:RecyclePotion"},{"floor":20.0,"key":"SteroidPotion"},{"floor":29.0,"key":"Dexterity Potion"},{"floor":36,"key":"Fruit Juice"},{"floor":36,"key":"AttackPotion"},{"floor":36,"key":"RobotSpaceExplorer:RecyclePotion"},{"floor":40,"key":"Energy Potion"},{"floor":41,"key":"PowerPotion"},{"floor":44,"key":"SkillPotion"}],"is_trial":false,"path_per_floor":["M","?","?","?","M","R","M","R","T","E","$","?","M","M","R","B",null,"M","?","M","M","T","R","E","M","T","?","R","?","E","M","R","B",null,"M","?","T","$","?","M","E","R","T","E","M","E","$","M","R","B"],"character_chosen":"RobotSpaceExplorer","items_purchased":["Tiny Chest","Pen Nib","Bandage Up","RobotSpaceExplorer:FoglandsKnife","RobotSpaceExplorer:MiniDrones","RobotSpaceExplorer:ScrapMissile","PreservedInsect","TungstenRod","RobotSpaceExplorer:ClockworkSextant","HandDrill","RobotSpaceExplorer:PowerGlove"],"campfire_rested":0,"item_purchase_floors":[11,11,11,38,38,38,38,47,47,47,47],"current_hp_per_floor":[72,72,72,72,72,72,72,72,72,51,51,56,60,60,60,64,81,85,85,83,87,87,87,76,75,75,60,60,58,60,60,60,41,55,52,57,57,57,57,65,41,41,41,55,26,34,34,41,41,0,0],"gold":50,"neow_bonus":"TEN_PERCENT_HP_BONUS","is_daily":false,"chose_seed":false,"campfire_upgraded":8,"win_rate":0.0,"timestamp":1614129969,"path_taken":["M","?","?","?","M","R","?","R","T","E","$","?","M","M","R","BOSS","M","?","?","M","?","R","E","M","T","?","R","?","E","M","R","BOSS","M","?","?","$","?","M","E","R","T","E","M","E","?","M","R","BOSS"],"items_purchased_type":["Relic","Relic","Card","Relic","Card","Card","Relic","Relic","Relic","Relic","Card"],"build_version":"2020-12-22","purchased_purges":3,"victory":false,"max_hp_per_floor":[82,82,82,82,82,82,82,82,82,82,82,87,87,87,87,87,87,87,87,87,87,87,87,87,87,87,60,60,60,60,60,60,60,60,60,65,65,65,65,65,65,65,65,65,65,65,65,65,65,65,65],"card_choices":[{"not_picked":["RobotSpaceExplorer:ExhaustFan","RobotSpaceExplorer:SlimeMissile"],"picked":"RobotSpaceExplorer:RigExplosive","floor":1.0},{"not_picked":["RobotSpaceExplorer:SurgingStrike","RobotSpaceExplorer:Counterblock"],"picked":"RobotSpaceExplorer:GlueShot","floor":5.0},{"not_picked":["RobotSpaceExplorer:Jetpack","RobotSpaceExplorer:Electroshield"],"picked":"RobotSpaceExplorer:Pulsar","floor":7.0},{"not_picked":["RobotSpaceExplorer:Ammunition","RobotSpaceExplorer:MetalStrike"],"picked":"RobotSpaceExplorer:Probe","floor":10.0},{"not_picked":["RobotSpaceExplorer:MiniDrones","RobotSpaceExplorer:SurgingStrike"],"picked":"RobotSpaceExplorer:Arsenal","floor":13.0},{"not_picked":["RobotSpaceExplorer:Electropulse","RobotSpaceExplorer:Pulsar"],"picked":"RobotSpaceExplorer:JunkDive","floor":14.0},{"not_picked":["RobotSpaceExplorer:Scanner","RobotSpaceExplorer:ShockMissile"],"picked":"RobotSpaceExplorer:Comet","floor":16.0},{"not_picked":["RobotSpaceExplorer:Pulsar","RobotSpaceExplorer:LaserBurst"],"picked":"RobotSpaceExplorer:Probe","floor":18.0},{"not_picked":["RobotSpaceExplorer:SurgingStrike","RobotSpaceExplorer:StunGrenade"],"picked":"RobotSpaceExplorer:LuckyStrike","floor":20.0},{"not_picked":["RobotSpaceExplorer:Discharger","RobotSpaceExplorer:SlimeMissile"],"picked":"RobotSpaceExplorer:DoubleFind","floor":21.0},{"not_picked":["RobotSpaceExplorer:Autoloader","RobotSpaceExplorer:Reload"],"picked":"RobotSpaceExplorer:Scanner","floor":24.0},{"not_picked":["RobotSpaceExplorer:Ammunition","RobotSpaceExplorer:Reload"],"picked":"RobotSpaceExplorer:Autoloader","floor":25.0},{"not_picked":["RobotSpaceExplorer:Smokescreen","RobotSpaceExplorer:Counterblock"],"picked":"RobotSpaceExplorer:Pulsar+1","floor":29.0},{"not_picked":["RobotSpaceExplorer:SurgingShield","RobotSpaceExplorer:GearShield"],"picked":"RobotSpaceExplorer:Probe","floor":30.0},{"not_picked":["RobotSpaceExplorer:Reload","RobotSpaceExplorer:Calculate","RobotSpaceExplorer:ShockKick"],"picked":"SKIP","floor":31.0},{"not_picked":["RobotSpaceExplorer:BlastShield","RobotSpaceExplorer:HighVoltage"],"picked":"RobotSpaceExplorer:Asteroid","floor":33},{"not_picked":["RobotSpaceExplorer:MiniDrones","RobotSpaceExplorer:Autoloader"],"picked":"RobotSpaceExplorer:Wormhole","floor":35},{"not_picked":["RobotSpaceExplorer:MiniDrones","RobotSpaceExplorer:SurgingShield"],"picked":"RobotSpaceExplorer:ShovelStrike","floor":40},{"not_picked":["RobotSpaceExplorer:GlueShot","RobotSpaceExplorer:FrostMissile"],"picked":"RobotSpaceExplorer:PowerCollector","floor":41},{"not_picked":["RobotSpaceExplorer:TurboDodge","RobotSpaceExplorer:Reload"],"picked":"RobotSpaceExplorer:PowerGlove","floor":44},{"not_picked":["RobotSpaceExplorer:Ammunition","RobotSpaceExplorer:TurboDodge+1"],"picked":"RobotSpaceExplorer:Pulsar+1","floor":45},{"not_picked":["RobotSpaceExplorer:Scanner","RobotSpaceExplorer:MetalStrike"],"picked":"RobotSpaceExplorer:Jetpack+1","floor":46},{"not_picked":["RobotSpaceExplorer:Ammunition","RobotSpaceExplorer:SwiftStep"],"picked":"RobotSpaceExplorer:Multitool","floor":48}],"player_experience":1340825,"relics_obtained":[{"floor":9.0,"key":"Meat on the Bone"},{"floor":10.0,"key":"Orichalcum"},{"floor":22.0,"key":"War Paint"},{"floor":26.0,"key":"Akabeko"},{"floor":29.0,"key":"Red Mask"},{"floor":30.0,"key":"Mummified Hand"},{"floor":37,"key":"Smiling Mask"},{"floor":41,"key":"Omamori"},{"floor":43,"key":"Anchor"},{"floor":44,"key":"Gambling Chip"},{"floor":46,"key":"Blood Vial"}],"event_choices":[{"damage_healed":0.0,"max_hp_gain":0.0,"max_hp_loss":0.0,"gold_gain":0.0,"cards_transformed":["RobotSpaceExplorer:Strike"],"event_name":"Living Wall","player_choice":"Change","floor":2.0,"gold_loss":0.0,"damage_taken":0.0,"cards_obtained":["RobotSpaceExplorer:ShockMissile"]},{"damage_healed":0.0,"max_hp_gain":0.0,"max_hp_loss":0.0,"gold_gain":175.0,"event_name":"Liars Game","player_choice":"AGREE","floor":3.0,"gold_loss":0.0,"damage_taken":0.0,"cards_obtained":["Doubt"]},{"damage_healed":0.0,"max_hp_gain":0.0,"max_hp_loss":0.0,"gold_gain":0.0,"event_name":"FaceTrader","player_choice":"Trade","floor":4.0,"gold_loss":0.0,"damage_taken":0.0,"relics_obtained":["SsserpentHead"]},{"damage_healed":0.0,"max_hp_gain":5.0,"max_hp_loss":0.0,"gold_gain":0.0,"event_name":"Big Fish","player_choice":"Donut","floor":12.0,"gold_loss":0.0,"damage_taken":0.0},{"damage_healed":0.0,"max_hp_gain":0.0,"max_hp_loss":0.0,"gold_gain":0.0,"event_name":"N\u0027loth","player_choice":"Traded Relic","floor":19.0,"relics_lost":["Meat on the Bone"],"gold_loss":0.0,"damage_taken":0.0,"relics_obtained":["Nloth\u0027s Gift"]},{"damage_healed":0.0,"max_hp_gain":0.0,"max_hp_loss":27.0,"gold_gain":0.0,"event_name":"Vampires","player_choice":"Became a vampire","floor":27.0,"gold_loss":0.0,"damage_taken":0.0,"cards_obtained":["Bite","Bite","Bite","Bite","Bite"]},{"damage_healed":0.0,"max_hp_gain":0.0,"max_hp_loss":0.0,"gold_gain":0.0,"event_name":"Masked Bandits","player_choice":"Fought Bandits","floor":29.0,"gold_loss":0.0,"damage_taken":0.0},{"damage_healed":0,"gold_gain":0,"player_choice":"Got Potions","damage_taken":0,"max_hp_gain":0,"max_hp_loss":0,"event_name":"Lab","floor":36,"gold_loss":0},{"cards_removed":["Bite"],"damage_healed":0,"gold_gain":0,"player_choice":"Removed Attack","damage_taken":0,"max_hp_gain":0,"max_hp_loss":0,"event_name":"Falling","floor":39,"gold_loss":0}],"is_beta":false,"boss_relics":[{"not_picked":["Calling Bell","Empty Cage"],"picked":"RobotSpaceExplorer:TurboCore"},{"not_picked":["Sozu","Black Star"],"picked":"Coffee Dripper"}],"items_purged_floors":[11,38,47],"is_endless":false,"potions_floor_spawned":[5,7,13,14,18,20,29,40,41,44,45],"killed_by":"Time Eater","ascension_level":13}}