{"host":"96dqtlax74dz00hw","time":1614200063,"event":{"mods":["Bard","BaseMod","Better Altar","ChefMod","Colored Powertips","Downfall","Hermit","Minty Spire (QoL Compilation)","Permanent Neow","Rare Cards Sparkle","StSLib","The Cursed","The Disciple","The Edgeheg","The IronCluck","The Problem Sleuth"],"gold_per_floor":[15,15,15,33,56,90,90,90,90,106,106,106],"floor_reached":11,"language":"ENG","playtime":524,"items_purged":[],"score":73,"play_id":"1680ec3f-9030-49c1-9ada-b93cc56ab408","local_time":"20210224125423","is_ascension_mode":false,"campfire_choices":[{"data":"hermit:HighNoon","floor":8,"key":"SMITH"}],"circlet_count":0,"master_deck":["hermit:Strike_Hermit","hermit:Strike_Hermit","hermit:Strike_Hermit","hermit:Strike_Hermit","hermit:Defend_Hermit","hermit:Defend_Hermit","hermit:Defend_Hermit","hermit:Defend_Hermit","hermit:Snapshot","hermit:Covet","hermit:Midnight","Injury","hermit:SprayPray","hermit:BodyArmor","hermit:HighNoon+1","hermit:HighCaliber"],"relics":["hermit:Momento","Du-Vu Doll","Golden Idol","hermit:RedScarf","Meat on the Bone","Ice Cream"],"acts_visited":["Exordium"],"potions_floor_usage":[6],"damage_taken":[{"damage":0.0,"enemies":"2 Louse","floor":1.0,"turns":3.0},{"damage":0,"enemies":"Jaw Worm","floor":4,"turns":4},{"damage":5,"enemies":"Small Slimes","floor":5,"turns":3},{"damage":34,"enemies":"Lagavulin","floor":6,"turns":6},{"damage":1,"enemies":"Gremlin Gang","floor":10,"turns":3},{"damage":35,"enemies":"3 Sentries","floor":11,"turns":4}],"seed_played":"-3347153936964818778","potions_obtained":[{"floor":5,"key":"SteroidPotion"}],"is_trial":false,"path_per_floor":["M","?","?","M","M","E","?","R","T","M","E"],"character_chosen":"HERMIT","items_purchased":[],"campfire_rested":0,"item_purchase_floors":[],"current_hp_per_floor":[75,75,63,63,58,24,24,24,24,35,0,0],"gold":106,"neow_bonus":"ONE_RARE_RELIC","is_daily":false,"chose_seed":false,"campfire_upgraded":1,"win_rate":0.0,"timestamp":1614200063,"path_taken":["M","?","?","M","M","E","?","R","T","?","E"],"items_purchased_type":[],"build_version":"2020-12-22","purchased_purges":0,"victory":false,"max_hp_per_floor":[75,75,75,75,75,75,75,75,75,75,75,75],"card_choices":[{"not_picked":["hermit:Ricochet","hermit:Coalescence"],"picked":"hermit:Midnight","floor":1.0},{"not_picked":["hermit:HoleUp","hermit:Ricochet"],"picked":"hermit:SprayPray","floor":4},{"not_picked":["hermit:CalledShot","hermit:Glare"],"picked":"hermit:BodyArmor","floor":5},{"not_picked":["hermit:Scavenge","hermit:BodyArmor"],"picked":"hermit:HighNoon","floor":6},{"not_picked":["hermit:Misfire","hermit:Deadeye"],"picked":"hermit:HighCaliber","floor":10}],"player_experience":930932,"relics_obtained":[{"floor":6,"key":"Meat on the Bone"},{"floor":9,"key":"Ice Cream"}],"event_choices":[{"damage_healed":0,"gold_gain":0,"player_choice":"Take Wound","damage_taken":0,"relics_obtained":["Golden Idol"],"max_hp_gain":0,"max_hp_loss":0,"event_name":"Golden Idol","floor":2,"gold_loss":0,"cards_obtained":["Injury"]},{"damage_healed":0,"gold_gain":0,"player_choice":"Success","damage_taken":12,"relics_obtained":["hermit:RedScarf"],"max_hp_gain":0,"max_hp_loss":0,"event_name":"Scrap Ooze","floor":3,"gold_loss":0},{"damage_healed":0,"gold_gain":0,"player_choice":"Ignored","damage_taken":0,"max_hp_gain":0,"max_hp_loss":0,"event_name":"Fountain of Cleansing","floor":7,"gold_loss":0}],"is_beta":false,"boss_relics":[],"items_purged_floors":[],"is_endless":false,"potions_floor_spawned":[5],"killed_by":"3 Sentries","ascension_level":0}}