{"host":"wy4vwr4x0uqk666t","time":1614167282,"event":{"mods":["Aspiration","BaseMod","BetterRewards","Colored Map","Colored Powertips","Curses Come First","Defuse TimeMaze Blight","Downfall","Hubris","Infinite Spire","Jorbs\u0027s Wanderer Trilogy","Kalas","Lobotomy","Minty Spire (QoL Compilation)","Quick Restart","READ ME - Guardian Mod","Replay The Spire","StSLib","The Cursed","The Elementalist","The Hierophant","The Jungle","The Runesmith","The Servant 0.9.4","The Spell Scribe"],"gold_per_floor":[115,115,128,140,159,192,192,221,247,276,291,308,321,331,331,430,430,445,462,462,476,489,524,231,249,249,9,9,9],"floor_reached":28,"language":"ENG","playtime":1899,"items_purged":["Strike_G","Strike_G"],"score":279,"play_id":"3834f18c-d1a4-4d39-b965-13872b048ca1","local_time":"20210224124802","is_ascension_mode":true,"campfire_choices":[{"floor":7,"key":"REST"},{"floor":15,"key":"REST"}],"circlet_count":0,"master_deck":["Strike_G","Strike_G","Strike_G","Defend_G","Defend_G","Defend_G","Defend_G","Defend_G","Survivor","Neutralize","ReplayTheSpireMod:Uncanny Aura","PiercingWail","Blade Dance","Slice","Dagger Throw","ReplayTheSpireMod:From All Sides","Backflip","After Image+1","Concentrate","Heel Hook","Flying Knee","PiercingWail","Atom Bomb+1","Leg Sweep","hubris:InfiniteBlow","hubris:Sniper+1","ReplayTheSpireMod:Shiv Toss","Draining Mist","Acrobatics","Accuracy","Accuracy","Mind Blast"],"relics":["Ring of the Snake","NlothsMask","aspiration:TomeofQuesting","Replay:Rubber Ducky","hubris:OldNail","Snecko Eye","CaptainsWheel","ReplayFunnel","Guide Book","Pantograph"],"acts_visited":["Exordium","TheCity"],"potions_floor_usage":[6,10,12,16,16,22],"damage_taken":[{"damage":0,"enemies":"2 Louse","floor":1,"turns":2},{"damage":8,"enemies":"infinitespire:Voidling","floor":3,"turns":6},{"damage":3,"enemies":"Cultist","floor":4,"turns":4},{"damage":14,"enemies":"Red Slaver","floor":5,"turns":6},{"damage":30,"enemies":"Lagavulin","floor":6,"turns":7},{"damage":26,"enemies":"3 Sentries","floor":8,"turns":10},{"damage":2,"enemies":"Lagavulin","floor":10,"turns":7},{"damage":0,"enemies":"Looter","floor":11,"turns":3},{"damage":5,"enemies":"2 Fungi Beasts","floor":12,"turns":3},{"damage":5,"enemies":"3 Louse","floor":13,"turns":4},{"damage":0,"enemies":"Large Slime","floor":14,"turns":5},{"damage":22,"enemies":"Slime Boss","floor":16,"turns":12},{"damage":1,"enemies":"Chosen","floor":18,"turns":5},{"damage":0,"enemies":"Spheric Guardian","floor":19,"turns":2},{"damage":13,"enemies":"Chosen and Byrds","floor":21,"turns":10},{"damage":4,"enemies":"Cultist and Chosen","floor":22,"turns":3},{"damage":22,"enemies":"Nightmare","floor":23,"turns":10},{"damage":7,"enemies":"3 Cultists","floor":25,"turns":5},{"damage":25,"enemies":"Slavers","floor":28,"turns":1}],"seed_played":"9154358513318972139","potions_obtained":[{"floor":5,"key":"Adrenaline Potion"},{"floor":6,"key":"Toxic Potion"},{"floor":8,"key":"Cursed Concoction"},{"floor":10,"key":"Ancient Potion"},{"floor":13,"key":"LiquidBronze"},{"floor":14,"key":"champ:CounterPotion"},{"floor":16,"key":"Milkshake"},{"floor":21,"key":"Cursed Concoction"},{"floor":25,"key":"Strength Potion"}],"is_trial":false,"path_per_floor":["M","?","M","M","M","E","R","E","T","E","M","M","M","M","R","B",null,"M","M","AVR","M","M","NM","$","M","T","$","E"],"character_chosen":"THE_SILENT","items_purchased":["Guide Book","Draining Mist","Accuracy","Mind Blast"],"campfire_rested":2,"item_purchase_floors":[24,24,27,27],"current_hp_per_floor":[70,70,69,66,52,22,43,17,17,15,15,10,5,5,26,4,70,69,69,69,56,52,30,30,23,23,23,0,0],"gold":9,"neow_bonus":"RANDOM_COLORLESS","is_daily":false,"chose_seed":false,"campfire_upgraded":0,"win_rate":0.0,"timestamp":1614167282,"path_taken":["M","?","M","?","M","E","R","E","T","E","M","M","M","M","R","BOSS","M","?","AVR","M","M","NM","$","M","T","?","E"],"items_purchased_type":["Relic","Card","Card","Card"],"build_version":"2020-12-22","purchased_purges":2,"victory":false,"max_hp_per_floor":[70,70,70,70,70,70,70,70,70,70,70,70,70,70,70,70,70,70,70,70,70,70,70,70,70,70,70,70,70],"card_choices":[{"not_picked":["Madness","Survey Options"],"picked":"ReplayTheSpireMod:Uncanny Aura","floor":0},{"not_picked":["Poisoned Stab","Cloak And Dagger"],"picked":"PiercingWail","floor":1},{"not_picked":["Tactician","hubris:Sniper"],"picked":"Blade Dance","floor":3},{"not_picked":["Well Laid Plans","Deadly Poison"],"picked":"Slice","floor":4},{"not_picked":["Replay:Poison Smokescreen","Underhanded Strike"],"picked":"Dagger Throw","floor":5},{"not_picked":["Choke","Calculated Gamble"],"picked":"ReplayTheSpireMod:From All Sides","floor":6},{"not_picked":["Crippling Poison","Dodge and Roll"],"picked":"Backflip","floor":8},{"not_picked":["Poisoned Stab","Underhanded Strike"],"picked":"After Image","floor":10},{"not_picked":["Deflect","Hidden Blade"],"picked":"Concentrate","floor":11},{"not_picked":["Underhanded Strike","PiercingWail"],"picked":"Heel Hook","floor":12},{"not_picked":["Dagger Spray","hubris:Counter"],"picked":"Flying Knee","floor":13},{"not_picked":["Sucker Punch","Quick Slash"],"picked":"PiercingWail","floor":14},{"not_picked":["infinitespire:Neurotoxin","Poison Darts"],"picked":"Atom Bomb","floor":16},{"not_picked":["Underhanded Strike","Dagger Throw","Eviscerate"],"picked":"SKIP","floor":18},{"not_picked":["Sucker Punch","Outmaneuver"],"picked":"Leg Sweep","floor":19},{"not_picked":["Outmaneuver","Slice+1"],"picked":"hubris:Sniper+1","floor":21},{"not_picked":["All Out Attack","Deadly Poison"],"picked":"ReplayTheSpireMod:Shiv Toss","floor":22},{"not_picked":["Unload","Leg Sweep","Replay:Poison Smokescreen+1"],"picked":"SKIP","floor":23},{"not_picked":["Deadly Poison","Backflip"],"picked":"Acrobatics","floor":25}],"player_experience":3759578,"relics_obtained":[{"floor":6,"key":"aspiration:TomeofQuesting"},{"floor":8,"key":"Replay:Rubber Ducky"},{"floor":10,"key":"hubris:OldNail"},{"floor":23,"key":"ReplayFunnel"},{"floor":26,"key":"Pantograph"}],"event_choices":[{"damage_healed":0,"gold_gain":0,"player_choice":"Trade","damage_taken":0,"relics_obtained":["NlothsMask"],"max_hp_gain":0,"max_hp_loss":0,"event_name":"FaceTrader","floor":2,"gold_loss":0}],"is_beta":false,"boss_relics":[{"not_picked":["aspiration:RunicSpoon","Replay:Grab Bag"],"picked":"Snecko Eye"}],"items_purged_floors":[24,27],"is_endless":false,"potions_floor_spawned":[5,6,8,10,13,14,16,21,25],"killed_by":"Slavers","ascension_level":1}}