{"host":"t9vqxmgmtrdkt9v9","time":1614142958,"event":{"mods":["AchievementEnabler","BaseMod","Colored Map","Minty Spire (QoL Compilation)","Permanent Neow","Relic Stats","StSLib"],"gold_per_floor":[110,120,136,153,28,53,28,61,134,134,134,59,59,94,94,165,165,184,184,75,75,33,33,33,59,59,9,21,21,33,47,47,119,119,131,131,150,150,150,181,181,131,131,131,81,100,100,120,120,120,120],"floor_reached":50,"language":"ENG","playtime":2671,"items_purged":["Strike_P","Strike_P","Eruption","Defend_P","Defend_P"],"score":1178,"play_id":"ed4d41b4-40a3-46ce-addd-135cd070a527","local_time":"20210224150238","is_ascension_mode":true,"campfire_choices":[{"data":"Vigilance","floor":11.0,"key":"SMITH"},{"data":"BowlingBash","floor":13.0,"key":"SMITH"},{"floor":15.0,"key":"REST"},{"floor":24.0,"key":"REST"},{"floor":29.0,"key":"REST"},{"floor":32.0,"key":"REST"},{"floor":41.0,"key":"REST"},{"floor":44.0,"key":"REST"},{"data":"TalkToTheHand","floor":47.0,"key":"SMITH"},{"data":"Devotion","floor":49.0,"key":"SMITH"}],"circlet_count":0,"master_deck":["AscendersBane","Defend_P+1","Defend_P","Vigilance+1","BowlingBash+1","FlyingSleeves","FlurryOfBlows","FearNoEvil","Tantrum","FlurryOfBlows","FlurryOfBlows","Blasphemy","RitualDagger","EmptyBody","Wallop","Halt","Prostrate","Devotion+1","Perseverance+1","Deep Breath","Protect","TalkToTheHand+1"],"relics":["PureWater","Smiling Mask","Blood Vial","Incense Burner","Sundial","War Paint","VioletLotus","Nilry\u0027s Codex","Vajra","Damaru","Cursed Key","Bag of Marbles"],"acts_visited":["Exordium","TheCity","TheBeyond"],"potions_floor_usage":[],"damage_taken":[{"damage":1.0,"enemies":"Cultist","floor":1.0,"turns":4.0},{"damage":0.0,"enemies":"2 Louse","floor":2.0,"turns":2.0},{"damage":4.0,"enemies":"Jaw Worm","floor":3.0,"turns":4.0},{"damage":0.0,"enemies":"3 Louse","floor":4.0,"turns":2.0},{"damage":0.0,"enemies":"3 Sentries","floor":6.0,"turns":3.0},{"damage":17.0,"enemies":"Gremlin Nob","floor":8.0,"turns":3.0},{"damage":25.0,"enemies":"3 Sentries","floor":14.0,"turns":4.0},{"damage":0.0,"enemies":"Slime Boss","floor":16.0,"turns":5.0},{"damage":9.0,"enemies":"Spheric Guardian","floor":18.0,"turns":3.0},{"damage":23.0,"enemies":"Book of Stabbing","floor":25.0,"turns":4.0},{"damage":4.0,"enemies":"2 Thieves","floor":28.0,"turns":3.0},{"damage":24.0,"enemies":"Snake Plant","floor":30.0,"turns":4.0},{"damage":8.0,"enemies":"Centurion and Healer","floor":31.0,"turns":7.0},{"damage":12.0,"enemies":"Automaton","floor":33.0,"turns":8.0},{"damage":25.0,"enemies":"Orb Walker","floor":35.0,"turns":4.0},{"damage":20.0,"enemies":"3 Shapes","floor":37.0,"turns":8.0},{"damage":0.0,"enemies":"Nemesis","floor":40.0,"turns":6.0},{"damage":0.0,"enemies":"Transient","floor":46.0,"turns":6.0},{"damage":20.0,"enemies":"Maw","floor":48.0,"turns":6.0},{"damage":62,"enemies":"Donu and Deca","floor":50,"turns":5}],"seed_played":"1190258626230730731","potions_obtained":[{"floor":1.0,"key":"Fire Potion"},{"floor":3.0,"key":"Ambrosia"},{"floor":8.0,"key":"BottledMiracle"},{"floor":28.0,"key":"Fruit Juice"},{"floor":31.0,"key":"Swift Potion"},{"floor":35.0,"key":"AttackPotion"}],"is_trial":false,"path_per_floor":["M","M","M","M","$","E","$","E","T","?","R","?","R","E","R","B",null,"M","?","$","?","$","?","R","E","T","$","M","R","M","M","R","B",null,"M","?","M","?","?","E","R","$","T","R","$","M","R","M","R","B"],"character_chosen":"WATCHER","items_purchased":["FearNoEvil","FlurryOfBlows","EmptyBody","Wallop"],"campfire_rested":6,"item_purchase_floors":[5,7,20,22],"current_hp_per_floor":[60,60,56,56,56,56,56,41,41,41,41,41,41,18,38,40,61,54,48,48,27,27,27,47,26,26,26,24,44,22,21,42,32,63,40,40,22,22,22,24,45,45,45,66,66,68,68,50,50,0,0],"gold":120,"neow_bonus":"RANDOM_COMMON_RELIC","is_daily":false,"chose_seed":false,"campfire_upgraded":4,"win_rate":0.0,"timestamp":1614142958,"path_taken":["M","M","?","M","$","E","$","E","T","?","R","?","R","E","R","BOSS","M","?","$","?","$","?","R","E","T","?","M","R","?","M","R","BOSS","M","?","M","?","?","E","R","$","T","R","$","?","R","?","R","BOSS"],"items_purchased_type":["Card","Card","Card","Card"],"build_version":"2020-12-22","purchased_purges":5,"victory":false,"max_hp_per_floor":[68,68,68,68,68,68,68,68,68,68,68,68,68,68,68,68,68,68,68,68,68,68,68,68,68,68,68,68,68,68,73,73,73,73,73,73,73,73,73,73,73,73,73,73,73,73,73,73,73,73,73],"relic_stats":{"Blood Vial":30,"counters":[20,91],"Sundial":[8],"VioletLotus":[22],"War Paint":["Crescendo","Defend_P"],"Smiling Mask":375,"Cursed Key":0,"obtain_stats":[{"Blood Vial":6,"Sundial":9,"Nilry\u0027s Codex":21,"Vajra":25,"Damaru":26,"VioletLotus":17,"Incense Burner":8,"Bag of Marbles":40,"PureWater":0,"War Paint":14,"Smiling Mask":0,"Cursed Key":34},{"Blood Vial":5,"Sundial":6,"Nilry\u0027s Codex":9,"Vajra":10,"Damaru":10,"VioletLotus":8,"Incense Burner":6,"Bag of Marbles":17,"PureWater":0,"War Paint":7,"Smiling Mask":0,"Cursed Key":14},{"Blood Vial":15,"Sundial":18,"Nilry\u0027s Codex":30,"Vajra":34,"Damaru":34,"VioletLotus":27,"Incense Burner":18,"Bag of Marbles":74,"PureWater":0,"War Paint":22,"Smiling Mask":0,"Cursed Key":56}]},"card_choices":[{"not_picked":["JustLucky","PathToVictory"],"picked":"BowlingBash","floor":1.0},{"not_picked":["Prostrate","DeceiveReality"],"picked":"FlyingSleeves","floor":2.0},{"not_picked":["BowlingBash","InnerPeace"],"picked":"Crescendo","floor":3.0},{"not_picked":["PathToVictory","Fasting2"],"picked":"FlurryOfBlows","floor":4.0},{"not_picked":["Consecrate","Halt"],"picked":"Tantrum","floor":6.0},{"not_picked":["Evaluate","WindmillStrike"],"picked":"FlurryOfBlows","floor":8.0},{"not_picked":["Sanctity","FollowUp","FlurryOfBlows"],"picked":"SKIP","floor":14.0},{"not_picked":["Omniscience","Establishment"],"picked":"Blasphemy","floor":16.0},{"not_picked":["JustLucky","Worship","CutThroughFate"],"picked":"SKIP","floor":18.0},{"not_picked":["CrushJoints","EmptyMind"],"picked":"Halt","floor":25.0},{"not_picked":["Crescendo","PathToVictory","CrushJoints"],"picked":"SKIP","floor":28.0},{"not_picked":["EmptyFist","Vault"],"picked":"Prostrate","floor":30.0},{"not_picked":["Consecrate","CrushJoints","Crescendo"],"picked":"SKIP","floor":31.0},{"not_picked":["SpiritShield","ConjureBlade"],"picked":"Devotion","floor":33.0},{"not_picked":["Weave+1","SashWhip+1","FollowUp"],"picked":"SKIP","floor":35.0},{"not_picked":["WreathOfFlame","ReachHeaven"],"picked":"Perseverance+1","floor":37.0},{"not_picked":["Jack Of All Trades","Forethought"],"picked":"Deep Breath","floor":39.0},{"not_picked":["Consecrate+1","FlyingSleeves+1"],"picked":"Protect","floor":40.0},{"not_picked":["WaveOfTheHand+1","MentalFortress"],"picked":"TalkToTheHand","floor":46.0},{"not_picked":["Adaptation","Study","PathToVictory"],"picked":"SKIP","floor":48.0}],"player_experience":485359,"relics_obtained":[{"floor":6.0,"key":"Blood Vial"},{"floor":8.0,"key":"Incense Burner"},{"floor":9.0,"key":"Sundial"},{"floor":14.0,"key":"War Paint"},{"floor":21.0,"key":"Nilry\u0027s Codex"},{"floor":25.0,"key":"Vajra"},{"floor":26.0,"key":"Damaru"},{"floor":40.0,"key":"Bag of Marbles"}],"event_choices":[{"damage_healed":0.0,"max_hp_gain":0.0,"max_hp_loss":0.0,"gold_gain":0.0,"cards_transformed":["Strike_P"],"event_name":"Living Wall","player_choice":"Change","floor":10.0,"gold_loss":0.0,"damage_taken":0.0,"cards_obtained":["MasterReality"]},{"cards_removed":["Strike_P"],"damage_healed":0.0,"max_hp_gain":0.0,"max_hp_loss":0.0,"gold_gain":0.0,"event_name":"The Cleric","player_choice":"Card Removal","floor":12.0,"gold_loss":75.0,"damage_taken":0.0},{"damage_healed":0.0,"max_hp_gain":0.0,"max_hp_loss":0.0,"gold_gain":0.0,"event_name":"Nest","player_choice":"Joined the Cult","floor":19.0,"gold_loss":0.0,"damage_taken":6.0,"cards_obtained":["RitualDagger"]},{"damage_healed":0.0,"max_hp_gain":0.0,"max_hp_loss":0.0,"gold_gain":0.0,"event_name":"Cursed Tome","player_choice":"Obtained Book","floor":21.0,"gold_loss":0.0,"damage_taken":21.0},{"cards_removed":["MasterReality"],"damage_healed":0.0,"max_hp_gain":0.0,"max_hp_loss":0.0,"gold_gain":0.0,"event_name":"Back to Basics","player_choice":"Elegance","floor":23.0,"gold_loss":0.0,"damage_taken":0.0},{"cards_removed":["Crescendo"],"damage_healed":0.0,"max_hp_gain":0.0,"max_hp_loss":0.0,"gold_gain":0.0,"event_name":"Falling","player_choice":"Removed Skill","floor":36.0,"gold_loss":0.0,"damage_taken":0.0},{"damage_healed":0.0,"max_hp_gain":0.0,"max_hp_loss":0.0,"gold_gain":0.0,"event_name":"Mysterious Sphere","player_choice":"Ignored","floor":38.0,"gold_loss":0.0,"damage_taken":0.0},{"damage_healed":0.0,"max_hp_gain":0.0,"max_hp_loss":0.0,"gold_gain":0.0,"event_name":"SensoryStone","player_choice":"Memory 1","floor":39.0,"gold_loss":0.0,"damage_taken":0.0}],"is_beta":false,"boss_relics":[{"not_picked":["Fusion Hammer","Calling Bell"],"picked":"VioletLotus"},{"not_picked":["Coffee Dripper","Astrolabe"],"picked":"Cursed Key"}],"items_purged_floors":[5,20,27,42,45],"is_endless":false,"potions_floor_spawned":[1,3,8,16,18,28,31,35,40],"killed_by":"Donu and Deca","ascension_level":19}}