{"host":"uo2uiso6cn7k493z","time":1614183672,"event":{"mods":["BaseMod","Colored Map","DeckTracker","Minty Spire (QoL Compilation)","Random Character Button","Unceasing Turn Reminder"],"gold_per_floor":[118,118,393,63,83,115,115,127,151,151,151,170,83,103,103,174,174,174,174,174,37,37,37,37,37],"floor_reached":24,"language":"ENG","playtime":3234,"items_purged":["Regret","Strike_G"],"score":445,"play_id":"07366662-68e8-405c-ad83-0e19f4955e77","local_time":"20210224182112","is_ascension_mode":true,"campfire_choices":[{"data":"Footwork","floor":7.0,"key":"SMITH"},{"data":"Footwork","floor":11.0,"key":"SMITH"},{"floor":15.0,"key":"REST"},{"floor":23,"key":"REST"}],"circlet_count":0,"master_deck":["AscendersBane","Strike_G","Strike_G","Strike_G","Strike_G","Defend_G","Defend_G","Defend_G","Defend_G","Defend_G","Survivor","Neutralize","Riddle With Holes","Footwork+1","Cloak And Dagger","Deadly Poison","Footwork+1","Dagger Spray","Footwork","PiercingWail","Adrenaline","Cloak And Dagger","PiercingWail","Footwork+1","Accuracy","Blur"],"relics":["Ring of the Snake","NeowsBlessing","Blood Vial","Orichalcum","Letter Opener","Potion Belt","Ectoplasm"],"acts_visited":[],"potions_floor_usage":[22],"damage_taken":[{"damage":0.0,"enemies":"Jaw Worm","floor":1.0,"turns":1.0},{"damage":0.0,"enemies":"Cultist","floor":5.0,"turns":1.0},{"damage":0.0,"enemies":"3 Sentries","floor":6.0,"turns":1.0},{"damage":4.0,"enemies":"Small Slimes","floor":8.0,"turns":3.0},{"damage":1.0,"enemies":"Blue Slaver","floor":12.0,"turns":6.0},{"damage":12.0,"enemies":"2 Fungi Beasts","floor":14.0,"turns":5.0},{"damage":11.0,"enemies":"The Guardian","floor":16.0,"turns":14.0},{"damage":25.0,"enemies":"Shell Parasite","floor":18.0,"turns":10.0},{"damage":21.0,"enemies":"Chosen","floor":19.0,"turns":9.0},{"damage":12,"enemies":"Snecko","floor":22,"turns":10},{"damage":31,"enemies":"Book of Stabbing","floor":24,"turns":5}],"seed_played":"2404679973349173784","potions_obtained":[{"floor":1.0,"key":"Fire Potion"},{"floor":5.0,"key":"Strength Potion"},{"floor":14.0,"key":"SkillPotion"},{"floor":18.0,"key":"Strength Potion"}],"is_trial":false,"path_per_floor":["M","?","?","$","M","E","R","M","T","?","R","M","$","M","R","B",null,"M","M","?","$","M","R","E"],"character_chosen":"THE_SILENT","items_purchased":["Footwork","Cloak And Dagger","Orichalcum","Footwork","Accuracy"],"campfire_rested":2,"item_purchase_floors":[4,4,4,13,21],"current_hp_per_floor":[59,33,33,33,35,37,37,35,35,35,35,36,36,26,45,36,59,36,17,17,17,7,26,0,0],"gold":37,"neow_bonus":"THREE_ENEMY_KILL","is_daily":false,"chose_seed":false,"campfire_upgraded":2,"win_rate":0.0,"timestamp":1614183672,"path_taken":["M","?","?","$","M","E","R","?","T","?","R","M","$","M","R","BOSS","M","M","?","$","?","R","E"],"items_purchased_type":["Card","Card","Relic","Card","Card"],"build_version":"2020-12-22","purchased_purges":2,"victory":false,"max_hp_per_floor":[66,66,66,66,66,66,66,66,66,66,66,66,66,66,66,66,66,66,66,66,66,66,66,66,66],"card_choices":[{"not_picked":["Eviscerate","Escape Plan"],"picked":"Riddle With Holes","floor":1.0},{"not_picked":["Acrobatics","Deflect"],"picked":"Deadly Poison","floor":5.0},{"not_picked":["Phantasmal Killer","Prepared"],"picked":"Footwork","floor":6.0},{"not_picked":["Setup","Acrobatics","Reflex"],"picked":"SKIP","floor":8.0},{"not_picked":["Blade Dance","Sucker Punch"],"picked":"Dagger Spray","floor":12.0},{"not_picked":["Deflect","Acrobatics"],"picked":"PiercingWail","floor":14.0},{"not_picked":["Unload","Doppelganger"],"picked":"Adrenaline","floor":16.0},{"not_picked":["Backstab","Prepared"],"picked":"Cloak And Dagger","floor":18.0},{"not_picked":["Backflip","Slice"],"picked":"PiercingWail","floor":19.0},{"not_picked":["Sucker Punch","PiercingWail+1"],"picked":"Blur","floor":22}],"player_experience":474784,"relics_obtained":[{"floor":6.0,"key":"Letter Opener"},{"floor":9.0,"key":"Potion Belt"}],"event_choices":[{"damage_healed":0.0,"max_hp_gain":0.0,"max_hp_loss":0.0,"gold_gain":0.0,"event_name":"Scrap Ooze","player_choice":"Success","floor":2.0,"gold_loss":0.0,"damage_taken":26.0,"relics_obtained":["Blood Vial"]},{"damage_healed":0.0,"max_hp_gain":0.0,"max_hp_loss":0.0,"gold_gain":275.0,"event_name":"Golden Shrine","player_choice":"Desecrate","floor":3.0,"gold_loss":0.0,"damage_taken":0.0,"cards_obtained":["Regret"]},{"damage_healed":0.0,"max_hp_gain":0.0,"max_hp_loss":0.0,"gold_gain":0.0,"event_name":"Golden Wing","player_choice":"Ignored","floor":10.0,"gold_loss":0.0,"damage_taken":0.0},{"damage_healed":0.0,"max_hp_gain":0.0,"max_hp_loss":0.0,"gold_gain":0.0,"event_name":"Duplicator","player_choice":"Copied","floor":20.0,"gold_loss":0.0,"damage_taken":0.0,"cards_obtained":["Footwork"]}],"is_beta":false,"boss_relics":[{"not_picked":["Busted Crown","Fusion Hammer"],"picked":"Ectoplasm"}],"items_purged_floors":[4,21],"is_endless":false,"potions_floor_spawned":[1,5,14,18],"killed_by":"Book of Stabbing","ascension_level":18}}