{"host":"uv231blk40vjdojr","time":1614193356,"event":{"mods":["BaseMod","Minty Spire (QoL Compilation)","Relic Stats","ojb\u0027s Info Mod"],"gold_per_floor":[111,122,122,47,58,58,83,83,164,189,209,209,222,277,277,400,400,438,438,133,168,211,211,240,278,278,322,373,288,323,366,366,461,461,509,509,549,566,566,625,43,95,177,87,97,159,200,44,44,44,44,44,44,78,78],"floor_reached":56,"language":"ENG","playtime":4004,"items_purged":["Pain","Strike_P","Strike_P"],"score":1921,"play_id":"5671c4be-52e9-4641-a09b-f2e3eb3da919","local_time":"20210224200236","is_ascension_mode":true,"campfire_choices":[{"floor":6.0,"key":"REST"},{"floor":8.0,"key":"RECALL"},{"floor":12.0,"key":"REST"},{"floor":15.0,"key":"REST"},{"floor":23.0,"key":"REST"},{"floor":32.0,"key":"REST"},{"data":"BowlingBash","floor":49,"key":"PURGE"},{"data":"Pray+1","floor":52,"key":"PURGE"}],"circlet_count":0,"master_deck":["Defend_P+1","Eruption+1","Vigilance+1","FlurryOfBlows+1","Conclude+1","SashWhip+1","MentalFortress","Protect","Wish+1","Brilliance+1","ReachHeaven+1","CutThroughFate+1","Evaluate+1","ClearTheMind+1","InnerPeace+1","Crescendo+1","LessonLearned+1","SpiritShield+1","FlyingSleeves+1","Brilliance+1","Prostrate+1","TalkToTheHand","Meditate+1","WindmillStrike+1","Tantrum","FearNoEvil","SashWhip"],"relics":["Fusion Hammer","WarpedTongs","Nunchaku","Meat on the Bone","PreservedInsect","Mercury Hourglass","Black Star","Dream Catcher","Kunai","Toxic Egg 2","HornCleat","Lantern","TeardropLocket","Vajra","CloakClasp","Astrolabe","Pear","Whetstone","Ginger","Toolbox","Mango","Bottled Tornado","Eternal Feather","Peace Pipe","Bottled Lightning","ClockworkSouvenir","StrikeDummy","Bronze Scales"],"acts_visited":["Exordium","TheCity","TheBeyond","TheEnding"],"potions_floor_usage":[54,55,55],"damage_taken":[{"damage":2.0,"enemies":"Cultist","floor":1.0,"turns":3.0},{"damage":4.0,"enemies":"Jaw Worm","floor":2.0,"turns":3.0},{"damage":4.0,"enemies":"Small Slimes","floor":5.0,"turns":2.0},{"damage":20.0,"enemies":"Lagavulin","floor":7.0,"turns":8.0},{"damage":12.0,"enemies":"3 Sentries","floor":10.0,"turns":5.0},{"damage":5.0,"enemies":"Gremlin Gang","floor":11.0,"turns":5.0},{"damage":0.0,"enemies":"2 Fungi Beasts","floor":13.0,"turns":3.0},{"damage":6.0,"enemies":"Gremlin Nob","floor":14.0,"turns":3.0},{"damage":0.0,"enemies":"Slime Boss","floor":16.0,"turns":6.0},{"damage":20.0,"enemies":"Shell Parasite","floor":18.0,"turns":6.0},{"damage":3.0,"enemies":"3 Byrds","floor":21.0,"turns":5.0},{"damage":13.0,"enemies":"Snake Plant","floor":22.0,"turns":4.0},{"damage":7.0,"enemies":"Book of Stabbing","floor":24.0,"turns":7.0},{"damage":2.0,"enemies":"Sentry and Sphere","floor":25.0,"turns":3.0},{"damage":9.0,"enemies":"Shelled Parasite and Fungi","floor":27.0,"turns":4.0},{"damage":16.0,"enemies":"Slavers","floor":30.0,"turns":3.0},{"damage":1.0,"enemies":"Snake Plant","floor":31.0,"turns":3.0},{"damage":0.0,"enemies":"Automaton","floor":33.0,"turns":6.0},{"damage":7.0,"enemies":"3 Shapes","floor":35.0,"turns":4.0},{"damage":13.0,"enemies":"3 Darklings","floor":37.0,"turns":6.0},{"damage":1.0,"enemies":"Spire Growth","floor":38.0,"turns":8.0},{"damage":24.0,"enemies":"Reptomancer","floor":40.0,"turns":8.0},{"damage":0.0,"enemies":"Giant Head","floor":42.0,"turns":6.0},{"damage":16.0,"enemies":"Transient","floor":45.0,"turns":5.0},{"damage":5.0,"enemies":"Reptomancer","floor":46.0,"turns":4.0},{"damage":0,"enemies":"4 Shapes","floor":47,"turns":5},{"damage":27,"enemies":"Donu and Deca","floor":50,"turns":6},{"damage":26,"enemies":"Shield and Spear","floor":54,"turns":6},{"damage":59,"enemies":"The Heart","floor":55,"turns":8}],"seed_played":"8124157220021636988","potions_obtained":[{"floor":2.0,"key":"GamblersBrew"},{"floor":11.0,"key":"Strength Potion"},{"floor":13.0,"key":"Weak Potion"},{"floor":16.0,"key":"Fire Potion"},{"floor":22.0,"key":"BlessingOfTheForge"},{"floor":25.0,"key":"LiquidBronze"},{"floor":27.0,"key":"EntropicBrew"},{"floor":33.0,"key":"PowerPotion"},{"floor":38.0,"key":"Strength Potion"},{"floor":42.0,"key":"Explosive Potion"}],"is_trial":false,"path_per_floor":["M","M","?","$","M","R","E","R","T","E","M","R","M","E","R","B",null,"M","T","$","M","M","R","E","M","T","M","T","?","E","M","R","B",null,"M","?","M","M","?","E","$","E","T","?","M","E","M","$","R","B",null,"R","$","E","B",null],"character_chosen":"WATCHER","items_purchased":["Dream Catcher","CutThroughFate","Ginger","Toolbox","ClockworkSouvenir"],"campfire_rested":5,"item_purchase_floors":[20,20,41,41,48],"current_hp_per_floor":[63,59,59,59,55,72,52,52,52,40,47,68,68,62,72,72,72,52,52,52,49,48,69,62,60,60,51,51,51,47,46,67,67,71,64,64,51,65,65,51,51,65,65,65,49,56,56,56,71,56,86,96,96,70,23],"gold":78,"neow_bonus":"BOSS_RELIC","is_daily":false,"chose_seed":false,"campfire_upgraded":0,"win_rate":0.0,"timestamp":1614193356,"path_taken":["M","M","?","$","M","R","E","R","T","E","M","R","M","E","R","BOSS","M","?","$","M","M","R","E","M","T","M","?","?","E","M","R","BOSS","M","?","?","M","?","E","$","E","T","?","M","E","?","$","R","BOSS","R","$","E","BOSS"],"items_purchased_type":["Relic","Card","Relic","Relic","Relic"],"build_version":"2020-12-22","purchased_purges":3,"victory":true,"max_hp_per_floor":[72,72,72,72,72,72,72,72,72,72,72,72,72,72,72,72,72,72,72,72,72,72,72,72,72,72,72,72,72,72,72,72,72,72,72,72,72,72,72,82,82,96,96,96,96,96,96,96,96,96,96,96,96,96,96],"relic_stats":{"counters":[29,145],"Astrolabe":["FlyingSleeves","Brilliance","Prostrate"],"Eternal Feather":25,"PreservedInsect":437,"CloakClasp":[204],"Whetstone":["SashWhip","Eruption"],"Ginger":[5],"WarpedTongs":[136],"Mercury Hourglass":[450],"Peace Pipe":2,"Nunchaku":[28],"Dream Catcher":2,"Bronze Scales":[96],"Black Star":6,"Kunai":[35],"obtain_stats":[{"Lantern":28,"Vajra":30,"Mango":42,"CloakClasp":30,"TeardropLocket":29,"Whetstone":40,"Ginger":41,"Bottled Tornado":42,"ClockworkSouvenir":48,"Nunchaku":7,"Dream Catcher":20,"HornCleat":26,"Toolbox":41,"Fusion Hammer":0,"Kunai":24,"Toxic Egg 2":24,"Pear":40,"Astrolabe":34,"Eternal Feather":43,"PreservedInsect":10,"WarpedTongs":3,"Mercury Hourglass":14,"Peace Pipe":46,"Bronze Scales":54,"Black Star":17,"Bottled Lightning":46,"PureWater":0,"StrikeDummy":54,"Meat on the Bone":9},{"Lantern":15,"Vajra":16,"Mango":23,"CloakClasp":16,"TeardropLocket":15,"Whetstone":22,"Ginger":22,"Bottled Tornado":23,"ClockworkSouvenir":26,"Nunchaku":4,"Dream Catcher":10,"HornCleat":14,"Toolbox":22,"Fusion Hammer":0,"Kunai":13,"Toxic Egg 2":13,"Pear":22,"Astrolabe":18,"Eternal Feather":23,"PreservedInsect":5,"WarpedTongs":2,"Mercury Hourglass":8,"Peace Pipe":25,"Bronze Scales":28,"Black Star":9,"Bottled Lightning":25,"PureWater":0,"StrikeDummy":28,"Meat on the Bone":4},{"Lantern":67,"Vajra":70,"Mango":111,"CloakClasp":70,"TeardropLocket":67,"Whetstone":105,"Ginger":105,"Bottled Tornado":111,"ClockworkSouvenir":125,"Nunchaku":16,"Dream Catcher":44,"HornCleat":63,"Toolbox":105,"Fusion Hammer":0,"Kunai":60,"Toxic Egg 2":60,"Pear":105,"Astrolabe":79,"Eternal Feather":111,"PreservedInsect":21,"WarpedTongs":6,"Mercury Hourglass":32,"Peace Pipe":120,"Bronze Scales":137,"Black Star":38,"Bottled Lightning":120,"PureWater":0,"StrikeDummy":137,"Meat on the Bone":16}],"Meat on the Bone":72},"card_choices":[{"not_picked":["CutThroughFate","Consecrate"],"picked":"BowlingBash","floor":1.0},{"not_picked":["ForeignInfluence","Crescendo"],"picked":"FlurryOfBlows","floor":2.0},{"not_picked":["Protect","Pray"],"picked":"Conclude","floor":5.0},{"not_picked":["FollowUp","Conclude"],"picked":"SashWhip","floor":7.0},{"not_picked":["BowlingBash","CrushJoints"],"picked":"MentalFortress","floor":10.0},{"not_picked":["Nirvana","FlyingSleeves"],"picked":"Protect","floor":11.0},{"not_picked":["JustLucky","Halt"],"picked":"Wish","floor":13.0},{"not_picked":["FollowUp","Wish"],"picked":"Halt","floor":14.0},{"not_picked":["MasterReality","Omniscience"],"picked":"Brilliance","floor":16.0},{"not_picked":["Consecrate+1","Weave"],"picked":"ReachHeaven+1","floor":18.0},{"not_picked":["MentalFortress","FollowUp"],"picked":"Evaluate+1","floor":21.0},{"not_picked":["EmptyBody","Evaluate","BowlingBash"],"picked":"SKIP","floor":22.0},{"not_picked":["Indignation","Weave"],"picked":"ClearTheMind","floor":23.0},{"not_picked":["FollowUp","Halt+1"],"picked":"InnerPeace+1","floor":24.0},{"not_picked":["ReachHeaven","EmptyFist","Perseverance+1"],"picked":"SKIP","floor":25.0},{"not_picked":["EmptyFist","ClearTheMind+1"],"picked":"Crescendo+1","floor":27.0},{"not_picked":["ThirdEye+1","Scrawl+1"],"picked":"LessonLearned","floor":30.0},{"not_picked":["ForeignInfluence+1","Consecrate","Evaluate+1"],"picked":"SKIP","floor":31.0},{"not_picked":["LessonLearned","Blasphemy+1"],"picked":"SpiritShield+1","floor":33.0},{"not_picked":["ClearTheMind+1","FlurryOfBlows","PathToVictory+1"],"picked":"SKIP","floor":35.0},{"not_picked":["Consecrate","FlyingSleeves+1"],"picked":"TalkToTheHand","floor":37.0},{"not_picked":["WreathOfFlame+1","EmptyFist+1"],"picked":"Meditate+1","floor":38.0},{"not_picked":["MasterReality","Indignation+1"],"picked":"WindmillStrike+1","floor":40.0},{"not_picked":["EmptyBody+1","FollowUp+1"],"picked":"Pray+1","floor":42.0},{"not_picked":["ClearTheMind+1","Protect+1"],"picked":"Tantrum","floor":45.0},{"not_picked":["ClearTheMind+1","Crescendo+1","WreathOfFlame+1"],"picked":"SKIP","floor":46},{"not_picked":["Consecrate","Sanctity+1"],"picked":"FearNoEvil","floor":47},{"not_picked":["EmptyBody+1","BowlingBash"],"picked":"SashWhip","floor":54}],"player_experience":794749,"relics_obtained":[{"floor":7.0,"key":"Nunchaku"},{"floor":9.0,"key":"Meat on the Bone"},{"floor":10.0,"key":"PreservedInsect"},{"floor":14.0,"key":"Mercury Hourglass"},{"floor":24.0,"key":"Kunai"},{"floor":24.0,"key":"Toxic Egg 2"},{"floor":26.0,"key":"HornCleat"},{"floor":28.0,"key":"Lantern"},{"floor":30.0,"key":"Vajra"},{"floor":30.0,"key":"CloakClasp"},{"floor":40.0,"key":"Pear"},{"floor":40.0,"key":"Whetstone"},{"floor":42.0,"key":"Mango"},{"floor":42.0,"key":"Bottled Tornado"},{"floor":43.0,"key":"Eternal Feather"},{"floor":46,"key":"Peace Pipe"},{"floor":46,"key":"Bottled Lightning"},{"floor":54,"key":"StrikeDummy"},{"floor":54,"key":"Bronze Scales"}],"event_choices":[{"damage_healed":0.0,"max_hp_gain":0.0,"max_hp_loss":0.0,"gold_gain":0.0,"event_name":"Accursed Blacksmith","player_choice":"Rummage","floor":3.0,"gold_loss":0.0,"damage_taken":0.0,"relics_obtained":["WarpedTongs"],"cards_obtained":["Pain"]},{"damage_healed":0.0,"max_hp_gain":0.0,"max_hp_loss":0.0,"gold_gain":0.0,"event_name":"Addict","player_choice":"Obtained Relic","floor":29.0,"gold_loss":85.0,"damage_taken":0.0,"relics_obtained":["TeardropLocket"]},{"cards_removed":["Strike_P"],"damage_healed":0.0,"max_hp_gain":0.0,"max_hp_loss":0.0,"gold_gain":0.0,"event_name":"Purifier","player_choice":"Purged","floor":36.0,"gold_loss":0.0,"damage_taken":0.0},{"cards_removed":["Halt"],"damage_healed":0.0,"max_hp_gain":0.0,"max_hp_loss":0.0,"gold_gain":0.0,"event_name":"Falling","player_choice":"Removed Skill","floor":39.0,"gold_loss":0.0,"damage_taken":0.0},{"cards_removed":["Defend_P"],"damage_healed":0.0,"max_hp_gain":0.0,"max_hp_loss":0.0,"gold_gain":0.0,"event_name":"Designer","player_choice":"Upgrade and Remove","floor":44.0,"gold_loss":90.0,"damage_taken":0.0,"cards_upgraded":["Wish"]}],"is_beta":false,"boss_relics":[{"not_picked":["Cursed Key","SacredBark"],"picked":"Black Star"},{"not_picked":["Sozu","Philosopher\u0027s Stone"],"picked":"Astrolabe"}],"items_purged_floors":[4,20,41],"is_endless":false,"potions_floor_spawned":[2,11,13,16,22,25,27,33,38,42,47],"ascension_level":8}}