{"host":"5m2js577gj4e7pak","time":1614207876,"event":{"mods":["AchievementEnabler","Act Like it!","BaseMod","Better Match","Better Note","Better Third Choice","BetterRewards","Colored Map","Colored Powertips","Highlight Path","Library of Ruina","Library of Ruina Extra","Lobotomy","LobotomyExtend","Minty Spire (QoL Compilation)","Quick Restart","Relic Sorter","Remove Card Discount Mod","Ruina","Shop Mod","Spicy Shops","StSLib"],"gold_per_floor":[112,129,146,146,321,321,350,350,350,350,362,362,66,85,85,184,184,202,221,221,67,83,110,129,146,172,172,172,202,202,127,127,229,229,243,243,257,35,35,35,60,85,85,105,120,90,114,134,134,258,258,258],"floor_reached":19,"language":"ENG","playtime":2134,"items_purged":[],"score":556,"play_id":"f5f88fd8-eab8-400d-8ea0-a8f1b6d44f93","local_time":"20210225000436","is_ascension_mode":false,"campfire_choices":[{"floor":6.0,"key":"RECALL"},{"data":"DegradedShockwave","floor":12.0,"key":"SMITH"},{"data":"Preparation","floor":15.0,"key":"SMITH"},{"data":"SweepTheBackstreets","floor":28.0,"key":"SMITH"},{"data":"ruina:LoveAndHate","floor":30.0,"key":"SMITH"},{"data":"RapidGashes","floor":32.0,"key":"SMITH"},{"data":"BiXi","floor":6.0,"key":"SMITH"},{"data":"SavageMode","floor":15,"key":"SMITH"}],"circlet_count":0,"master_deck":["QueenOfHatred","Funeral","DespairKnight","Woodsman","BigBird","DegradedFairy","DegradedFairy","DegradedFairy","DegradedChain","DegradedChain","DegradedLock","DegradedPillar","DegradedPillar","DegradedShockwave+1","WallGazer","Preparation+1","FlowOfTheSword","Tactician","Doubt","CleanUp","TendonChords","RapidGashes+1","Preparation","GrazeTheGrass+1","Preparation","OSAHOGD","SweepTheBackstreets+1","BiXi+1","ruina:LoveAndHate+1","RapidGashes+1","SavageMode+1","DespairKnight","FrontalAssault","Preparation","AGoldenOpportunity","LoosenUp","Parasite","Wellcheers","LongBird","BlazingStrike"],"relics":["PageOfLibrarian","CogitoBucket","RabbitCall","ruina:PrescriptsGrace","PageOfSpiderBud","Peace Pipe","Toy Ornithopter","PageOfLumberjack","PageOfPorccubus","Vajra","Cursed Key","TheAbacus","PreservedInsect","Lamp_r","Juzu Bracelet","Oddly Smooth Stone","Empty Cage","LaetitiaHeart","LetterFromLob","Golden Idol","Membership Card","Lantern","PageOfMountain","Logging_r","SwordSharpenedByTears_r","SolemnVow_r","InTheNameOfLoveAndHate_r"],"acts_visited":["Exordium","Exordium","TheBeyond"],"potions_floor_usage":[10,10],"damage_taken":[{"damage":0.0,"enemies":"Jaw Worm","floor":1.0,"turns":1.0},{"damage":0.0,"enemies":"Small Slimes","floor":2.0,"turns":1.0},{"damage":2.0,"enemies":"2 Louse","floor":3.0,"turns":1.0},{"damage":4.0,"enemies":"Lagavulin","floor":7.0,"turns":3.0},{"damage":26.0,"enemies":"Lagavulin","floor":8.0,"turns":7.0},{"damage":0.0,"enemies":"Large Slime","floor":11.0,"turns":2.0},{"damage":0.0,"enemies":"Blue Slaver","floor":14.0,"turns":1.0},{"damage":13.0,"enemies":"Slime Boss","floor":16.0,"turns":4.0},{"damage":2.0,"enemies":"ruina:3_Bats","floor":18.0,"turns":3.0},{"damage":6.0,"enemies":"ruina:Nosferatu","floor":19.0,"turns":3.0},{"damage":2.0,"enemies":"ruina:KnightOfDespair","floor":22.0,"turns":3.0},{"damage":8.0,"enemies":"ruina:Mountain","floor":23.0,"turns":5.0},{"damage":16.0,"enemies":"ruina:Nos_and_Bat","floor":24.0,"turns":4.0},{"damage":2.0,"enemies":"ruina:KingOfGreed","floor":25.0,"turns":5.0},{"damage":0.0,"enemies":"ruina:ServantOfWrath","floor":29.0,"turns":2.0},{"damage":43.0,"enemies":"ruina:Ozma","floor":33.0,"turns":7.0},{"damage":0.0,"enemies":"Orb Walker","floor":35.0,"turns":1.0},{"damage":0.0,"enemies":"Orb Walker","floor":35.0,"turns":1.0},{"damage":0.0,"enemies":"Cultist","floor":1.0,"turns":1.0},{"damage":0.0,"enemies":"Jaw Worm","floor":3.0,"turns":1.0},{"damage":0.0,"enemies":"Small Slimes","floor":7.0,"turns":1.0},{"damage":0,"enemies":"3 Louse","floor":8,"turns":2},{"damage":69,"enemies":"2 Fungi Beasts","floor":10,"turns":7},{"damage":0,"enemies":"Blue Slaver","floor":11,"turns":1},{"damage":0,"enemies":"Looter","floor":13,"turns":4},{"damage":0,"enemies":"Large Slime","floor":14,"turns":2},{"damage":17,"enemies":"Hexaghost","floor":16,"turns":4}],"seed_played":"7555622539758990015","potions_obtained":[{"floor":2.0,"key":"BlessingOfTheForge"},{"floor":11.0,"key":"Fire Potion"},{"floor":22.0,"key":"DistilledChaos"},{"floor":23.0,"key":"SkillPotion"},{"floor":24.0,"key":"AttackPotion"},{"floor":29.0,"key":"PowerPotion"},{"floor":3.0,"key":"CultistPotion"},{"floor":7.0,"key":"EssenceOfSteel"},{"floor":11,"key":"LiquidMemories"},{"floor":12,"key":"SteroidPotion"},{"floor":12,"key":"LiquidMemories"},{"floor":14,"key":"AttackPotion"}],"is_trial":false,"path_per_floor":["M","M","M","?","?","R","E","?","T","?","M","R","$","M","R","B",null,"M","M","?","$","M","E","M","M","T","?","R","E","R","?","R","B",null,"M","M","?","M","$","?","R","M","M","T","M","M","?","M","M","R","B",null,null,null],"character_chosen":"Librarian","items_purchased":["PageOfPorccubus","Vajra","TheAbacus","Preparation","Membership Card","Lantern"],"campfire_rested":0,"item_purchase_floors":[13,13,21,21,4,4],"current_hp_per_floor":[60,60,58,40,40,40,39,13,13,21,27,27,27,30,30,30,90,90,89,89,89,90,90,84,90,90,90,90,90,90,90,90,62,90,90,68,74,74,79,79,95,95,95,84,93,93,95,95,95,95,95,95],"gold":258,"neow_bonus":"","is_daily":false,"chose_seed":false,"campfire_upgraded":7,"win_rate":0.0,"timestamp":1614207876,"path_taken":["M","M","M","?","?","R","E","?","T","?","?","R","$","M","R","BOSS","M","M","?","$","M","E","M","M","T","?","R","E","R","?","R","BOSS","M","M","?","M","$","?","R","M","M","T","M","M","?","M","M","R","BOSS"],"items_purchased_type":["Relic","Relic","Relic","Card","Relic","Card"],"build_version":"2020-12-22","purchased_purges":0,"victory":true,"max_hp_per_floor":[90,90,90,90,90,90,90,90,90,90,90,90,90,90,90,90,90,90,90,90,90,90,90,90,90,90,90,90,90,90,90,90,90,90,90,90,90,90,95,95,95,95,95,95,95,95,95,95,95,95,95,95],"card_choices":[{"not_picked":["MHz","Murderer","HappyTeddy"],"picked":"Singing Bowl","floor":1.0},{"not_picked":["Freischutz","Murderer"],"picked":"WallGazer","floor":1.0},{"not_picked":["Diversion","RushDown","SmokingPipe","SerpentSwordTechnique","PinpointShot","MultiHit","MindWhip","IllEndYou"],"picked":"Rampage_lor","floor":1.0},{"not_picked":["BlackSwan","Rudolta","CrumblingArmor"],"picked":"Singing Bowl","floor":2.0},{"not_picked":["AsThePrescriptOrders","YouOnlyLiveOnce","StayCalm","Zzzzzap","StrikeDown","RulesOfTheBackstreets","FlashingStrike","DeepDrag"],"picked":"Preparation","floor":2.0},{"not_picked":["NakedNest","PunishingBird","GreedKing"],"picked":"Singing Bowl","floor":3.0},{"not_picked":["Diversion","Multislash","SerpentSwordTechnique","ViolentFlame","GutHarvesting","Outburst","UndertakePrescript","SnakesPrey"],"picked":"FlowOfTheSword","floor":3.0},{"not_picked":["MeatLantern","Rudolta","MHz"],"picked":"Singing Bowl","floor":7.0},{"not_picked":["Quickness","GrazeTheGrass","Unlock1","TendonChords","StrongStrike","Transpierce","Multislash","Rampage_lor"],"picked":"CleanUp","floor":7.0},{"not_picked":["LaLuna","SpiderBud"],"picked":"ShyLook","floor":11.0},{"not_picked":["IngredientHunt","FieryWaltz","PreemptiveStrike","HandleRequest","SilentNight","GuardingStance","FleetEdge","FleetFootsteps"],"picked":"TendonChords","floor":11.0},{"not_picked":["Bloodbath","SnowQueen","VoidDream"],"picked":"Singing Bowl","floor":14.0},{"not_picked":["ExtremeEdge","HeavyPeaks","SharpSwipe","FleetEdge","Slice_lor","AutomatedMovement","HandleRequest","Wallop_lor"],"picked":"RapidGashes","floor":14.0},{"not_picked":["Murderer","Scorched"],"picked":"BigBird","floor":16.0},{"not_picked":["CrumblingArmor","UniverseFragment","MHz"],"picked":"Singing Bowl","floor":18.0},{"not_picked":["SinglePointStab","ProselytesBlade+1","ShockRound","Standoff","CoordinatedAssault","Diversion+1","FormingStorm","EnergyCycle"],"picked":"Preparation","floor":18.0},{"not_picked":["LaLuna","BeautyBeast","GalaxyChild"],"picked":"Singing Bowl","floor":19.0},{"not_picked":["ReadyUp+1","ViolentFlame","BayonetCombat","Wallop_lor","UpbeatPerformance","CleanUp","Pound","FierceCharge"],"picked":"GrazeTheGrass+1","floor":19.0},{"not_picked":["BeautyBeast","VoidDream","Murderer"],"picked":"Singing Bowl","floor":22.0},{"not_picked":["HiddenBlade+1","BiteOff+1","FaintMemories","BayonetCombat+1","SuppressingShot","ViolentFlame","SkitterAway+1","InhaleSmoke","AssaultOrder"],"picked":"SKIP","floor":22.0},{"not_picked":["LittleHelper","Bloodbath"],"picked":"OSAHOGD","floor":23.0},{"not_picked":["GrazeTheGrass+1","Gamble","ScatteringSlash","AsThePrescriptOrders","OpportunitySpotted","WrathOfTorment","LeRegole","GuidanceOfTheGears"],"picked":"SweepTheBackstreets","floor":23.0},{"not_picked":["PunishingBird","BlackArmy","LaLuna"],"picked":"Singing Bowl","floor":24.0},{"not_picked":["SharpSwipe","ViolentFlame","SerpentSwordTechnique","AlloutWar","ClassAndRespect+1","WaitUp","FierceOnslaught","DestructiveImpact+1"],"picked":"DarkCloud+1","floor":24.0},{"not_picked":["CrumblingArmor","SpiderBud"],"picked":"Woodsman","floor":25.0},{"not_picked":["BindingArms","SharpenedBlade","GuardingStance","Parry","SpearedSweep","Faith","ProselytesBlade","UnavoidableGaze+1"],"picked":"BiXi","floor":25.0},{"not_picked":["CrumblingArmor","GreedKing","LittlePrince"],"picked":"Singing Bowl","floor":29.0},{"not_picked":["ToWhereThePrescriptPoints","LawAndOrder","Standoff","Suppress","AlloutWar","GuardingStance","Riposte","SmokingPipe"],"picked":"RapidGashes+1","floor":29.0},{"not_picked":["FieryBird","VoidDream"],"picked":"QueenOfHatred","floor":33.0},{"not_picked":["FormingStorm","EnergyBeam"],"picked":"SavageMode","floor":33.0},{"not_picked":["FairyFestival","PunishingBird"],"picked":"DespairKnight","floor":1.0},{"not_picked":["BiAn","Faith","HighKick","Unlock1","HandleRequest","EnergyConversion","StrikeDown","Diversion"],"picked":"FrontalAssault","floor":1.0},{"not_picked":["CrumblingArmor","Bloodbath","HappyTeddy"],"picked":"Singing Bowl","floor":3.0},{"not_picked":["Decapitation","BattleCommand","FleetEdge","EndlessBattle","MultiBlock","SmokingPipe","SerpentSwordTechnique","StrongStrike"],"picked":"Preparation","floor":3.0},{"not_picked":["BeautyBeast","PunishingBird","SingingMachine"],"picked":"Singing Bowl","floor":7.0},{"not_picked":["FrontalAssault","GutHarvesting","NightInTheBackstreets","BladeWhirl","Diversion","Standoff","Leap_lor","BurningFlash"],"picked":"AGoldenOpportunity","floor":7.0},{"not_picked":["MeatLantern","SpiderBud","LittlePrince"],"picked":"Singing Bowl","floor":8},{"not_picked":["LittleHelper","BeautyBeast"],"picked":"Funeral","floor":8},{"not_picked":["BlowItUp","OpportunitySpotted","StartinOutLightly","SharpSwipe","Feast","TendonChords","GuidanceOfTheGears","Parry"],"picked":"LoosenUp","floor":8},{"not_picked":["NakedNest","FairyFestival","CrumblingArmor"],"picked":"Singing Bowl","floor":10},{"not_picked":["SinglePointStab","SpearedSweep","Duel_lor","PreemptiveStrike","Wallop_lor","EnergyCycle","Observe","ChopItOff"],"picked":"BiXi","floor":10},{"not_picked":["BeautyBeast","SpiderBud","MeatLantern"],"picked":"Singing Bowl","floor":11},{"not_picked":["SpiderBud","Scorched"],"picked":"Wellcheers","floor":11},{"not_picked":["MultiHit","Pound","Juggling","Gigigig","EnergyShield","HighKick","FleetEdge","Slice_lor","BlowItUp"],"picked":"SKIP","floor":11},{"not_picked":["LittleHelper","Bloodbath","UniverseFragment"],"picked":"Singing Bowl","floor":13},{"not_picked":["DarkCloud","GuardingStance","GrazeTheGrass","Pound","UndertakePrescript","Riposte","SinglePointStab","TasteMyFlamingBat","Eliminate"],"picked":"SKIP","floor":13},{"not_picked":["BlackSwan","OldLady","BigBadWolf"],"picked":"Singing Bowl","floor":14},{"not_picked":["ShyLook","VoidDream"],"picked":"LongBird","floor":14},{"not_picked":["SinglePointStab","Parry2","Thrust","GuardingStance","Pound","HighSpeedStabbing","MindCrush","FendThisOffIfYouCan","StrongStrike"],"picked":"SKIP","floor":14},{"not_picked":["Bloodbath","Freischutz","CrumblingArmor"],"picked":"Singing Bowl","floor":16},{"not_picked":["Castigation","WillProduceFineSilk"],"picked":"BlazingStrike","floor":16}],"player_experience":93957,"relics_obtained":[{"floor":1.0,"key":"LetterFromLob"},{"floor":7.0,"key":"Toy Ornithopter"},{"floor":9.0,"key":"PageOfLumberjack"},{"floor":23.0,"key":"PreservedInsect"},{"floor":26.0,"key":"Juzu Bracelet"},{"floor":29.0,"key":"Oddly Smooth Stone"},{"floor":1.0,"key":"LetterFromLob"},{"floor":9,"key":"PageOfMountain"}],"event_choices":[{"damage_healed":0.0,"max_hp_gain":0.0,"max_hp_loss":0.0,"gold_gain":1.0,"event_name":"betterThird:BetterScrap","player_choice":"Relic Relic Card ","floor":4.0,"gold_loss":0.0,"damage_taken":18.0,"cards_obtained":["Tactician","ConjureBlade"]},{"damage_healed":0.0,"max_hp_gain":0.0,"max_hp_loss":0.0,"gold_gain":175.0,"event_name":"betterThird:BetterSerpent","player_choice":"AGREE","floor":5.0,"gold_loss":0.0,"damage_taken":146.0},{"damage_healed":0.0,"max_hp_gain":0.0,"max_hp_loss":0.0,"gold_gain":0.0,"event_name":"betterMatch:BetterMatch","player_choice":"3","floor":31.0,"gold_loss":0.0,"damage_taken":0.0,"cards_obtained":[]},{"damage_healed":0.0,"max_hp_gain":0.0,"max_hp_loss":0.0,"gold_gain":0.0,"event_name":"Golden Idol","player_choice":"Take Damage","floor":2.0,"gold_loss":0.0,"damage_taken":22.0,"relics_obtained":["Golden Idol"]},{"damage_healed":0.0,"max_hp_gain":5.0,"max_hp_loss":0.0,"gold_gain":0.0,"event_name":"Big Fish","player_choice":"Donut","floor":5.0,"gold_loss":0.0,"damage_taken":0.0},{"damage_healed":0,"gold_gain":0,"player_choice":"Bought 2 Potions","damage_taken":0,"max_hp_gain":0,"max_hp_loss":0,"event_name":"The Woman in Blue","floor":12,"gold_loss":0}],"is_beta":false,"boss_relics":[{"not_picked":["SacredBark","Busted Crown"],"picked":"Cursed Key"},{"not_picked":["Snecko Eye","SlaversCollar"],"picked":"Empty Cage"}],"items_purged_floors":[],"is_endless":false,"potions_floor_spawned":[2,11,22,23,24,29,3,7,11,14,16],"ascension_level":0}}