{"host":"28p8ce41sjwa6lzf","time":1614189336,"event":{"mods":["BaseMod","Bestiary","Colored Map","Colored Powertips","Dark Map","Highlight Path","Minty Spire (QoL Compilation)","Permanent Neow","Quick Restart","Random Character Button","Rare Cards Sparkle","Relic Stats","StSLib","Unceasing Turn Reminder"],"gold_per_floor":[113,113,126,147,168,168,204,204,229,229,244,269,287,335,335,438,510,532,407,322,346,14,14,67,67,118,151,151,200,125,25,25,124,124,149,177,177,13,346,374,374,392,419,489,502,519,231,250,250,250,250,250,250,87,87,87],"floor_reached":55,"language":"ENG","playtime":4931,"items_purged":["PathToVictory","Crescendo","LessonLearned"],"score":1919,"play_id":"81941095-de89-4ad1-9f11-c39f0097fe57","local_time":"20210224115536","is_ascension_mode":true,"campfire_choices":[{"data":"WaveOfTheHand","floor":6.0,"key":"SMITH"},{"data":"BowlingBash","floor":8.0,"key":"SMITH"},{"floor":10.0,"key":"REST"},{"floor":15.0,"key":"REST"},{"data":"Meditate","floor":23.0,"key":"SMITH"},{"data":"TalkToTheHand","floor":25.0,"key":"SMITH"},{"data":"Vault","floor":32.0,"key":"SMITH"},{"data":"Eruption","floor":41.0,"key":"SMITH"},{"floor":49.0,"key":"RECALL"},{"data":"DeusExMachina","floor":53.0,"key":"SMITH"}],"circlet_count":0,"master_deck":["AscendersBane","Eruption+1","Vigilance+1","CutThroughFate+1","WaveOfTheHand+1","Protect","FlurryOfBlows+1","BowlingBash+1","Devotion","Wallop+1","Swivel","Meditate+1","CrushJoints+1","EmptyFist","Worship","TalkToTheHand+1","TalkToTheHand+1","Tantrum+1","Consecrate+1","ThirdEye+1","DeusExMachina","FlurryOfBlows","Vault+1","DeusExMachina+1","Prostrate+1","FearNoEvil","EmptyFist+1"],"relics":["PureWater","War Paint","Nunchaku","Toy Ornithopter","CeramicFish","Pandora\u0027s Box","Ancient Tea Set","Lee\u0027s Waffle","Bag of Preparation","MealTicket","Lantern","Regal Pillow","Sozu","Frozen Eye","Ornamental Fan","Mercury Hourglass","Oddly Smooth Stone","ClockworkSouvenir"],"acts_visited":["Exordium","TheCity","TheBeyond","TheEnding"],"potions_floor_usage":[],"damage_taken":[{"damage":11.0,"enemies":"Small Slimes","floor":1.0,"turns":4.0},{"damage":0.0,"enemies":"2 Louse","floor":3.0,"turns":4.0},{"damage":4.0,"enemies":"Jaw Worm","floor":4.0,"turns":7.0},{"damage":3.0,"enemies":"Exordium Thugs","floor":5.0,"turns":12.0},{"damage":13.0,"enemies":"3 Sentries","floor":7.0,"turns":12.0},{"damage":2.0,"enemies":"Blue Slaver","floor":11.0,"turns":6.0},{"damage":0.0,"enemies":"Looter","floor":12.0,"turns":1.0},{"damage":14.0,"enemies":"Exordium Wildlife","floor":13.0,"turns":3.0},{"damage":16.0,"enemies":"Lagavulin","floor":14.0,"turns":6.0},{"damage":33.0,"enemies":"Hexaghost","floor":16.0,"turns":12.0},{"damage":3.0,"enemies":"Spheric Guardian","floor":18.0,"turns":3.0},{"damage":21.0,"enemies":"Shell Parasite","floor":21.0,"turns":3.0},{"damage":9.0,"enemies":"Slavers","floor":24.0,"turns":3.0},{"damage":0.0,"enemies":"Cultist and Chosen","floor":27.0,"turns":4.0},{"damage":0.0,"enemies":"Gremlin Leader","floor":29.0,"turns":2.0},{"damage":13.0,"enemies":"Champ","floor":33.0,"turns":9.0},{"damage":0.0,"enemies":"3 Darklings","floor":35.0,"turns":4.0},{"damage":0.0,"enemies":"3 Shapes","floor":36.0,"turns":4.0},{"damage":0.0,"enemies":"Reptomancer","floor":40.0,"turns":8.0},{"damage":0.0,"enemies":"Sphere and 2 Shapes","floor":42.0,"turns":4.0},{"damage":0.0,"enemies":"Transient","floor":45.0,"turns":7.0},{"damage":0.0,"enemies":"Spire Growth","floor":46.0,"turns":3.0},{"damage":0.0,"enemies":"Maw","floor":48.0,"turns":6.0},{"damage":22.0,"enemies":"Donu and Deca","floor":50.0,"turns":10.0},{"damage":19.0,"enemies":"Awakened One","floor":51.0,"turns":11.0},{"damage":76,"enemies":"Shield and Spear","floor":55,"turns":6}],"seed_played":"-2276214411012592226","potions_obtained":[{"floor":1.0,"key":"BlessingOfTheForge"},{"floor":4.0,"key":"ColorlessPotion"},{"floor":5.0,"key":"FearPotion"},{"floor":7.0,"key":"Ancient Potion"},{"floor":14.0,"key":"Explosive Potion"},{"floor":16.0,"key":"BottledMiracle"},{"floor":24.0,"key":"FearPotion"},{"floor":29.0,"key":"FearPotion"}],"is_trial":false,"path_per_floor":["M","?","M","M","M","R","E","R","T","R","M","M","M","E","R","B",null,"M","$","?","M","$","R","E","R","T","M","?","E","?","$","R","B",null,"M","M","?","$","?","E","R","M","T","T","M","M","$","M","R","B","B",null,"R","$","E"],"character_chosen":"WATCHER","items_purchased":["Consecrate","Lee\u0027s Waffle","Bag of Preparation","Frozen Eye","Oddly Smooth Stone","ClockworkSouvenir"],"campfire_rested":2,"item_purchase_floors":[19,22,22,38,47,54],"current_hp_per_floor":[50,50,50,46,43,43,30,30,30,48,46,46,32,16,34,1,47,44,44,44,23,69,69,60,60,60,60,60,65,65,69,69,61,67,67,67,67,69,69,69,69,69,69,69,69,69,69,69,69,47,28,59,59,69,0,0],"gold":87,"neow_bonus":"RANDOM_COMMON_RELIC","is_daily":false,"chose_seed":false,"campfire_upgraded":7,"win_rate":0.0,"timestamp":1614189336,"path_taken":["M","?","M","M","M","R","E","R","T","R","M","M","M","E","R","BOSS","M","$","?","M","$","R","E","R","T","M","?","E","?","?","R","BOSS","M","M","?","?","?","E","R","M","T","?","M","M","$","M","R","BOSS","BOSS","R","$","E"],"items_purchased_type":["Card","Relic","Relic","Relic","Relic","Relic"],"build_version":"2020-12-22","purchased_purges":3,"victory":false,"max_hp_per_floor":[68,62,62,62,62,62,62,62,62,62,62,62,62,62,62,62,62,62,62,62,62,69,69,69,69,69,69,69,69,69,69,69,69,69,69,69,69,69,69,69,69,69,69,69,69,69,69,69,69,69,69,69,69,69,69,69],"relic_stats":{"Lee\u0027s Waffle":46,"Regal Pillow":0,"counters":[26,154],"CeramicFish":180,"Bag of Preparation":[30],"War Paint":["Defend_P","Vigilance"],"Mercury Hourglass":[144],"Sozu":3,"Nunchaku":[38],"Ornamental Fan":[172],"Pandora\u0027s Box":["WaveOfTheHand","Meditate","PathToVictory","CrushJoints","EmptyFist","Worship","TalkToTheHand","TalkToTheHand"],"MealTicket":16,"obtain_stats":[{"Lee\u0027s Waffle":22,"Lantern":26,"Regal Pillow":29,"Golden Idol":2,"CeramicFish":14,"Oddly Smooth Stone":47,"Bag of Preparation":22,"War Paint":0,"Ancient Tea Set":20,"Mercury Hourglass":44,"ClockworkSouvenir":54,"Sozu":34,"Frozen Eye":38,"Nunchaku":7,"Ornamental Fan":40,"Pandora\u0027s Box":17,"MealTicket":24,"PureWater":0,"Toy Ornithopter":9},{"Lee\u0027s Waffle":12,"Lantern":13,"Regal Pillow":15,"Golden Idol":1,"CeramicFish":9,"Oddly Smooth Stone":22,"Bag of Preparation":12,"War Paint":0,"Ancient Tea Set":11,"Mercury Hourglass":20,"ClockworkSouvenir":25,"Sozu":16,"Frozen Eye":18,"Nunchaku":5,"Ornamental Fan":19,"Pandora\u0027s Box":10,"MealTicket":13,"PureWater":0,"Toy Ornithopter":5},{"Lee\u0027s Waffle":73,"Lantern":76,"Regal Pillow":82,"Golden Idol":4,"CeramicFish":55,"Oddly Smooth Stone":121,"Bag of Preparation":73,"War Paint":0,"Ancient Tea Set":70,"Mercury Hourglass":111,"ClockworkSouvenir":148,"Sozu":91,"Frozen Eye":99,"Nunchaku":39,"Ornamental Fan":107,"Pandora\u0027s Box":67,"MealTicket":76,"PureWater":0,"Toy Ornithopter":39}],"Toy Ornithopter":10},"card_choices":[{"not_picked":["Vengeance","ThirdEye"],"picked":"CutThroughFate","floor":1.0},{"not_picked":["Pray","Swivel"],"picked":"WaveOfTheHand","floor":3.0},{"not_picked":["Prostrate","WindmillStrike"],"picked":"Protect","floor":4.0},{"not_picked":["ThirdEye","FollowUp"],"picked":"FlurryOfBlows","floor":5.0},{"not_picked":["Evaluate","WreathOfFlame"],"picked":"BowlingBash","floor":7.0},{"not_picked":["SashWhip","PathToVictory"],"picked":"Crescendo","floor":11.0},{"not_picked":["ThirdEye","ClearTheMind"],"picked":"Devotion","floor":12.0},{"not_picked":["Wireheading","BowlingBash"],"picked":"Wallop","floor":13.0},{"not_picked":["FlyingSleeves","Collect"],"picked":"Swivel","floor":14.0},{"not_picked":["SpiritShield","DeusExMachina"],"picked":"LessonLearned","floor":16.0},{"not_picked":["Consecrate","Wireheading"],"picked":"Tantrum","floor":18.0},{"not_picked":["FlyingSleeves","Consecrate"],"picked":"ThirdEye","floor":21.0},{"not_picked":["Swivel","Perseverance"],"picked":"DeusExMachina","floor":24.0},{"not_picked":["WheelKick","Meditate"],"picked":"FlurryOfBlows","floor":27.0},{"not_picked":["Crescendo","Prostrate"],"picked":"Vault","floor":29.0},{"not_picked":["Blasphemy","Establishment"],"picked":"DeusExMachina","floor":33.0},{"not_picked":["CrushJoints","Consecrate"],"picked":"Prostrate+1","floor":35.0},{"not_picked":["CutThroughFate","InnerPeace"],"picked":"FearNoEvil","floor":36.0},{"not_picked":["Meditate+1","PathToVictory+1","Prostrate+1"],"picked":"SKIP","floor":40.0},{"not_picked":["JustLucky","BowlingBash","Nirvana"],"picked":"SKIP","floor":42.0},{"not_picked":["Prostrate","LikeWater","JustLucky+1"],"picked":"SKIP","floor":45.0},{"not_picked":["Consecrate","CrushJoints","FollowUp+1"],"picked":"SKIP","floor":46.0},{"not_picked":["Evaluate+1","FlyingSleeves"],"picked":"EmptyFist+1","floor":48.0}],"player_experience":1391215,"relics_obtained":[{"floor":7.0,"key":"Nunchaku"},{"floor":9.0,"key":"Toy Ornithopter"},{"floor":14.0,"key":"CeramicFish"},{"floor":24.0,"key":"MealTicket"},{"floor":26.0,"key":"Lantern"},{"floor":29.0,"key":"Regal Pillow"},{"floor":40.0,"key":"Ornamental Fan"},{"floor":44.0,"key":"Mercury Hourglass"}],"event_choices":[{"damage_healed":0.0,"max_hp_gain":0.0,"max_hp_loss":6.0,"gold_gain":0.0,"event_name":"Golden Idol","player_choice":"Lose Max HP","floor":2.0,"gold_loss":0.0,"damage_taken":0.0,"relics_obtained":["Golden Idol"]},{"damage_healed":0.0,"max_hp_gain":0.0,"max_hp_loss":0.0,"gold_gain":0.0,"event_name":"Addict","player_choice":"Obtained Relic","floor":20.0,"gold_loss":85.0,"damage_taken":0.0,"relics_obtained":["Ancient Tea Set"]},{"damage_healed":0.0,"max_hp_gain":0.0,"max_hp_loss":0.0,"gold_gain":0.0,"event_name":"Vampires","player_choice":"Ignored","floor":28.0,"gold_loss":0.0,"damage_taken":0.0},{"cards_removed":["WaveOfTheHand"],"damage_healed":0.0,"max_hp_gain":0.0,"max_hp_loss":0.0,"gold_gain":0.0,"event_name":"Beggar","player_choice":"Gave Gold","floor":30.0,"gold_loss":75.0,"damage_taken":0.0},{"damage_healed":0.0,"max_hp_gain":0.0,"max_hp_loss":0.0,"gold_gain":0.0,"event_name":"Upgrade Shrine","player_choice":"Upgraded","floor":37.0,"gold_loss":0.0,"damage_taken":0.0,"cards_upgraded":["Tantrum"]},{"damage_healed":0.0,"max_hp_gain":0.0,"max_hp_loss":0.0,"gold_gain":333.0,"event_name":"The Moai Head","player_choice":"Gave Idol","floor":39.0,"relics_lost":["Golden Idol"],"gold_loss":0.0,"damage_taken":0.0}],"is_beta":false,"boss_relics":[{"not_picked":["HolyWater","Busted Crown"],"picked":"Pandora\u0027s Box"},{"not_picked":["Calling Bell","Tiny House"],"picked":"Sozu"}],"items_purged_floors":[19,31,47],"is_endless":false,"potions_floor_spawned":[1,4,5,7,14,16,24,29,35,36,40],"killed_by":"Shield and Spear","ascension_level":20}}