{"host":"y2nx07t75db4hs5p","time":1614184779,"event":{"mods":["Act Like it!","BaseMod","Gensokyo","Lobotomy","LobotomyExtend","Minty Spire (QoL Compilation)","StSLib"],"gold_per_floor":[116,129,145,145,156,172,105,136,136,164,164,182,182,182,182,283,283,283,283,298,313,331,361,361,361,388,268,295,295,295,295,295,392,392,404,404,420,345,364,364,396,76,99,99,99,110,110,110,110,110,110],"floor_reached":52,"language":"ZHS","playtime":2046,"items_purged":["Loneliness+1"],"score":901,"play_id":"db4f3f2e-494b-426c-b5f5-f268efbe7fcf","local_time":"20210225003939","is_ascension_mode":false,"campfire_choices":[{"data":"Spore","floor":15.0,"key":"SMITH"},{"floor":29.0,"key":"RECALL"}],"circlet_count":0,"master_deck":["SpecialBullet","SpecialBullet","HereticApostle","SpecialBullet","SecurityCode","InformationCode","DisciplinaryCode","RedEyes","ShedSkin","Spore+1","Ecstasy","WristCuter+1","CentralCode","Mimicry","WelfareCode","Gensokyo:ShootingStar","Adoration","Twilight+1","BloodyDesire+1","Gensokyo:Dawn+1","Logging","WristCuter+1","WhiteNight","RecordCode","ControlCode"],"relics":["CogitoBucket","RabbitCall","LetterFromLob","Bird Faced Urn","Bag of Preparation","HellTrain","Whetstone","Fusion Hammer","Heaven_r","DeathAngel","Theresia","Thread and Needle","Gensokyo:RedStar","Happy Flower","Gensokyo:MaskOfHope","Akabeko","Gensokyo:DirgeOfMelancholy","Astrolabe","ChangeAnything","Mango","Frozen Egg 2","Toy Ornithopter"],"acts_visited":["Gensokyo:Gensokyo","Gensokyo:Gensokyoer","Gensokyo:Gensokyoest"],"potions_floor_usage":[],"damage_taken":[{"damage":6.0,"enemies":"Gensokyo:2_Kodama","floor":1.0,"turns":2.0},{"damage":7.0,"enemies":"Gensokyo:Gryphon","floor":2.0,"turns":3.0},{"damage":11.0,"enemies":"Gensokyo:Python","floor":3.0,"turns":3.0},{"damage":3.0,"enemies":"Gensokyo:5_Fairies","floor":5.0,"turns":3.0},{"damage":15.0,"enemies":"Gensokyo:VengefulSpirit","floor":6.0,"turns":4.0},{"damage":46.0,"enemies":"Gensokyo:Cirno","floor":8.0,"turns":8.0},{"damage":19.0,"enemies":"Gensokyo:Mamizou","floor":10.0,"turns":5.0},{"damage":0.0,"enemies":"Gensokyo:3_Kodama","floor":12.0,"turns":1.0},{"damage":0.0,"enemies":"Gensokyo:Reimu","floor":16.0,"turns":1.0},{"damage":0.0,"enemies":"Gensokyo:3_Dogs","floor":18.0,"turns":1.0},{"damage":0.0,"enemies":"Gensokyo:3_Dogs","floor":19.0,"turns":1.0},{"damage":0.0,"enemies":"Gensokyo:3_Dogs","floor":20.0,"turns":3.0},{"damage":16.0,"enemies":"Gensokyo:AngelMirror","floor":21.0,"turns":3.0},{"damage":47.0,"enemies":"Gensokyo:Slime_Group","floor":22.0,"turns":4.0},{"damage":0.0,"enemies":"Gensokyo:Koishi","floor":23.0,"turns":1.0},{"damage":0.0,"enemies":"Gensokyo:Reisen","floor":28.0,"turns":1.0},{"damage":1.0,"enemies":"Gensokyo:Eternal_Rivals","floor":33.0,"turns":2.0},{"damage":0.0,"enemies":"Gensokyo:AncientGuardian","floor":35.0,"turns":5.0},{"damage":13.0,"enemies":"Gensokyo:AncientGuardian","floor":36.0,"turns":10.0},{"damage":0.0,"enemies":"Gensokyo:3_Bats","floor":37.0,"turns":2.0},{"damage":0.0,"enemies":"Gensokyo:Rafflesia","floor":39.0,"turns":1.0},{"damage":0.0,"enemies":"Gensokyo:Doremy","floor":41.0,"turns":1.0},{"damage":0.0,"enemies":"Gensokyo:Dusk_and_Dawn","floor":46.0,"turns":3.0},{"damage":0.0,"enemies":"Gensokyo:Yuyuko","floor":50.0,"turns":1.0},{"damage":0.0,"enemies":"Malkuth","floor":51.0,"turns":1.0},{"damage":0.0,"enemies":"Hod","floor":51.0,"turns":1.0},{"damage":0.0,"enemies":"Tiphereth","floor":51.0,"turns":1.0},{"damage":0.0,"enemies":"Hokma","floor":51.0,"turns":1.0},{"damage":0,"enemies":"Angela","floor":52,"turns":1}],"seed_played":"1161291661389690952","potions_obtained":[{"floor":0.0,"key":"EntropicBrew"},{"floor":0.0,"key":"BlessingOfTheForge"},{"floor":0.0,"key":"LiquidBronze"},{"floor":10.0,"key":"SpeedPotion"},{"floor":22.0,"key":"DuplicationPotion"},{"floor":35.0,"key":"FearPotion"},{"floor":41.0,"key":"Fire Potion"}],"is_trial":false,"path_per_floor":["M","M","M","?","M","M","$","E","T","E","$","M","R","T","R","B",null,"M","M","M","M","M","E","R","?","T","?","E","R","?","?","R","B",null,"M","?","M","$","M","R","E","$","T","R","?","M","R","COS","R","B",null,null,null],"character_chosen":"Angela","items_purchased":["Christmas","Logging","Frozen Egg 2"],"campfire_rested":0,"item_purchase_floors":[7,38,42],"current_hp_per_floor":[70,70,67,67,70,63,63,25,25,18,18,29,29,29,29,40,40,42,42,56,58,27,41,41,41,41,41,59,59,59,59,59,70,70,70,70,70,70,70,70,84,84,84,84,84,84,84,84,84,84,84],"gold":110,"neow_bonus":"THREE_SMALL_POTIONS","is_daily":false,"chose_seed":false,"campfire_upgraded":1,"win_rate":0.0,"timestamp":1614184779,"path_taken":["M","M","?","?","M","M","$","E","T","E","$","M","R","?","R","BOSS","M","?","M","?","M","E","R","?","T","?","E","R","?","?","R","BOSS","M","?","M","$","M","R","E","?","T","R","?","M","R","COS","R","BOSS"],"items_purchased_type":["Card","Card","Relic"],"build_version":"2020-12-22","purchased_purges":1,"victory":true,"max_hp_per_floor":[70,70,70,70,70,70,70,70,70,70,70,70,70,70,70,70,70,70,70,70,70,70,70,70,70,70,70,70,70,70,70,70,70,70,70,70,70,70,70,70,84,84,84,84,84,84,84,84,84,84,84],"card_choices":[{"not_picked":["CUTE"],"picked":"RedEyes","floor":1.0},{"not_picked":["Wellcheers","UniverseFragment"],"picked":"PunishingBird","floor":2.0},{"not_picked":["FourthMatchFlame"],"picked":"ShedSkin","floor":2.0},{"not_picked":["WallGazer","OldLady"],"picked":"OSAHOGD","floor":3.0},{"not_picked":["TodaysExpression"],"picked":"Spore","floor":3.0},{"not_picked":["Soda"],"picked":"Ecstasy","floor":5.0},{"not_picked":["Harvest","FourthMatchFlame"],"picked":"SKIP","floor":6.0},{"not_picked":["FeatherOfHonor"],"picked":"WristCuter","floor":8.0},{"not_picked":["SomewhereSpear","CherryBlossom"],"picked":"SKIP","floor":10.0},{"not_picked":["Soda","Lantern"],"picked":"SKIP","floor":12.0},{"not_picked":["MeatLantern","BigBird"],"picked":"WhiteNight","floor":16.0},{"not_picked":["SoundOfStar"],"picked":"Mimicry","floor":16.0},{"not_picked":["Lantern","RapturousDream"],"picked":"SKIP","floor":20.0},{"not_picked":["Horn","Amita"],"picked":"SKIP","floor":21.0},{"not_picked":["Harmony","Beak"],"picked":"SKIP","floor":22.0},{"not_picked":["MagicBullet+1","Wingbeat"],"picked":"SKIP","floor":23.0},{"not_picked":["Horn","Wingbeat"],"picked":"SKIP","floor":28.0},{"not_picked":[],"picked":"Gensokyo:ShootingStar","floor":33.0},{"not_picked":["DaCapo"],"picked":"Adoration","floor":33.0},{"not_picked":["CherryBlossom"],"picked":"BloodyDesire+1","floor":35.0},{"not_picked":["Gensokyo:RisingWorld+1","Gensokyo:UnhurriedMind+1"],"picked":"Gensokyo:Dawn+1","floor":36.0},{"not_picked":["ShedSkin","Regret_ego"],"picked":"SKIP","floor":37.0},{"not_picked":["RapturousDream","Beak+1"],"picked":"SKIP","floor":39.0},{"not_picked":["GrinderMk4+1"],"picked":"WristCuter+1","floor":41.0},{"not_picked":["NothingThere","Rudolta"],"picked":"WhiteNight","floor":46.0},{"not_picked":["Soda+1","Regret_ego+1"],"picked":"SKIP","floor":46.0}],"player_experience":328076,"relics_obtained":[{"floor":1.0,"key":"LetterFromLob"},{"floor":8.0,"key":"Bird Faced Urn"},{"floor":10.0,"key":"Bag of Preparation"},{"floor":14.0,"key":"Whetstone"},{"floor":19.0,"key":"DeathAngel"},{"floor":23.0,"key":"Thread and Needle"},{"floor":26.0,"key":"Happy Flower"},{"floor":28.0,"key":"Akabeko"},{"floor":41.0,"key":"Mango"},{"floor":43.0,"key":"Toy Ornithopter"}],"event_choices":[],"is_beta":false,"boss_relics":[{"not_picked":["Sozu","Velvet Choker"],"picked":"Fusion Hammer"},{"not_picked":["Calling Bell","Runic Pyramid"],"picked":"Astrolabe"}],"items_purged_floors":[42],"is_endless":false,"potions_floor_spawned":[2,5,10,12,16,20,22,35,41],"ascension_level":0}}