{"host":"ef0di4u2iht71tvj","time":1614131113,"event":{"mods":["2.2 Compatiblity","Act Like it!","BaseMod","DeckTracker","Downfall","Hermit","HololiveMod","JesterMod","Koishi","Marisa????????","Minty Spire (QoL Compilation)","StSLib","SuperFastMode","Synergy Search","The Animator","The Bug Knight","The Clintock","The Construct","The Cursed","The Disciple","The Forsaken","The Gatherer","The Hierophant","The Jungle","The Servant 0.9.4"],"gold_per_floor":[113,113,132,63,74,108,108,128,151,151,169,181,212,225,225,329,329,346,49,49,49,67,67,81,99,99,134,147,147,181,197,197,297,297,316,136,147,164,164,164,190,190,190,210,16,28,61,75,75,75,75,75,5,35,35],"floor_reached":56,"language":"ENG","playtime":5404,"items_purged":["HollowMod:SoulMaster","HollowMod:NailStrikeStart+1","Pain"],"score":1313,"play_id":"87660fb2-a511-4a1c-aa76-8d2b66207734","local_time":"20210224024513","is_ascension_mode":false,"campfire_choices":[{"data":"HollowMod:MothsMistake","floor":7,"key":"SMITH"},{"data":"HollowMod:InfectedAttack","floor":10,"key":"SMITH"},{"data":"HollowMod:InfectedCysts","floor":15,"key":"SMITH"},{"data":"HollowMod:InfectionAssault","floor":23,"key":"SMITH"},{"data":"HollowMod:CornifersMapStart","floor":29,"key":"SMITH"},{"data":"HollowMod:NewInfectedGuardian","floor":32,"key":"SMITH"},{"data":"HollowMod:DungDefenderAura","floor":40,"key":"SMITH"},{"data":"HollowMod:CloakDash","floor":42,"key":"SMITH"},{"floor":49,"key":"RECALL"},{"data":"HollowMod:LifebloodCore","floor":52,"key":"SMITH"}],"circlet_count":0,"master_deck":["HollowMod:NailStrikeStart+1","HollowMod:NailStrikeStart+1","HollowMod:QuickDashStart+1","HollowMod:QuickDashStart+1","HollowMod:QuickDashStart+1","HollowMod:QuickDashStart+1","HollowMod:FocusHealStart+1","HollowMod:PogoStrike","HollowMod:DreamGate","HollowMod:InfectedAttack+1","HollowMod:MothsMistake+1","HollowMod:CloakDash+1","HollowMod:CloakDash","HollowMod:NewInfectedGuardian+1","HollowMod:CloakDash","HollowMod:InfectedCysts+1","HollowMod:LifebloodCore+1","HollowMod:InfectionAssault+1","HollowMod:CloakDash","HollowMod:CornifersMapStart+1","HollowMod:InfectedCysts+1","HollowMod:NewLittleFool+1","HollowMod:DungDefenderAura+1","HollowMod:PerfectDash+1","HollowMod:QuirrelsAssistance+1","HollowMod:QuirrelsAssistance+1","HollowMod:MothsMistake","HollowMod:MawleksShell+1","HollowMod:PerfectDash","HollowMod:Hiveblood"],"relics":["HollowMod:KingsSoulRelic","Hololive_LightStick","Whetstone","theForsaken:Lifeblossom","Coffee Dripper","Pen Nib","Molten Egg 2","Centennial Puzzle","HollowMod:LifeEnderRelic","WarpedTongs","Sundial","HollowMod:LumaflyLanternRelic","theForsaken:HumbleEgg"],"acts_visited":["Exordium","TheCity","TheBeyond","TheEnding"],"potions_floor_usage":[6,16,55,55,55],"damage_taken":[{"damage":1,"enemies":"Jaw Worm","floor":1,"turns":4},{"damage":0,"enemies":"Cultist","floor":3,"turns":2},{"damage":4,"enemies":"2 Louse","floor":5,"turns":4},{"damage":4,"enemies":"HollowMod:MossKnight","floor":6,"turns":6},{"damage":0,"enemies":"Lots of Slimes","floor":8,"turns":4},{"damage":0,"enemies":"Large Slime","floor":11,"turns":4},{"damage":3,"enemies":"Exordium Thugs","floor":12,"turns":6},{"damage":20,"enemies":"Gremlin Nob","floor":13,"turns":3},{"damage":8,"enemies":"HollowMod:HuskWarrior","floor":14,"turns":4},{"damage":38,"enemies":"Slime Boss","floor":16,"turns":7},{"damage":36,"enemies":"2 Thieves","floor":18,"turns":3},{"damage":0,"enemies":"Spheric Guardian","floor":22,"turns":6},{"damage":0,"enemies":"Snecko","floor":24,"turns":4},{"damage":0,"enemies":"Chosen and Byrds","floor":25,"turns":3},{"damage":0,"enemies":"Gremlin Leader","floor":27,"turns":5},{"damage":0,"enemies":"Centurion and Healer","floor":28,"turns":4},{"damage":0,"enemies":"HollowMod:Nosk","floor":30,"turns":5},{"damage":0,"enemies":"3 Cultists","floor":31,"turns":3},{"damage":21,"enemies":"Automaton","floor":33,"turns":8},{"damage":0,"enemies":"3 Shapes","floor":35,"turns":3},{"damage":0,"enemies":"3 Darklings","floor":37,"turns":3},{"damage":0,"enemies":"Spire Growth","floor":38,"turns":5},{"damage":0,"enemies":"Nemesis","floor":41,"turns":5},{"damage":0,"enemies":"Maw","floor":44,"turns":6},{"damage":17,"enemies":"Sphere and 2 Shapes","floor":46,"turns":4},{"damage":1,"enemies":"Reptomancer","floor":47,"turns":4},{"damage":0,"enemies":"4 Shapes","floor":48,"turns":3},{"damage":41,"enemies":"Donu and Deca","floor":50,"turns":9},{"damage":45,"enemies":"Shield and Spear","floor":54,"turns":6},{"damage":52,"enemies":"The Heart","floor":55,"turns":10}],"seed_played":"-546636641226606016","potions_obtained":[{"floor":3,"key":"Dexterity Potion"},{"floor":5,"key":"hexamod:SoulburnPotion"},{"floor":11,"key":"LiquidMemories"},{"floor":12,"key":"SteroidPotion"},{"floor":14,"key":"SkillPotion"},{"floor":16,"key":"champ:CounterPotion"},{"floor":24,"key":"EssenceOfSteel"},{"floor":27,"key":"LiquidBronze"},{"floor":41,"key":"Dexterity Potion"}],"is_trial":false,"path_per_floor":["M","?","M","$","M","E","R","M","T","R","M","M","E","M","R","B",null,"M","$","?","?","M","R","M","M","T","E","M","R","E","M","R","B",null,"M","$","M","M","?","R","E","R","T","M","$","M","E","M","R","B",null,"R","$","E","B",null],"character_chosen":"THE_BUGKNIGHT","items_purchased":["HollowMod:MothsMistake","Pen Nib","HollowMod:InfectionAssault","HollowMod:DungDefenderAura","HollowMod:MothsMistake","HollowMod:PerfectDash"],"campfire_rested":0,"item_purchase_floors":[4,19,19,36,45,53],"current_hp_per_floor":[75,75,75,75,75,75,75,75,75,75,75,75,61,69,69,43,75,52,52,52,52,70,70,75,75,75,75,75,75,75,75,75,54,75,75,75,75,75,75,75,75,75,75,75,75,64,75,75,75,34,75,75,75,38,22],"gold":35,"neow_bonus":"UPGRADE_CARD","is_daily":false,"chose_seed":false,"campfire_upgraded":9,"win_rate":0.0,"timestamp":1614131113,"path_taken":["M","?","M","$","M","E","R","?","T","R","M","M","E","M","R","BOSS","M","$","?","?","M","R","M","M","T","E","M","R","E","M","R","BOSS","M","?","M","M","?","R","E","R","T","?","$","M","E","M","R","BOSS","R","$","E","BOSS"],"items_purchased_type":["Card","Relic","Card","Card","Card","Card"],"build_version":"2020-12-22","purchased_purges":3,"victory":true,"max_hp_per_floor":[75,75,75,75,75,75,75,75,75,75,75,75,75,75,75,75,75,75,75,75,75,75,75,75,75,75,75,75,75,75,75,75,75,75,75,75,75,75,75,75,75,75,75,75,75,75,75,75,75,75,75,75,75,75,75],"card_choices":[{"not_picked":["HollowMod:DashSlash","HollowMod:WraithStrike"],"picked":"HollowMod:DreamGate","floor":1},{"not_picked":["HollowMod:SoulStrike","HollowMod:HeavyBlow"],"picked":"HollowMod:InfectedAttack","floor":3},{"not_picked":["HollowMod:ChannelNail","HollowMod:CloakDash"],"picked":"HollowMod:SoulMaster","floor":5},{"not_picked":["HollowMod:CycloneSlash","HollowMod:NewJinnsSoul"],"picked":"HollowMod:CloakDash","floor":6},{"not_picked":["HollowMod:CycloneSlash","HollowMod:QuirrelsAssistance"],"picked":"HollowMod:CloakDash","floor":8},{"not_picked":["HollowMod:DesolateDive","HollowMod:FallenFury"],"picked":"HollowMod:NewInfectedGuardian","floor":11},{"not_picked":["HollowMod:VengefulVoid","HollowMod:MantisMark"],"picked":"HollowMod:CloakDash","floor":12},{"not_picked":["HollowMod:CrystalDash","HollowMod:SoulStrike"],"picked":"HollowMod:InfectedCysts","floor":13},{"not_picked":["HollowMod:DescendingDark","HollowMod:GoodIntentions","HollowMod:DashSlash"],"picked":"SKIP","floor":14},{"not_picked":["HollowMod:VoidDash","HollowMod:ZotesMagnificence"],"picked":"HollowMod:LifebloodCore","floor":16},{"not_picked":["HollowMod:HeavyBlow","HollowMod:TaintedHusks","HollowMod:DescendingDark"],"picked":"SKIP","floor":18},{"not_picked":["HollowMod:TaintedHusks","HollowMod:ShapeofUnn"],"picked":"HollowMod:CloakDash","floor":22},{"not_picked":["HollowMod:GoodIntentions","HollowMod:InfectedAttack","HollowMod:SoulVessel"],"picked":"SKIP","floor":24},{"not_picked":["HollowMod:DreamGate","HollowMod:SoulStrike","HollowMod:VengefulSpirit"],"picked":"SKIP","floor":25},{"not_picked":["HollowMod:GrimmsGift","HollowMod:SharpenedNail+1"],"picked":"HollowMod:CornifersMapStart","floor":27},{"not_picked":["HollowMod:CycloneSlash+1","HollowMod:FastStrike+1","HollowMod:SoulEater"],"picked":"SKIP","floor":28},{"not_picked":["HollowMod:CornifersMapStart","HollowMod:NewJinnsSoul"],"picked":"HollowMod:InfectedCysts+1","floor":30},{"not_picked":["HollowMod:SoulVessel","HollowMod:CycloneSlash+1","HollowMod:QuirrelsAssistance+1"],"picked":"SKIP","floor":31},{"not_picked":["HollowMod:ChannelNail+1","HollowMod:SoulSplash+1"],"picked":"HollowMod:NewLittleFool+1","floor":35},{"not_picked":["HollowMod:SharpenedNail+1","HollowMod:HowlingWraiths+1","HollowMod:SoulEater"],"picked":"SKIP","floor":37},{"not_picked":["HollowMod:DungDefenderAura+1","HollowMod:InfectedAttack+1"],"picked":"HollowMod:PerfectDash+1","floor":38},{"not_picked":["HollowMod:CloakDash","HollowMod:theNailsmith"],"picked":"HollowMod:QuirrelsAssistance+1","floor":41},{"not_picked":["HollowMod:VengefulSpirit+1","HollowMod:VengefulVoid+1"],"picked":"HollowMod:QuirrelsAssistance+1","floor":44},{"not_picked":["HollowMod:PureNailStrike+1","HollowMod:GreatSlash+1","HollowMod:VengefulVoid+1"],"picked":"SKIP","floor":46},{"not_picked":["HollowMod:QuirrelsAssistance+1","HollowMod:SharpenedNail+1","HollowMod:Grubsong"],"picked":"SKIP","floor":47},{"not_picked":["HollowMod:MonarchWings+1","HollowMod:InfectedAttack+1"],"picked":"HollowMod:MawleksShell+1","floor":48},{"not_picked":["HollowMod:TaintedHusks+1","HollowMod:NewLittleFool+1"],"picked":"HollowMod:Hiveblood","floor":54}],"player_experience":1846027,"relics_obtained":[{"floor":6,"key":"Hololive_LightStick"},{"floor":9,"key":"Whetstone"},{"floor":13,"key":"theForsaken:Lifeblossom"},{"floor":26,"key":"Molten Egg 2"},{"floor":27,"key":"Centennial Puzzle"},{"floor":30,"key":"HollowMod:LifeEnderRelic"},{"floor":41,"key":"Sundial"},{"floor":47,"key":"HollowMod:LumaflyLanternRelic"},{"floor":54,"key":"theForsaken:HumbleEgg"}],"event_choices":[{"damage_healed":0,"gold_gain":0,"player_choice":"Ignored","damage_taken":0,"max_hp_gain":0,"max_hp_loss":0,"event_name":"NoteForYourself","floor":2,"gold_loss":0},{"damage_healed":0,"gold_gain":0,"player_choice":"Simplicity","damage_taken":0,"max_hp_gain":0,"max_hp_loss":0,"event_name":"Back to Basics","floor":20,"gold_loss":0,"cards_upgraded":["HollowMod:NailStrikeStart","HollowMod:NailStrikeStart","HollowMod:QuickDashStart","HollowMod:QuickDashStart","HollowMod:QuickDashStart","HollowMod:QuickDashStart"]},{"cards_removed":["HollowMod:NailStrikeStart"],"damage_healed":0,"gold_gain":0,"player_choice":"Purged","damage_taken":0,"max_hp_gain":0,"max_hp_loss":0,"event_name":"Purifier","floor":21,"gold_loss":0},{"damage_healed":0,"gold_gain":0,"player_choice":"Rummage","damage_taken":0,"relics_obtained":["WarpedTongs"],"max_hp_gain":0,"max_hp_loss":0,"event_name":"Accursed Blacksmith","floor":39,"gold_loss":0,"cards_obtained":["Pain"]}],"is_beta":false,"boss_relics":[{"not_picked":["Cursed Key","Ectoplasm"],"picked":"Coffee Dripper"},{"not_picked":["Sozu","Pandora\u0027s Box"],"picked":"HollowMod:KingsSoulRelic"}],"items_purged_floors":[19,36,45],"is_endless":false,"potions_floor_spawned":[3,5,11,12,14,16,24,27,28,30,38,41,46,47],"ascension_level":0}}