{"host":"a9gsz7kv8aebwp1f","time":1614170326,"event":{"mods":["AchievementEnabler","BaseMod","Minty Spire (QoL Compilation)"],"gold_per_floor":[210,223,5,24,24,44,57,57,107,107,122,135,135,150,150,275,275,288,288,288,288,78,78,94,94,94,115,128,43,43,63,63,189,252,276,276,609,17,31,31,44,62,62,78,97,0,0,20,20,20],"floor_reached":51,"language":"KOR","playtime":1839,"items_purged":["Injury","Writhe"],"score":1167,"play_id":"1de8f2f3-2581-4932-b37a-2938cb0cf6f2","local_time":"20210224213846","is_ascension_mode":true,"campfire_choices":[{"data":"Apotheosis","floor":10,"key":"SMITH"},{"floor":13,"key":"REST"},{"floor":15,"key":"REST"},{"floor":23,"key":"REST"},{"floor":25,"key":"REST"},{"floor":30,"key":"REST"},{"floor":32,"key":"REST"},{"floor":40,"key":"REST"},{"floor":49,"key":"REST"}],"circlet_count":0,"master_deck":["AscendersBane","Strike_R","Strike_R","Strike_R","Strike_R","Strike_R","Defend_R","Defend_R","Defend_R","Defend_R","Bash","Headbutt","Rage","Apotheosis+1","Flex","Heavy Blade","Headbutt","Pummel","Sword Boomerang","Cleave","Spot Weakness","Double Tap","CurseOfTheBell","Whirlwind","Deep Breath","Flex","Headbutt","Shrug It Off+1","Flex","Heavy Blade+1","Heavy Blade","Limit Break","Cleave","Headbutt+1","Battle Trance","Double Tap","Pummel","Secret Technique","Flex","Parasite","Armaments+1","Ghostly Armor+1","Disarm","Flex"],"relics":["Burning Blood","Smiling Mask","Calling Bell","Vajra","Eternal Feather","FossilizedHelix","Nilry\u0027s Codex","Question Card","HornCleat","Tiny House","Pear","Red Mask"],"acts_visited":["Exordium","TheCity","TheBeyond"],"potions_floor_usage":[33,33,33,35,38,42,44,48,48],"damage_taken":[{"damage":19,"enemies":"Jaw Worm","floor":1,"turns":3},{"damage":15,"enemies":"Cultist","floor":2,"turns":5},{"damage":7,"enemies":"Small Slimes","floor":4,"turns":3},{"damage":4,"enemies":"2 Fungi Beasts","floor":6,"turns":3},{"damage":8,"enemies":"Blue Slaver","floor":7,"turns":2},{"damage":14,"enemies":"Looter","floor":11,"turns":3},{"damage":18,"enemies":"Lots of Slimes","floor":12,"turns":3},{"damage":21,"enemies":"Exordium Thugs","floor":14,"turns":4},{"damage":45,"enemies":"Hexaghost","floor":16,"turns":7},{"damage":29,"enemies":"Shell Parasite","floor":18,"turns":5},{"damage":20,"enemies":"2 Thieves","floor":24,"turns":3},{"damage":24,"enemies":"Chosen and Byrds","floor":27,"turns":5},{"damage":40,"enemies":"Snake Plant","floor":28,"turns":3},{"damage":17,"enemies":"Centurion and Healer","floor":31,"turns":7},{"damage":38,"enemies":"Champ","floor":33,"turns":6},{"damage":20,"enemies":"3 Darklings","floor":35,"turns":3},{"damage":54,"enemies":"3 Shapes","floor":39,"turns":3},{"damage":34,"enemies":"Writhing Mass","floor":41,"turns":5},{"damage":34,"enemies":"Maw","floor":42,"turns":7},{"damage":43,"enemies":"Transient","floor":44,"turns":5},{"damage":41,"enemies":"Sphere and 2 Shapes","floor":45,"turns":4},{"damage":0,"enemies":"3 Darklings","floor":48,"turns":4},{"damage":42,"enemies":"Donu and Deca","floor":50,"turns":5}],"seed_played":"282208650574797912","potions_obtained":[{"floor":2,"key":"HeartOfIron"},{"floor":5,"key":"SmokeBomb"},{"floor":5,"key":"EntropicBrew"},{"floor":31,"key":"Strength Potion"},{"floor":34,"key":"EssenceOfSteel"},{"floor":42,"key":"HeartOfIron"},{"floor":45,"key":"Weak Potion"},{"floor":48,"key":"ElixirPotion"}],"is_trial":false,"path_per_floor":["M","M","$","M","?","M","M","?","T","R","M","M","R","M","R","B",null,"M","?","?","?","$","R","M","R","T","M","M","?","R","M","R","B",null,"M","?","?","$","M","R","M","M","T","M","M","?","$","M","R","B",null],"character_chosen":"IRONCLAD","items_purchased":["Apotheosis","Flex","Deep Breath","Flex","Headbutt","Battle Trance","Double Tap","Pummel","Secret Technique","Fruit Juice","BloodPotion"],"campfire_rested":8,"item_purchase_floors":[3,3,22,22,22,38,38,38,38,38,38],"current_hp_per_floor":[59,50,50,49,49,51,49,49,49,49,41,29,53,38,62,23,66,43,43,27,27,27,66,52,80,80,62,28,28,70,59,80,48,77,63,84,84,89,41,89,61,51,61,44,9,9,9,15,69,33],"gold":20,"neow_bonus":"HUNDRED_GOLD","is_daily":false,"chose_seed":false,"campfire_upgraded":1,"win_rate":0.0,"timestamp":1614170326,"path_taken":["M","M","$","M","?","M","?","?","T","R","M","M","R","M","R","BOSS","M","?","?","?","$","R","M","R","T","M","?","?","R","M","R","BOSS","M","?","?","$","M","R","M","M","T","M","M","?","?","M","R","BOSS"],"items_purchased_type":["Card","Card","Card","Card","Card","Card","Card","Card","Card","Potion","Potion"],"build_version":"2020-12-22","purchased_purges":2,"victory":true,"max_hp_per_floor":[80,80,80,80,80,80,80,80,80,80,80,80,80,80,80,80,80,80,80,80,80,80,80,80,80,80,80,80,80,80,80,80,80,85,85,85,85,90,90,90,90,90,100,100,100,100,100,100,100,100],"card_choices":[{"not_picked":["Iron Wave","Shrug It Off"],"picked":"Headbutt","floor":1},{"not_picked":["Sword Boomerang","Body Slam"],"picked":"Rage","floor":2},{"not_picked":["Burning Pact","Anger"],"picked":"Heavy Blade","floor":4},{"not_picked":["Twin Strike","Thunderclap"],"picked":"Headbutt","floor":6},{"not_picked":["Seeing Red","Power Through"],"picked":"Pummel","floor":7},{"not_picked":["Double Tap","Thunderclap"],"picked":"Sword Boomerang","floor":11},{"not_picked":["Seeing Red","Body Slam"],"picked":"Cleave","floor":12},{"not_picked":["Blood for Blood","Feel No Pain"],"picked":"Spot Weakness","floor":14},{"not_picked":["Barricade","Corruption"],"picked":"Double Tap","floor":16},{"not_picked":["Thunderclap+1","Combust"],"picked":"Whirlwind","floor":18},{"not_picked":["Flex","Thunderclap"],"picked":"Shrug It Off","floor":24},{"not_picked":["Havoc","Wild Strike","Thunderclap"],"picked":"Flex","floor":27},{"not_picked":["Wild Strike","Sever Soul","Iron Wave"],"picked":"Heavy Blade+1","floor":28},{"not_picked":["Body Slam","Feel No Pain","Double Tap"],"picked":"Heavy Blade","floor":31},{"not_picked":["Demon Form","Berserk","Corruption"],"picked":"Limit Break","floor":33},{"not_picked":["Clash","Entrench","Iron Wave"],"picked":"Cleave","floor":34},{"not_picked":["True Grit","Disarm","Havoc"],"picked":"Headbutt+1","floor":35},{"not_picked":["Perfected Strike","Carnage","Cleave"],"picked":"Flex","floor":39},{"not_picked":["Blood for Blood","Anger+1","Dual Wield"],"picked":"Armaments+1","floor":41},{"not_picked":["Body Slam","Iron Wave","Warcry","Barricade"],"picked":"SKIP","floor":42},{"not_picked":["Anger","Body Slam","Pommel Strike"],"picked":"Ghostly Armor+1","floor":44},{"not_picked":["Anger","Headbutt","Clothesline"],"picked":"Disarm","floor":45},{"not_picked":["Fire Breathing","Bloodletting","Armaments"],"picked":"Flex","floor":48}],"player_experience":485816,"relics_obtained":[{"floor":9,"key":"Smiling Mask"},{"floor":17,"key":"Vajra"},{"floor":17,"key":"Eternal Feather"},{"floor":17,"key":"FossilizedHelix"},{"floor":20,"key":"Nilry\u0027s Codex"},{"floor":26,"key":"Question Card"},{"floor":43,"key":"Pear"}],"event_choices":[{"damage_healed":0,"gold_gain":0,"player_choice":"Got Potions","damage_taken":0,"max_hp_gain":0,"max_hp_loss":0,"event_name":"Lab","floor":5,"gold_loss":0},{"damage_healed":0,"gold_gain":0,"player_choice":"Take Wound","damage_taken":0,"relics_obtained":["Golden Idol"],"max_hp_gain":0,"max_hp_loss":0,"event_name":"Golden Idol","floor":8,"gold_loss":0,"cards_obtained":["Injury"]},{"damage_healed":0,"gold_gain":0,"player_choice":"Ignored","damage_taken":0,"max_hp_gain":0,"max_hp_loss":0,"event_name":"Vampires","floor":19,"gold_loss":0},{"damage_healed":0,"gold_gain":0,"player_choice":"Obtained Book","damage_taken":16,"max_hp_gain":0,"max_hp_loss":0,"event_name":"Cursed Tome","floor":20,"gold_loss":0},{"damage_healed":0,"gold_gain":0,"player_choice":"Bought 0 Potions","damage_taken":0,"max_hp_gain":0,"max_hp_loss":0,"event_name":"The Woman in Blue","floor":21,"gold_loss":0},{"damage_healed":0,"gold_gain":0,"player_choice":"Obtained Relic","damage_taken":0,"relics_obtained":["HornCleat"],"max_hp_gain":0,"max_hp_loss":0,"event_name":"Addict","floor":29,"gold_loss":85},{"damage_healed":21,"gold_gain":0,"player_choice":"Writhe","damage_taken":0,"max_hp_gain":0,"max_hp_loss":0,"event_name":"Winding Halls","floor":36,"gold_loss":0,"cards_obtained":["Writhe"]},{"damage_healed":0,"gold_gain":333,"player_choice":"Gave Idol","damage_taken":0,"max_hp_gain":0,"max_hp_loss":0,"event_name":"The Moai Head","floor":37,"relics_lost":["Golden Idol"],"gold_loss":0},{"damage_healed":0,"gold_gain":0,"player_choice":"Paid","damage_taken":0,"relics_obtained":["Red Mask"],"max_hp_gain":0,"max_hp_loss":0,"event_name":"Tomb of Lord Red Mask","floor":46,"gold_loss":97}],"is_beta":false,"boss_relics":[{"not_picked":["Coffee Dripper","Pandora\u0027s Box"],"picked":"Calling Bell"},{"not_picked":["Empty Cage","Runic Pyramid"],"picked":"Tiny House"}],"items_purged_floors":[22,38],"is_endless":false,"potions_floor_spawned":[2,11,12,14,16,24,27,31,39,42,45,48],"ascension_level":12}}