{"host":"4amcrcg6ktw8dbzk","time":1614173284,"event":{"mods":["Act Like it!","BaseMod","Dota2Spire","Gensokyo","Hallownest","Minty Spire (QoL Compilation)","MostiFishMod","Spicy Shops","StSLib","Waifu the Spire"],"gold_per_floor":[117,117,57,57,57,92,92,106,129,140,151,167,167,193,193,270,270,284,284,302,316,316,316],"floor_reached":22,"language":"ZHS","playtime":1216,"items_purged":["Strike_G"],"score":447,"play_id":"9c804c04-fcbe-40c1-a7e8-57bb4e41ff99","local_time":"20210224212804","is_ascension_mode":true,"campfire_choices":[{"data":"Neutralize","floor":7,"key":"SMITH"},{"floor":13,"key":"REST"},{"data":"Bouncing Flask","floor":15,"key":"SMITH"}],"circlet_count":1,"master_deck":["AscendersBane","Strike_G","Strike_G","Strike_G","Strike_G","Survivor","Neutralize+1","Catalyst","Hallownest:skillSlugHide","Hallownest:skillSlugHide","Hallownest:skillSlugHide","Hallownest:skillSlugHide","Hallownest:skillSlugHide","Backflip","Acrobatics","MostiFishMod:Confrontation","Bouncing Flask+1","MostiFishMod:Opportunism","Calculated Gamble","Backflip","Prepared"],"relics":["Ring of the Snake","DaveBox","The Courier","NeowsBlessing","SynthV:TestCard","Hallownest:DreamNailRelic","Circlet","Tough Bandages","Bronze Scales","Dota2Spire:ArcaneBoots","Cursed Key"],"acts_visited":["Exordium","Hallownest:Greenpath"],"potions_floor_usage":[14,21],"damage_taken":[{"damage":0,"enemies":"Hallownest:monsterHuskWarrior","floor":1,"turns":1},{"damage":0,"enemies":"Hallownest:eliteVengeflyKing","floor":6,"turns":1},{"damage":0,"enemies":"Hallownest:2_Baldur","floor":8,"turns":1},{"damage":4,"enemies":"Hallownest:2_MossCreeps","floor":10,"turns":7},{"damage":40,"enemies":"Hallownest:1_Ooma_and_2_Uuma","floor":11,"turns":10},{"damage":4,"enemies":"Hallownest:Wandering_and_Horned","floor":12,"turns":10},{"damage":4,"enemies":"Hallownest:eliteCrystalGuardian","floor":14,"turns":6},{"damage":24,"enemies":"Hallownest:BossBrokenVessel","floor":16,"turns":9},{"damage":13,"enemies":"Hallownest:3_Youths","floor":18,"turns":7},{"damage":13,"enemies":"Hallownest:Flukemon_and_Top","floor":20,"turns":7},{"damage":9,"enemies":"Hallownest:Master_and_Novice","floor":21,"turns":6},{"damage":23,"enemies":"Hallownest:monsterMisterMushroom","floor":22,"turns":4}],"seed_played":"-1015131067549232857","potions_obtained":[{"floor":10,"key":"GhostInAJar"},{"floor":12,"key":"Regen Potion"},{"floor":16,"key":"SneckoOil"},{"floor":20,"key":"Dota2Spire:HealingSalve"}],"is_trial":false,"path_per_floor":["M","?","$","?","?","E","R","M","T","M","M","M","R","E","R","B",null,"M","?","M","M","M"],"character_chosen":"THE_SILENT","items_purchased":[],"campfire_rested":1,"item_purchase_floors":[],"current_hp_per_floor":[59,59,59,59,59,59,59,59,59,55,15,11,30,41,41,17,54,41,41,28,19,0,0],"gold":316,"neow_bonus":"THREE_ENEMY_KILL","is_daily":false,"chose_seed":false,"campfire_upgraded":2,"win_rate":0.0,"timestamp":1614173284,"path_taken":["M","?","$","?","?","E","R","M","T","M","M","?","R","E","R","BOSS","M","?","?","M","M"],"items_purchased_type":[],"build_version":"2020-12-22","purchased_purges":1,"victory":false,"max_hp_per_floor":[66,66,66,66,66,66,66,66,66,66,66,66,66,66,66,66,66,66,66,66,66,66,66],"card_choices":[{"not_picked":["Bane","Slice"],"picked":"Catalyst","floor":1},{"not_picked":["Outmaneuver","Dagger Throw","Dagger Spray","Blade Dance"],"picked":"Backflip","floor":6},{"not_picked":["Dagger Throw","Sucker Punch","Catalyst","Endless Agony","MostiFishMod:PerfectParry"],"picked":"SKIP","floor":8},{"not_picked":["Quick Slash","Riddle With Holes","Prepared","Backflip"],"picked":"Acrobatics","floor":10},{"not_picked":["Outmaneuver","Underhanded Strike","Blade Dance","Dagger Spray"],"picked":"MostiFishMod:Confrontation","floor":11},{"not_picked":["MostiFishMod:FrostNova","Catalyst","MostiFishMod:PerfectParry","Noxious Fumes"],"picked":"Bouncing Flask","floor":12},{"not_picked":["Deflect","Sucker Punch","Adrenaline","Crippling Poison"],"picked":"MostiFishMod:FullyArmed","floor":14},{"not_picked":["MostiFishMod:Confrontation","Envenom","Wraith Form v2","MostiFishMod:WinterMarkForm"],"picked":"MostiFishMod:Opportunism","floor":16},{"not_picked":["Escape Plan","MostiFishMod:ThornCasing","Underhanded Strike","Flying Knee"],"picked":"Calculated Gamble","floor":18},{"not_picked":["Riddle With Holes+1","Dagger Spray","Choke","Backflip","Blade Dance"],"picked":"SKIP","floor":20},{"not_picked":["Riddle With Holes+1","Dagger Spray","Choke","Blade Dance"],"picked":"Backflip","floor":20},{"not_picked":["Slice","Predator","Dagger Throw","MostiFishMod:PerfectParry"],"picked":"Prepared","floor":21}],"player_experience":416957,"relics_obtained":[{"floor":1,"key":"SynthV:TestCard"},{"floor":6,"key":"Tough Bandages"},{"floor":9,"key":"Bronze Scales"},{"floor":14,"key":"Dota2Spire:ArcaneBoots"}],"event_choices":[],"is_beta":false,"boss_relics":[{"not_picked":["Sozu","GuanYuAspect"],"picked":"Cursed Key"}],"items_purged_floors":[3],"is_endless":false,"potions_floor_spawned":[10,12,16,20],"killed_by":"Hallownest:monsterMisterMushroom","ascension_level":20}}