{"host":"dslyow1zalefsrv0","time":1614182476,"event":{"mods":["2.2 Compatiblity","Act Like it!","Aspiration","BaseMod","Better Match","Better Note","Better Sensory Stone","Better Third Choice","BetterRewards","Colored Powertips","DeckTracker","Googly Eyes","GungeonMod","Hallownest","Hermit","Infinite Spire","JesterMod","Jorbs\u0027s Wanderer Trilogy","Minty Spire (QoL Compilation)","Potionbrewer","Quick Restart","Rare Cards Sparkle","Replay The Spire","Ruina","Shop Mod","StSLib","SuperFastMode","The Bladedancer","The Blue Laboratory","The Bug Knight","The Hierophant","The Necromancer","The Servant 0.9.4","The Wild Card","Wide Potions"],"gold_per_floor":[115,115,126,50,125,158,168,168,216,235,260,276,326,355,355,453,453,468,478,478,253,266,266,282,308,308,308,233,246,260,285,285,285,285],"floor_reached":33,"language":"ENG","playtime":2030,"items_purged":["ReplayTheSpireMod:Doomed"],"score":347,"play_id":"28fe6f2e-115d-4c51-8485-3c51e277e5de","local_time":"20210224100116","is_ascension_mode":true,"campfire_choices":[{"floor":15,"key":"REST"},{"floor":23,"key":"REST"},{"floor":27,"key":"REST"},{"floor":32,"key":"REST"}],"circlet_count":0,"master_deck":["Strike_B","Strike_B","Strike_B","Strike_B","Defend_B","Defend_B","Defend_B","Defend_B","Zap","Dualcast","Leap","Self Repair","Defragment","Ball Lightning","BasicCrystalCard","Coolheaded","Conserve Battery","Echo Form","Buffer","Chill+1","ReplayTheSpireMod:Splinters","ReplayTheSpireMod:??????????????????????","Cold Snap","Crystallizer","Leap","Double Energy","ReplayTheSpireMod:Calculation Training","Multi-Cast+1","Chaos+1","Rebound","infinitespire:Execution","Sunder"],"relics":["Cracked Core","NeowsBlessing","Meat on the Bone","GremlinMask","potionbrewer:Torch","Dream Catcher","Bronze Scales","Centennial Puzzle","SacredBark","MerchantsRug","Girya","Mirror","Blood Vial"],"acts_visited":["Exordium","ruina:Briah"],"potions_floor_usage":[14,16,16,24,29],"damage_taken":[{"damage":0,"enemies":"Small Slimes","floor":1,"turns":1},{"damage":0,"enemies":"Cultist","floor":3,"turns":1},{"damage":0,"enemies":"Lagavulin","floor":6,"turns":1},{"damage":4,"enemies":"2 Louse","floor":7,"turns":3},{"damage":25,"enemies":"Lots of Slimes","floor":10,"turns":4},{"damage":20,"enemies":"3 Sentries","floor":11,"turns":10},{"damage":15,"enemies":"Exordium Thugs","floor":12,"turns":6},{"damage":34,"enemies":"Lagavulin","floor":14,"turns":9},{"damage":20,"enemies":"Slime Boss","floor":16,"turns":8},{"damage":15,"enemies":"ruina:Nosferatu","floor":18,"turns":5},{"damage":37,"enemies":"ruina:3_Bats","floor":19,"turns":6},{"damage":46,"enemies":"ruina:KnightOfDespair","floor":22,"turns":9},{"damage":4,"enemies":"ruina:QueenOfHate","floor":24,"turns":4},{"damage":19,"enemies":"ruina:ServantOfWrath","floor":25,"turns":10},{"damage":20,"enemies":"ruina:KingOfGreed","floor":29,"turns":11},{"damage":15,"enemies":"ruina:Woodsman","floor":30,"turns":4},{"damage":41,"enemies":"Nightmare","floor":31,"turns":8},{"damage":58,"enemies":"ruina:Red_and_Wolf","floor":33,"turns":6}],"seed_played":"6280538067692360312","potions_obtained":[{"floor":6,"key":"blueLaboratory:TrueEctoplasm"},{"floor":7,"key":"potionbrewer:CleansingPotion"},{"floor":14,"key":"blueLaboratory:Moonshine"},{"floor":18,"key":"potionbrewer:ToxicPotion"},{"floor":25,"key":"blueLaboratory:CoolantVial"},{"floor":30,"key":"blueLaboratory:ConsumingVoid"}],"is_trial":false,"path_per_floor":["M","?","M","$","?","E","M","?","T","M","E","M","T","E","R","B",null,"M","M","?","$","M","R","M","E","T","R","?","M","M","NM","R","B"],"character_chosen":"DEFECT","items_purchased":["Defragment","MerchantsRug"],"campfire_rested":4,"item_purchase_floors":[4,21],"current_hp_per_floor":[75,75,75,75,64,71,74,74,74,56,55,47,47,32,54,53,75,67,49,49,49,22,44,47,54,54,75,75,62,54,32,54,0,0],"gold":285,"neow_bonus":"THREE_ENEMY_KILL","is_daily":false,"chose_seed":false,"campfire_upgraded":0,"win_rate":0.0,"timestamp":1614182476,"path_taken":["M","?","M","?","?","E","M","?","T","M","E","?","?","E","R","BOSS","M","M","?","$","M","R","M","E","T","R","?","M","M","NM","R","BOSS"],"items_purchased_type":["Card","Relic"],"build_version":"2020-12-22","purchased_purges":1,"victory":false,"max_hp_per_floor":[75,75,75,75,75,75,75,75,75,75,75,75,75,75,75,75,75,75,75,75,75,75,75,75,75,75,75,75,75,75,75,75,75,75],"card_choices":[{"not_picked":["Beam Cell","ReplayTheSpireMod:Reroute Power"],"picked":"Leap","floor":1},{"not_picked":["Stack","Undo"],"picked":"Self Repair","floor":3},{"not_picked":["Leap","ReplayTheSpireMod:Omega Cannon"],"picked":"Ball Lightning","floor":6},{"not_picked":["Redo","Beam Cell"],"picked":"BasicCrystalCard","floor":7},{"not_picked":["Compile Driver","Leap"],"picked":"Coolheaded","floor":10},{"not_picked":["Genetic Algorithm","ReplaySort","Stack"],"picked":"SKIP","floor":11},{"not_picked":["Stack","Go for the Eyes","Panic Button"],"picked":"SKIP","floor":12},{"not_picked":["Stack","Panic Button"],"picked":"Conserve Battery","floor":14},{"not_picked":["Doom and Gloom","Cold Snap"],"picked":"Echo Form","floor":15},{"not_picked":["Fission","ReplayTheSpireMod:Omega Cannon"],"picked":"Buffer","floor":16},{"not_picked":["Sweeping Beam","Ball Lightning","Skim"],"picked":"SKIP","floor":18},{"not_picked":["Barrage","Ball Lightning"],"picked":"Chill+1","floor":19},{"not_picked":["infinitespire:FutureSight","ReplayTheSpireMod:Haul"],"picked":"ReplayTheSpireMod:??????????????????????","floor":20},{"not_picked":["Go for the Eyes","Stack"],"picked":"Cold Snap","floor":22},{"not_picked":["Conserve Battery","Beam Cell+1"],"picked":"Crystallizer","floor":23},{"not_picked":["ReplayTheSpireMod:Repulse","Steam"],"picked":"Leap","floor":24},{"not_picked":["Amplify","Redo+1"],"picked":"Double Energy","floor":25},{"not_picked":["Hologram+1","BasicCrystalCard"],"picked":"ReplayTheSpireMod:Calculation Training","floor":27},{"not_picked":["Rainbow+1","Echo Form+1"],"picked":"Multi-Cast+1","floor":28},{"not_picked":["Ball Lightning+1","ReplayTheSpireMod:System Scan"],"picked":"Chaos+1","floor":29},{"not_picked":["Coolheaded","Steam"],"picked":"Rebound","floor":30},{"not_picked":["infinitespire:SevenWalls","ReplayTheSpireMod:Chaos Vortex"],"picked":"infinitespire:Execution","floor":31},{"not_picked":["Cold Snap+1","Seek","Coolheaded+1"],"picked":"SKIP","floor":31},{"not_picked":["Redo","Stack"],"picked":"Sunder","floor":32}],"player_experience":132332,"relics_obtained":[{"floor":6,"key":"Meat on the Bone"},{"floor":9,"key":"potionbrewer:Torch"},{"floor":11,"key":"Dream Catcher"},{"floor":13,"key":"Bronze Scales"},{"floor":14,"key":"Centennial Puzzle"},{"floor":25,"key":"Girya"},{"floor":26,"key":"Mirror"},{"floor":31,"key":"Blood Vial"}],"event_choices":[{"damage_healed":0,"gold_gain":75,"player_choice":"Gold","damage_taken":11,"max_hp_gain":0,"max_hp_loss":0,"event_name":"betterThird:BetterGoop","floor":5,"gold_loss":0},{"damage_healed":0,"gold_gain":0,"player_choice":"Trade","damage_taken":0,"relics_obtained":["GremlinMask"],"max_hp_gain":0,"max_hp_loss":0,"event_name":"FaceTrader","floor":8,"gold_loss":0},{"damage_healed":0,"gold_gain":0,"player_choice":"2","damage_taken":0,"max_hp_gain":0,"max_hp_loss":0,"event_name":"betterMatch:BetterMatch","floor":28,"gold_loss":0,"cards_obtained":["betterMatch:RareCard"]}],"is_beta":false,"boss_relics":[{"not_picked":["aspiration:PoetsPen_weak","Velvet Choker"],"picked":"SacredBark"}],"items_purged_floors":[21],"is_endless":true,"potions_floor_spawned":[6,7,14,18,25,30],"killed_by":"ruina:Red_and_Wolf","ascension_level":1}}