{"host":"auii0tli5ebhxikt","time":1614131617,"event":{"mods":["ATMod(°¢èªMod)","BaseMod","Downfall","Energized Spire","Minty Spire (QoL Compilation)","Quick Restart","Relic Stats","Reliquary","Replay The Spire","Shop Mod","Spicy Shops","StSLib","The Alterego","The Marked","[IsaacMod]ÒÔÈö¼âËþ","¡¾ÒÅÎï¿¨ÅÆ¡¿REMEMod"],"gold_per_floor":[117,117,128,144,69,69,69,69],"floor_reached":7,"language":"ZHS","playtime":484,"items_purged":["alterego_mod:BoobPocket"],"score":41,"play_id":"a9ec7e65-4ed9-4b74-abdb-0a4abc73c67f","local_time":"20210224095337","is_ascension_mode":false,"campfire_choices":[{"data":"alterego_mod:Punishment","floor":6,"key":"SMITH"}],"circlet_count":0,"master_deck":["alterego_mod:Strike","alterego_mod:Strike","alterego_mod:Strike","alterego_mod:Strike","alterego_mod:Defend","alterego_mod:Defend","alterego_mod:Defend","alterego_mod:Defend","alterego_mod:Impale","alterego_mod:BigMeatyClaws","alterego_mod:BrynhildrsRune","alterego_mod:Lingerie","alterego_mod:Punishment+1","alterego_mod:Complex","alterego_mod:BeGentle","alterego_mod:Birthday","alterego_mod:Smother","alterego_mod:IndependentAction"],"relics":["alterego_mod:MasochisticConstitution","AT_ATBox","HushsDoor","REME_ComplimentaryCards","Chaos","NeowsBlessing"],"acts_visited":["Exordium"],"potions_floor_usage":[],"damage_taken":[{"damage":0,"enemies":"2 Louse","floor":1,"turns":1},{"damage":5,"enemies":"Small Slimes","floor":3,"turns":2},{"damage":1,"enemies":"Jaw Worm","floor":4,"turns":2},{"damage":64,"enemies":"3 Sentries","floor":7,"turns":9}],"seed_played":"-2000752959219460005","potions_obtained":[{"floor":1,"key":"SteroidPotion"}],"is_trial":false,"path_per_floor":["M","?","M","M","$","R","E"],"character_chosen":"The_Alterego","items_purchased":[],"campfire_rested":0,"item_purchase_floors":[],"current_hp_per_floor":[70,70,66,66,66,66,4,4],"gold":69,"neow_bonus":"THREE_ENEMY_KILL","is_daily":false,"chose_seed":false,"campfire_upgraded":1,"win_rate":0.0,"timestamp":1614131617,"path_taken":["M","?","M","M","$","R","E"],"items_purchased_type":[],"build_version":"2020-12-22","purchased_purges":1,"victory":false,"max_hp_per_floor":[70,70,71,72,72,72,72,72],"relic_stats":{"counters":[4,13],"obtain_stats":[{"KeepersGift":0,"Chaos":0,"alterego_mod:MasochisticConstitution":0,"AT_ATBox":0,"NeowsBlessing":0,"HushsDoor":0,"REME_ComplimentaryCards":0},{"KeepersGift":0,"Chaos":0,"alterego_mod:MasochisticConstitution":0,"AT_ATBox":0,"NeowsBlessing":0,"HushsDoor":0,"REME_ComplimentaryCards":0},{"KeepersGift":0,"Chaos":0,"alterego_mod:MasochisticConstitution":0,"AT_ATBox":0,"NeowsBlessing":0,"HushsDoor":0,"REME_ComplimentaryCards":0}]},"card_choices":[{"not_picked":["alterego_mod:Maid","alterego_mod:HighServant"],"picked":"alterego_mod:Lingerie","floor":1},{"not_picked":["alterego_mod:Rip","alterego_mod:Belts"],"picked":"alterego_mod:Smother","floor":3},{"not_picked":["alterego_mod:Maid","alterego_mod:HighServant"],"picked":"alterego_mod:IndependentAction","floor":4}],"player_experience":133184,"relics_obtained":[],"event_choices":[],"is_beta":false,"boss_relics":[],"items_purged_floors":[5],"is_endless":false,"potions_floor_spawned":[1],"killed_by":"3 Sentries","ascension_level":0}}