{"host":"r4aerl4ckfvw1dw3","time":1614152032,"event":{"mods":["BaseMod","BetterRewards","Minty Spire (QoL Compilation)","Quick Restart","StSLib"],"gold_per_floor":[116,134,147,14,14,42,42,62,62,81,81,109,109,127,127,127,127],"floor_reached":16,"language":"ENG","playtime":837,"items_purged":[],"score":162,"play_id":"df6c2561-5dd4-4109-b24d-7d849a3f08d6","local_time":"20210223233352","is_ascension_mode":true,"campfire_choices":[{"data":"Fission","floor":7,"key":"SMITH"},{"floor":11,"key":"REST"},{"data":"Redo","floor":13,"key":"SMITH"},{"floor":15,"key":"REST"}],"circlet_count":0,"master_deck":["Strike_B","Strike_B","Strike_B","Strike_B","Defend_B","Defend_B","Defend_B","Defend_B","Zap","Dualcast","Gash","Cold Snap","Fission+1","Defragment","Redo+1","Hologram","Leap","Go for the Eyes","Sweeping Beam"],"relics":["Cracked Core","TungstenRod","Vajra","Juzu Bracelet","Ornamental Fan"],"acts_visited":["Exordium"],"potions_floor_usage":[6,10,10,12],"damage_taken":[{"damage":1,"enemies":"2 Louse","floor":1,"turns":3},{"damage":0,"enemies":"Small Slimes","floor":2,"turns":2},{"damage":6,"enemies":"Jaw Worm","floor":3,"turns":2},{"damage":31,"enemies":"Gremlin Nob","floor":6,"turns":4},{"damage":10,"enemies":"Exordium Thugs","floor":8,"turns":4},{"damage":5,"enemies":"2 Fungi Beasts","floor":10,"turns":2},{"damage":11,"enemies":"3 Sentries","floor":12,"turns":10},{"damage":14,"enemies":"Large Slime","floor":14,"turns":6},{"damage":37,"enemies":"Slime Boss","floor":16,"turns":9}],"seed_played":"-5888959094356699711","potions_obtained":[{"floor":6,"key":"AttackPotion"},{"floor":8,"key":"FocusPotion"},{"floor":10,"key":"PowerPotion"}],"is_trial":false,"path_per_floor":["M","M","M","$","?","E","R","M","T","M","R","E","R","M","R","B"],"character_chosen":"DEFECT","items_purchased":["Defragment","PowerPotion"],"campfire_rested":2,"item_purchase_floors":[4,4],"current_hp_per_floor":[67,67,61,61,61,30,30,20,20,15,35,24,24,10,30,0,0],"gold":127,"neow_bonus":"ONE_RARE_RELIC","is_daily":false,"chose_seed":false,"campfire_upgraded":2,"win_rate":0.0,"timestamp":1614152032,"path_taken":["M","M","M","$","?","E","R","M","T","M","R","E","R","M","R","BOSS"],"items_purchased_type":["Card","Potion"],"build_version":"2020-12-22","purchased_purges":0,"victory":false,"max_hp_per_floor":[68,68,68,68,68,68,68,68,68,68,68,68,68,68,68,68,68],"card_choices":[{"not_picked":["Conserve Battery","Chaos"],"picked":"Gash","floor":1},{"not_picked":["Static Discharge","Undo"],"picked":"Cold Snap","floor":2},{"not_picked":["Leap","Darkness"],"picked":"Fission","floor":3},{"not_picked":["Darkness","Scrape"],"picked":"Redo","floor":6},{"not_picked":["Redo","Gash"],"picked":"Hologram","floor":8},{"not_picked":["Gash","Hologram"],"picked":"Leap","floor":10},{"not_picked":["Barrage","Steam"],"picked":"Go for the Eyes","floor":12},{"not_picked":["Turbo","Reinforced Body"],"picked":"Sweeping Beam","floor":14}],"player_experience":698479,"relics_obtained":[{"floor":6,"key":"Vajra"},{"floor":9,"key":"Juzu Bracelet"},{"floor":12,"key":"Ornamental Fan"}],"event_choices":[{"damage_healed":0,"gold_gain":0,"player_choice":"Ignored","damage_taken":0,"max_hp_gain":0,"max_hp_loss":0,"event_name":"Liars Game","floor":5,"gold_loss":0}],"is_beta":false,"boss_relics":[],"items_purged_floors":[],"is_endless":false,"potions_floor_spawned":[6,8,10],"killed_by":"Slime Boss","ascension_level":9}}