{"host":"dz37y7s0f4dytpbs","time":1614145618,"event":{"mods":["2.2 Compatiblity","AchievementEnabler","BaseMod","BetterRewards","Colored Map","Custom Start","Keyboard Shortcuts","Marisa£¨Ùöéë¡¡Øª×âÞÞ£©","Minty Spire (QoL Compilation)","Permanent Neow","StSLib","SuperFastMode","everything is the same but u backflip on backflip"],"gold_per_floor":[112,130,149,149,149,181,181,214,252,264,296,46,78,78,78,152,152,162,209,209,409,92,123,135,169,169,16,34,49,75,75,75,148,148,160,242,252,252,99,125,179,214,214,239,66,66,84,113,113,113,113,113,55,86,86],"floor_reached":56,"language":"KOR","playtime":4301,"items_purged":["Strike_G","Strike_G","Strike_G","Defend_G"],"score":3542,"play_id":"dfdfca6b-5c76-436d-9909-2011881e86af","local_time":"20210224144658","is_ascension_mode":true,"campfire_choices":[{"data":"Well Laid Plans","floor":7.0,"key":"SMITH"},{"data":"Neutralize","floor":10.0,"key":"SMITH"},{"data":"Accuracy","floor":15.0,"key":"SMITH"},{"floor":32.0,"key":"RECALL"},{"floor":49.0,"key":"DIG"},{"floor":52.0,"key":"DIG"}],"circlet_count":0,"master_deck":["AscendersBane","Defend_G+1","Defend_G","Survivor","Neutralize+1","Accuracy+1","Cloak And Dagger+1","Accuracy","Deadly Poison+1","Acrobatics+1","Apotheosis+1","Blur+1","Outmaneuver+1","Well Laid Plans+1","PiercingWail+1","Tactician+1","Tactician+1","Backflip+1","Blur+1","Bouncing Flask+1","PiercingWail+1","Phantasmal Killer+1","Deflect+1","Prepared+1","Infinite Blades+1","After Image+1","Leg Sweep+1","Adrenaline+1","Corpse Explosion+1","Crippling Poison+1","PiercingWail+1","Catalyst+1","Well Laid Plans+1","Tools of the Trade+1","Infinite Blades+1","Blade Dance+1","Envenom+1","Cloak And Dagger+1","Accuracy+1","Acrobatics+1","Reflex+1"],"relics":["Ring of the Snake","Ice Cream","PreservedInsect","Tiny Chest","Medical Kit","Toxic Egg 2","Anchor","Frozen Eye","Potion Belt","OrangePellets","Lantern","Happy Flower","MawBank","Mummified Hand","Snake Skull","Fusion Hammer","Nunchaku","HandDrill","Mango","Paper Crane","Frozen Egg 2","Akabeko","Question Card","SlaversCollar","Matryoshka","Pantograph","Shovel","War Paint","Whetstone","Blue Candle","Singing Bowl","TwistedFunnel","Toy Ornithopter","Eternal Feather","Gremlin Horn","StrikeDummy","Shuriken","Oddly Smooth Stone"],"acts_visited":["Exordium","TheCity","TheBeyond","TheEnding"],"potions_floor_usage":[55,55,55],"damage_taken":[{"damage":0.0,"enemies":"Small Slimes","floor":1.0,"turns":4.0},{"damage":0.0,"enemies":"Jaw Worm","floor":2.0,"turns":3.0},{"damage":0.0,"enemies":"2 Louse","floor":3.0,"turns":3.0},{"damage":2.0,"enemies":"3 Sentries","floor":6.0,"turns":13.0},{"damage":0.0,"enemies":"Lagavulin","floor":8.0,"turns":6.0},{"damage":0.0,"enemies":"Red Slaver","floor":11.0,"turns":3.0},{"damage":4.0,"enemies":"3 Sentries","floor":13.0,"turns":6.0},{"damage":0.0,"enemies":"Slime Boss","floor":16.0,"turns":10.0},{"damage":0.0,"enemies":"2 Thieves","floor":18.0,"turns":4.0},{"damage":12.0,"enemies":"Slavers","floor":23.0,"turns":7.0},{"damage":0.0,"enemies":"3 Byrds","floor":24.0,"turns":5.0},{"damage":0.0,"enemies":"Book of Stabbing","floor":25.0,"turns":3.0},{"damage":0.0,"enemies":"Snecko","floor":28.0,"turns":4.0},{"damage":0.0,"enemies":"Cultist and Chosen","floor":29.0,"turns":5.0},{"damage":0.0,"enemies":"Slavers","floor":30.0,"turns":7.0},{"damage":0.0,"enemies":"Collector","floor":33.0,"turns":7.0},{"damage":0.0,"enemies":"3 Shapes","floor":35.0,"turns":3.0},{"damage":0.0,"enemies":"3 Darklings","floor":37.0,"turns":3.0},{"damage":0.0,"enemies":"Reptomancer","floor":40.0,"turns":4.0},{"damage":6.0,"enemies":"2 Orb Walkers","floor":41.0,"turns":5.0},{"damage":0.0,"enemies":"Nemesis","floor":42.0,"turns":5.0},{"damage":0.0,"enemies":"Giant Head","floor":44.0,"turns":5.0},{"damage":4.0,"enemies":"Spire Growth","floor":47.0,"turns":4.0},{"damage":4.0,"enemies":"Nemesis","floor":48.0,"turns":5.0},{"damage":0.0,"enemies":"Donu and Deca","floor":50.0,"turns":6.0},{"damage":8,"enemies":"Shield and Spear","floor":54,"turns":4},{"damage":45,"enemies":"The Heart","floor":55,"turns":6}],"seed_played":"-278763623615773232","potions_obtained":[{"floor":2.0,"key":"SteroidPotion"},{"floor":6.0,"key":"Explosive Potion"},{"floor":16.0,"key":"SpeedPotion"},{"floor":18.0,"key":"FearPotion"},{"floor":25.0,"key":"SkillPotion"},{"floor":29.0,"key":"CunningPotion"},{"floor":37.0,"key":"ColorlessPotion"},{"floor":41.0,"key":"EssenceOfSteel"},{"floor":42.0,"key":"SpeedPotion"},{"floor":44.0,"key":"Energy Potion"}],"is_trial":false,"path_per_floor":["M","M","M","?","?","E","R","E","T","R","M","$","E","?","R","B",null,"M","T","?","?","$","E","M","E","T","$","M","M","E","T","R","B",null,"M","T","M","?","$","E","?","E","T","E","$","T","M","E","R","B",null,"R","$","E","B",null],"character_chosen":"THE_SILENT","items_purchased":["Ice Cream","PreservedInsect","Accuracy","Cloak And Dagger","Tiny Chest","Medical Kit","Toxic Egg 2","Accuracy","Deadly Poison+1","Anchor","Frozen Eye","Potion Belt","Acrobatics+1","Apotheosis+1","OrangePellets","Lantern","Blur+1","Outmaneuver+1","Well Laid Plans","EntropicBrew","Mummified Hand","HandDrill","After Image+1","Catalyst+1","Well Laid Plans+1","TwistedFunnel","Acrobatics+1"],"campfire_rested":0,"item_purchase_floors":[0,0,0,0,0,0,0,0,0,0,0,0,0,0,0,0,0,0,0,0,12,22,27,39,39,45,53],"current_hp_per_floor":[59,59,66,66,59,57,57,57,57,57,57,57,53,53,53,53,63,63,63,63,63,63,65,65,65,65,65,65,65,65,65,65,65,76,76,76,76,76,76,76,70,70,70,70,70,70,66,62,80,80,80,80,80,72,35],"gold":86,"neow_bonus":"","is_daily":false,"chose_seed":false,"campfire_upgraded":3,"win_rate":0.0,"timestamp":1614145618,"path_taken":["M","M","M","?","?","E","R","E","T","R","M","$","E","?","R","BOSS","M","?","?","?","$","E","M","E","T","$","?","M","E","?","R","BOSS","M","?","M","?","$","E","?","E","T","E","$","?","M","E","R","BOSS","R","$","E","BOSS"],"items_purchased_type":["Relic","Relic","Card","Card","Relic","Relic","Relic","Card","Card","Relic","Relic","Relic","Card","Card","Relic","Relic","Card","Card","Card","Potion","Relic","Relic","Card","Card","Card","Relic","Card"],"build_version":"2020-12-22","purchased_purges":4,"victory":true,"max_hp_per_floor":[66,66,66,66,66,66,66,66,66,66,66,66,66,66,66,66,66,66,66,66,66,66,80,80,80,80,80,80,80,80,80,80,80,80,80,80,80,80,80,80,80,80,80,80,80,80,80,80,80,80,80,80,80,80,80],"card_choices":[{"not_picked":["Deflect+1","Dagger Throw"],"picked":"PiercingWail+1","floor":1.0},{"not_picked":["Blade Dance+1","Deadly Poison+1"],"picked":"Tactician+1","floor":2.0},{"not_picked":["Terror+1","Cloak And Dagger+1"],"picked":"Tactician+1","floor":3.0},{"not_picked":["Tactician+1","Caltrops"],"picked":"Blur+1","floor":6.0},{"not_picked":["Cloak And Dagger+1","Sucker Punch"],"picked":"Bouncing Flask+1","floor":8.0},{"not_picked":["Riddle With Holes","Underhanded Strike","Noxious Fumes"],"picked":"SKIP","floor":11.0},{"not_picked":["Predator","Crippling Poison+1"],"picked":"PiercingWail+1","floor":13.0},{"not_picked":["Grand Finale","Venomology+1"],"picked":"Phantasmal Killer+1","floor":16.0},{"not_picked":["Sucker Punch+1","Eviscerate"],"picked":"Deflect+1","floor":18.0},{"not_picked":["Quick Slash","Dagger Throw"],"picked":"Prepared+1","floor":23.0},{"not_picked":["Outmaneuver+1","Prepared+1"],"picked":"Infinite Blades+1","floor":24.0},{"not_picked":["Underhanded Strike","Choke","Riddle With Holes"],"picked":"SKIP","floor":25.0},{"not_picked":["Dagger Throw","All Out Attack","Prepared+1"],"picked":"SKIP","floor":28.0},{"not_picked":["Dash","Flying Knee"],"picked":"Leg Sweep+1","floor":29.0},{"not_picked":["Riddle With Holes","Setup+1"],"picked":"Adrenaline+1","floor":30.0},{"not_picked":["Die Die Die","Doppelganger+1","After Image+1"],"picked":"Corpse Explosion+1","floor":33.0},{"not_picked":["Flying Knee+1","Riddle With Holes","Outmaneuver+1"],"picked":"Crippling Poison+1","floor":35.0},{"not_picked":["Dagger Throw","Flying Knee+1","Underhanded Strike"],"picked":"PiercingWail+1","floor":37.0},{"not_picked":["Backflip+1","Choke","Deflect+1"],"picked":"Tools of the Trade+1","floor":40.0},{"not_picked":["Crippling Poison+1","Dash","Backstab"],"picked":"Infinite Blades+1","floor":41.0},{"not_picked":["Crippling Poison+1","Skewer","Distraction+1"],"picked":"Blade Dance+1","floor":42.0},{"not_picked":["Backflip+1","Predator","Expertise+1"],"picked":"Envenom+1","floor":44.0},{"not_picked":["Concentrate+1","Outmaneuver+1","Flying Knee+1"],"picked":"Cloak And Dagger+1","floor":47.0},{"not_picked":["Flying Knee+1","Tools of the Trade+1","Backflip+1"],"picked":"Accuracy+1","floor":48.0},{"not_picked":["Catalyst+1","Flying Knee","Acrobatics+1"],"picked":"Reflex+1","floor":54}],"player_experience":381550,"relics_obtained":[{"floor":6.0,"key":"Happy Flower"},{"floor":8.0,"key":"MawBank"},{"floor":13.0,"key":"Snake Skull"},{"floor":19.0,"key":"Nunchaku"},{"floor":23.0,"key":"Mango"},{"floor":25.0,"key":"Paper Crane"},{"floor":26.0,"key":"Frozen Egg 2"},{"floor":30.0,"key":"Akabeko"},{"floor":31.0,"key":"Question Card"},{"floor":36.0,"key":"Matryoshka"},{"floor":40.0,"key":"Pantograph"},{"floor":41.0,"key":"Shovel"},{"floor":42.0,"key":"War Paint"},{"floor":43.0,"key":"Whetstone"},{"floor":43.0,"key":"Blue Candle"},{"floor":44.0,"key":"Singing Bowl"},{"floor":46.0,"key":"Toy Ornithopter"},{"floor":46.0,"key":"Eternal Feather"},{"floor":48.0,"key":"Gremlin Horn"},{"floor":49.0,"key":"StrikeDummy"},{"floor":52.0,"key":"Shuriken"},{"floor":54,"key":"Oddly Smooth Stone"}],"event_choices":[{"damage_healed":0.0,"max_hp_gain":0.0,"max_hp_loss":0.0,"gold_gain":0.0,"cards_transformed":["Strike_G"],"event_name":"Living Wall","player_choice":"Change","floor":4.0,"gold_loss":0.0,"damage_taken":0.0,"cards_obtained":["Backflip"]},{"cards_removed":["Defend_G"],"damage_healed":0.0,"max_hp_gain":0.0,"max_hp_loss":0.0,"gold_gain":0.0,"event_name":"Golden Wing","player_choice":"Card Removal","floor":5.0,"gold_loss":0.0,"damage_taken":7.0},{"cards_removed":["Strike_G"],"damage_healed":0.0,"max_hp_gain":0.0,"max_hp_loss":0.0,"gold_gain":0.0,"event_name":"Purifier","player_choice":"Purged","floor":14.0,"gold_loss":0.0,"damage_taken":0.0},{"damage_healed":0.0,"max_hp_gain":0.0,"max_hp_loss":0.0,"gold_gain":0.0,"event_name":"The Mausoleum","player_choice":"Ignored","floor":20.0,"gold_loss":0.0,"damage_taken":0.0},{"damage_healed":0.0,"max_hp_gain":0.0,"max_hp_loss":0.0,"gold_gain":250.0,"event_name":"The Joust","player_choice":"Bet on Owner","floor":21.0,"gold_loss":50.0,"damage_taken":0.0},{"cards_removed":["Defend_G"],"damage_healed":0.0,"max_hp_gain":0.0,"max_hp_loss":0.0,"gold_gain":0.0,"event_name":"Falling","player_choice":"Removed Skill","floor":38.0,"gold_loss":0.0,"damage_taken":0.0},{"damage_healed":0.0,"max_hp_gain":0.0,"max_hp_loss":0.0,"gold_gain":0.0,"event_name":"Mysterious Sphere","player_choice":"Fight","floor":41.0,"gold_loss":0.0,"damage_taken":0.0}],"is_beta":false,"boss_relics":[{"not_picked":["Ectoplasm","WristBlade"],"picked":"Fusion Hammer"},{"not_picked":["Sozu","Calling Bell"],"picked":"SlaversCollar"}],"items_purged_floors":[0,0,0,22],"is_endless":false,"potions_floor_spawned":[2,6,16,18,25,29,30,37,41,42,44],"ascension_level":19}}