{"host":"o70jlri6sl1lb4ns","time":1614155496,"event":{"mods":["(人物)100% Spire Juice","(人物)Astrologer","(人物)Chen/陈","(人物)KinomotoSakura/木之本樱","(人物)Marisa/F雨魔理沙","(人物)Reimu/博丽灵梦","(人物)The Bug Knight/空洞骑士","(人物)The Hierophant/圣职者","(人物)The Immortal/藤原妹红","(人物)The Servant/D夜","(人物)WarShipGirlsR/战舰少女R","(人物)Youmu/魂魄妖梦","(人物)Yuyuko/幽幽子","(前置)Act Like it!","(前置)CapriCore","(前置)StSLib","(功能)Colored Map/彩色地图","(功能)Curses Come First/诅咒卡牌显示","(功能)Energized Spire/能量尖塔","(功能)Highlight Path/选择路径","(功能)REMEMod/遗物卡牌","(功能)RumiaBox-露米娅的神秘盒子","(功能)Spicy Shops/更好的商店","(功能)Waifu the Spire/萌化","(大型)LobotomyExtend/脑叶拓展","(辅助)Colored Powertips/buff提示","(辅助)Quick Restart/便捷重启","ATMod(阿瑾Mod)","BaseMod","Library of Ruina","Library of Ruina Extra","Lobotomy","Minty Spire (QoL Compilation)","Reliquary","The Marked","Yakumo Yukari mod","【功能Mod】混沌之环修复补丁"],"gold_per_floor":[114,84,14,27,27,27,27,27,76,111,129,129,140,13,13,13,13],"floor_reached":16,"language":"ZHS","playtime":1124,"items_purged":[],"score":98,"play_id":"45f55392-249d-4376-bb51-a0e7759cdbb9","local_time":"20210224163136","is_ascension_mode":false,"campfire_choices":[{"data":"astrologer:CosmicExpanse","floor":6,"key":"SMITH"},{"data":"astrologer:Confirmation","floor":8,"key":"SMITH"},{"data":"astrologer:Fate","floor":12,"key":"SMITH"},{"floor":15,"key":"REST"}],"circlet_count":0,"master_deck":["astrologer:Strike","astrologer:Strike","astrologer:Strike","astrologer:Strike","astrologer:Defend","astrologer:Defend","astrologer:Defend","astrologer:Defend","astrologer:NorthStar","astrologer:TheFool","AT_FamilyPortrait","astrologer:CosmicExpanse+1","astrologer:GlassStar","astrologer:StarOfMisfortune","astrologer:HeatDeath","astrologer:Confirmation+1","astrologer:Eclipse","astrologer:Fate+1","astrologer:Cataclysm","astrologer:StarOfRegret","astrologer:Prismatic"],"relics":["astrologer:SkyMirror","AT_ATBox","REME_ComplimentaryCards","Baka2","reliquary:RoseTintedGlasses","AT_RedTearstoneRing","PageOfTodaysShyLook","PageOfApocalypseBird"],"acts_visited":["Exordium"],"potions_floor_usage":[16],"damage_taken":[{"damage":0,"enemies":"2 Louse","floor":1,"turns":2},{"damage":0,"enemies":"Small Slimes","floor":4,"turns":2},{"damage":19,"enemies":"Lagavulin","floor":10,"turns":6},{"damage":8,"enemies":"Jaw Worm","floor":11,"turns":2},{"damage":26,"enemies":"Exordium Wildlife","floor":13,"turns":4},{"damage":11,"enemies":"The Guardian","floor":16,"turns":7}],"seed_played":"-7754032890606334578","potions_obtained":[{"floor":1,"key":"Energy Potion"},{"floor":10,"key":"Energy Potion"},{"floor":11,"key":"Fire Potion"}],"is_trial":false,"path_per_floor":["M","?","$","M","$","R","T","R","T","E","M","R","M","$","R","B"],"character_chosen":"ASTROLOGER","items_purchased":["astrologer:Confirmation","astrologer:Prismatic"],"campfire_rested":1,"item_purchase_floors":[3,14],"current_hp_per_floor":[77,77,77,77,77,77,77,77,77,58,51,51,25,25,48,37,37],"gold":13,"neow_bonus":"TEN_PERCENT_HP_BONUS","is_daily":false,"chose_seed":false,"campfire_upgraded":3,"win_rate":0.0,"timestamp":1614155496,"path_taken":["M","?","$","M","?","R","?","R","T","E","?","R","?","?","R","BOSS"],"items_purchased_type":["Card","Card"],"build_version":"2020-12-22","purchased_purges":0,"victory":false,"max_hp_per_floor":[77,77,77,77,77,77,77,77,77,77,77,77,77,77,77,77,77],"card_choices":[{"not_picked":["astrologer:SolarFlare","astrologer:Quincunx"],"picked":"astrologer:CosmicExpanse","floor":1},{"not_picked":[],"picked":"astrologer:GlassStar","floor":2},{"not_picked":[],"picked":"astrologer:StarOfMisfortune","floor":2},{"not_picked":[],"picked":"astrologer:HeatDeath","floor":2},{"not_picked":["astrologer:MeteorShower","astrologer:Judgement"],"picked":"astrologer:Eclipse","floor":4},{"not_picked":["astrologer:ReadTheStars","astrologer:CometStrike"],"picked":"astrologer:Fate","floor":10},{"not_picked":["astrologer:TheMoon","astrologer:MeteorShower"],"picked":"astrologer:Cataclysm","floor":11},{"not_picked":["astrologer:Opposition","astrologer:Glimpse"],"picked":"astrologer:StarOfRegret","floor":13}],"player_experience":31527,"relics_obtained":[{"floor":1,"key":"Baka"},{"floor":4,"key":"Baka2"},{"floor":7,"key":"reliquary:RoseTintedGlasses"},{"floor":9,"key":"AT_RedTearstoneRing"},{"floor":10,"key":"PageOfTodaysShyLook"},{"floor":11,"key":"PageOfApocalypseBird"}],"event_choices":[],"is_beta":false,"boss_relics":[],"items_purged_floors":[],"is_endless":false,"potions_floor_spawned":[1,10,11],"killed_by":"The Guardian","ascension_level":0}}