{"host":"23qk1co0p3p8qz56","time":1614141368,"event":{"mods":["100% Spire Juice","AchievementEnabler","Act Like it!","Arknights","BaseMod","Better Note","Better Third Choice","BetterRewards","CapriCore","Chen","Colored Map","DNKmod","Downfall","Friendly Minions","Gensokyo","Gold Saver","Halation","HololiveMod","KinomotoSakuraMod(木之本?)","Koishi","KomeijiMod","Lobotomy","LobotomyExtend","Mari Mod (Legacy)","Mari\u0027s V1 Patch","Marisa（霧雨　魔理沙）","Minty Spire (QoL Compilation)","MostiFishMod","Prisma Mod","Railgun Mod","Reimu（博??梦）","Remilia（蕾米莉?）","RumiaBox-露米?的神秘盒子","StSLib","The Administrix","The Alterego","The Animator","The Immortal","The Senshi","Waifu the Spire","WarShipGirlsR/??少女R mod","Yakumo Yukari mod","Yohane!","Yuyuko"],"gold_per_floor":[10014,10030,10040,9750,9764,9764,9764,9764,9764,9424,9424,9424,9424,8941,8941,9038,9038,9050,9050,9062,8940,8932,8979,8991,9015,9027,9039,9062,9094,9132,9144,9156,9273,9285,9309,9335,9347,9373,8849,8875,8875,8875,8899,8192,8211,6719,6719,6729,6729,6729,6729,6729,6430,6463,6463],"floor_reached":56,"language":"ENG","playtime":4101,"items_purged":[],"score":1308,"play_id":"b76eae6a-f192-4866-aaba-98d9ca8b5076","local_time":"20210223213608","is_ascension_mode":false,"campfire_choices":[{"data":"Yohane:Little_Demon_Mari","floor":6,"key":"SMITH"},{"data":"Yohane:Fallen_Dragon_Phoenix_Hold","floor":8,"key":"SMITH"},{"data":"Yohane:Little_Demon_Ruby","floor":15,"key":"SMITH"},{"floor":24,"key":"RECALL"},{"data":"Yohane:Little_Demon_Recruit","floor":27,"key":"SMITH"},{"data":"Yohane:Hell_Zone","floor":32,"key":"SMITH"},{"data":"Yohane:Strawberry_Trapper","floor":42,"key":"SMITH"},{"data":"Yohane:Accelerator","floor":47,"key":"SMITH"},{"data":"Yohane:Impressive_Display","floor":49,"key":"SMITH"},{"data":"Yohane:Energetic_Performance","floor":52,"key":"SMITH"}],"circlet_count":0,"master_deck":["Yohane:Strike_Grey","Yohane:Strike_Grey","Yohane:Strike_Grey","Yohane:Strike_Grey","Yohane:Defend_Grey","Yohane:Defend_Grey+1","Yohane:Defend_Grey","Yohane:Defend_Grey","Yohane:Little_Demon_Lily","Yohane:Well_Laid_Ambush","Yohane:Little_Demon_Mari+1","Yohane:Livestream_Donation+1","Yohane:Grace_Under_Fire","Yohane:Lust","Yohane:Fallen_Dragon_Phoenix_Hold+1","Yohane:Little_Demon_Ruby+1","Yohane:Little_Demon_Recruit+1","Yohane:Energetic_Performance+1","Yohane:Kowareyasuki+1","Yohane:Hell_Zone+1","Yohane:Adept_Technology+1","Yohane:Little_Demon_Hanamaru","Yohane:Mijuku_Dreamer","Yohane:Strawberry_Trapper+1","Yohane:One_Two","Yohane:Inspiration+1","Yohane:Livestream_Donation+1","Yohane:Unstable_World","Yohane:Impressive_Display+1","Yohane:Angel_Tears+1","Yohane:Little_Demon_Support","Yohane:Accelerator+1","Yohane:Hakodate","Yohane:Grand_Entrance"],"relics":["Yohane:AngelWings","ThornShield","DianPoetry","MostiFishMod:Haymaker","DaveBox","SynthV:TestCard","LetterFromLob","theSenshi:SailorFukuRelic","Juzu Bracelet","ImprovedEquipment","ShirouKen","Question Card","Happy Flower","SoulBox","HollowDreamFlower","MawBank","Blood Vial","Pen Nib","EasyGame_NEW","Eternal Feather","Omamori","Boot","Ornamental Fan","Thread and Needle","Strange Spoon","BirthdayGift-Tetrahedron","Bronze Scales","Orichalcum","Hololive_LightStick","RuthlessExorcism:ReiMu","SentryEyes"],"acts_visited":["Exordium","TheCity","TheBeyond","TheEnding"],"potions_floor_usage":[20,33,38,38,50,55,55,55,55,55,55,55],"damage_taken":[{"damage":0,"enemies":"2 Louse","floor":1,"turns":2},{"damage":6,"enemies":"Jaw Worm","floor":2,"turns":2},{"damage":0,"enemies":"Small Slimes","floor":3,"turns":2},{"damage":18,"enemies":"Looter","floor":5,"turns":2},{"damage":18,"enemies":"Hexaghost","floor":16,"turns":6},{"damage":0,"enemies":"3 Byrds","floor":18,"turns":4},{"damage":0,"enemies":"2 Thieves","floor":20,"turns":3},{"damage":0,"enemies":"Book of Stabbing","floor":23,"turns":6},{"damage":1,"enemies":"Centurion and Healer","floor":25,"turns":4},{"damage":15,"enemies":"Shelled Parasite and Fungi","floor":28,"turns":2},{"damage":1,"enemies":"Snecko","floor":29,"turns":5},{"damage":8,"enemies":"Automaton","floor":33,"turns":8},{"damage":30,"enemies":"3 Darklings","floor":35,"turns":3},{"damage":26,"enemies":"Orb Walker","floor":36,"turns":2},{"damage":5,"enemies":"4 Shapes","floor":38,"turns":3},{"damage":1,"enemies":"Reptomancer","floor":40,"turns":3},{"damage":32,"enemies":"3 Darklings","floor":45,"turns":3},{"damage":0,"enemies":"Jaw Worm Horde","floor":48,"turns":1},{"damage":35,"enemies":"Awakened One","floor":50,"turns":6},{"damage":23,"enemies":"Shield and Spear","floor":54,"turns":3},{"damage":136,"enemies":"The Heart","floor":55,"turns":4}],"seed_played":"-671510480512112620","potions_obtained":[{"floor":1,"key":"Block Potion"},{"floor":22,"key":"Energy Potion"},{"floor":23,"key":"champ:CounterPotion"},{"floor":25,"key":"EntropicBrew"},{"floor":28,"key":"Regen Potion"},{"floor":33,"key":"sneckomod:MuddlingPotion"},{"floor":35,"key":"Regen Potion"},{"floor":37,"key":"Guardian:BlockOnCardUsePotion"},{"floor":38,"key":"SpeedPotion"},{"floor":45,"key":"ColorlessPotion"}],"is_trial":false,"path_per_floor":["M","M","M","$","M","R","E","R","T","$","?","?","?","$","R","B",null,"M","?","M","?","?","E","R","M","T","R","M","M","T","?","R","B",null,"M","M","?","M","$","E","?","R","T","$","M","$","R","M","R","B",null,"R","$","E","B",null],"character_chosen":"FallenAngel","items_purchased":["theSenshi:SailorFukuRelic","Juzu Bracelet","Yohane:Little_Demon_Ruby","ShirouKen","Yohane:Little_Demon_Recruit","Question Card","Happy Flower","Yohane:Unstable_World","Eternal Feather","Omamori","Yohane:Impressive_Display","Ornamental Fan","Thread and Needle","Strange Spoon","Yohane:Accelerator","BirthdayGift-Tetrahedron","Bronze Scales","Orichalcum","Hololive_LightStick","RuthlessExorcism:ReiMu"],"campfire_rested":0,"item_purchase_floors":[4,4,10,10,14,14,14,39,39,39,39,44,44,44,46,46,46,46,53,53],"current_hp_per_floor":[500,494,494,494,476,476,476,476,476,476,476,377,377,377,377,359,500,500,500,500,500,500,500,500,499,499,499,485,490,490,490,490,498,500,470,450,450,460,460,465,415,433,433,433,407,407,425,431,449,420,500,500,500,477,347],"gold":6463,"neow_bonus":"THREE_CARDS","is_daily":false,"chose_seed":false,"campfire_upgraded":9,"win_rate":0.0,"timestamp":1614141368,"path_taken":["M","M","M","$","M","R","E","R","T","$","?","?","?","?","R","BOSS","M","?","M","?","?","E","R","M","T","R","M","M","?","?","R","BOSS","M","M","?","M","$","E","?","R","T","?","M","$","R","M","R","BOSS","R","$","E","BOSS"],"items_purchased_type":["Relic","Relic","Card","Relic","Card","Relic","Relic","Card","Relic","Relic","Card","Relic","Relic","Relic","Card","Relic","Relic","Relic","Relic","Relic"],"build_version":"2020-12-22","purchased_purges":0,"victory":true,"max_hp_per_floor":[500,500,500,500,500,500,500,500,500,500,500,500,500,500,500,500,500,500,500,500,500,500,500,500,500,500,500,500,500,500,500,500,500,500,500,500,500,500,500,500,500,500,500,500,500,500,500,500,500,500,500,500,500,500,500],"card_choices":[{"not_picked":["Yohane:Cursed_Strike","Yohane:Inspiration"],"picked":"Yohane:Little_Demon_Mari","floor":0},{"not_picked":["Yohane:Sloth","Yohane:Miracle_Wave"],"picked":"Yohane:Livestream_Donation","floor":1},{"not_picked":["Yohane:Sloth","Yohane:Dark_Rest","Yohane:Ice_Cream_Assault","Yohane:Gluttony"],"picked":"Yohane:Grace_Under_Fire","floor":2},{"not_picked":["Yohane:Kowareyasuki","Yohane:Little_Demon_Support","Yohane:Dark_Rest","Yohane:Impressive_Display"],"picked":"Yohane:Lust","floor":3},{"not_picked":["Yohane:Sloth","Yohane:Inspiration","Yohane:Wrath","Yohane:Scorn"],"picked":"Yohane:Fallen_Dragon_Phoenix_Hold","floor":5},{"not_picked":["Yohane:Witch_Trick","Yohane:Awaken_The_Power","Yohane:Indulge","Yohane:City_Of_Sin","Yohane:Strawberry_Trapper"],"picked":"Yohane:Energetic_Performance","floor":16},{"not_picked":["Yohane:Lust","Yohane:Lailapse","Yohane:Energy_Change","Yohane:Dark_Shield","Yohane:Hakodate+1"],"picked":"Yohane:Kowareyasuki+1","floor":18},{"not_picked":["Yohane:Livestream_Donation","Yohane:Backfoot","Yohane:Blazing","Yohane:Angel_Tears","Yohane:Runaway_Umbrella"],"picked":"Yohane:Hell_Zone","floor":20},{"not_picked":["Yohane:Dark_Shield","Yohane:Lailapse","Yohane:Dark_Rest","Yohane:Ice_Cream_Assault+1","Yohane:Retaliation"],"picked":"Yohane:Adept_Technology+1","floor":23},{"not_picked":["Yohane:Perfection+1","Yohane:Dark_Shield","Yohane:Ice_Cream_Assault","Yohane:Dark_Rest","Yohane:Runaway_Umbrella","Yohane:Angel_Tears+1"],"picked":"SKIP","floor":25},{"not_picked":["Yohane:Little_Demon_Ruby+1","Yohane:Miracle_Wave+1","Yohane:Backfoot+1","Yohane:Prideful_Crash","Yohane:Mijuku_Dreamer"],"picked":"Yohane:Little_Demon_Hanamaru","floor":28},{"not_picked":["Yohane:Envious","Yohane:Livestream_Donation+1","Yohane:Gluttony","Yohane:Dark_Shield","Yohane:Kowareyasuki"],"picked":"Yohane:Mijuku_Dreamer","floor":29},{"not_picked":["Yohane:Go_All_Out","Yohane:Voodoo_Doll","Yohane:Curse_The_Heavens","Yohane:Imagine_Breaker","Yohane:Yousoro"],"picked":"Yohane:Strawberry_Trapper","floor":33},{"not_picked":["Yohane:Angel_Tears","Yohane:Miracle_Wave","Yohane:Wrath+1","Yohane:Inspiration","Yohane:Impressive_Display+1"],"picked":"Yohane:One_Two","floor":35},{"not_picked":["Yohane:Excitement+1","Yohane:Energy_Change+1","Yohane:Lust","Yohane:Schwarz_Sechs","Yohane:Accelerator"],"picked":"Yohane:Inspiration+1","floor":36},{"not_picked":["Yohane:Wrath","Yohane:Soul_Peek","Yohane:Angel_Tears","Yohane:Academic_Prowess+1","Yohane:Scorn"],"picked":"Yohane:Livestream_Donation+1","floor":38},{"not_picked":["Yohane:Imagine_Breaker","Yohane:Impressive_Display+1","Yohane:Scorn+1","Yohane:Gluttony+1","Yohane:Misfortune"],"picked":"Yohane:Angel_Tears+1","floor":40},{"not_picked":["Yohane:Gluttony+1","Yohane:Cursed_Strike+1","Yohane:Wrath+1","Yohane:Runaway_Umbrella","Yohane:Strawberry_Trapper"],"picked":"Yohane:Little_Demon_Support","floor":45},{"not_picked":["Yohane:Backfoot+1","Yohane:Inspiration","Yohane:Guilty_Kiss","Yohane:Wrath","Yohane:Allure_of_Darkness"],"picked":"Yohane:Hakodate","floor":48},{"not_picked":["Yohane:Culinary_Genius+1","Yohane:Dark_Rest+1","Yohane:Lailapse+1","Yohane:Witch_Trick","Yohane:Guilty_Kiss+1"],"picked":"Yohane:Grand_Entrance","floor":54}],"player_experience":240879,"relics_obtained":[{"floor":1,"key":"SynthV:TestCard"},{"floor":1,"key":"LetterFromLob"},{"floor":9,"key":"ImprovedEquipment"},{"floor":23,"key":"Blood Vial"},{"floor":30,"key":"Pen Nib"},{"floor":40,"key":"Boot"},{"floor":54,"key":"SentryEyes"}],"event_choices":[{"damage_healed":476,"gold_gain":0,"player_choice":"Upgrade","damage_taken":100,"max_hp_gain":0,"max_hp_loss":500,"event_name":"betterThird:BetterShining","floor":12,"gold_loss":0,"cards_upgraded":["Yohane:Defend_Grey","Yohane:Livestream_Donation"]},{"damage_healed":0,"gold_gain":0,"player_choice":"Ignored","damage_taken":0,"max_hp_gain":0,"max_hp_loss":0,"event_name":"betterNote:BetterNote","floor":13,"gold_loss":0,"cards_obtained":["animator:Wiz"]},{"damage_healed":0,"gold_gain":0,"player_choice":"Paid Gold","damage_taken":0,"relics_obtained":["MawBank"],"max_hp_gain":0,"max_hp_loss":0,"event_name":"WeMeetAgain","floor":21,"gold_loss":122},{"damage_healed":0,"gold_gain":0,"player_choice":"Bought 1 Potion","damage_taken":0,"max_hp_gain":0,"max_hp_loss":0,"event_name":"The Woman in Blue","floor":22,"gold_loss":0},{"damage_healed":0,"gold_gain":0,"player_choice":"Leave","damage_taken":0,"max_hp_gain":0,"max_hp_loss":0,"event_name":"FaceTrader","floor":31,"gold_loss":0},{"damage_healed":0,"gold_gain":0,"player_choice":"Got Potions","damage_taken":0,"max_hp_gain":0,"max_hp_loss":0,"event_name":"Lab","floor":37,"gold_loss":0},{"damage_healed":0,"gold_gain":0,"player_choice":"Damaged","damage_taken":50,"max_hp_gain":0,"max_hp_loss":0,"event_name":"Wheel of Change","floor":41,"gold_loss":0}],"is_beta":false,"boss_relics":[{"not_picked":["Coffee Dripper","FixedStarFall"],"picked":"SoulBox"},{"not_picked":["Fusion Hammer","AddBug"],"picked":"EasyGame_NEW"}],"items_purged_floors":[],"is_endless":false,"potions_floor_spawned":[1,23,25,28,33,35,38,45],"ascension_level":0}}