{"host":"z39atn33tyek63fd","time":1614131791,"event":{"mods":["BaseMod","Minty Spire (QoL Compilation)","everything is the same but u backflip on backflip"],"gold_per_floor":[111,111,111,125,138,138,150,183,183,258,21,31,58,75,75,173,173,193,208,208,222,235,235,261,261,340,340,340,358,378,389,389,389,389],"floor_reached":33,"language":"ENG","playtime":1925,"items_purged":["Strike_R"],"score":436,"play_id":"317ddea3-0c8e-4eae-aa14-7ecd285e6aa8","local_time":"20210223195631","is_ascension_mode":true,"campfire_choices":[{"data":"Sever Soul","floor":6.0,"key":"SMITH"},{"data":"Corruption","floor":15.0,"key":"SMITH"},{"data":"Whirlwind","floor":23.0,"key":"SMITH"},{"floor":27,"key":"REST"},{"floor":32,"key":"REST"}],"circlet_count":0,"master_deck":["AscendersBane","Strike_R","Strike_R","Strike_R","Strike_R","Defend_R","Defend_R","Defend_R","Defend_R","Bash","Twin Strike+1","Sever Soul+1","Headbutt","Second Wind","Corruption+1","Spot Weakness","Carnage","Warcry","Havoc","Rage","Exhume","Inflame+1","Headbutt+1","Inflame","Whirlwind+1","Intimidate+1","RitualDagger","Warcry","Dual Wield","Iron Wave","True Grit"],"relics":["Black Blood","Charon\u0027s Ashes","Bag of Preparation","Letter Opener","Pocketwatch","Vajra","Ancient Tea Set","Matryoshka"],"acts_visited":["Exordium","TheCity"],"potions_floor_usage":[33,33],"damage_taken":[{"damage":7.0,"enemies":"2 Louse","floor":1.0,"turns":5.0},{"damage":6.0,"enemies":"Small Slimes","floor":4.0,"turns":3.0},{"damage":0.0,"enemies":"Cultist","floor":5.0,"turns":2.0},{"damage":6.0,"enemies":"3 Louse","floor":7.0,"turns":3.0},{"damage":15.0,"enemies":"3 Sentries","floor":8.0,"turns":7.0},{"damage":15.0,"enemies":"Gremlin Gang","floor":12.0,"turns":4.0},{"damage":16.0,"enemies":"Gremlin Nob","floor":13.0,"turns":3.0},{"damage":16.0,"enemies":"Exordium Thugs","floor":14.0,"turns":3.0},{"damage":22.0,"enemies":"Hexaghost","floor":16.0,"turns":8.0},{"damage":0.0,"enemies":"Spheric Guardian","floor":18.0,"turns":3.0},{"damage":27.0,"enemies":"Shell Parasite","floor":19.0,"turns":4.0},{"damage":11.0,"enemies":"Centurion and Healer","floor":21.0,"turns":5.0},{"damage":18.0,"enemies":"Snake Plant","floor":22.0,"turns":4.0},{"damage":27.0,"enemies":"Gremlin Leader","floor":24.0,"turns":6.0},{"damage":18,"enemies":"Snecko","floor":29,"turns":3},{"damage":17,"enemies":"Cultist and Chosen","floor":30,"turns":4},{"damage":39,"enemies":"Shelled Parasite and Fungi","floor":31,"turns":5},{"damage":73,"enemies":"Champ","floor":33,"turns":8}],"seed_played":"-187295237739582832","potions_obtained":[{"floor":1.0,"key":"Regen Potion"},{"floor":7.0,"key":"Fire Potion"},{"floor":12.0,"key":"Ancient Potion"},{"floor":16.0,"key":"SteroidPotion"},{"floor":21.0,"key":"BloodPotion"}],"is_trial":false,"path_per_floor":["M","?","?","M","M","R","M","E","T","?","$","M","E","M","R","B",null,"M","M","?","M","M","R","E","?","T","R","?","M","M","M","R","B"],"character_chosen":"IRONCLAD","items_purchased":["Spot Weakness","Carnage"],"campfire_rested":2,"item_purchase_floors":[11,11],"current_hp_per_floor":[50,76,76,76,80,80,80,71,71,60,60,51,41,31,31,30,68,80,65,65,66,60,60,45,39,39,63,63,57,52,25,49,0,0],"gold":389,"neow_bonus":"ONE_RARE_RELIC","is_daily":false,"chose_seed":false,"campfire_upgraded":3,"win_rate":0.0,"timestamp":1614131791,"path_taken":["M","?","?","M","M","R","M","E","T","?","$","M","E","M","R","BOSS","M","M","?","?","M","R","E","?","T","R","?","M","M","M","R","BOSS"],"items_purchased_type":["Card","Card"],"build_version":"2020-12-22","purchased_purges":1,"victory":false,"max_hp_per_floor":[80,80,80,80,80,80,80,80,80,80,80,80,80,80,80,80,80,80,80,80,80,80,80,80,80,80,80,80,80,80,80,80,80,80],"card_choices":[{"not_picked":["Pommel Strike","Thunderclap"],"picked":"Twin Strike","floor":1.0},{"not_picked":["Uppercut","Cleave"],"picked":"Sever Soul","floor":4.0},{"not_picked":["Iron Wave","Uppercut"],"picked":"Headbutt","floor":5.0},{"not_picked":["Rampage","Blood for Blood"],"picked":"Second Wind","floor":7.0},{"not_picked":["Wild Strike","Flex"],"picked":"Corruption","floor":8.0},{"not_picked":["Anger","Body Slam"],"picked":"Warcry","floor":12.0},{"not_picked":["Clothesline","Carnage"],"picked":"Havoc","floor":13.0},{"not_picked":["Hemokinesis","Sever Soul"],"picked":"Rage","floor":14.0},{"not_picked":["Juggernaut","Bludgeon"],"picked":"Exhume","floor":16.0},{"not_picked":["Bloodletting","Thunderclap"],"picked":"Inflame+1","floor":18.0},{"not_picked":["Armaments","Twin Strike"],"picked":"Headbutt+1","floor":19.0},{"not_picked":["Pommel Strike","Perfected Strike"],"picked":"Inflame","floor":21.0},{"not_picked":["Fire Breathing+1","Clothesline"],"picked":"Whirlwind","floor":22.0},{"not_picked":["Body Slam","Sentinel"],"picked":"Intimidate+1","floor":24},{"not_picked":["Sword Boomerang","Bloodletting"],"picked":"Dual Wield","floor":29},{"not_picked":["Heavy Blade+1","Juggernaut"],"picked":"Iron Wave","floor":30},{"not_picked":["Thunderclap","Perfected Strike"],"picked":"True Grit","floor":31}],"player_experience":825561,"relics_obtained":[{"floor":8.0,"key":"Bag of Preparation"},{"floor":9.0,"key":"Letter Opener"},{"floor":13.0,"key":"Pocketwatch"},{"floor":20.0,"key":"Vajra"},{"floor":24,"key":"Ancient Tea Set"},{"floor":26,"key":"Matryoshka"}],"event_choices":[{"damage_healed":26.0,"max_hp_gain":0.0,"max_hp_loss":0.0,"gold_gain":0.0,"event_name":"Big Fish","player_choice":"Banana","floor":2.0,"gold_loss":0.0,"damage_taken":0.0},{"damage_healed":0.0,"max_hp_gain":0.0,"max_hp_loss":0.0,"gold_gain":0.0,"event_name":"Living Wall","player_choice":"Grow","floor":3.0,"gold_loss":0.0,"damage_taken":0.0,"cards_upgraded":["Twin Strike"]},{"damage_healed":0.0,"max_hp_gain":0.0,"max_hp_loss":0.0,"gold_gain":75.0,"event_name":"World of Goop","player_choice":"Gather Gold","floor":10.0,"gold_loss":0.0,"damage_taken":11.0},{"damage_healed":0.0,"max_hp_gain":0.0,"max_hp_loss":0.0,"gold_gain":0.0,"event_name":"Wheel of Change","player_choice":"Relic","floor":20.0,"gold_loss":0.0,"damage_taken":0.0},{"damage_healed":0,"gold_gain":0,"player_choice":"Joined the Cult","damage_taken":6,"max_hp_gain":0,"max_hp_loss":0,"event_name":"Nest","floor":25,"gold_loss":0,"cards_obtained":["RitualDagger"]},{"damage_healed":0,"gold_gain":0,"player_choice":"1 cards matched","damage_taken":0,"max_hp_gain":0,"max_hp_loss":0,"event_name":"Match and Keep!","floor":28,"gold_loss":0,"cards_obtained":["Warcry"]}],"is_beta":false,"boss_relics":[{"not_picked":["SlaversCollar","Velvet Choker"],"picked":"Black Blood"}],"items_purged_floors":[11],"is_endless":false,"potions_floor_spawned":[1,7,12,16,21,24,29],"killed_by":"Champ","ascension_level":11}}