{"host":"4b06nrmhsmzqjm1r","time":1614210796,"event":{"mods":["2.2 Compatiblity","AchievementEnabler","BaseMod","BetterRewards","Colored Map","Colored Powertips","Hermit","Highlight Path","Minty Spire (QoL Compilation)","StSLib","The Cursed"],"gold_per_floor":[114,114,129,175,20,55,55,75,126,170,189,207,231,251,251,377,377,397,397,120,135,149,182,182,196,196,196,196,196,232,232,232,335,385,403,420,26,46,56,56,89,108,189,189,217,217,234,253,253,253,253,253,6,34,34,34],"floor_reached":55,"language":"ENG","playtime":5954,"items_purged":["Strike_G","Strike_G+1"],"score":856,"play_id":"7b7a5728-5c87-4ece-a496-c504bfd19a8b","local_time":"20210225005316","is_ascension_mode":false,"campfire_choices":[{"data":"Backflip","floor":7.0,"key":"SMITH"},{"data":"Infinite Blades","floor":15.0,"key":"SMITH"},{"data":"A Thousand Cuts","floor":24.0,"key":"SMITH"},{"data":"Storm of Steel","floor":28.0,"key":"SMITH"},{"floor":32.0,"key":"REST"},{"floor":40.0,"key":"RECALL"},{"data":"Cloak And Dagger","floor":44.0,"key":"SMITH"},{"data":"Blade Dance","floor":49.0,"key":"SMITH"},{"data":"Distraction","floor":52.0,"key":"SMITH"}],"circlet_count":0,"master_deck":["Strike_G+1","Strike_G+1","Strike_G+1","Defend_G+1","Defend_G+1","Defend_G+1","Defend_G+1","Survivor","Neutralize","Infinite Blades+1","Venomology","Blade Dance+1","Outmaneuver","Blade Dance+1","Backflip+1","Dodge and Roll+1","Dash","Blur","Flying Knee","Outmaneuver","A Thousand Cuts+1","Storm of Steel+1","Flechettes+1","Prepared","Cloak And Dagger+1","PiercingWail+1","Quick Slash+1","Distraction+1","Dodge and Roll","Die Die Die","Quick Slash+1","Accuracy+1","Panache+1","Accuracy+1","Prepared+1","Infinite Blades+1","Accuracy+1","Malaise+1","Cloak And Dagger+1","PiercingWail+1"],"relics":["Ring of the Snake","Orichalcum","Ice Cream","Bloody Idol","MealTicket","Toy Ornithopter","HornCleat","PreservedInsect","SlaversCollar","Frozen Egg 2","Happy Flower","Ninja Scroll","The Specimen","Nilry\u0027s Codex","Bag of Preparation","Tiny House","Letter Opener","Sundial","Toxic Egg 2","War Paint","FossilizedHelix"],"acts_visited":["Exordium","TheCity","TheBeyond","TheEnding"],"potions_floor_usage":[55,55,55,55],"damage_taken":[{"damage":5.0,"enemies":"Jaw Worm","floor":1.0,"turns":4.0},{"damage":1.0,"enemies":"Cultist","floor":3.0,"turns":4.0},{"damage":24.0,"enemies":"Gremlin Nob","floor":6.0,"turns":5.0},{"damage":0.0,"enemies":"Small Slimes","floor":8.0,"turns":3.0},{"damage":6.0,"enemies":"3 Sentries","floor":10.0,"turns":7.0},{"damage":4.0,"enemies":"3 Louse","floor":11.0,"turns":3.0},{"damage":0.0,"enemies":"Exordium Wildlife","floor":12.0,"turns":3.0},{"damage":0.0,"enemies":"Looter","floor":13.0,"turns":3.0},{"damage":0.0,"enemies":"Gremlin Gang","floor":14.0,"turns":6.0},{"damage":37.0,"enemies":"The Guardian","floor":16.0,"turns":11.0},{"damage":20.0,"enemies":"Shell Parasite","floor":18.0,"turns":6.0},{"damage":0.0,"enemies":"3 Byrds","floor":21.0,"turns":3.0},{"damage":4.0,"enemies":"Centurion and Healer","floor":22.0,"turns":8.0},{"damage":14.0,"enemies":"Gremlin Leader","floor":23.0,"turns":5.0},{"damage":4.0,"enemies":"Cultist and Chosen","floor":25.0,"turns":7.0},{"damage":23.0,"enemies":"Book of Stabbing","floor":30.0,"turns":5.0},{"damage":0.0,"enemies":"Automaton","floor":33.0,"turns":6.0},{"damage":11.0,"enemies":"3 Shapes","floor":35.0,"turns":5.0},{"damage":0.0,"enemies":"3 Darklings","floor":36.0,"turns":3.0},{"damage":4.0,"enemies":"Maw","floor":38.0,"turns":6.0},{"damage":26.0,"enemies":"Spire Growth","floor":39.0,"turns":4.0},{"damage":6.0,"enemies":"Nemesis","floor":41.0,"turns":5.0},{"damage":23.0,"enemies":"4 Shapes","floor":42.0,"turns":4.0},{"damage":0.0,"enemies":"Giant Head","floor":45.0,"turns":4.0},{"damage":0.0,"enemies":"Transient","floor":47.0,"turns":5.0},{"damage":11.0,"enemies":"Maw","floor":48.0,"turns":5.0},{"damage":26.0,"enemies":"Awakened One","floor":50.0,"turns":8.0},{"damage":12.0,"enemies":"Shield and Spear","floor":54.0,"turns":3.0},{"damage":81,"enemies":"The Heart","floor":55,"turns":6}],"seed_played":"-1243126162889609883","potions_obtained":[{"floor":3.0,"key":"DistilledChaos"},{"floor":6.0,"key":"BlessingOfTheForge"},{"floor":8.0,"key":"Dexterity Potion"},{"floor":12.0,"key":"GamblersBrew"},{"floor":18.0,"key":"Weak Potion"},{"floor":21.0,"key":"AttackPotion"},{"floor":22.0,"key":"ColorlessPotion"},{"floor":33.0,"key":"Swift Potion"},{"floor":34.0,"key":"Weak Potion"},{"floor":36.0,"key":"CunningPotion"},{"floor":39.0,"key":"SpeedPotion"},{"floor":42.0,"key":"SmokeBomb"},{"floor":48.0,"key":"EssenceOfSteel"},{"floor":54.0,"key":"Fire Potion"}],"is_trial":false,"path_per_floor":["M","?","M","T","$","E","R","M","T","E","M","M","M","M","R","B",null,"M","T","$","M","M","E","R","M","T","?","R","?","E","?","R","B",null,"M","M","$","M","M","R","E","M","T","R","E","?","M","M","R","B",null,"R","$","E","B"],"character_chosen":"THE_SILENT","items_purchased":["Infinite Blades","Venomology","Blade Dance","Orichalcum","Ice Cream","Toy Ornithopter","Prepared","Happy Flower","Panache+1","Accuracy+1","Prepared","Cloak And Dagger+1","War Paint","LiquidBronze"],"campfire_rested":1,"item_purchase_floors":[0,0,0,0,0,5,20,20,37,37,37,53,53,53],"current_hp_per_floor":[33,33,32,32,47,38,38,43,43,47,53,53,58,65,65,38,65,50,50,65,65,61,51,51,57,57,57,57,41,18,18,37,52,70,64,69,70,70,49,49,70,57,62,62,67,67,70,69,69,49,70,70,70,63,0,0],"gold":34,"neow_bonus":"","is_daily":false,"chose_seed":false,"campfire_upgraded":7,"win_rate":0.0,"timestamp":1614210796,"path_taken":["M","?","M","?","$","E","R","M","T","E","?","M","M","?","R","BOSS","M","?","?","?","?","E","R","M","T","?","R","?","E","?","R","BOSS","M","M","$","M","M","R","E","M","T","R","E","?","M","M","R","BOSS","R","$","E","BOSS"],"items_purchased_type":["Card","Card","Card","Relic","Relic","Relic","Card","Relic","Card","Card","Card","Card","Relic","Potion"],"build_version":"2020-12-22","purchased_purges":2,"victory":false,"max_hp_per_floor":[70,65,65,65,65,65,65,65,65,65,65,65,65,65,65,65,65,65,65,65,65,65,65,65,65,65,65,65,65,65,65,65,65,70,70,70,70,70,70,70,70,70,70,70,70,70,70,70,70,70,70,70,70,70,70,70],"card_choices":[{"not_picked":["Quick Slash","Flying Knee"],"picked":"Outmaneuver","floor":1.0},{"not_picked":["Underhanded Strike","Outmaneuver"],"picked":"Blade Dance","floor":3.0},{"not_picked":["Skewer","Tactician"],"picked":"Backflip","floor":6.0},{"not_picked":["Predator","Dagger Spray"],"picked":"Dodge and Roll","floor":8.0},{"not_picked":["Flechettes","Reflex"],"picked":"Dash","floor":10.0},{"not_picked":["Prepared","Distraction"],"picked":"Blur","floor":11.0},{"not_picked":["All Out Attack","Riddle With Holes"],"picked":"Flying Knee","floor":12.0},{"not_picked":["Bane","Deflect"],"picked":"Outmaneuver","floor":13.0},{"not_picked":["Slice","Endless Agony"],"picked":"A Thousand Cuts","floor":14.0},{"not_picked":["Burst","Grand Finale"],"picked":"Storm of Steel","floor":16.0},{"not_picked":["Backstab","Dagger Throw"],"picked":"Flechettes+1","floor":18.0},{"not_picked":["PiercingWail","Poisoned Stab+1"],"picked":"Cloak And Dagger","floor":21.0},{"not_picked":["Concentrate","Eviscerate"],"picked":"PiercingWail+1","floor":22.0},{"not_picked":["Bane","Poisoned Stab"],"picked":"Quick Slash+1","floor":23.0},{"not_picked":["Footwork+1","Outmaneuver"],"picked":"Distraction","floor":25.0},{"not_picked":["Backflip","Bane+1"],"picked":"Dodge and Roll","floor":30.0},{"not_picked":["Glass Knife","Storm of Steel"],"picked":"Die Die Die","floor":33.0},{"not_picked":["Slice+1","All Out Attack"],"picked":"Quick Slash+1","floor":34.0},{"not_picked":["Riddle With Holes","Acrobatics"],"picked":"Accuracy+1","floor":35.0},{"not_picked":["Poisoned Stab+1","Deadly Poison","Sucker Punch"],"picked":"SKIP","floor":36.0},{"not_picked":["Catalyst","Deflect"],"picked":"Infinite Blades+1","floor":38.0},{"not_picked":["Flying Knee","Eviscerate","Dagger Throw+1"],"picked":"SKIP","floor":39.0},{"not_picked":["Poisoned Stab+1","Bane+1","Reflex+1"],"picked":"SKIP","floor":41.0},{"not_picked":["Dagger Throw+1","Reflex+1"],"picked":"Accuracy+1","floor":42.0},{"not_picked":["Dagger Spray","Blade Dance+1"],"picked":"Malaise+1","floor":45.0},{"not_picked":["Dodge and Roll+1","Dash+1","Reflex+1"],"picked":"SKIP","floor":47.0},{"not_picked":["Deflect+1","PiercingWail+1","Quick Slash+1"],"picked":"SKIP","floor":48.0},{"not_picked":["Heel Hook","Masterful Stab"],"picked":"PiercingWail+1","floor":54.0}],"player_experience":233406,"relics_obtained":[{"floor":4.0,"key":"MealTicket"},{"floor":6.0,"key":"HornCleat"},{"floor":10.0,"key":"PreservedInsect"},{"floor":19.0,"key":"Frozen Egg 2"},{"floor":23.0,"key":"Ninja Scroll"},{"floor":26.0,"key":"The Specimen"},{"floor":29.0,"key":"Nilry\u0027s Codex"},{"floor":30.0,"key":"Bag of Preparation"},{"floor":41.0,"key":"Letter Opener"},{"floor":43.0,"key":"Sundial"},{"floor":45.0,"key":"Toxic Egg 2"},{"floor":54.0,"key":"FossilizedHelix"}],"event_choices":[{"damage_healed":0.0,"max_hp_gain":0.0,"max_hp_loss":5.0,"gold_gain":0.0,"event_name":"Golden Idol","player_choice":"Lose Max HP","floor":2.0,"gold_loss":0.0,"damage_taken":0.0,"relics_obtained":["Golden Idol"]},{"damage_healed":0.0,"max_hp_gain":0.0,"max_hp_loss":0.0,"gold_gain":0.0,"event_name":"Back to Basics","player_choice":"Simplicity","floor":27.0,"gold_loss":0.0,"damage_taken":0.0,"cards_upgraded":["Strike_G","Strike_G","Strike_G","Strike_G","Defend_G","Defend_G","Defend_G","Defend_G","Defend_G"]},{"damage_healed":0.0,"max_hp_gain":0.0,"max_hp_loss":0.0,"gold_gain":0.0,"event_name":"Cursed Tome","player_choice":"Obtained Book","floor":29.0,"gold_loss":0.0,"damage_taken":16.0},{"damage_healed":0.0,"max_hp_gain":0.0,"max_hp_loss":0.0,"gold_gain":0.0,"event_name":"Forgotten Altar","player_choice":"Gave Idol","floor":31.0,"relics_lost":["Golden Idol"],"gold_loss":0.0,"damage_taken":0.0,"relics_obtained":["Bloody Idol"]},{"cards_removed":["Defend_G"],"damage_healed":0.0,"max_hp_gain":0.0,"max_hp_loss":0.0,"gold_gain":0.0,"event_name":"Falling","player_choice":"Removed Skill","floor":46.0,"gold_loss":0.0,"damage_taken":0.0}],"is_beta":false,"boss_relics":[{"not_picked":["Philosopher\u0027s Stone","Runic Pyramid"],"picked":"SlaversCollar"},{"not_picked":["Sozu","Fusion Hammer"],"picked":"Tiny House"}],"items_purged_floors":[20,37],"is_endless":false,"potions_floor_spawned":[3,6,8,12,18,21,22,33,36,39,42,48,54],"killed_by":"The Heart","ascension_level":0}}