{"host":"2yqfi47fogfu1ic4","time":1614128034,"event":{"mods":["AchievementEnabler","BaseMod","Colored Map","Colored Powertips","Highlight Path","Minty Spire (QoL Compilation)","Permanent Neow","Relic Stats","StSLib"],"gold_per_floor":[13,13,31,50,66,66,104,128,128,42,73,73,86,122,122,215,215,229,247,297,317,348,348,373,373,420,420,420,400,158,172,172,263,263,276,498,498,831,846,846,879,879,879,879,911,930,930,561,561,561,561,561,561,2,27,27,27],"floor_reached":56,"language":"DEU","playtime":5051,"items_purged":["Strike_G","Strike_G","Strike_G"],"score":2021,"play_id":"74324e55-3316-467b-a769-b2fe34b79223","local_time":"20210224015354","is_ascension_mode":true,"campfire_choices":[{"data":"Doppelganger","floor":6.0,"key":"SMITH"},{"data":"Catalyst","floor":12.0,"key":"SMITH"},{"data":"Terror","floor":15.0,"key":"SMITH"},{"floor":23.0,"key":"REST"},{"floor":25.0,"key":"REST"},{"data":"Catalyst","floor":27.0,"key":"SMITH"},{"data":"Venomology","floor":32.0,"key":"SMITH"},{"data":"Calculated Gamble","floor":40,"key":"SMITH"},{"floor":42,"key":"RECALL"},{"data":"Neutralize","floor":44,"key":"SMITH"},{"floor":49,"key":"REST"},{"floor":53,"key":"REST"}],"circlet_count":0,"master_deck":["AscendersBane","Strike_G","Defend_G","Defend_G","Defend_G","Defend_G","Survivor","Neutralize+1","All Out Attack","Doppelganger+1","Poisoned Stab","Predator","Poisoned Stab","Catalyst+1","Terror+1","Calculated Gamble+1","Catalyst+1","Venomology+1","Bane","Poisoned Stab","Burst+1","Outmaneuver+1","Crippling Poison+1","Backflip+1","Deadly Poison+1","Catalyst+1","Burst+1","Deflect+1","Leg Sweep+1","Escape Plan+1","Deflect+1","PiercingWail+1","Prepared+1"],"relics":["Ring of the Snake","Boot","Sundial","Toxic Egg 2","Runic Pyramid","Red Mask","Oddly Smooth Stone","Meat on the Bone","DollysMirror","SacredBark","Omamori","Juzu Bracelet","Darkstone Periapt","Toolbox","Chemical X","Bag of Marbles","Happy Flower"],"acts_visited":["Exordium","TheCity","TheBeyond","TheEnding"],"potions_floor_usage":[37,45,46,50,50,51,55,55,56],"damage_taken":[{"damage":1.0,"enemies":"Cultist","floor":1.0,"turns":4.0},{"damage":2.0,"enemies":"Jaw Worm","floor":3.0,"turns":4.0},{"damage":2.0,"enemies":"2 Louse","floor":4.0,"turns":2.0},{"damage":4.0,"enemies":"Large Slime","floor":5.0,"turns":5.0},{"damage":11.0,"enemies":"Gremlin Nob","floor":7.0,"turns":3.0},{"damage":5.0,"enemies":"Exordium Thugs","floor":8.0,"turns":5.0},{"damage":5.0,"enemies":"Lagavulin","floor":11.0,"turns":5.0},{"damage":0.0,"enemies":"3 Louse","floor":13.0,"turns":3.0},{"damage":0.0,"enemies":"Gremlin Nob","floor":14.0,"turns":3.0},{"damage":0.0,"enemies":"Slime Boss","floor":16.0,"turns":4.0},{"damage":0.0,"enemies":"Spheric Guardian","floor":18.0,"turns":2.0},{"damage":1.0,"enemies":"3 Byrds","floor":19.0,"turns":5.0},{"damage":1.0,"enemies":"Sentry and Sphere","floor":21.0,"turns":4.0},{"damage":44.0,"enemies":"Masked Bandits","floor":22.0,"turns":5.0},{"damage":27.0,"enemies":"Snecko","floor":24.0,"turns":7.0},{"damage":0.0,"enemies":"Centurion and Healer","floor":31.0,"turns":8.0},{"damage":1.0,"enemies":"Champ","floor":33.0,"turns":5.0},{"damage":13.0,"enemies":"3 Darklings","floor":35.0,"turns":4.0},{"damage":0,"enemies":"2 Orb Walkers","floor":37,"turns":1},{"damage":5,"enemies":"3 Shapes","floor":39,"turns":4},{"damage":12,"enemies":"Reptomancer","floor":41,"turns":2},{"damage":1,"enemies":"Nemesis","floor":45,"turns":3},{"damage":1,"enemies":"Transient","floor":46,"turns":4},{"damage":16,"enemies":"Donu and Deca","floor":50,"turns":7},{"damage":29,"enemies":"Time Eater","floor":51,"turns":6},{"damage":40,"enemies":"Shield and Spear","floor":55,"turns":5},{"damage":30,"enemies":"The Heart","floor":56,"turns":2}],"seed_played":"7060068041755594525","potions_obtained":[{"floor":1.0,"key":"Energy Potion"},{"floor":4.0,"key":"Fire Potion"},{"floor":7.0,"key":"Regen Potion"},{"floor":11.0,"key":"CunningPotion"},{"floor":13.0,"key":"PowerPotion"},{"floor":22.0,"key":"SteroidPotion"},{"floor":24.0,"key":"Regen Potion"},{"floor":29.0,"key":"AttackPotion"},{"floor":41,"key":"SpeedPotion"},{"floor":46,"key":"Energy Potion"}],"is_trial":false,"path_per_floor":["M","?","M","M","M","R","E","M","T","$","E","R","M","E","R","B",null,"M","M","?","M","?","R","M","R","T","R","T","?","$","M","R","B",null,"M","?","?","?","M","R","E","R","T","R","E","M","?","$","R","B","B",null,"R","$","E","B"],"character_chosen":"THE_SILENT","items_purchased":["Catalyst","DollysMirror","Toolbox","Deflect+1","PiercingWail+1","Chemical X","Poison Potion","Bag of Marbles","Prepared+1"],"campfire_rested":4,"item_purchase_floors":[10,30,48,48,48,54,54,54,54],"current_hp_per_floor":[58,58,56,54,50,50,39,48,48,48,43,43,43,43,43,43,56,56,55,55,54,10,28,16,34,34,34,34,34,34,49,49,48,57,44,44,44,44,39,39,39,39,39,39,38,37,37,37,54,38,21,48,57,57,29,0,0],"gold":27,"neow_bonus":"TRANSFORM_TWO_CARDS","is_daily":false,"chose_seed":false,"campfire_upgraded":7,"win_rate":0.0,"timestamp":1614128034,"path_taken":["M","?","M","M","M","R","E","M","T","?","E","R","?","E","R","BOSS","M","M","?","M","?","R","M","R","T","R","?","?","$","?","R","BOSS","M","?","?","?","M","R","E","R","T","R","E","M","?","$","R","BOSS","BOSS","R","$","E","BOSS"],"items_purchased_type":["Card","Relic","Relic","Card","Card","Relic","Potion","Relic","Card"],"build_version":"2020-12-22","purchased_purges":3,"victory":false,"max_hp_per_floor":[66,60,60,60,60,60,60,60,60,60,60,60,60,60,60,60,60,60,60,60,60,60,60,60,60,60,60,60,60,60,60,60,60,60,60,60,60,60,60,60,60,60,60,60,60,60,57,57,57,57,57,57,57,57,57,57,57],"relic_stats":{"Darkstone Periapt":0,"Happy Flower":[0],"counters":[27,112],"Sundial":[4],"Juzu Bracelet":0,"Chemical X":[2],"Boot":[68],"obtain_stats":[{"Darkstone Periapt":45,"Happy Flower":55,"Golden Idol":2,"SacredBark":34,"Oddly Smooth Stone":26,"Omamori":41,"Juzu Bracelet":43,"Boot":7,"Sundial":11,"DollysMirror":30,"Toolbox":48,"Red Mask":22,"Bag of Marbles":54,"Chemical X":54,"Toxic Egg 2":14,"Ring of the Snake":0,"Runic Pyramid":17,"Meat on the Bone":28},{"Darkstone Periapt":22,"Happy Flower":26,"Golden Idol":1,"SacredBark":17,"Oddly Smooth Stone":15,"Omamori":21,"Juzu Bracelet":21,"Boot":5,"Sundial":7,"DollysMirror":15,"Toolbox":23,"Red Mask":14,"Bag of Marbles":25,"Chemical X":25,"Toxic Egg 2":9,"Ring of the Snake":0,"Runic Pyramid":10,"Meat on the Bone":15},{"Darkstone Periapt":88,"Happy Flower":110,"Golden Idol":4,"SacredBark":74,"Oddly Smooth Stone":61,"Omamori":85,"Juzu Bracelet":85,"Boot":18,"Sundial":28,"DollysMirror":61,"Toolbox":92,"Red Mask":54,"Bag of Marbles":105,"Chemical X":105,"Toxic Egg 2":34,"Ring of the Snake":0,"Runic Pyramid":38,"Meat on the Bone":61}],"Ring of the Snake":[54],"Meat on the Bone":36},"card_choices":[{"not_picked":["Expertise","Reflex"],"picked":"Poisoned Stab","floor":1.0},{"not_picked":["Dagger Throw","Expertise"],"picked":"Predator","floor":3.0},{"not_picked":["Sucker Punch","Dagger Throw"],"picked":"Poisoned Stab","floor":4.0},{"not_picked":["Dagger Throw","Leg Sweep"],"picked":"Catalyst","floor":5.0},{"not_picked":["Flechettes","Dodge and Roll"],"picked":"Terror","floor":7.0},{"not_picked":["Deadly Poison","Underhanded Strike"],"picked":"Calculated Gamble","floor":8.0},{"not_picked":["Flying Knee","Terror"],"picked":"Venomology","floor":11.0},{"not_picked":["Finisher","Infinite Blades"],"picked":"Bane","floor":13.0},{"not_picked":["Prepared+1","Deflect+1"],"picked":"Poisoned Stab","floor":14.0},{"not_picked":["Glass Knife","A Thousand Cuts"],"picked":"Burst+1","floor":16.0},{"not_picked":["Terror+1","Cloak And Dagger+1"],"picked":"Outmaneuver+1","floor":18.0},{"not_picked":["Accuracy","Blade Dance+1","Dagger Throw+1"],"picked":"SKIP","floor":19.0},{"not_picked":["Slice","Blur+1"],"picked":"Crippling Poison+1","floor":21.0},{"not_picked":["Dodge and Roll+1","Distraction+1"],"picked":"Backflip+1","floor":22.0},{"not_picked":["Infinite Blades","Masterful Stab"],"picked":"Deadly Poison+1","floor":24.0},{"not_picked":["Sucker Punch","Poisoned Stab","Masterful Stab"],"picked":"SKIP","floor":31.0},{"not_picked":["Storm of Steel+1","Unload"],"picked":"Burst+1","floor":33.0},{"not_picked":["Prepared+1","Crippling Poison+1"],"picked":"Deflect+1","floor":35.0},{"not_picked":["Heel Hook","Dodge and Roll+1","Reflex+1"],"picked":"SKIP","floor":39},{"not_picked":["Envenom","Skewer","Reflex+1"],"picked":"SKIP","floor":41},{"not_picked":["Flying Knee","Blade Dance+1"],"picked":"Leg Sweep+1","floor":45},{"not_picked":["Blade Dance+1","Cloak And Dagger+1"],"picked":"Escape Plan+1","floor":46},{"not_picked":["Flechettes+1","Masterful Stab","Riddle With Holes"],"picked":"SKIP","floor":55}],"player_experience":1986181,"relics_obtained":[{"floor":7.0,"key":"Boot"},{"floor":11.0,"key":"Sundial"},{"floor":14.0,"key":"Toxic Egg 2"},{"floor":22.0,"key":"Red Mask"},{"floor":26.0,"key":"Oddly Smooth Stone"},{"floor":28.0,"key":"Meat on the Bone"},{"floor":41,"key":"Omamori"},{"floor":43,"key":"Juzu Bracelet"},{"floor":45,"key":"Darkstone Periapt"},{"floor":55,"key":"Happy Flower"}],"event_choices":[{"damage_healed":0.0,"max_hp_gain":0.0,"max_hp_loss":6.0,"gold_gain":0.0,"event_name":"Golden Idol","player_choice":"Lose Max HP","floor":2.0,"gold_loss":0.0,"damage_taken":0.0,"relics_obtained":["Golden Idol"]},{"damage_healed":0.0,"max_hp_gain":0.0,"max_hp_loss":0.0,"gold_gain":50.0,"event_name":"Nest","player_choice":"Stole From Cult","floor":20.0,"gold_loss":0.0,"damage_taken":0.0},{"damage_healed":0.0,"max_hp_gain":0.0,"max_hp_loss":0.0,"gold_gain":0.0,"event_name":"Masked Bandits","player_choice":"Fought Bandits","floor":22.0,"gold_loss":0.0,"damage_taken":0.0},{"damage_healed":0.0,"max_hp_gain":0.0,"max_hp_loss":0.0,"gold_gain":0.0,"event_name":"The Woman in Blue","player_choice":"Bought 1 Potion","floor":29.0,"gold_loss":0.0,"damage_taken":0.0},{"damage_healed":0.0,"max_hp_gain":0.0,"max_hp_loss":0.0,"gold_gain":222.0,"event_name":"Tomb of Lord Red Mask","player_choice":"Wore Mask","floor":36.0,"gold_loss":0.0,"damage_taken":0.0},{"damage_healed":0,"gold_gain":0,"player_choice":"Fight","damage_taken":0,"max_hp_gain":0,"max_hp_loss":0,"event_name":"Mysterious Sphere","floor":37,"gold_loss":0},{"damage_healed":0,"gold_gain":333,"player_choice":"Gave Idol","damage_taken":0,"max_hp_gain":0,"max_hp_loss":0,"event_name":"The Moai Head","floor":38,"relics_lost":["Golden Idol"],"gold_loss":0},{"damage_healed":0,"gold_gain":0,"player_choice":"Max HP","damage_taken":0,"max_hp_gain":0,"max_hp_loss":3,"event_name":"Winding Halls","floor":47,"gold_loss":0}],"is_beta":false,"boss_relics":[{"not_picked":["Velvet Choker","Fusion Hammer"],"picked":"Runic Pyramid"},{"not_picked":["Snecko Eye","Black Star"],"picked":"SacredBark"}],"items_purged_floors":[30,48,54],"is_endless":false,"potions_floor_spawned":[1,4,7,11,13,22,24,37,41,46,55],"killed_by":"The Heart","ascension_level":20}}