{"host":"f0vzc1iezimimt27","time":1614200408,"event":{"mods":["BaseMod","Colored Map","Highlight Path","Minty Spire (QoL Compilation)","StSLib"],"gold_per_floor":[116,130,130,143,143,175,188,198,222,241,275,295,295,330,330,425,425,440,640,653,671,696,737,364,383,407,426,426,426],"floor_reached":28,"language":"ENG","playtime":1620,"items_purged":["Strike_R"],"score":437,"play_id":"2c5db48c-d295-4bc5-bde4-30c8126b70cc","local_time":"20210225000008","is_ascension_mode":true,"campfire_choices":[{"data":"Shockwave","floor":13,"key":"SMITH"},{"data":"Clash","floor":15,"key":"SMITH"}],"circlet_count":0,"master_deck":["Strike_R","Strike_R","Strike_R","Defend_R","Defend_R","Defend_R","Defend_R","Bash+1","Clash+1","Iron Wave+1","Clash","Headbutt+1","Twin Strike+1","Shockwave+1","Bludgeon+1","Sword Boomerang+1","Feed+1","Carnage+1","Seeing Red+1","Second Wind","Dropkick+1","Rampage+1"],"relics":["Burning Blood","Molten Egg 2","Toy Ornithopter","MealTicket","Tiny Chest","Black Star","MawBank","Vajra","Juzu Bracelet","Orichalcum","Strange Spoon","Anchor"],"acts_visited":["TheCity"],"potions_floor_usage":[6,6,14,23,28],"damage_taken":[{"damage":11,"enemies":"Small Slimes","floor":1,"turns":4},{"damage":1,"enemies":"Cultist","floor":2,"turns":3},{"damage":3,"enemies":"2 Louse","floor":4,"turns":2},{"damage":4,"enemies":"Lagavulin","floor":6,"turns":5},{"damage":0,"enemies":"Exordium Wildlife","floor":7,"turns":3},{"damage":9,"enemies":"Red Slaver","floor":8,"turns":2},{"damage":0,"enemies":"Exordium Thugs","floor":10,"turns":3},{"damage":20,"enemies":"Gremlin Nob","floor":11,"turns":4},{"damage":0,"enemies":"Exordium Wildlife","floor":12,"turns":3},{"damage":13,"enemies":"3 Sentries","floor":14,"turns":5},{"damage":38,"enemies":"The Guardian","floor":16,"turns":8},{"damage":5,"enemies":"Shell Parasite","floor":18,"turns":3},{"damage":0,"enemies":"Chosen","floor":20,"turns":4},{"damage":21,"enemies":"Snake Plant","floor":21,"turns":3},{"damage":24,"enemies":"Slavers","floor":23,"turns":5},{"damage":7,"enemies":"Cultist and Chosen","floor":25,"turns":3},{"damage":2,"enemies":"Chosen and Byrds","floor":27,"turns":4},{"damage":90,"enemies":"Gremlin Leader","floor":28,"turns":4}],"seed_played":"-8466814057504997890","potions_obtained":[{"floor":2,"key":"Fire Potion"},{"floor":4,"key":"EssenceOfSteel"},{"floor":6,"key":"ColorlessPotion"},{"floor":10,"key":"Dexterity Potion"},{"floor":12,"key":"DistilledChaos"},{"floor":20,"key":"Weak Potion"}],"is_trial":false,"path_per_floor":["M","M","?","M","$","E","M","M","T","M","E","M","R","E","R","B",null,"M","?","M","M","T","E","$","M","T","M","E"],"character_chosen":"IRONCLAD","items_purchased":["Orichalcum","Strange Spoon"],"campfire_rested":0,"item_purchase_floors":[24,24],"current_hp_per_floor":[75,80,64,67,67,69,75,72,72,78,64,70,70,68,68,36,80,80,80,80,65,65,52,67,70,70,78,0,0],"gold":426,"neow_bonus":"REMOVE_CARD","is_daily":false,"chose_seed":false,"campfire_upgraded":2,"win_rate":0.0,"timestamp":1614200408,"path_taken":["M","M","?","M","$","E","M","M","T","M","E","M","R","E","R","BOSS","M","?","?","?","?","E","$","M","T","M","E"],"items_purchased_type":["Relic","Relic"],"build_version":"2020-12-22","purchased_purges":1,"victory":false,"max_hp_per_floor":[80,80,80,80,80,80,80,80,80,80,80,80,80,80,80,80,80,80,80,80,80,80,80,80,84,84,88,88,88],"card_choices":[{"not_picked":["Body Slam","Fire Breathing"],"picked":"Clash","floor":1},{"not_picked":["Reckless Charge","Ghostly Armor"],"picked":"Iron Wave","floor":2},{"not_picked":["Entrench","Dual Wield"],"picked":"Clash","floor":4},{"not_picked":["Spot Weakness","Havoc"],"picked":"Headbutt+1","floor":6},{"not_picked":["Flame Barrier","Pommel Strike+1","Armaments"],"picked":"SKIP","floor":7},{"not_picked":["Anger+1","Wild Strike+1"],"picked":"Twin Strike+1","floor":8},{"not_picked":["Battle Trance","Headbutt+1"],"picked":"Shockwave","floor":10},{"not_picked":["Wild Strike+1","Shrug It Off"],"picked":"Bludgeon+1","floor":11},{"not_picked":["Wild Strike+1","Body Slam+1","Pommel Strike+1"],"picked":"SKIP","floor":12},{"not_picked":["Reaper+1","Heavy Blade+1"],"picked":"Sword Boomerang+1","floor":14},{"not_picked":["Berserk","Corruption"],"picked":"Feed+1","floor":16},{"not_picked":["Shrug It Off","Twin Strike+1"],"picked":"Carnage+1","floor":18},{"not_picked":["Combust","Twin Strike+1"],"picked":"Seeing Red+1","floor":20},{"not_picked":["Headbutt+1","Twin Strike+1"],"picked":"Second Wind","floor":21},{"not_picked":["Twin Strike+1","Shockwave","Headbutt+1"],"picked":"SKIP","floor":23},{"not_picked":["Sever Soul+1","Perfected Strike+1"],"picked":"Dropkick+1","floor":25},{"not_picked":["Warcry","Havoc"],"picked":"Rampage+1","floor":27}],"player_experience":168109,"relics_obtained":[{"floor":6,"key":"Molten Egg 2"},{"floor":9,"key":"Toy Ornithopter"},{"floor":11,"key":"MealTicket"},{"floor":14,"key":"Tiny Chest"},{"floor":22,"key":"MawBank"},{"floor":23,"key":"Vajra"},{"floor":23,"key":"Juzu Bracelet"},{"floor":26,"key":"Anchor"}],"event_choices":[{"damage_healed":0,"gold_gain":0,"player_choice":"Entered Light","damage_taken":16,"max_hp_gain":0,"max_hp_loss":0,"event_name":"Shining Light","floor":3,"gold_loss":0,"cards_upgraded":["Iron Wave","Bash"]},{"damage_healed":0,"gold_gain":200,"player_choice":"Gold","damage_taken":0,"max_hp_gain":0,"max_hp_loss":0,"event_name":"Wheel of Change","floor":19,"gold_loss":0}],"is_beta":false,"boss_relics":[{"not_picked":["SlaversCollar","Pandora\u0027s Box"],"picked":"Black Star"}],"items_purged_floors":[24],"is_endless":false,"potions_floor_spawned":[2,4,6,10,12,20],"killed_by":"Gremlin Leader","ascension_level":4}}