{"host":"7wi4qgm5yw4j7oz0","time":1614165318,"event":{"mods":["AchievementEnabler","BaseMod","Block Reminder","Colored Map","Colored Powertips","Highlight Path","Minty Spire (QoL Compilation)","Permanent Neow","Random Character Button","StSLib","SuperFastMode","everything is the same but u backflip on backflip"],"gold_per_floor":[210,229,229,242,86,86,115,115,115,130,130,150,166,185,185,185,185],"floor_reached":16,"language":"KOR","playtime":525,"items_purged":["Strike_R"],"score":198,"play_id":"0facbc31-7e0b-4dc2-95b2-65c7c4c8f769","local_time":"20210224201518","is_ascension_mode":true,"campfire_choices":[{"data":"Bash","floor":6,"key":"SMITH"},{"floor":8,"key":"REST"},{"data":"Fiend Fire","floor":11,"key":"SMITH"},{"data":"Dual Wield","floor":15,"key":"SMITH"}],"circlet_count":0,"master_deck":["AscendersBane","Strike_R","Strike_R","Strike_R","Defend_R","Defend_R","Defend_R","Defend_R","Bash+1","Dropkick","Pommel Strike","Thunderclap","Dropkick","Fiend Fire+1","Flame Barrier","Cleave+1","Dual Wield+1","Inflame"],"relics":["Burning Blood","Singing Bowl","Molten Egg 2"],"acts_visited":["Exordium"],"potions_floor_usage":[10,13],"damage_taken":[{"damage":7,"enemies":"Jaw Worm","floor":1,"turns":3},{"damage":6,"enemies":"Cultist","floor":2,"turns":3},{"damage":13,"enemies":"2 Louse","floor":4,"turns":4},{"damage":55,"enemies":"3 Sentries","floor":7,"turns":9},{"damage":5,"enemies":"Large Slime","floor":10,"turns":4},{"damage":17,"enemies":"Gremlin Gang","floor":12,"turns":6},{"damage":0,"enemies":"2 Fungi Beasts","floor":13,"turns":2},{"damage":0,"enemies":"3 Louse","floor":14,"turns":2},{"damage":68,"enemies":"The Guardian","floor":16,"turns":10}],"seed_played":"1325653865176951270","potions_obtained":[{"floor":2,"key":"Dexterity Potion"},{"floor":7,"key":"FearPotion"},{"floor":12,"key":"Regen Potion"}],"is_trial":false,"path_per_floor":["M","M","?","M","$","R","E","R","T","M","R","M","M","M","R","B"],"character_chosen":"IRONCLAD","items_purchased":["Dropkick"],"campfire_rested":1,"item_purchase_floors":[5],"current_hp_per_floor":[67,67,67,60,60,60,11,33,33,34,34,23,34,40,40,0,0],"gold":185,"neow_bonus":"HUNDRED_GOLD","is_daily":false,"chose_seed":false,"campfire_upgraded":3,"win_rate":0.0,"timestamp":1614165318,"path_taken":["M","M","?","M","$","R","E","R","T","M","R","M","M","?","R","BOSS"],"items_purchased_type":["Card"],"build_version":"2020-12-22","purchased_purges":1,"victory":false,"max_hp_per_floor":[75,75,75,75,75,75,75,75,75,75,75,75,75,75,75,75,75],"card_choices":[{"not_picked":["Thunderclap","Wild Strike"],"picked":"Dropkick","floor":1},{"not_picked":["Spot Weakness","Shrug It Off"],"picked":"Pommel Strike","floor":2},{"not_picked":["Clash","Power Through"],"picked":"Thunderclap","floor":4},{"not_picked":["Blood for Blood","Metallicize"],"picked":"Fiend Fire","floor":7},{"not_picked":["Thunderclap+1","Armaments"],"picked":"Flame Barrier","floor":10},{"not_picked":["Warcry","Flex"],"picked":"Cleave+1","floor":12},{"not_picked":["Twin Strike+1","Fire Breathing"],"picked":"Dual Wield","floor":13},{"not_picked":["Pummel+1","Anger+1"],"picked":"Inflame","floor":14}],"player_experience":362757,"relics_obtained":[{"floor":7,"key":"Singing Bowl"},{"floor":9,"key":"Molten Egg 2"}],"event_choices":[{"cards_removed":["Strike_R"],"damage_healed":0,"gold_gain":0,"player_choice":"Offered Basic","damage_taken":0,"max_hp_gain":0,"max_hp_loss":0,"event_name":"Bonfire Elementals","floor":3,"gold_loss":0}],"is_beta":false,"boss_relics":[],"items_purged_floors":[5],"is_endless":false,"potions_floor_spawned":[2,7,12],"killed_by":"The Guardian","ascension_level":18}}