{"host":"7fyy23rucerupe6i","time":1614146463,"event":{"mods":["AchievementEnabler","Act Like it!","Aspiration","BaseMod","Better Note","BetterRewards","Colored Map","Colored Powertips","Conspire","Curses Come First","Custom Start","Downfall","Googly Eyes","Marisa£®ÏF”Í°°ƒß¿Ì…≥£©","Minty Spire (QoL Compilation)","Quick Restart","Relic Stats","Shop Mod","ShortenTheSpire","Spicy Shops","StSLib","SuperFastMode","The Blackbeard","The Construct","The Cursed","The Senshi","The Servant 0.9.4"],"gold_per_floor":[116,116,131,131,145,145,145,145],"floor_reached":7,"language":"ZHS","playtime":260,"items_purged":[],"score":82,"play_id":"399d494e-5934-42a4-a50f-55f549725b34","local_time":"20210224140103","is_ascension_mode":true,"campfire_choices":[{"floor":6,"key":"DIG"}],"circlet_count":0,"master_deck":["AscendersBane","Strike_P","Strike_P","Strike_P","Strike_P","Defend_P","Defend_P","Defend_P","Defend_P","Eruption","Vigilance","Ragnarok","FlurryOfBlows","FollowUp","ClearTheMind"],"relics":["PureWater","PreservedInsect","HornCleat","ClockworkSouvenir","Shovel","Golden Idol","aspiration:ChemicalBlood"],"acts_visited":["Exordium"],"potions_floor_usage":[3,7],"damage_taken":[{"damage":4,"enemies":"Jaw Worm","floor":1,"turns":4},{"damage":0,"enemies":"2 Louse","floor":3,"turns":2},{"damage":0,"enemies":"Cultist","floor":5,"turns":3},{"damage":20,"enemies":"3 Sentries","floor":7,"turns":5}],"seed_played":"-4595801015497525174","potions_obtained":[{"floor":1,"key":"DistilledChaos"},{"floor":5,"key":"PowerPotion"}],"is_trial":false,"path_per_floor":["M","?","M","?","M","R","E"],"character_chosen":"WATCHER","items_purchased":["PreservedInsect","HornCleat","ClockworkSouvenir","Ragnarok","Shovel"],"campfire_rested":0,"item_purchase_floors":[0,0,0,0,0],"current_hp_per_floor":[26,26,26,19,19,19,0,0],"gold":145,"neow_bonus":"","is_daily":false,"chose_seed":false,"campfire_upgraded":0,"win_rate":0.0,"timestamp":1614146463,"path_taken":["M","?","M","?","M","R","E"],"items_purchased_type":["Relic","Relic","Relic","Card","Relic"],"build_version":"2020-12-22","purchased_purges":0,"victory":false,"max_hp_per_floor":[68,62,62,62,62,62,62,62],"relic_stats":{"Shovel":1,"counters":[7,21],"Golden Idol":6,"PreservedInsect":33,"obtain_stats":[{"Potion Belt":0,"Regal Pillow":0,"Golden Idol":2,"PreservedInsect":0,"Whetstone":0,"Mercury Hourglass":0,"ClockworkSouvenir":0,"Lizard Tail":3,"HornCleat":0,"Shovel":0,"Slimebound:StickyStick":0,"Tiny Chest":0,"PureWater":0,"aspiration:ChemicalBlood":6},{"Potion Belt":0,"Regal Pillow":3,"Golden Idol":4,"PreservedInsect":3,"Whetstone":0,"Mercury Hourglass":0,"ClockworkSouvenir":3,"Lizard Tail":2,"HornCleat":3,"Shovel":3,"Slimebound:StickyStick":0,"Tiny Chest":0,"PureWater":0,"aspiration:ChemicalBlood":6},{"Potion Belt":0,"Regal Pillow":7,"Golden Idol":11,"PreservedInsect":7,"Whetstone":0,"Mercury Hourglass":0,"ClockworkSouvenir":7,"Lizard Tail":5,"HornCleat":7,"Shovel":7,"Slimebound:StickyStick":0,"Tiny Chest":0,"PureWater":0,"aspiration:ChemicalBlood":16}]},"card_choices":[{"not_picked":["Sanctity","ThirdEye"],"picked":"FlurryOfBlows","floor":1},{"not_picked":["EmptyBody","Pray"],"picked":"FollowUp","floor":3},{"not_picked":["Sanctity","TalkToTheHand"],"picked":"ClearTheMind","floor":5}],"player_experience":607607,"relics_obtained":[{"floor":6,"key":"aspiration:ChemicalBlood"}],"event_choices":[{"damage_healed":0,"gold_gain":0,"player_choice":"Lose Max HP","damage_taken":0,"relics_obtained":["Golden Idol"],"max_hp_gain":0,"max_hp_loss":6,"event_name":"Golden Idol","floor":2,"gold_loss":0},{"cards_removed":["Doubt"],"damage_healed":0,"gold_gain":0,"player_choice":"Card Removal","damage_taken":7,"max_hp_gain":0,"max_hp_loss":0,"event_name":"Golden Wing","floor":4,"gold_loss":0}],"is_beta":false,"boss_relics":[],"items_purged_floors":[],"is_endless":false,"potions_floor_spawned":[1,5],"killed_by":"3 Sentries","ascension_level":20}}