{"host":"Jitters","time":1614133478,"event":{"mods":["BaseMod","Colored Powertips","Curses Come First","Downfall","Minty Spire (QoL Compilation)","Relic Stats","Reliquary","Shop Mod","Spicy Shops","StSLib"],"gold_per_floor":[99,99,99,122,122,122,145,179,190,203,203,216,116,144,157,260,260,160,171,181,36,36,36,36],"floor_reached":22,"language":"ENG","playtime":1038,"items_purged":[],"score":278,"play_id":"d7418574-4fcc-4c3b-a1b7-54bfe369a9b1","local_time":"20210223212438","is_ascension_mode":true,"campfire_choices":[{"data":"bronze:Goto","floor":1,"key":"SMITH"},{"data":"bronze:Philosophize","floor":6,"key":"SMITH"},{"data":"bronze:Overheat","floor":13,"key":"SMITH"},{"floor":18,"key":"RECALL"}],"circlet_count":0,"master_deck":["bronze:Strike","bronze:Strike","bronze:Strike","bronze:Strike","bronze:Defend","bronze:Defend+1","bronze:Defend","bronze:Defend+1","bronze:Replicate","bronze:Goto+1","bronze:BronzeOrb","bronze:Philosophize+1","bronze:Overheat+1","bronze:Iterate+1","bronze:Constructor","downfall:Malfunctioning","bronze:ChildClass","bronze:GetLatest","bronze:Separator","bronze:RecursiveStrike","bronze:BitShift","bronze:Overload+1"],"relics":["bronze:BronzeCore","downfall:HeartsMalice","reliquary:WeakTea","reliquary:TatteredRug","bronze:ProtectiveGoggles","downfall:HeartBlessingBlue","bronze:Timepiece","bronze:ElectromagneticCoil","downfall:HeartBlessingGreen","reliquary:PrincelyHelmet"],"acts_visited":["Exordium","TheCity"],"potions_floor_usage":[12,14,14,16],"damage_taken":[{"damage":0,"enemies":"Cultist","floor":2,"turns":1},{"damage":0,"enemies":"Jaw Worm","floor":5,"turns":1},{"damage":0,"enemies":"3 Sentries","floor":8,"turns":1},{"damage":1,"enemies":"Small Slimes","floor":9,"turns":3},{"damage":8,"enemies":"Red Slaver","floor":10,"turns":2},{"damage":21,"enemies":"Lots of Slimes","floor":12,"turns":5},{"damage":0,"enemies":"Gremlin Nob","floor":14,"turns":3},{"damage":7,"enemies":"Large Slime","floor":15,"turns":4},{"damage":9,"enemies":"SI_SHIV_ARCHETYPE","floor":16,"turns":10},{"damage":10,"enemies":"3 Byrds","floor":19,"turns":5},{"damage":17,"enemies":"Spheric Guardian","floor":20,"turns":4},{"damage":10,"enemies":"downfall:FleeingMerchant","floor":21,"turns":4},{"damage":30,"enemies":"Snake Plant","floor":22,"turns":4}],"seed_played":"-3802084972855993017","potions_obtained":[{"floor":8,"key":"PowerPotion"},{"floor":9,"key":"bronze:FreeFunctionsPotion"},{"floor":10,"key":"bronze:FreeFunctionsPotion"},{"floor":15,"key":"Energy Potion"}],"is_trial":false,"path_per_floor":["R","M","?","T","M","R","T","E","M","M","?","M","R","E","M","B",null,"R","M","M","$","M"],"character_chosen":"THE_AUTOMATON","items_purchased":["reliquary:PrincelyHelmet"],"campfire_rested":0,"item_purchase_floors":[21],"current_hp_per_floor":[70,70,63,63,63,63,63,63,62,54,54,33,43,43,36,27,80,80,70,53,43,13,13,13],"gold":36,"neow_bonus":"THREE_ENEMY_KILL","is_daily":false,"chose_seed":false,"campfire_upgraded":3,"win_rate":0.0,"timestamp":1614133478,"path_taken":["R","M","?","?","M","R","T","E","M","?","?","M","R","E","M","BOSS","R","M","M","$","M"],"items_purchased_type":["Relic"],"build_version":"2020-11-17","purchased_purges":0,"victory":false,"max_hp_per_floor":[70,70,70,70,70,70,70,70,70,70,70,70,80,80,80,80,80,80,80,80,80,80,80,80],"relic_stats":{"counters":[13,44],"obtain_stats":[{"bronze:ElectromagneticCoil":17,"bronze:BronzeCore":0,"bronze:ProtectiveGoggles":8,"downfall:HeartBlessingBlue":13,"reliquary:PrincelyHelmet":21,"bronze:Timepiece":14,"downfall:HeartsMalice":0,"downfall:HeartBlessingGreen":18,"reliquary:TatteredRug":4,"reliquary:WeakTea":3},{"bronze:ElectromagneticCoil":9,"bronze:BronzeCore":0,"bronze:ProtectiveGoggles":3,"downfall:HeartBlessingBlue":6,"reliquary:PrincelyHelmet":12,"bronze:Timepiece":7,"downfall:HeartsMalice":0,"downfall:HeartBlessingGreen":9,"reliquary:TatteredRug":1,"reliquary:WeakTea":1},{"bronze:ElectromagneticCoil":27,"bronze:BronzeCore":0,"bronze:ProtectiveGoggles":0,"downfall:HeartBlessingBlue":10,"reliquary:PrincelyHelmet":40,"bronze:Timepiece":13,"downfall:HeartsMalice":0,"downfall:HeartBlessingGreen":27,"reliquary:TatteredRug":0,"reliquary:WeakTea":0}]},"card_choices":[{"not_picked":["bronze:ForceShield","bronze:CutThrough"],"picked":"bronze:BronzeOrb","floor":2},{"not_picked":["bronze:Shield","bronze:BronzeOrb"],"picked":"bronze:Philosophize","floor":5},{"not_picked":["bronze:ThunderWave","bronze:BuggyMess"],"picked":"bronze:Overheat","floor":8},{"not_picked":["bronze:DelayedGuard","bronze:Overload"],"picked":"bronze:Iterate","floor":9},{"not_picked":["bronze:Turbo","bronze:CutThrough"],"picked":"bronze:Constructor","floor":10},{"not_picked":["bronze:ForceShield","bronze:CutThrough"],"picked":"bronze:ChildClass","floor":12},{"not_picked":["bronze:Branch","bronze:Turbo"],"picked":"bronze:GetLatest","floor":14},{"not_picked":["bronze:CutThrough","bronze:BitShift"],"picked":"bronze:Separator","floor":15},{"not_picked":["bronze:Break","bronze:Assembly"],"picked":"bronze:RecursiveStrike","floor":16},{"not_picked":["bronze:NullPointer+1","bronze:BronzeOrb"],"picked":"bronze:BitShift","floor":19},{"not_picked":["bronze:WildBeam","bronze:DarkDash","bronze:Refactor"],"picked":"SKIP","floor":20},{"not_picked":["bronze:AlphaBuild","bronze:DelayedGuard+1"],"picked":"bronze:Overload+1","floor":21}],"player_experience":230786,"relics_obtained":[{"floor":4,"key":"reliquary:TatteredRug"},{"floor":8,"key":"bronze:ProtectiveGoggles"},{"floor":14,"key":"bronze:Timepiece"}],"event_choices":[{"damage_healed":0,"gold_gain":0,"player_choice":"Success","damage_taken":7,"relics_obtained":["reliquary:WeakTea"],"max_hp_gain":0,"max_hp_loss":0,"event_name":"Scrap Ooze","floor":3,"gold_loss":0}],"is_beta":true,"boss_relics":[{"not_picked":["reliquary:Ember","Velvet Choker"],"picked":"bronze:ElectromagneticCoil"}],"items_purged_floors":[],"is_endless":false,"potions_floor_spawned":[8,9,10,15],"killed_by":"Snake Plant","ascension_level":3}}