{"host":"fuszjwm6fqgjjp4d","time":1614142714,"event":{"mods":["BaseMod","Colored Map","Minty Spire (QoL Compilation)","Permanent Neow","Relic Sorter","Relic Stats","StSLib"],"gold_per_floor":[10,27,43,43,55,55,55,74,74,74,94,94,94,94],"floor_reached":13,"language":"ENG","playtime":268,"items_purged":[],"score":154,"play_id":"8cd2d0a7-5361-4ded-aadf-37505878a2f7","local_time":"20210223225834","is_ascension_mode":true,"campfire_choices":[{"floor":6,"key":"REST"},{"data":"Pain","floor":10,"key":"PURGE"},{"data":"Fasting2","floor":12,"key":"SMITH"}],"circlet_count":0,"master_deck":["AscendersBane","Strike_P","Strike_P","Strike_P","Strike_P","Defend_P","Defend_P","Defend_P","Defend_P","Eruption","Vigilance","Panache","CutThroughFate","FollowUp","CutThroughFate","FollowUp","Fasting2+1"],"relics":["PureWater","Peace Pipe","WarpedTongs","Mummified Hand"],"acts_visited":["Exordium"],"potions_floor_usage":[5,8,11],"damage_taken":[{"damage":14,"enemies":"Jaw Worm","floor":1,"turns":4},{"damage":2,"enemies":"2 Louse","floor":2,"turns":3},{"damage":6,"enemies":"Cultist","floor":3,"turns":4},{"damage":0,"enemies":"Exordium Thugs","floor":5,"turns":1},{"damage":7,"enemies":"3 Louse","floor":8,"turns":4},{"damage":0,"enemies":"Red Slaver","floor":11,"turns":2},{"damage":19,"enemies":"Lagavulin","floor":13,"turns":4}],"seed_played":"7188090534694913215","potions_obtained":[{"floor":1,"key":"DuplicationPotion"},{"floor":2,"key":"GamblersBrew"},{"floor":8,"key":"Block Potion"}],"is_trial":false,"path_per_floor":["M","M","M","?","M","R","?","M","T","R","M","R","E"],"character_chosen":"WATCHER","items_purchased":[],"campfire_rested":1,"item_purchase_floors":[],"current_hp_per_floor":[47,45,39,4,4,24,24,17,17,17,17,17,0,0],"gold":94,"neow_bonus":"RANDOM_COLORLESS_2","is_daily":false,"chose_seed":false,"campfire_upgraded":1,"win_rate":0.0,"timestamp":1614142714,"path_taken":["M","M","M","?","M","R","?","?","T","R","M","R","E"],"items_purchased_type":[],"build_version":"2020-12-22","purchased_purges":0,"victory":false,"max_hp_per_floor":[68,68,68,68,68,68,68,68,68,68,68,68,68,68],"relic_stats":{"Peace Pipe":1,"counters":[7,22],"Mummified Hand":[3],"obtain_stats":[{"Peace Pipe":4,"Mummified Hand":9,"PureWater":0,"WarpedTongs":7},{"Peace Pipe":3,"Mummified Hand":5,"PureWater":0,"WarpedTongs":4},{"Peace Pipe":11,"Mummified Hand":16,"PureWater":0,"WarpedTongs":12}],"WarpedTongs":[10]},"card_choices":[{"not_picked":["The Bomb","Magnetism"],"picked":"Panache","floor":0},{"not_picked":["InnerPeace","EmptyFist"],"picked":"CutThroughFate","floor":1},{"not_picked":["EmptyMind","SashWhip","Sanctity"],"picked":"SKIP","floor":2},{"not_picked":["ClearTheMind","FlyingSleeves"],"picked":"FollowUp","floor":3},{"not_picked":["Pray","JustLucky"],"picked":"CutThroughFate","floor":5},{"not_picked":["WreathOfFlame","Study"],"picked":"FollowUp","floor":8},{"not_picked":["EmptyBody","EmptyFist"],"picked":"Fasting2","floor":11}],"player_experience":1526685,"relics_obtained":[{"floor":9,"key":"Mummified Hand"}],"event_choices":[{"damage_healed":0,"gold_gain":0,"player_choice":"Success","damage_taken":35,"relics_obtained":["Peace Pipe"],"max_hp_gain":0,"max_hp_loss":0,"event_name":"Scrap Ooze","floor":4,"gold_loss":0},{"damage_healed":0,"gold_gain":0,"player_choice":"Rummage","damage_taken":0,"relics_obtained":["WarpedTongs"],"max_hp_gain":0,"max_hp_loss":0,"event_name":"Accursed Blacksmith","floor":7,"gold_loss":0,"cards_obtained":["Pain"]}],"is_beta":false,"boss_relics":[],"items_purged_floors":[],"is_endless":false,"potions_floor_spawned":[1,2,8],"killed_by":"Lagavulin","ascension_level":20}}