{"host":"q1cl5mae7jbr0qcs","time":1614167837,"event":{"mods":["Act Like it!","Aspiration","BaseMod","Minty Spire (QoL Compilation)","StSLib","The Gatherer","The Runesmith"],"gold_per_floor":[113,113,123,123,147,147,182,203,203,203,246,269,9,24,24,143,143,168,168,93,113,129,129,160,160,185,110,110,135,135,135,135],"floor_reached":31,"language":"ZHS","playtime":1830,"items_purged":["Runesmith:Strike_RS"],"score":267,"play_id":"55ee6b1f-61d1-4c30-983a-e9ebd89eacf6","local_time":"20210224195717","is_ascension_mode":false,"campfire_choices":[{"data":"Runesmith:BackupBattery","floor":6,"key":"SMITH"},{"data":"Runesmith:CraftPrismatica","floor":15,"key":"SMITH"},{"floor":30,"key":"RECALL"}],"circlet_count":0,"master_deck":["Runesmith:Strike_RS","Runesmith:Defend_RS","Runesmith:Defend_RS","Runesmith:Defend_RS","Runesmith:Defend_RS","Runesmith:CraftFirestone","Runesmith:Fortify","Runesmith:ChiselStab","Runesmith:RuneHurl","Runesmith:BackupBattery+1","Runesmith:HammerAndChisel","Runesmith:CraftPrismatica+1","Runesmith:LightningRod","Runesmith:Attraction","Runesmith:DoubleUp+1","Runesmith:Repurpose","Runesmith:Repurpose","Runesmith:EarthShield+1"],"relics":["Runesmith:BrokenRuby","NeowsBlessing","Golden Idol","HornCleat","Gambling Chip","aspiration:ArtOfWarUpgrade","Sundial","Coffee Dripper","Ice Cream","Strawberry"],"acts_visited":["Exordium","TheCity"],"potions_floor_usage":[29],"damage_taken":[{"damage":0,"enemies":"Jaw Worm","floor":1,"turns":1},{"damage":0,"enemies":"Small Slimes","floor":3,"turns":1},{"damage":0,"enemies":"Cultist","floor":5,"turns":1},{"damage":30,"enemies":"Lagavulin","floor":7,"turns":7},{"damage":0,"enemies":"Large Slime","floor":8,"turns":5},{"damage":7,"enemies":"3 Sentries","floor":11,"turns":6},{"damage":0,"enemies":"Blue Slaver","floor":12,"turns":4},{"damage":0,"enemies":"3 Louse","floor":14,"turns":5},{"damage":13,"enemies":"Hexaghost","floor":16,"turns":13},{"damage":0,"enemies":"Shell Parasite","floor":18,"turns":4},{"damage":0,"enemies":"3 Byrds","floor":19,"turns":6},{"damage":0,"enemies":"Snecko","floor":21,"turns":6},{"damage":0,"enemies":"Snake Plant","floor":22,"turns":6},{"damage":50,"enemies":"Slavers","floor":24,"turns":8},{"damage":16,"enemies":"Cultist and Chosen","floor":29,"turns":8},{"damage":13,"enemies":"Chosen and Byrds","floor":31,"turns":6}],"seed_played":"3720639579288064880","potions_obtained":[{"floor":3,"key":"Energy Potion"},{"floor":11,"key":"DuplicationPotion"},{"floor":12,"key":"DuplicationPotion"},{"floor":21,"key":"DistilledChaos"},{"floor":29,"key":"SteroidPotion"}],"is_trial":false,"path_per_floor":["M","?","M","?","M","R","E","M","T","?","E","M","$","M","R","B",null,"M","M","?","M","M","R","E","R","T","$","?","M","R","M"],"character_chosen":"RUNESMITH_CLASS","items_purchased":["Sundial"],"campfire_rested":0,"item_purchase_floors":[13],"current_hp_per_floor":[70,63,63,63,63,63,33,33,33,38,31,31,31,31,31,18,70,70,70,70,70,70,70,20,20,27,27,27,11,11,0,0],"gold":135,"neow_bonus":"THREE_ENEMY_KILL","is_daily":false,"chose_seed":false,"campfire_upgraded":2,"win_rate":0.0,"timestamp":1614167837,"path_taken":["M","?","M","?","M","R","E","M","T","?","E","M","?","M","R","BOSS","M","?","?","M","M","R","E","R","T","$","?","M","R","M"],"items_purchased_type":["Relic"],"build_version":"2020-12-22","purchased_purges":1,"victory":false,"max_hp_per_floor":[70,70,70,65,65,65,65,65,65,70,70,70,70,70,70,70,70,70,70,70,70,70,70,70,70,77,77,77,77,77,77,77],"card_choices":[{"not_picked":["Runesmith:CraftSpiculum","Runesmith:HeatExchange"],"picked":"Runesmith:ChiselStab","floor":1},{"not_picked":["Runesmith:CraftObretio","Runesmith:ChiselStab"],"picked":"Runesmith:RuneHurl","floor":3},{"not_picked":["Runesmith:StaticCage","Runesmith:HammerAndChisel"],"picked":"Runesmith:BackupBattery","floor":5},{"not_picked":["Runesmith:NegativeSpace","Runesmith:BackupBattery"],"picked":"Runesmith:HammerAndChisel","floor":7},{"not_picked":["Runesmith:RuneHurl","Runesmith:Repurpose"],"picked":"Runesmith:CraftPrismatica","floor":8},{"not_picked":["Runesmith:Permafrost","Runesmith:UnstableHammer"],"picked":"Runesmith:LightningRod","floor":11},{"not_picked":["Runesmith:HammerThrow","Runesmith:HeatedChisel"],"picked":"Runesmith:Attraction","floor":12},{"not_picked":["Runesmith:EnergizedChisel","Runesmith:MakeshiftArmor","Runesmith:ChiselStab"],"picked":"SKIP","floor":14},{"not_picked":["Runesmith:UnstableHammer+1","Runesmith:StaticCage"],"picked":"Runesmith:DoubleUp+1","floor":18},{"not_picked":["Runesmith:ElementalConversion","Runesmith:HeatExchange"],"picked":"Runesmith:Repurpose","floor":19},{"not_picked":["Runesmith:Attraction","Runesmith:UnstableHammer","Runesmith:ShiftingStrike"],"picked":"SKIP","floor":21},{"not_picked":["Runesmith:ChiselStab","Runesmith:Repurpose","Runesmith:Permafrost"],"picked":"SKIP","floor":22},{"not_picked":["Runesmith:ChiselStab","Runesmith:Permafrost"],"picked":"Runesmith:Repurpose","floor":22},{"not_picked":["Runesmith:StaticCage","Runesmith:NanitesCloud","Runesmith:HeatExchange"],"picked":"SKIP","floor":24},{"not_picked":["Runesmith:BackupBattery","Runesmith:GenerateForcefield"],"picked":"Runesmith:EarthShield+1","floor":29}],"player_experience":581281,"relics_obtained":[{"floor":7,"key":"HornCleat"},{"floor":9,"key":"Gambling Chip"},{"floor":11,"key":"Art of War"},{"floor":24,"key":"Ice Cream"},{"floor":26,"key":"Strawberry"}],"event_choices":[{"cards_removed":["Runesmith:Strike_RS"],"damage_healed":0,"gold_gain":0,"player_choice":"Card Removal","damage_taken":7,"max_hp_gain":0,"max_hp_loss":0,"event_name":"Golden Wing","floor":2,"gold_loss":0},{"damage_healed":0,"gold_gain":0,"player_choice":"Lose Max HP","damage_taken":0,"relics_obtained":["Golden Idol"],"max_hp_gain":0,"max_hp_loss":5,"event_name":"Golden Idol","floor":4,"gold_loss":0},{"damage_healed":0,"gold_gain":0,"player_choice":"Donut","damage_taken":0,"max_hp_gain":5,"max_hp_loss":0,"event_name":"Big Fish","floor":10,"gold_loss":0},{"cards_removed":["Runesmith:Strike_RS"],"damage_healed":0,"gold_gain":0,"player_choice":"Gave Gold","damage_taken":0,"max_hp_gain":0,"max_hp_loss":0,"event_name":"Beggar","floor":20,"gold_loss":75}],"is_beta":false,"boss_relics":[{"not_picked":["SacredBark","Runesmith:PocketReactor"],"picked":"Coffee Dripper"}],"items_purged_floors":[27],"is_endless":false,"potions_floor_spawned":[3,11,12,21,22,29],"killed_by":"Chosen and Byrds","ascension_level":0}}