{"host":"5mo0809oo9tcrmpl","time":1614128956,"event":{"mods":["BaseMod","Highlight Path","Minty Spire (QoL Compilation)","Relic Stats","Slay the Relics Exporter"],"gold_per_floor":[115,134,146,78,94,127,144,163,187,187,214,214,214,239,239,310,310,327,327,341,23,23,23,23],"floor_reached":23,"language":"ENG","playtime":830,"items_purged":["Strike_R"],"score":472,"play_id":"123da5b0-9990-4ee5-8dbd-4d2a0cb6592f","local_time":"20210223190916","is_ascension_mode":true,"campfire_choices":[{"data":"Perfected Strike","floor":10,"key":"SMITH"},{"data":"Barricade","floor":12,"key":"SMITH"},{"data":"Perfected Strike","floor":15,"key":"SMITH"}],"circlet_count":0,"master_deck":["AscendersBane","Strike_R","Strike_R","Strike_R","Strike_R","Defend_R","Defend_R","Defend_R","Defend_R+1","Bash","Carnage","Carnage","Pommel Strike","Ghostly Armor+1","Perfected Strike+1","Barricade+1","Armaments","Clothesline","Perfected Strike+1","Feed","Whirlwind","Disarm","Whirlwind"],"relics":["Burning Blood","Thread and Needle","Toy Ornithopter","Potion Belt","War Paint","Cursed Key","Happy Flower"],"acts_visited":["Exordium","TheCity"],"potions_floor_usage":[6,14,16,23],"damage_taken":[{"damage":1,"enemies":"Small Slimes","floor":1,"turns":3},{"damage":9,"enemies":"2 Louse","floor":2,"turns":2},{"damage":7,"enemies":"Jaw Worm","floor":3,"turns":3},{"damage":7,"enemies":"Looter","floor":5,"turns":3},{"damage":8,"enemies":"Gremlin Nob","floor":6,"turns":3},{"damage":18,"enemies":"Lots of Slimes","floor":7,"turns":5},{"damage":4,"enemies":"Large Slime","floor":8,"turns":6},{"damage":23,"enemies":"Lagavulin","floor":11,"turns":5},{"damage":0,"enemies":"3 Sentries","floor":14,"turns":7},{"damage":17,"enemies":"Slime Boss","floor":16,"turns":10},{"damage":5,"enemies":"Chosen","floor":18,"turns":3},{"damage":33,"enemies":"3 Byrds","floor":20,"turns":7},{"damage":35,"enemies":"Slavers","floor":23,"turns":2}],"seed_played":"-3162611003440192884","potions_obtained":[{"floor":1,"key":"SmokeBomb"},{"floor":2,"key":"FearPotion"},{"floor":3,"key":"HeartOfIron"},{"floor":14,"key":"FearPotion"},{"floor":18,"key":"AttackPotion"}],"is_trial":false,"path_per_floor":["M","M","M","?","M","E","M","M","T","R","E","R","?","E","R","B",null,"M","?","M","$","?","E"],"character_chosen":"IRONCLAD","items_purchased":["Happy Flower","Disarm"],"campfire_rested":0,"item_purchase_floors":[21,21],"current_hp_per_floor":[73,70,69,69,68,66,54,56,56,56,39,39,44,55,55,49,72,73,50,26,26,26,0,0],"gold":23,"neow_bonus":"THREE_CARDS","is_daily":false,"chose_seed":false,"campfire_upgraded":3,"win_rate":0.0,"timestamp":1614128956,"path_taken":["M","M","M","?","M","E","M","M","T","R","E","R","?","E","R","BOSS","M","?","M","$","?","E"],"items_purchased_type":["Relic","Card"],"build_version":"2020-12-22","purchased_purges":1,"victory":false,"max_hp_per_floor":[75,75,75,75,75,75,75,75,75,75,75,75,80,80,80,80,80,80,85,88,88,88,88,88],"relic_stats":{"Happy Flower":[0],"counters":[13,59],"War Paint":["Defend_R","Ghostly Armor"],"Cursed Key":0,"obtain_stats":[{"Potion Belt":11,"Happy Flower":21,"Thread and Needle":6,"War Paint":14,"Cursed Key":17,"Burning Blood":0,"Toy Ornithopter":9},{"Potion Belt":8,"Happy Flower":12,"Thread and Needle":5,"War Paint":9,"Cursed Key":10,"Burning Blood":0,"Toy Ornithopter":7},{"Potion Belt":30,"Happy Flower":57,"Thread and Needle":14,"War Paint":37,"Cursed Key":47,"Burning Blood":0,"Toy Ornithopter":25}],"Burning Blood":72,"Toy Ornithopter":15},"card_choices":[{"not_picked":["Dropkick","Thunderclap"],"picked":"Carnage","floor":0},{"not_picked":["Anger","Shrug It Off"],"picked":"Carnage","floor":1},{"not_picked":["True Grit","Flex"],"picked":"Pommel Strike","floor":2},{"not_picked":["Armaments","Headbutt"],"picked":"Ghostly Armor","floor":3},{"not_picked":["Thunderclap","Headbutt"],"picked":"Perfected Strike","floor":5},{"not_picked":["Hemokinesis","Shrug It Off"],"picked":"Barricade","floor":6},{"not_picked":["Warcry","Headbutt","Reckless Charge"],"picked":"SKIP","floor":7},{"not_picked":["Blood for Blood","Intimidate"],"picked":"Armaments","floor":8},{"not_picked":["Heavy Blade","Rampage"],"picked":"Clothesline","floor":11},{"not_picked":["Thunderclap","Warcry"],"picked":"Perfected Strike","floor":14},{"not_picked":["Exhume","Bludgeon"],"picked":"Feed","floor":16},{"not_picked":["Spot Weakness","Headbutt","Rampage"],"picked":"SKIP","floor":18},{"not_picked":["Headbutt","Anger+1"],"picked":"Whirlwind","floor":20}],"player_experience":1317665,"relics_obtained":[{"floor":6,"key":"Thread and Needle"},{"floor":9,"key":"Toy Ornithopter"},{"floor":11,"key":"Potion Belt"},{"floor":14,"key":"War Paint"}],"event_choices":[{"damage_healed":0,"gold_gain":0,"player_choice":"Left Gold","damage_taken":0,"max_hp_gain":0,"max_hp_loss":0,"event_name":"World of Goop","floor":4,"gold_loss":68},{"damage_healed":0,"gold_gain":0,"player_choice":"Donut","damage_taken":0,"max_hp_gain":5,"max_hp_loss":0,"event_name":"Big Fish","floor":13,"gold_loss":0},{"damage_healed":0,"gold_gain":0,"player_choice":"Shed Blood","damage_taken":28,"max_hp_gain":5,"max_hp_loss":0,"event_name":"Forgotten Altar","floor":19,"gold_loss":0},{"damage_healed":0,"gold_gain":0,"player_choice":"Read","damage_taken":0,"max_hp_gain":0,"max_hp_loss":0,"event_name":"The Library","floor":22,"gold_loss":0,"cards_obtained":["Whirlwind"]}],"is_beta":false,"boss_relics":[{"not_picked":["Busted Crown","Fusion Hammer"],"picked":"Cursed Key"}],"items_purged_floors":[21],"is_endless":false,"potions_floor_spawned":[1,2,3,14,18],"killed_by":"Slavers","ascension_level":20}}