{"host":"r3islh0l1a1ykxfu","time":1614181737,"event":{"mods":["BaseMod","Bestiary","Colored Map","Colored Powertips","Highlight Path","Minty Spire (QoL Compilation)","Relic Stats","Slay-I","StSLib","Weighted Paths"],"gold_per_floor":[119,48,48,48,64,92,92,92,92,57,12,22,36,66,66,165,165,165,165,165,165,165,165,165,165],"floor_reached":24,"language":"ENG","playtime":1395,"items_purged":[],"score":300,"play_id":"a5e47501-667d-4f51-9a3e-a25cf30f720b","local_time":"20210224094857","is_ascension_mode":true,"campfire_choices":[{"data":"Catalyst","floor":8.0,"key":"SMITH"},{"floor":15.0,"key":"REST"},{"data":"Corpse Explosion","floor":23,"key":"SMITH"}],"circlet_count":0,"master_deck":["Survivor","Neutralize","Deadly Poison","Escape Plan","Prepared","Tools of the Trade","Catalyst+1","Cloak And Dagger","Outmaneuver","Distraction","Poisoned Stab","Noxious Fumes","Deadly Poison","Bouncing Flask","Deadly Poison","Poisoned Stab","Deadly Poison","Bane","Corpse Explosion+1","RitualDagger"],"relics":["Pandora\u0027s Box","Girya","StrikeDummy","Bronze Scales","Ectoplasm"],"acts_visited":["Exordium","TheCity"],"potions_floor_usage":[],"damage_taken":[{"damage":3.0,"enemies":"Jaw Worm","floor":1.0,"turns":3.0},{"damage":0.0,"enemies":"Cultist","floor":5.0,"turns":3.0},{"damage":15.0,"enemies":"3 Sentries","floor":6.0,"turns":5.0},{"damage":7.0,"enemies":"2 Louse","floor":12.0,"turns":2.0},{"damage":2.0,"enemies":"Blue Slaver","floor":13.0,"turns":3.0},{"damage":40.0,"enemies":"Gremlin Nob","floor":14.0,"turns":4.0},{"damage":26.0,"enemies":"Hexaghost","floor":16.0,"turns":6.0},{"damage":0.0,"enemies":"3 Byrds","floor":18.0,"turns":1.0},{"damage":0,"enemies":"Spheric Guardian","floor":21,"turns":2},{"damage":13,"enemies":"Cultist and Chosen","floor":22,"turns":4},{"damage":57,"enemies":"Gremlin Leader","floor":24,"turns":4}],"seed_played":"1776778268004050402","potions_obtained":[{"floor":5.0,"key":"Fire Potion"},{"floor":16.0,"key":"Strength Potion"},{"floor":21,"key":"SpeedPotion"}],"is_trial":false,"path_per_floor":["M","$","?","$","M","E","$","R","T","?","$","M","M","E","R","B",null,"M","?","?","M","M","R","E"],"character_chosen":"THE_SILENT","items_purchased":["Noxious Fumes","Deadly Poison"],"campfire_rested":1,"item_purchase_floors":[2,11],"current_hp_per_floor":[67,67,67,67,67,52,52,52,52,69,69,62,60,20,41,15,70,70,64,64,64,51,51,0,0],"gold":165,"neow_bonus":"BOSS_RELIC","is_daily":false,"chose_seed":false,"campfire_upgraded":2,"win_rate":0.0,"timestamp":1614181737,"path_taken":["M","$","?","$","M","E","?","R","T","?","?","M","M","E","R","BOSS","M","?","?","M","M","R","E"],"items_purchased_type":["Card","Card"],"build_version":"2020-12-22","purchased_purges":0,"victory":false,"max_hp_per_floor":[70,70,70,70,70,70,70,70,70,70,70,70,70,70,70,70,70,70,70,70,70,70,70,70,70],"relic_stats":{"counters":[11,37],"Bronze Scales":[63],"Pandora\u0027s Box":["Deadly Poison","Escape Plan","Prepared","All Out Attack","Tools of the Trade","Terror","Catalyst","Cloak And Dagger","Outmaneuver","Distraction"],"Ectoplasm":41,"obtain_stats":[{"Girya":6,"Bronze Scales":14,"Pandora\u0027s Box":0,"Ectoplasm":17,"StrikeDummy":9,"Ring of the Snake":0},{"Girya":3,"Bronze Scales":6,"Pandora\u0027s Box":0,"Ectoplasm":7,"StrikeDummy":3,"Ring of the Snake":0},{"Girya":11,"Bronze Scales":20,"Pandora\u0027s Box":0,"Ectoplasm":26,"StrikeDummy":11,"Ring of the Snake":0}]},"card_choices":[{"not_picked":["Outmaneuver","PiercingWail"],"picked":"Poisoned Stab","floor":1.0},{"not_picked":["Slice","Dagger Throw"],"picked":"Deadly Poison","floor":5.0},{"not_picked":["Eviscerate","Sucker Punch"],"picked":"Bouncing Flask","floor":6.0},{"not_picked":["Backstab","Grand Finale"],"picked":"Poisoned Stab","floor":12.0},{"not_picked":["Slice","Quick Slash"],"picked":"Deadly Poison","floor":13.0},{"not_picked":["Tools of the Trade","Predator"],"picked":"Bane","floor":14.0},{"not_picked":["A Thousand Cuts","Adrenaline"],"picked":"Corpse Explosion","floor":16.0},{"not_picked":["Quick Slash","Riddle With Holes","Endless Agony+1"],"picked":"SKIP","floor":18.0},{"not_picked":["Sucker Punch","Noxious Fumes","Escape Plan"],"picked":"SKIP","floor":21},{"not_picked":["PiercingWail+1","Caltrops","Quick Slash"],"picked":"SKIP","floor":22}],"player_experience":1410058,"relics_obtained":[{"floor":6.0,"key":"Girya"},{"floor":9.0,"key":"StrikeDummy"},{"floor":14.0,"key":"Bronze Scales"}],"event_choices":[{"cards_removed":["Terror"],"damage_healed":0.0,"max_hp_gain":0.0,"max_hp_loss":0.0,"gold_gain":0.0,"event_name":"Purifier","player_choice":"Purged","floor":3.0,"gold_loss":0.0,"damage_taken":0.0},{"damage_healed":17.0,"max_hp_gain":0.0,"max_hp_loss":0.0,"gold_gain":0.0,"event_name":"The Cleric","player_choice":"Healed","floor":10.0,"gold_loss":35.0,"damage_taken":0.0},{"damage_healed":0,"gold_gain":0,"player_choice":"Joined the Cult","damage_taken":6,"max_hp_gain":0,"max_hp_loss":0,"event_name":"Nest","floor":19,"gold_loss":0,"cards_obtained":["RitualDagger"]},{"cards_removed":["All Out Attack"],"damage_healed":0,"gold_gain":0,"player_choice":"Purged","damage_taken":0,"max_hp_gain":0,"max_hp_loss":0,"event_name":"Purifier","floor":20,"gold_loss":0}],"is_beta":false,"boss_relics":[{"not_picked":["Philosopher\u0027s Stone","Astrolabe"],"picked":"Ectoplasm"}],"items_purged_floors":[],"is_endless":false,"potions_floor_spawned":[5,16,21],"killed_by":"Gremlin Leader","ascension_level":4}}