{"host":"wshey5htrz8rni6u","time":1614157273,"event":{"mods":["2.2 Compatiblity","BaseMod","Block Reminder","Colored Map","Colored Powertips","Current Relic Mod","Curses Come First","Dark Map","Key Reminder","Keyboard Shortcuts","Minty Spire (QoL Compilation)","Potion Indicator Mod","Quick Restart","Random Character Button","Relic Sorter","Relic Stats","StSLib","SuperFastMode","Unceasing Turn Reminder","UnlockEverythingMod","Weighted Paths"],"gold_per_floor":[109,109,34,49,49,49,81,101,125,25,35,70,88,100,100,100,100],"floor_reached":16,"language":"ENG","playtime":1019,"items_purged":["Strike_G","Strike_G"],"score":190,"play_id":"dbb4fd39-2cc3-4cb9-b486-ec42517fb291","local_time":"20210224010113","is_ascension_mode":true,"campfire_choices":[{"data":"Neutralize","floor":6,"key":"SMITH"},{"floor":15,"key":"REST"}],"circlet_count":0,"master_deck":["AscendersBane","Strike_G","Defend_G","Defend_G","Defend_G","Defend_G","Survivor","Neutralize+1","Grand Finale","Outmaneuver","Quick Slash","Strike_G","Dagger Throw","Poisoned Stab","Blur","Endless Agony","Reflex","Quick Slash","Deflect","PiercingWail","Leg Sweep"],"relics":["Ring of the Snake","MealTicket","PreservedInsect","Ancient Tea Set"],"acts_visited":["Exordium"],"potions_floor_usage":[16,16],"damage_taken":[{"damage":3,"enemies":"2 Louse","floor":1,"turns":3},{"damage":0,"enemies":"Cultist","floor":4,"turns":2},{"damage":31,"enemies":"3 Sentries","floor":7,"turns":13},{"damage":0,"enemies":"Small Slimes","floor":8,"turns":3},{"damage":6,"enemies":"Red Slaver","floor":11,"turns":6},{"damage":16,"enemies":"Gremlin Nob","floor":12,"turns":4},{"damage":0,"enemies":"3 Louse","floor":13,"turns":4},{"damage":0,"enemies":"2 Fungi Beasts","floor":14,"turns":4},{"damage":39,"enemies":"The Guardian","floor":16,"turns":20}],"seed_played":"2657810345281941616","potions_obtained":[{"floor":4,"key":"EssenceOfSteel"},{"floor":12,"key":"Swift Potion"}],"is_trial":false,"path_per_floor":["M","?","$","M","?","R","E","M","T","$","M","E","M","M","R","B"],"character_chosen":"THE_SILENT","items_purchased":[],"campfire_rested":1,"item_purchase_floors":[],"current_hp_per_floor":[56,56,56,56,56,56,25,25,25,40,34,18,18,18,36,0,0],"gold":100,"neow_bonus":"TRANSFORM_TWO_CARDS","is_daily":false,"chose_seed":false,"campfire_upgraded":1,"win_rate":0.0,"timestamp":1614157273,"path_taken":["M","?","$","?","?","R","E","M","T","$","M","E","?","M","R","BOSS"],"items_purchased_type":[],"build_version":"2020-12-13","purchased_purges":2,"victory":false,"max_hp_per_floor":[60,60,60,60,60,60,60,60,60,60,60,60,60,60,60,60,60],"relic_stats":{"counters":[9,59],"MealTicket":15,"PreservedInsect":22,"obtain_stats":[{"MealTicket":7,"PreservedInsect":9,"Ancient Tea Set":12,"Ring of the Snake":0},{"MealTicket":3,"PreservedInsect":4,"Ancient Tea Set":6,"Ring of the Snake":0},{"MealTicket":18,"PreservedInsect":21,"Ancient Tea Set":31,"Ring of the Snake":0}],"Ring of the Snake":[19]},"card_choices":[{"not_picked":["Predator","Setup"],"picked":"Quick Slash","floor":1},{"not_picked":["PiercingWail","Backstab"],"picked":"Dagger Throw","floor":4},{"not_picked":["Riddle With Holes","Tactician"],"picked":"Endless Agony","floor":7},{"not_picked":["Heel Hook","Infinite Blades"],"picked":"Reflex","floor":8},{"not_picked":["Endless Agony","Choke"],"picked":"Quick Slash","floor":11},{"not_picked":["Infinite Blades","Deadly Poison"],"picked":"Deflect","floor":12},{"not_picked":["Deflect","Slice"],"picked":"PiercingWail","floor":13},{"not_picked":["Masterful Stab","Blade Dance"],"picked":"Leg Sweep","floor":14}],"player_experience":191691,"relics_obtained":[{"floor":7,"key":"MealTicket"},{"floor":9,"key":"PreservedInsect"},{"floor":12,"key":"Ancient Tea Set"}],"event_choices":[{"cards_removed":["Strike_G"],"damage_healed":0,"gold_gain":0,"player_choice":"Took Card","damage_taken":0,"max_hp_gain":0,"max_hp_loss":0,"event_name":"NoteForYourself","floor":2,"gold_loss":0,"cards_obtained":["Strike_G"]},{"damage_healed":0,"gold_gain":0,"player_choice":"2 cards matched","damage_taken":0,"max_hp_gain":0,"max_hp_loss":0,"event_name":"Match and Keep!","floor":5,"gold_loss":0,"cards_obtained":["Poisoned Stab","Blur"]}],"is_beta":false,"boss_relics":[],"items_purged_floors":[3,10],"is_endless":false,"potions_floor_spawned":[4,12,13],"killed_by":"The Guardian","ascension_level":14}}