{"host":"sabve5zmqufxyc5o","time":1614146754,"event":{"mods":["2.2 Compatiblity","AchievementEnabler","Act Like it!","BaseMod","Block Reminder","Colored Map","Colored Powertips","DeckTracker","KOR Keyword Fix","Keyboard Shortcuts","Minty Spire (QoL Compilation)","Quick Restart","Rare Cards Sparkle","Relic Stats","StSLib","SuperFastMode"],"gold_per_floor":[109,109,128,141,157,193,193,193,193,212,212,75,75,94,94,192,192,214,212,237,27,56,56,56,56],"floor_reached":24,"language":"KOR","playtime":541,"items_purged":["Strike_B","Strike_B"],"score":200,"play_id":"23576ce4-0bb2-422c-981d-21307b5ed9c4","local_time":"20210224150554","is_ascension_mode":false,"campfire_choices":[{"data":"Zap","floor":8,"key":"SMITH"},{"data":"Beam Cell","floor":11,"key":"SMITH"},{"floor":15,"key":"REST"},{"data":"Coolheaded","floor":23,"key":"SMITH"}],"circlet_count":0,"master_deck":["Strike_B","Defend_B","Defend_B+1","Defend_B","Defend_B+1","Zap+1","Dualcast","Conserve Battery","BootSequence","Gash","Beam Cell+1","Self Repair","Fusion","Compile Driver+1","Coolheaded+1","Coolheaded","Barrage+1"],"relics":["Cracked Core","CeramicFish","Gremlin Horn","Cursed Key","Membership Card"],"acts_visited":["Exordium","TheCity"],"potions_floor_usage":[16,16,19],"damage_taken":[{"damage":4,"enemies":"2 Louse","floor":1,"turns":2},{"damage":0,"enemies":"Jaw Worm","floor":3,"turns":3},{"damage":0,"enemies":"Small Slimes","floor":4,"turns":2},{"damage":0,"enemies":"Exordium Thugs","floor":5,"turns":5},{"damage":32,"enemies":"Gremlin Nob","floor":6,"turns":5},{"damage":0,"enemies":"2 Fungi Beasts","floor":10,"turns":3},{"damage":0,"enemies":"Large Slime","floor":14,"turns":6},{"damage":26,"enemies":"Slime Boss","floor":16,"turns":6},{"damage":13,"enemies":"Shell Parasite","floor":18,"turns":7},{"damage":0,"enemies":"2 Thieves","floor":19,"turns":4},{"damage":18,"enemies":"Centurion and Healer","floor":20,"turns":11},{"damage":28,"enemies":"Snake Plant","floor":22,"turns":6},{"damage":48,"enemies":"Book of Stabbing","floor":24,"turns":6}],"seed_played":"-713041439641621885","potions_obtained":[{"floor":1,"key":"PowerPotion"},{"floor":3,"key":"Weak Potion"},{"floor":6,"key":"Swift Potion"},{"floor":18,"key":"FocusPotion"}],"is_trial":false,"path_per_floor":["M","?","M","M","M","E","?","R","T","M","R","$","?","M","R","B",null,"M","M","M","$","M","R","E"],"character_chosen":"DEFECT","items_purchased":["Self Repair","Membership Card","Coolheaded"],"campfire_rested":1,"item_purchase_floors":[12,21,21],"current_hp_per_floor":[78,62,62,62,62,30,23,23,23,23,23,23,15,22,46,20,82,76,82,71,71,50,50,2,2],"gold":56,"neow_bonus":"TEN_PERCENT_HP_BONUS","is_daily":false,"chose_seed":false,"campfire_upgraded":3,"win_rate":0.0,"timestamp":1614146754,"path_taken":["M","?","M","M","M","E","?","R","T","M","R","$","?","M","R","BOSS","M","M","?","$","M","R","E"],"items_purchased_type":["Card","Relic","Card"],"build_version":"2020-12-22","purchased_purges":2,"victory":false,"max_hp_per_floor":[82,82,82,82,82,82,82,82,82,82,82,82,82,82,82,82,82,82,82,82,82,82,82,82,82],"relic_stats":{"Gremlin Horn":[4,4],"counters":[13,66],"CeramicFish":63,"Cursed Key":0,"obtain_stats":[{"Gremlin Horn":9,"CeramicFish":6,"Membership Card":21,"Cracked Core":0,"Cursed Key":17},{"Gremlin Horn":5,"CeramicFish":5,"Membership Card":11,"Cracked Core":0,"Cursed Key":8},{"Gremlin Horn":17,"CeramicFish":17,"Membership Card":54,"Cracked Core":0,"Cursed Key":32}]},"card_choices":[{"not_picked":["Leap","Fusion"],"picked":"Conserve Battery","floor":1},{"not_picked":["Genetic Algorithm","Steam"],"picked":"BootSequence","floor":3},{"not_picked":["Sweeping Beam","Reinforced Body"],"picked":"Gash","floor":4},{"not_picked":["Auto Shields","Stack","Conserve Battery"],"picked":"SKIP","floor":5},{"not_picked":["Scrape","Multi-Cast"],"picked":"Beam Cell","floor":6},{"not_picked":["Static Discharge","Doom and Gloom","Recycle"],"picked":"SKIP","floor":10},{"not_picked":["Lockon","Storm","Melter"],"picked":"SKIP","floor":14},{"not_picked":["Redo","Hologram"],"picked":"Fusion","floor":18},{"not_picked":["Reinforced Body","Cold Snap"],"picked":"Compile Driver+1","floor":19},{"not_picked":["Rebound","Hologram"],"picked":"Coolheaded","floor":20},{"not_picked":["Auto Shields","Sweeping Beam"],"picked":"Barrage+1","floor":22}],"player_experience":701640,"relics_obtained":[{"floor":6,"key":"CeramicFish"},{"floor":9,"key":"Gremlin Horn"}],"event_choices":[{"damage_healed":0,"gold_gain":0,"player_choice":"Entered Light","damage_taken":16,"max_hp_gain":0,"max_hp_loss":0,"event_name":"Shining Light","floor":2,"gold_loss":0,"cards_upgraded":["Defend_B","Defend_B"]},{"cards_removed":["Strike_B"],"damage_healed":0,"gold_gain":0,"player_choice":"Card Removal","damage_taken":7,"max_hp_gain":0,"max_hp_loss":0,"event_name":"Golden Wing","floor":7,"gold_loss":0},{"damage_healed":0,"gold_gain":0,"player_choice":"Damaged","damage_taken":8,"max_hp_gain":0,"max_hp_loss":0,"event_name":"Wheel of Change","floor":13,"gold_loss":0}],"is_beta":false,"boss_relics":[{"not_picked":["Nuclear Battery","Snecko Eye"],"picked":"Cursed Key"}],"items_purged_floors":[12,21],"is_endless":false,"potions_floor_spawned":[1,3,6,10,14,18],"killed_by":"Book of Stabbing","ascension_level":0}}