{"host":"n2sr453jcjz6vvl4","time":1614170342,"event":{"mods":["BaseMod","Colored Map","Minty Spire (QoL Compilation)","Permanent Neow","Relic Stats","StSLib"],"gold_per_floor":[114,114,114,114,135,135,178,178,178,178,203,241,260,295,295,426,426,447,220,220,22,34,52,80,40,63,80,80,90,106,117,117,218,218,237,256,42,55,55,55,81,100,126,176,192,192,43,43,43,43],"floor_reached":51,"language":"ENG","playtime":2663,"items_purged":["Strike_R","Strike_R","Strike_R","Defend_R"],"score":967,"play_id":"08ccddf0-1e13-4678-8ca7-831b1a8c556a","local_time":"20210224083902","is_ascension_mode":true,"campfire_choices":[{"data":"Bash","floor":6,"key":"SMITH"},{"data":"Feed","floor":8,"key":"SMITH"},{"data":"Heavy Blade","floor":15,"key":"SMITH"},{"data":"Flash of Steel","floor":28,"key":"SMITH"},{"floor":32,"key":"REST"},{"data":"Fiend Fire","floor":40,"key":"SMITH"},{"data":"Double Tap","floor":46,"key":"SMITH"},{"data":"Armaments","floor":49,"key":"SMITH"}],"circlet_count":0,"master_deck":["Strike_R+1","Defend_R","Defend_R","Defend_R+1","Bash+1","Twin Strike+1","Heavy Blade+1","Injury","Cleave","Feed+1","Spot Weakness+1","Double Tap+1","Armaments+1","Juggernaut","Power Through","Flash of Steel+1","Sentinel+1","Disarm+1","Immolate+1","Fiend Fire+1","Iron Wave+1","Limit Break"],"relics":["Burning Blood","Tiny Chest","Bloody Idol","Eternal Feather","Calipers","InkBottle","Shuriken","Kunai","Mark of Pain","HandDrill","Bronze Scales","Art of War","Runic Pyramid","Membership Card","Meat on the Bone","Happy Flower","Whetstone","Prayer Wheel","Bag of Marbles"],"acts_visited":["Exordium","TheCity","TheBeyond"],"potions_floor_usage":[7,16,24,29,31,31,33,45,50],"damage_taken":[{"damage":7,"enemies":"Jaw Worm","floor":1,"turns":3},{"damage":0,"enemies":"2 Louse","floor":5,"turns":3},{"damage":12,"enemies":"3 Sentries","floor":7,"turns":7},{"damage":0,"enemies":"Small Slimes","floor":11,"turns":2},{"damage":37,"enemies":"Gremlin Nob","floor":12,"turns":4},{"damage":7,"enemies":"3 Louse","floor":13,"turns":2},{"damage":12,"enemies":"3 Sentries","floor":14,"turns":4},{"damage":43,"enemies":"Hexaghost","floor":16,"turns":8},{"damage":23,"enemies":"Shell Parasite","floor":18,"turns":3},{"damage":5,"enemies":"Spheric Guardian","floor":22,"turns":4},{"damage":23,"enemies":"Snake Plant","floor":23,"turns":3},{"damage":29,"enemies":"Slavers","floor":24,"turns":5},{"damage":27,"enemies":"3 Cultists","floor":27,"turns":7},{"damage":0,"enemies":"Snecko","floor":29,"turns":3},{"damage":6,"enemies":"Snake Plant","floor":30,"turns":4},{"damage":47,"enemies":"3 Cultists","floor":31,"turns":6},{"damage":77,"enemies":"Automaton","floor":33,"turns":8},{"damage":25,"enemies":"3 Darklings","floor":35,"turns":6},{"damage":23,"enemies":"Orb Walker","floor":36,"turns":4},{"damage":26,"enemies":"Writhing Mass","floor":38,"turns":5},{"damage":54,"enemies":"Nemesis","floor":41,"turns":5},{"damage":9,"enemies":"Sphere and 2 Shapes","floor":42,"turns":3},{"damage":14,"enemies":"Mind Bloom Boss Battle","floor":44,"turns":5},{"damage":10,"enemies":"Spire Growth","floor":45,"turns":4},{"damage":34,"enemies":"Donu and Deca","floor":50,"turns":6}],"seed_played":"-271252446413017865","potions_obtained":[{"floor":5,"key":"Fire Potion"},{"floor":13,"key":"Energy Potion"},{"floor":14,"key":"SkillPotion"},{"floor":22,"key":"Energy Potion"},{"floor":23,"key":"ColorlessPotion"},{"floor":27,"key":"AttackPotion"},{"floor":30,"key":"LiquidBronze"},{"floor":35,"key":"FearPotion"},{"floor":36,"key":"ColorlessPotion"},{"floor":41,"key":"Dexterity Potion"},{"floor":45,"key":"Block Potion"}],"is_trial":false,"path_per_floor":["M","?","?","?","M","R","E","R","T","T","M","E","M","E","R","B",null,"M","$","?","$","M","M","E","?","T","M","R","M","M","M","R","B",null,"M","M","$","M","T","R","E","M","T","?","M","R","$","?","R","B",null],"character_chosen":"IRONCLAD","items_purchased":["HandDrill","Flash of Steel","Membership Card","Bag of Marbles"],"campfire_rested":1,"item_purchase_floors":[19,21,37,47],"current_hp_per_floor":[79,63,63,63,69,69,63,69,69,69,79,48,51,49,58,21,92,75,75,75,75,85,73,55,55,60,48,60,75,80,48,92,26,108,94,86,86,71,71,83,52,70,75,72,73,85,85,85,97,69],"gold":43,"neow_bonus":"RANDOM_COMMON_RELIC","is_daily":false,"chose_seed":false,"campfire_upgraded":7,"win_rate":0.0,"timestamp":1614170342,"path_taken":["M","?","?","?","M","R","E","R","T","?","M","E","M","E","R","BOSS","M","$","?","$","M","M","E","?","T","M","R","?","M","M","R","BOSS","M","M","$","M","?","R","E","M","T","?","M","R","$","?","R","BOSS"],"items_purchased_type":["Relic","Card","Relic","Relic"],"build_version":"2020-12-22","purchased_purges":4,"victory":true,"max_hp_per_floor":[80,80,80,80,80,80,80,80,80,80,84,84,88,92,92,92,92,92,92,92,92,96,96,96,96,96,100,100,104,104,108,108,108,108,108,112,112,112,112,112,112,116,116,116,116,116,116,116,116,116],"relic_stats":{"Happy Flower":[6],"counters":[25,114],"Eternal Feather":75,"Whetstone":["Twin Strike","Immolate"],"Burning Blood":150,"Shuriken":[17],"Bloody Idol":85,"Bronze Scales":[216],"Tiny Chest":2,"Prayer Wheel":1,"HandDrill":[36],"Art of War":[4],"Kunai":[17],"obtain_stats":[{"Calipers":9,"Happy Flower":41,"Golden Idol":4,"Eternal Feather":7,"Whetstone":43,"Burning Blood":0,"Shuriken":12,"Bloody Idol":20,"Bronze Scales":24,"Tiny Chest":0,"Prayer Wheel":44,"Mark of Pain":17,"HandDrill":19,"Art of War":26,"Bag of Marbles":47,"Kunai":14,"Membership Card":37,"InkBottle":10,"Runic Pyramid":34,"Meat on the Bone":39},{"Calipers":3,"Happy Flower":21,"Golden Idol":1,"Eternal Feather":3,"Whetstone":22,"Burning Blood":0,"Shuriken":5,"Bloody Idol":9,"Bronze Scales":12,"Tiny Chest":0,"Prayer Wheel":23,"Mark of Pain":8,"HandDrill":9,"Art of War":12,"Bag of Marbles":24,"Kunai":7,"Membership Card":19,"InkBottle":3,"Runic Pyramid":17,"Meat on the Bone":20},{"Calipers":13,"Happy Flower":96,"Golden Idol":3,"Eternal Feather":13,"Whetstone":99,"Burning Blood":0,"Shuriken":19,"Bloody Idol":36,"Bronze Scales":48,"Tiny Chest":0,"Prayer Wheel":104,"Mark of Pain":33,"HandDrill":36,"Art of War":48,"Bag of Marbles":108,"Kunai":25,"Membership Card":86,"InkBottle":13,"Runic Pyramid":76,"Meat on the Bone":91}],"InkBottle":[26],"Meat on the Bone":24},"card_choices":[{"not_picked":["Pummel","Flex"],"picked":"Twin Strike","floor":1},{"not_picked":["Seeing Red","Havoc"],"picked":"Cleave","floor":5},{"not_picked":["Clash","Warcry"],"picked":"Feed","floor":7},{"not_picked":["Armaments","Metallicize"],"picked":"Spot Weakness","floor":11},{"not_picked":["Flex","Sever Soul"],"picked":"Double Tap","floor":12},{"not_picked":["Sentinel","Cleave","Perfected Strike"],"picked":"SKIP","floor":13},{"not_picked":["Sentinel","Cleave","Perfected Strike"],"picked":"SKIP","floor":13},{"not_picked":["Rage","Clothesline"],"picked":"Armaments","floor":14},{"not_picked":["Offering","Exhume"],"picked":"Juggernaut","floor":16},{"not_picked":["True Grit","Armaments"],"picked":"Power Through","floor":18},{"not_picked":["Headbutt","Intimidate"],"picked":"Sentinel+1","floor":22},{"not_picked":["Sentinel+1","Shockwave"],"picked":"Disarm+1","floor":23},{"not_picked":["Sword Boomerang","Pommel Strike","Bloodletting"],"picked":"SKIP","floor":24},{"not_picked":["Anger+1","Rage","Power Through"],"picked":"SKIP","floor":27},{"not_picked":["Warcry+1","Dark Embrace","Clash"],"picked":"SKIP","floor":29},{"not_picked":["Cleave","Warcry","Pommel Strike"],"picked":"SKIP","floor":30},{"not_picked":["Uppercut","Cleave","Sword Boomerang+1"],"picked":"SKIP","floor":31},{"not_picked":["Fiend Fire","Barricade"],"picked":"Immolate","floor":33},{"not_picked":["Cleave","Clothesline","Warcry"],"picked":"SKIP","floor":35},{"not_picked":["Sever Soul","Clash"],"picked":"Fiend Fire","floor":36},{"not_picked":["Feel No Pain","Searing Blow+1","Wild Strike"],"picked":"SKIP","floor":38},{"not_picked":["Battle Trance+1","Twin Strike"],"picked":"Iron Wave+1","floor":41},{"not_picked":["Thunderclap","Sword Boomerang","Clothesline"],"picked":"SKIP","floor":42},{"not_picked":["Flex","Headbutt+1"],"picked":"Limit Break","floor":44},{"not_picked":["Clothesline+1","Heavy Blade+1","Body Slam+1"],"picked":"SKIP","floor":45},{"not_picked":["Body Slam+1","Twin Strike+1","Sword Boomerang"],"picked":"SKIP","floor":45}],"player_experience":242690,"relics_obtained":[{"floor":7,"key":"Eternal Feather"},{"floor":9,"key":"Calipers"},{"floor":10,"key":"InkBottle"},{"floor":12,"key":"Shuriken"},{"floor":14,"key":"Kunai"},{"floor":24,"key":"Bronze Scales"},{"floor":26,"key":"Art of War"},{"floor":39,"key":"Meat on the Bone"},{"floor":41,"key":"Happy Flower"},{"floor":43,"key":"Whetstone"},{"floor":44,"key":"Prayer Wheel"}],"event_choices":[{"damage_healed":0,"gold_gain":0,"player_choice":"Entered Light","damage_taken":16,"max_hp_gain":0,"max_hp_loss":0,"event_name":"Shining Light","floor":2,"gold_loss":0,"cards_upgraded":["Strike_R","Defend_R"]},{"damage_healed":0,"gold_gain":0,"cards_transformed":["Strike_R"],"player_choice":"Change","damage_taken":0,"max_hp_gain":0,"max_hp_loss":0,"event_name":"Living Wall","floor":3,"gold_loss":0,"cards_obtained":["Heavy Blade"]},{"damage_healed":0,"gold_gain":0,"player_choice":"Take Wound","damage_taken":0,"relics_obtained":["Golden Idol"],"max_hp_gain":0,"max_hp_loss":0,"event_name":"Golden Idol","floor":4,"gold_loss":0,"cards_obtained":["Injury"]},{"damage_healed":0,"gold_gain":0,"player_choice":"Gave Idol","damage_taken":0,"relics_obtained":["Bloody Idol"],"max_hp_gain":0,"max_hp_loss":0,"event_name":"Forgotten Altar","floor":20,"relics_lost":["Golden Idol"],"gold_loss":0},{"damage_healed":0,"gold_gain":0,"player_choice":"Upgrade","damage_taken":0,"max_hp_gain":0,"max_hp_loss":0,"event_name":"Designer","floor":25,"gold_loss":40,"cards_upgraded":["Spot Weakness"]},{"damage_healed":0,"gold_gain":0,"player_choice":"Fight","damage_taken":0,"max_hp_gain":0,"max_hp_loss":0,"event_name":"MindBloom","floor":44,"gold_loss":0},{"damage_healed":0,"gold_gain":0,"player_choice":"Ignored","damage_taken":0,"max_hp_gain":0,"max_hp_loss":0,"event_name":"Mysterious Sphere","floor":48,"gold_loss":0}],"is_beta":false,"boss_relics":[{"not_picked":["Fusion Hammer","SacredBark"],"picked":"Mark of Pain"},{"not_picked":["Cursed Key","Velvet Choker"],"picked":"Runic Pyramid"}],"items_purged_floors":[19,21,37,47],"is_endless":false,"potions_floor_spawned":[5,13,14,22,23,27,30,35,36,41,45],"ascension_level":3}}