{"host":"ly3xxjo8nz2ssae4","time":1614203164,"event":{"mods":["BaseMod","Colored Map","DeckTracker","Highlight Path","Minty Spire (QoL Compilation)","Quick Restart"],"gold_per_floor":[113,131,306,317,329,359,376,376,376,405,420,433,228,241,241,341,341,351,351,78,58,72,106,123,152,206,206,79,79,107,118,118,222,222,234,38,52,71,90,90,123,136,190,190,11,23,33,51,51,51,51,51,1,27,27],"floor_reached":56,"language":"ENG","playtime":14012,"items_purged":["Doubt","Strike_B","Strike_B","Defend_B"],"score":1232,"play_id":"c5230516-494d-47ae-9e7a-d2e06830bf21","local_time":"20210224164604","is_ascension_mode":false,"campfire_choices":[{"data":"Defragment","floor":8.0,"key":"SMITH"},{"floor":15.0,"key":"REST"},{"data":"White Noise","floor":27.0,"key":"SMITH"},{"data":"Turbo","floor":29.0,"key":"SMITH"},{"data":"Panacea","floor":32.0,"key":"SMITH"},{"floor":40.0,"key":"RECALL"},{"floor":44.0,"key":"REST"},{"data":"Apotheosis","floor":49.0,"key":"SMITH"},{"data":"Aggregate","floor":52.0,"key":"SMITH"}],"circlet_count":0,"master_deck":["Strike_B+1","Strike_B+1","Defend_B","Defend_B","Defend_B","Zap","Dualcast","Creative AI","White Noise+1","Cold Snap","Steam","Ball Lightning","Defragment+1","Steam","Turbo+1","Streamline+1","Go for the Eyes+1","Compile Driver+1","Glacier","Biased Cognition","Conserve Battery+1","Defend_B","Panacea+1","Coolheaded","Force Field","Steam Power+1","Capacitor+1","Heatsinks","Consume+1","Chill+1","Core Surge+1","Aggregate+1","Apotheosis+1","Force Field+1","Defragment","Steam Power+1","Parasite","Defragment"],"relics":["FrozenCore","MealTicket","Molten Egg 2","Centennial Puzzle","Inserter","Bag of Preparation","StoneCalendar","Smiling Mask","Emotion Chip","Pen Nib","Whetstone","Lizard Tail"],"acts_visited":["Exordium","TheCity","TheBeyond","TheEnding"],"potions_floor_usage":[55],"damage_taken":[{"damage":7.0,"enemies":"Jaw Worm","floor":1.0,"turns":4.0},{"damage":8.0,"enemies":"Cultist","floor":2.0,"turns":5.0},{"damage":0.0,"enemies":"Small Slimes","floor":4.0,"turns":3.0},{"damage":9.0,"enemies":"2 Fungi Beasts","floor":5.0,"turns":5.0},{"damage":6.0,"enemies":"Gremlin Nob","floor":6.0,"turns":3.0},{"damage":13.0,"enemies":"Gremlin Gang","floor":7.0,"turns":5.0},{"damage":6.0,"enemies":"3 Sentries","floor":10.0,"turns":7.0},{"damage":5.0,"enemies":"Looter","floor":11.0,"turns":2.0},{"damage":1.0,"enemies":"3 Louse","floor":12.0,"turns":4.0},{"damage":1.0,"enemies":"Large Slime","floor":14.0,"turns":4.0},{"damage":25.0,"enemies":"Slime Boss","floor":16.0,"turns":7.0},{"damage":0.0,"enemies":"3 Byrds","floor":18.0,"turns":5.0},{"damage":9.0,"enemies":"2 Thieves","floor":21.0,"turns":4.0},{"damage":2.0,"enemies":"Sentry and Sphere","floor":22.0,"turns":6.0},{"damage":23.0,"enemies":"Slavers","floor":23.0,"turns":4.0},{"damage":0.0,"enemies":"Centurion and Healer","floor":24.0,"turns":7.0},{"damage":1.0,"enemies":"Book of Stabbing","floor":25.0,"turns":7.0},{"damage":4.0,"enemies":"Gremlin Leader","floor":30.0,"turns":8.0},{"damage":3.0,"enemies":"Snake Plant","floor":31.0,"turns":4.0},{"damage":6.0,"enemies":"Collector","floor":33.0,"turns":8.0},{"damage":1.0,"enemies":"3 Darklings","floor":35.0,"turns":7.0},{"damage":2.0,"enemies":"Orb Walker","floor":37.0,"turns":5.0},{"damage":3.0,"enemies":"Transient","floor":38.0,"turns":5.0},{"damage":7.0,"enemies":"Spire Growth","floor":39.0,"turns":7.0},{"damage":34.0,"enemies":"Reptomancer","floor":41.0,"turns":8.0},{"damage":1.0,"enemies":"Jaw Worm Horde","floor":42.0,"turns":7.0},{"damage":0.0,"enemies":"Maw","floor":46.0,"turns":8.0},{"damage":0.0,"enemies":"Transient","floor":47.0,"turns":5.0},{"damage":0.0,"enemies":"Writhing Mass","floor":48.0,"turns":7.0},{"damage":39.0,"enemies":"Awakened One","floor":50.0,"turns":12.0},{"damage":41.0,"enemies":"Shield and Spear","floor":54.0,"turns":11.0},{"damage":23,"enemies":"The Heart","floor":55,"turns":9}],"seed_played":"-6409581722004975544","potions_obtained":[{"floor":4.0,"key":"Energy Potion"},{"floor":5.0,"key":"Block Potion"},{"floor":6.0,"key":"DistilledChaos"},{"floor":14.0,"key":"PotionOfCapacity"},{"floor":16.0,"key":"FearPotion"},{"floor":21.0,"key":"Weak Potion"},{"floor":24.0,"key":"Weak Potion"},{"floor":33.0,"key":"EntropicBrew"},{"floor":37.0,"key":"GamblersBrew"},{"floor":38.0,"key":"Swift Potion"},{"floor":47.0,"key":"Regen Potion"},{"floor":54.0,"key":"Energy Potion"}],"is_trial":false,"path_per_floor":["M","M","?","M","M","E","M","R","T","E","M","M","$","M","R","B",null,"M","?","$","M","M","E","M","E","T","R","$","R","E","M","R","B",null,"M","$","M","M","M","R","E","M","T","R","$","M","M","M","R","B",null,"R","$","E","B",null],"character_chosen":"DEFECT","items_purchased":["Compile Driver+1","Enlightenment","Panacea","Bag of Preparation","Coolheaded","Heatsinks","Apotheosis","Defragment","SpeedPotion"],"campfire_rested":2,"item_purchase_floors":[13,13,20,20,20,28,36,45,45],"current_hp_per_floor":[68,60,60,60,51,45,32,32,32,26,21,20,35,34,56,31,75,75,75,75,66,64,41,41,40,40,40,55,55,51,48,48,42,75,74,75,73,70,63,63,29,28,28,50,65,65,65,65,65,26,75,75,75,49,26],"gold":27,"neow_bonus":"ONE_RANDOM_RARE_CARD","is_daily":false,"chose_seed":false,"campfire_upgraded":6,"win_rate":0.0,"timestamp":1614203164,"path_taken":["M","M","?","M","M","E","M","R","T","E","M","M","$","M","R","BOSS","M","?","$","M","M","E","M","E","T","R","$","R","E","M","R","BOSS","M","$","M","M","M","R","E","M","T","R","$","M","M","M","R","BOSS","R","$","E","BOSS"],"items_purchased_type":["Card","Card","Card","Relic","Card","Card","Card","Card","Potion"],"build_version":"2020-12-22","purchased_purges":4,"victory":true,"max_hp_per_floor":[75,75,75,75,75,75,75,75,75,75,75,75,75,75,75,75,75,75,75,75,75,75,75,75,75,75,75,75,75,75,75,75,75,75,75,75,75,75,75,75,75,75,75,75,75,75,75,75,75,75,75,75,75,75,75],"card_choices":[{"not_picked":["Stack","Beam Cell"],"picked":"White Noise","floor":1.0},{"not_picked":["Ball Lightning","Redo"],"picked":"Cold Snap","floor":2.0},{"not_picked":["Static Discharge","Darkness"],"picked":"Steam","floor":4.0},{"not_picked":["Rebound","Scrape"],"picked":"Ball Lightning","floor":5.0},{"not_picked":["Redo","Beam Cell"],"picked":"Defragment","floor":6.0},{"not_picked":["Sweeping Beam","Beam Cell"],"picked":"Steam","floor":7.0},{"not_picked":["Steam","Fission"],"picked":"Turbo","floor":10.0},{"not_picked":["Double Energy","Gash+1"],"picked":"Streamline+1","floor":11.0},{"not_picked":["Tempest","Beam Cell+1"],"picked":"Go for the Eyes+1","floor":12.0},{"not_picked":["Redo","Ball Lightning+1"],"picked":"Glacier","floor":14.0},{"not_picked":["Creative AI","Hyperbeam+1"],"picked":"Biased Cognition","floor":16.0},{"not_picked":["Barrage+1","Cold Snap+1"],"picked":"Conserve Battery+1","floor":18.0},{"not_picked":["Beam Cell+1","Coolheaded"],"picked":"Force Field","floor":21.0},{"not_picked":["Skim","Tempest","Scrape+1"],"picked":"SKIP","floor":22.0},{"not_picked":["Skim","Tempest","Scrape+1"],"picked":"SKIP","floor":22.0},{"not_picked":["Leap","Coolheaded","Barrage+1"],"picked":"SKIP","floor":23.0},{"not_picked":["Thunder Strike+1","Coolheaded+1"],"picked":"Steam Power+1","floor":24.0},{"not_picked":["BootSequence","Redo+1"],"picked":"Capacitor+1","floor":25.0},{"not_picked":["Aggregate+1","Turbo+1"],"picked":"Consume+1","floor":30.0},{"not_picked":["Streamline+1","Static Discharge+1"],"picked":"Chill+1","floor":31.0},{"not_picked":["Reboot","Seek"],"picked":"Core Surge+1","floor":33.0},{"not_picked":["Beam Cell+1","Go for the Eyes+1"],"picked":"Aggregate","floor":35.0},{"not_picked":["Doom and Gloom+1","Go for the Eyes+1","Rebound+1"],"picked":"SKIP","floor":37.0},{"not_picked":["Steam+1","Redo+1","Hello World+1"],"picked":"SKIP","floor":38.0},{"not_picked":["Genetic Algorithm","Stack"],"picked":"Force Field+1","floor":39.0},{"not_picked":["Compile Driver+1","Reboot","Cold Snap+1"],"picked":"SKIP","floor":41.0},{"not_picked":["Streamline+1","Chaos+1","Stack"],"picked":"SKIP","floor":42.0},{"not_picked":["Chill","Compile Driver+1","Glacier+1"],"picked":"SKIP","floor":46.0},{"not_picked":["Self Repair+1","Static Discharge+1"],"picked":"Steam Power+1","floor":47.0},{"not_picked":["Cold Snap+1","Compile Driver+1","Leap+1"],"picked":"SKIP","floor":48.0},{"not_picked":["Reboot","BootSequence+1"],"picked":"Defragment","floor":54.0}],"player_experience":265293,"relics_obtained":[{"floor":6.0,"key":"MealTicket"},{"floor":9.0,"key":"Molten Egg 2"},{"floor":10.0,"key":"Centennial Puzzle"},{"floor":23.0,"key":"StoneCalendar"},{"floor":25.0,"key":"Smiling Mask"},{"floor":30.0,"key":"Emotion Chip"},{"floor":41.0,"key":"Pen Nib"},{"floor":43.0,"key":"Whetstone"},{"floor":54.0,"key":"Lizard Tail"}],"event_choices":[{"damage_healed":0.0,"max_hp_gain":0.0,"max_hp_loss":0.0,"gold_gain":175.0,"event_name":"Liars Game","player_choice":"AGREE","floor":3.0,"gold_loss":0.0,"damage_taken":0.0,"cards_obtained":["Doubt"]},{"cards_removed":["Enlightenment"],"damage_healed":0.0,"max_hp_gain":0.0,"max_hp_loss":0.0,"gold_gain":0.0,"event_name":"NoteForYourself","player_choice":"Took Card","floor":19.0,"gold_loss":0.0,"damage_taken":0.0,"cards_obtained":["Defend_B"]}],"is_beta":false,"boss_relics":[{"not_picked":["Fusion Hammer","Snecko Eye"],"picked":"Inserter"},{"not_picked":["Empty Cage","SlaversCollar"],"picked":"FrozenCore"}],"items_purged_floors":[13,28,45,53],"is_endless":false,"potions_floor_spawned":[4,5,6,14,16,21,24,33,37,38,47,54],"ascension_level":0}}