{"host":"i0avyit1s6jb1siw","time":1614165036,"event":{"mods":["BaseMod","DeckTracker","Dota2Spire","Minty Spire (QoL Compilation)","Quick Restart","StSLib","SuperFastMode"],"gold_per_floor":[117,132,132,148,32,32,68,88,88,121,21,21,21,55,75,75,174,174,194,27,46,46,46,46,61,85,85,111,111,129,143,143,143],"floor_reached":32,"language":"ENG","playtime":776,"items_purged":["Strike_R","Strike_R"],"score":574,"play_id":"2da9f8fa-db16-47bb-8f15-e574b0d0f498","local_time":"20210224121036","is_ascension_mode":true,"campfire_choices":[{"data":"Armaments","floor":6.0,"key":"SMITH"},{"data":"Hemokinesis","floor":12.0,"key":"SMITH"},{"data":"Pommel Strike","floor":16.0,"key":"SMITH"},{"floor":24.0,"key":"REST"},{"floor":29.0,"key":"REST"}],"circlet_count":0,"master_deck":["AscendersBane","Bash+1","Pummel","Pommel Strike+1","Armaments+1","Feel No Pain","Power Through","Hemokinesis+1","Disarm+1","Sword Boomerang","Battle Trance","Corruption","Barricade","Berserk","Bloodletting","Dual Wield","Carnage","Searing Blow","Dark Embrace","Entrench","Shockwave","Inflame","Sentinel","Body Slam","True Grit","Flame Barrier"],"relics":["Burning Blood","Golden Idol","Pantograph","Dota2Spire:Dagon","White Beast Statue","Dota2Spire:HeartOfTarrasque","Pandora\u0027s Box","Singing Bowl","Lantern"],"acts_visited":["Exordium","TheCity"],"potions_floor_usage":[31,31,32],"damage_taken":[{"damage":1.0,"enemies":"Cultist","floor":1.0,"turns":3.0},{"damage":11.0,"enemies":"2 Louse","floor":2.0,"turns":3.0},{"damage":9.0,"enemies":"Jaw Worm","floor":4.0,"turns":3.0},{"damage":13.0,"enemies":"3 Sentries","floor":7.0,"turns":15.0},{"damage":7.0,"enemies":"3 Louse","floor":8.0,"turns":5.0},{"damage":2.0,"enemies":"Gremlin Nob","floor":10.0,"turns":3.0},{"damage":15.0,"enemies":"3 Sentries","floor":14.0,"turns":13.0},{"damage":18.0,"enemies":"Blue Slaver","floor":15.0,"turns":4.0},{"damage":35.0,"enemies":"Hexaghost","floor":17.0,"turns":10.0},{"damage":31.0,"enemies":"3 Byrds","floor":19.0,"turns":7.0},{"damage":12.0,"enemies":"2 Thieves","floor":21.0,"turns":3.0},{"damage":21.0,"enemies":"3 Cultists","floor":25.0,"turns":4.0},{"damage":28.0,"enemies":"Snake Plant","floor":26.0,"turns":5.0},{"damage":17.0,"enemies":"Snecko","floor":30.0,"turns":5.0},{"damage":20,"enemies":"Shelled Parasite and Fungi","floor":31,"turns":5},{"damage":8,"enemies":"3 Cultists","floor":32,"turns":3}],"seed_played":"8619826309139867183","potions_obtained":[{"floor":1.0,"key":"Fire Potion"},{"floor":7.0,"key":"LiquidBronze"},{"floor":14.0,"key":"Swift Potion"},{"floor":17.0,"key":"AttackPotion"},{"floor":19.0,"key":"AttackPotion"},{"floor":21.0,"key":"SpeedPotion"},{"floor":25.0,"key":"Weak Potion"},{"floor":26.0,"key":"Ancient Potion"},{"floor":31,"key":"Fire Potion"}],"is_trial":false,"path_per_floor":["M","M","?","M","$","R","E","M","T","E","$","R","?","E","M","R","B",null,"M","$","M","?","?","R","M","M","T","T","R","M","M","M"],"character_chosen":"IRONCLAD","items_purchased":["Feel No Pain","Shockwave","Inflame"],"campfire_rested":2,"item_purchase_floors":[5,20,20],"current_hp_per_floor":[73,68,68,65,65,65,58,57,57,61,61,61,61,60,48,48,44,68,43,43,37,37,26,48,33,11,11,11,33,22,8,0,0],"gold":143,"neow_bonus":"UPGRADE_CARD","is_daily":false,"chose_seed":false,"campfire_upgraded":3,"win_rate":0.0,"timestamp":1614165036,"path_taken":["M","?","?","M","$","R","E","M","T","E","?","R","?","E","M","R","BOSS","M","$","M","?","?","R","M","M","T","T","R","M","?","?"],"items_purchased_type":["Card","Card","Card"],"build_version":"2020-12-22","purchased_purges":2,"victory":false,"max_hp_per_floor":[75,75,68,68,68,68,68,68,68,68,68,68,68,76,76,76,76,76,76,76,76,76,76,76,76,76,76,76,76,76,76,76,76],"card_choices":[{"not_picked":["Bloodletting","Thunderclap"],"picked":"Pummel","floor":1.0},{"not_picked":["Intimidate","Entrench"],"picked":"Pommel Strike","floor":2.0},{"not_picked":["Iron Wave","Heavy Blade"],"picked":"Armaments","floor":4.0},{"not_picked":["Iron Wave","Anger"],"picked":"Power Through","floor":7.0},{"not_picked":["Sword Boomerang","Anger"],"picked":"Hemokinesis","floor":8.0},{"not_picked":["Sever Soul","Iron Wave"],"picked":"Disarm","floor":10.0},{"not_picked":["Infernal Blade","Sever Soul"],"picked":"Sword Boomerang","floor":14.0},{"not_picked":["Pummel","Intimidate"],"picked":"Battle Trance","floor":15.0},{"not_picked":["Feed","Reaper"],"picked":"Corruption","floor":17.0},{"not_picked":["Pommel Strike","Dropkick"],"picked":"Entrench","floor":19.0},{"not_picked":["Clothesline","Sever Soul+1","Heavy Blade"],"picked":"SKIP","floor":21.0},{"not_picked":["Blood for Blood","Headbutt"],"picked":"Sentinel","floor":25.0},{"not_picked":["Heavy Blade","Headbutt"],"picked":"Body Slam","floor":26.0},{"not_picked":["Rampage+1","Heavy Blade"],"picked":"True Grit","floor":30.0},{"not_picked":["Warcry","Reaper"],"picked":"Flame Barrier","floor":31}],"player_experience":2495302,"relics_obtained":[{"floor":7.0,"key":"Pantograph"},{"floor":9.0,"key":"Dota2Spire:Dagon"},{"floor":10.0,"key":"White Beast Statue"},{"floor":14.0,"key":"Dota2Spire:HeartOfTarrasque"},{"floor":27.0,"key":"Singing Bowl"},{"floor":28.0,"key":"Lantern"}],"event_choices":[{"damage_healed":0.0,"max_hp_gain":0.0,"max_hp_loss":7.0,"gold_gain":0.0,"event_name":"Golden Idol","player_choice":"Lose Max HP","floor":3.0,"gold_loss":0.0,"damage_taken":0.0,"relics_obtained":["Golden Idol"]},{"damage_healed":0.0,"max_hp_gain":0.0,"max_hp_loss":0.0,"gold_gain":0.0,"event_name":"Living Wall","player_choice":"Grow","floor":13.0,"gold_loss":0.0,"damage_taken":0.0,"cards_upgraded":["Disarm"]},{"damage_healed":0.0,"max_hp_gain":0.0,"max_hp_loss":0.0,"gold_gain":0.0,"event_name":"The Mausoleum","player_choice":"Ignored","floor":22.0,"gold_loss":0.0,"damage_taken":0.0},{"damage_healed":0.0,"max_hp_gain":0.0,"max_hp_loss":0.0,"gold_gain":0.0,"event_name":"Wheel of Change","player_choice":"Damaged","floor":23.0,"gold_loss":0.0,"damage_taken":11.0}],"is_beta":false,"boss_relics":[{"not_picked":["Cursed Key","Runic Dome"],"picked":"Pandora\u0027s Box"}],"items_purged_floors":[5,11],"is_endless":false,"potions_floor_spawned":[1,7,14,15,17,19,21,25,26,30,31],"killed_by":"3 Cultists","ascension_level":20}}