{"host":"x730sfaw5rd1mxd8","time":1614131458,"event":{"mods":["BaseMod","BetterRewards","Colored Powertips","Highlight Path","Minty Spire (QoL Compilation)","Relic Sorter","Relic Stats","Replay The Spire","StSLib"],"gold_per_floor":[125,125,150,166,3,35,35,35,373,403,403,455,168,168,168,197,197,283,283,316,341,266,19,28,78,78,132,132,177,177,177,198,198,198,285,285,304,364,364,390,413,413,447,447,447,482,501,420,444,497,497,505,515,515,515,191,232,234],"floor_reached":59,"language":"ENG","playtime":4984,"items_purged":["Strike_B","Strike_B","Strike_B","Strike_B","Defend_B","Defend_B","Defend_B","Sweeping Beam","Cold Snap"],"score":3477,"play_id":"504b58ca-79dc-46b0-8abb-09b0ac409b65","local_time":"20210223205058","is_ascension_mode":true,"campfire_choices":[{"data":"Apotheosis","floor":14,"key":"SMITH"},{"data":"Genetic Algorithm","floor":17,"key":"SMITH"},{"data":"Defragment","floor":26,"key":"SMITH"},{"data":"Loop","floor":30,"key":"SMITH"},{"floor":34,"key":"RECALL"},{"data":"Defragment","floor":42,"key":"SMITH"},{"data":"Defragment","floor":44,"key":"SMITH"},{"floor":51,"key":"REST"},{"data":"Turbo","floor":55,"key":"SMITH"},{"data":"Dualcast","floor":55,"key":"SMITH"}],"circlet_count":0,"master_deck":["AscendersBane","Zap","Dualcast+1","Turbo+1","Gash","Cold Snap","Cold Snap","FIFO Queue","Coolheaded","Apotheosis+1","Self Repair","Hologram","Genetic Algorithm+1","Steam Power","Defragment+1","Defragment+1","Coolheaded","Loop+1","Defragment+1","Coolheaded","Gash+1","Steam Power","Fusion+1","Turbo+1","Secret Technique+1","Conserve Battery+1"],"relics":["Cracked Core","Snack Pack","Replay:Antivirus Software","Letter Opener","Sundial","StoneCalendar","Replay:Ringing Soul","CeramicFish","Omamori","DataDisk","OrangePellets","Lizard Tail","Emotion Chip","Cables","Membership Card","Sling","Dream Catcher","Replay:Bandana","Medical Kit","Old Coin","Oddly Smooth Stone","Matryoshka","Ring of Peace","Busted Crown","Question Card","DollysMirror","Smiling Mask","Replay:Mystery Machine","Akabeko","Black Star","Bronze Scales","ReplayTheSpireMod:TigerMarble","Toxic Egg 2","Toy Ornithopter","Mango","Replay:Arrowhead","Ginger","Boot","Replay:PocketPolymizer"],"acts_visited":["Exordium","TheCity","TheBeyond","TheEnding"],"potions_floor_usage":[6,9,9,57,58],"damage_taken":[{"damage":4,"enemies":"Jaw Worm","floor":1,"turns":2},{"damage":1,"enemies":"Cultist","floor":3,"turns":3},{"damage":10,"enemies":"2 Louse","floor":4,"turns":3},{"damage":6,"enemies":"Lagavulin","floor":6,"turns":5},{"damage":5,"enemies":"Replay:BlueRogue","floor":9,"turns":4},{"damage":10,"enemies":"Exordium Wildlife","floor":10,"turns":3},{"damage":0,"enemies":"Gremlin Nob","floor":12,"turns":4},{"damage":0,"enemies":"Looter","floor":16,"turns":2},{"damage":0,"enemies":"Slime Boss","floor":18,"turns":6},{"damage":0,"enemies":"Shell Parasite","floor":20,"turns":5},{"damage":0,"enemies":"Spheric Guardian","floor":21,"turns":4},{"damage":0,"enemies":"Book of Stabbing","floor":25,"turns":5},{"damage":8,"enemies":"Gremlin Leader","floor":27,"turns":6},{"damage":0,"enemies":"Replay:Snechameleon","floor":29,"turns":5},{"damage":0,"enemies":"Cultist and Chosen","floor":32,"turns":6},{"damage":0,"enemies":"Automaton","floor":35,"turns":8},{"damage":0,"enemies":"Orb Walker","floor":37,"turns":5},{"damage":0,"enemies":"2 Orb Walkers","floor":38,"turns":6},{"damage":0,"enemies":"3 Shapes","floor":40,"turns":7},{"damage":0,"enemies":"Spire Growth","floor":41,"turns":6},{"damage":0,"enemies":"R_Hoarder","floor":43,"turns":8},{"damage":0,"enemies":"Nemesis","floor":46,"turns":7},{"damage":0,"enemies":"Writhing Mass","floor":47,"turns":6},{"damage":0,"enemies":"Jaw Worm Horde","floor":49,"turns":4},{"damage":0,"enemies":"Giant Head","floor":50,"turns":5},{"damage":6,"enemies":"Time Eater","floor":52,"turns":27},{"damage":0,"enemies":"Replay:Hell Engine","floor":53,"turns":10},{"damage":0,"enemies":"Shield and Spear","floor":57,"turns":5},{"damage":27,"enemies":"The Heart","floor":58,"turns":8}],"seed_played":"1923052857108239276","potions_obtained":[{"floor":1,"key":"AttackPotion"},{"floor":4,"key":"SpeedPotion"},{"floor":6,"key":"Fruit Juice"},{"floor":21,"key":"Elixir"},{"floor":35,"key":"DistilledChaos"}],"is_trial":false,"path_per_floor":["M","?","M","M","$","E","PTL","PTL","E","M","T","E","$","R","?","M","R","B",null,"M","M","?","$","?","E","R","E","T","E","R","?","M","?","R","B",null,"M","?","?","M","M","R","E","R","T","E","M","$","M","E","R","B","B",null,"R","$","E","B",null],"character_chosen":"DEFECT","items_purchased":["Turbo","Cold Snap","Replay:Ringing Soul","CeramicFish","Gash","EntropicBrew","Cold Snap","Omamori","DataDisk","OrangePellets","Lizard Tail","Emotion Chip","Cold Snap","FIFO Queue","Cables","Membership Card","Coolheaded","Sweeping Beam","Apotheosis","Self Repair","Sling","Replay:Bandana","Medical Kit","Defragment","Matryoshka","Question Card","Loop","DollysMirror","Fusion+1","Secret Technique+1","Conserve Battery+1","Ginger"],"campfire_rested":1,"item_purchase_floors":[0,0,0,0,0,0,0,0,0,0,0,0,0,0,0,0,0,0,0,0,0,5,5,13,13,23,23,23,48,56,56,56],"current_hp_per_floor":[66,66,78,75,75,81,81,81,85,88,88,91,94,94,94,97,97,97,97,97,97,97,100,103,106,106,109,109,109,109,93,107,107,107,109,109,109,109,109,109,109,109,109,109,109,123,123,126,126,129,129,129,129,129,129,132,132,129],"gold":234,"neow_bonus":"","is_daily":false,"chose_seed":false,"campfire_upgraded":8,"win_rate":0.0,"timestamp":1614131458,"path_taken":["M","?","M","M","?","E","PTL","PTL","E","?","T","E","$","R","?","M","R","BOSS","M","M","?","$","?","E","R","E","T","E","R","?","?","?","R","BOSS","M","?","?","M","M","R","E","R","T","E","M","$","?","E","R","BOSS","BOSS","R","$","E","BOSS"],"items_purchased_type":["Card","Card","Relic","Relic","Card","Potion","Card","Relic","Relic","Relic","Relic","Relic","Card","Card","Relic","Relic","Card","Card","Card","Card","Relic","Relic","Relic","Card","Relic","Relic","Card","Relic","Card","Card","Card","Relic"],"build_version":"2020-12-22","purchased_purges":9,"victory":true,"max_hp_per_floor":[77,77,80,80,80,85,85,85,85,88,88,91,94,94,94,97,97,97,97,97,97,97,100,103,106,106,109,109,109,109,109,109,109,109,109,109,109,109,109,109,109,109,109,109,109,123,123,126,126,129,129,129,129,129,129,132,132,132],"relic_stats":{"counters":[491,2330],"CeramicFish":207,"StoneCalendar":[181],"Letter Opener":[298],"Ginger":[8],"Medical Kit":[47],"Question Card":16,"Smiling Mask":163,"Boot":[0],"Cables":[163,53,103,1,6],"OrangePellets":[129],"Lizard Tail":47,"Emotion Chip":[32,14,14,0,4],"Dream Catcher":2,"Busted Crown":36,"Sundial":[34],"Bronze Scales":[326],"Black Star":4,"obtain_stats":[{"Golden Egg":26,"Replay:Accelerometer":30,"Vampiric Spirits":0,"Whetstone":55,"Ginger":43,"Boot":55,"Sling":55,"Old Coin":9,"Blood Vial":20,"Replay:Wanted Poster":17,"Replay:Ringing Soul":0,"Sundial":29,"Replay:Bronze Core":17,"MealTicket":27,"Fusion Hammer":36,"Replay:Bottled Flurry":53,"Kunai":10,"Replay:Wax Seal":11,"Electric Blood":17,"Replay:Bottled Steam":43,"Pear":46,"Blue Candle":30,"Counterbalance":31,"Velvet Choker":17,"Tingsha":0,"Eternal Feather":0,"Pen Nib":23,"Paper Crane":8,"Akabeko":28,"Cables":54,"SlaversCollar":17,"Snecko Scales":34,"Bird Faced Urn":12,"ReplayTheSpireMod:Ring of Collecting":24,"Mark of Pain":0,"StrikeDummy":6,"Unceasing Top":50,"Regal Pillow":0,"Lantern":28,"Carrot":41,"Singing Bowl":10,"Torii":0,"Magic Flower":11,"Painkiller Herb":19,"Blue Doll":26,"StoneCalendar":38,"Bag of Preparation":55,"Replay:Multitool":44,"Cursed Key":34,"Smiling Mask":6,"Burning Blood":0,"Pet Ghost":23,"Replay:Rubber Ducky":55,"BranchBurnRelic":32,"Matryoshka":0,"Shovel":47,"Ring of Peace":15,"WingedGreaves":12,"Chemical X":0,"Replay:Bottled Eggs":0,"InkBottle":27,"Inserter":17,"The Specimen":25,"Golden Idol":11,"Basket Of Snakes":39,"Circlet":0,"Thread and Needle":27,"The Courier":14,"PreservedInsect":22,"Geode":40,"Omamori":40,"Ring of Greed":26,"Frozen Egg 2":0,"MawBank":31,"Replay:Arrowhead":50,"Nuclear Battery":34,"Busted Crown":17,"Ornamental Fan":55,"Orrery":0,"Turnip":46,"Art of War":40,"Bottled Lightning":48,"ReplayTheSpireMod:Ring of Challenge":38,"ReplayTheSpireMod:Lightbulb":0,"Toy Ornithopter":55,"Ice Cream":14,"Divine Protection":22,"Calipers":29,"Gremlin Horn":9,"Nilry\u0027s Codex":23,"CeramicFish":26,"Vajra":28,"Runic Capacitor":53,"Sozu":34,"Centennial Puzzle":9,"Lizard Tail":10,"Replay:Frozen Program":48,"HornCleat":26,"DollysMirror":36,"Strawberry":28,"Prayer Wheel":0,"Iron Hammer":7,"Toxic Egg 2":45,"Byrd Skull":11,"Girya":25,"Happy Flower":55,"Dead Branch":25,"Replay:Grab Bag":34,"Oddly Smooth Stone":26,"Ring of Chaos":47,"Letter Opener":48,"Replay:Kaleidoscope":0,"War Paint":23,"Question Card":8,"Du-Vu Doll":7,"OrangePellets":0,"Bottled Flame":15,"Replay:Baseball":0,"Shuriken":24,"Bronze Scales":12,"Simple Rune":55,"Onion Ring":40,"Molten Egg 2":42,"ReplayTheSpireMod:TigerMarble":6,"Black Star":36,"Grinning Jar":11,"Mirror":26,"Pocketwatch":0,"Meat on the Bone":38,"Darkstone Periapt":5,"ReplayFunnel":55,"ReplayTheSpireMod:Ring of Exchange":31,"Replay:PocketPolymizer":57,"Mango":6,"Snake Skull":29,"Incense Burner":45,"Juzu Bracelet":39,"Replay:Mystery Machine":28,"ClockworkSouvenir":21,"Dream Catcher":43,"Nunchaku":24,"Replay:Bandana":10,"Emotion Chip":0,"Chameleon Ring":53,"Pantograph":23,"Gambling Chip":24,"Replay:Antivirus Software":43,"Cracked Core":0,"Red Skull":6,"Gremlin Food":44,"ReplayTheSpireMod:Ninjato":0,"Replay:Towering Pillar of Hats":10,"Quantum Egg":46,"Guide Book":0,"Replay:WaspNest":0,"Orichalcum":56,"Odd Mushroom":7,"Medical Kit":42,"White Beast Statue":0,"Mercury Hourglass":0,"Peace Pipe":39,"Strange Spoon":0,"Anchor":11,"CaptainsWheel":43,"Pondfish Scales":55,"DataDisk":0,"Ring of Fury":43,"ChewingGum":17,"Snack Pack":8,"Bag of Marbles":31,"Membership Card":0,"FossilizedHelix":48,"TungstenRod":0},{"Golden Egg":166,"Replay:Accelerometer":380,"Vampiric Spirits":61,"Whetstone":91,"Ginger":327,"Boot":91,"Sling":91,"Old Coin":467,"Blood Vial":26,"Replay:Wanted Poster":163,"Replay:Ringing Soul":237,"Sundial":254,"Replay:Bronze Core":134,"MealTicket":58,"Fusion Hammer":80,"Replay:Bottled Flurry":297,"Kunai":244,"Replay:Wax Seal":214,"Electric Blood":51,"Replay:Bottled Steam":119,"Pear":122,"Blue Candle":30,"Counterbalance":288,"Velvet Choker":216,"Tingsha":93,"Eternal Feather":393,"Pen Nib":282,"Paper Crane":66,"Akabeko":167,"Cables":153,"SlaversCollar":24,"Snecko Scales":115,"Bird Faced Urn":22,"ReplayTheSpireMod:Ring of Collecting":376,"Mark of Pain":0,"StrikeDummy":98,"Unceasing Top":327,"Regal Pillow":93,"Lantern":199,"Carrot":326,"Singing Bowl":21,"Torii":154,"Magic Flower":49,"Painkiller Herb":72,"Blue Doll":377,"StoneCalendar":480,"Bag of Preparation":91,"Replay:Multitool":120,"Cursed Key":31,"Smiling Mask":335,"Burning Blood":0,"Pet Ghost":56,"Replay:Rubber Ducky":91,"BranchBurnRelic":320,"Matryoshka":61,"Shovel":179,"Ring of Peace":469,"WingedGreaves":400,"Chemical X":428,"Replay:Bottled Eggs":237,"InkBottle":141,"Inserter":193,"The Specimen":76,"Golden Idol":5,"Basket Of Snakes":82,"Circlet":0,"Thread and Needle":318,"The Courier":7,"PreservedInsect":11,"Geode":146,"Omamori":175,"Ring of Greed":377,"Frozen Egg 2":14,"MawBank":79,"Replay:Arrowhead":487,"Nuclear Battery":257,"Busted Crown":8,"Ornamental Fan":91,"Orrery":209,"Turnip":38,"Art of War":36,"Bottled Lightning":389,"ReplayTheSpireMod:Ring of Challenge":81,"ReplayTheSpireMod:Lightbulb":154,"Toy Ornithopter":363,"Ice Cream":23,"Divine Protection":164,"Calipers":320,"Gremlin Horn":20,"Nilry\u0027s Codex":75,"CeramicFish":198,"Vajra":77,"Runic Capacitor":180,"Sozu":170,"Centennial Puzzle":5,"Lizard Tail":213,"Replay:Frozen Program":234,"HornCleat":443,"DollysMirror":350,"Strawberry":13,"Prayer Wheel":93,"Iron Hammer":212,"Toxic Egg 2":483,"Byrd Skull":66,"Girya":283,"Happy Flower":91,"Dead Branch":317,"Replay:Grab Bag":448,"Oddly Smooth Stone":57,"Ring of Chaos":122,"Letter Opener":264,"Replay:Kaleidoscope":267,"War Paint":139,"Question Card":188,"Du-Vu Doll":305,"OrangePellets":93,"Bottled Flame":70,"Replay:Baseball":93,"Shuriken":252,"Bronze Scales":6,"Simple Rune":91,"Onion Ring":205,"Molten Egg 2":387,"ReplayTheSpireMod:TigerMarble":158,"Black Star":478,"Grinning Jar":337,"Mirror":252,"Pocketwatch":41,"Meat on the Bone":117,"Darkstone Periapt":18,"ReplayFunnel":91,"ReplayTheSpireMod:Ring of Exchange":320,"Replay:PocketPolymizer":490,"Mango":19,"Snake Skull":78,"Incense Burner":87,"Juzu Bracelet":204,"Replay:Mystery Machine":475,"ClockworkSouvenir":342,"Dream Catcher":37,"Nunchaku":75,"Replay:Bandana":100,"Emotion Chip":330,"Chameleon Ring":235,"Pantograph":12,"Gambling Chip":27,"Replay:Antivirus Software":261,"Cracked Core":0,"Red Skull":47,"Gremlin Food":87,"ReplayTheSpireMod:Ninjato":237,"Replay:Towering Pillar of Hats":66,"Quantum Egg":87,"Guide Book":93,"Replay:WaspNest":61,"Orichalcum":92,"Odd Mushroom":336,"Medical Kit":119,"White Beast Statue":182,"Mercury Hourglass":61,"Peace Pipe":146,"Strange Spoon":209,"Anchor":66,"CaptainsWheel":86,"Pondfish Scales":91,"DataDisk":126,"Ring of Fury":387,"ChewingGum":438,"Snack Pack":48,"Bag of Marbles":225,"Membership Card":61,"FossilizedHelix":151,"TungstenRod":393},{"Golden Egg":701,"Replay:Accelerometer":1775,"Vampiric Spirits":244,"Whetstone":364,"Ginger":1466,"Boot":364,"Sling":364,"Old Coin":2173,"Blood Vial":107,"Replay:Wanted Poster":686,"Replay:Ringing Soul":1108,"Sundial":1165,"Replay:Bronze Core":537,"MealTicket":230,"Fusion Hammer":315,"Replay:Bottled Flurry":1342,"Kunai":1129,"Replay:Wax Seal":964,"Electric Blood":208,"Replay:Bottled Steam":471,"Pear":484,"Blue Candle":123,"Counterbalance":1304,"Velvet Choker":978,"Tingsha":376,"Eternal Feather":1859,"Pen Nib":1280,"Paper Crane":257,"Akabeko":708,"Cables":637,"SlaversCollar":100,"Snecko Scales":459,"Bird Faced Urn":86,"ReplayTheSpireMod:Ring of Collecting":1754,"Mark of Pain":0,"StrikeDummy":392,"Unceasing Top":1466,"Regal Pillow":376,"Lantern":864,"Carrot":1462,"Singing Bowl":82,"Torii":646,"Magic Flower":200,"Painkiller Herb":279,"Blue Doll":1758,"StoneCalendar":2238,"Bag of Preparation":364,"Replay:Multitool":475,"Cursed Key":130,"Smiling Mask":1517,"Burning Blood":0,"Pet Ghost":224,"Replay:Rubber Ducky":364,"BranchBurnRelic":1432,"Matryoshka":244,"Shovel":766,"Ring of Peace":2180,"WingedGreaves":1888,"Chemical X":2043,"Replay:Bottled Eggs":1108,"InkBottle":568,"Inserter":829,"The Specimen":292,"Golden Idol":17,"Basket Of Snakes":325,"Circlet":0,"Thread and Needle":1426,"The Courier":25,"PreservedInsect":40,"Geode":594,"Omamori":747,"Ring of Greed":1758,"Frozen Egg 2":51,"MawBank":304,"Replay:Arrowhead":2280,"Nuclear Battery":1176,"Busted Crown":30,"Ornamental Fan":364,"Orrery":932,"Turnip":156,"Art of War":146,"Bottled Lightning":1829,"ReplayTheSpireMod:Ring of Challenge":318,"ReplayTheSpireMod:Lightbulb":646,"Toy Ornithopter":1691,"Ice Cream":93,"Divine Protection":690,"Calipers":1432,"Gremlin Horn":78,"Nilry\u0027s Codex":288,"CeramicFish":857,"Vajra":296,"Runic Capacitor":779,"Sozu":726,"Centennial Puzzle":17,"Lizard Tail":956,"Replay:Frozen Program":1086,"HornCleat":2081,"DollysMirror":1606,"Strawberry":48,"Prayer Wheel":376,"Iron Hammer":952,"Toxic Egg 2":2259,"Byrd Skull":257,"Girya":1284,"Happy Flower":364,"Dead Branch":1422,"Replay:Grab Bag":2102,"Oddly Smooth Stone":226,"Ring of Chaos":484,"Letter Opener":1204,"Replay:Kaleidoscope":1226,"War Paint":559,"Question Card":811,"Du-Vu Doll":1373,"OrangePellets":376,"Bottled Flame":268,"Replay:Baseball":376,"Shuriken":1159,"Bronze Scales":20,"Simple Rune":364,"Onion Ring":895,"Molten Egg 2":1815,"ReplayTheSpireMod:TigerMarble":663,"Black Star":2227,"Grinning Jar":1530,"Mirror":1159,"Pocketwatch":170,"Meat on the Bone":463,"Darkstone Periapt":65,"ReplayFunnel":364,"ReplayTheSpireMod:Ring of Exchange":1432,"Replay:PocketPolymizer":2322,"Mango":73,"Snake Skull":300,"Incense Burner":344,"Juzu Bracelet":888,"Replay:Mystery Machine":2208,"ClockworkSouvenir":1559,"Dream Catcher":151,"Nunchaku":288,"Replay:Bandana":399,"Emotion Chip":1502,"Chameleon Ring":1093,"Pantograph":44,"Gambling Chip":111,"Replay:Antivirus Software":1192,"Cracked Core":0,"Red Skull":189,"Gremlin Food":344,"ReplayTheSpireMod:Ninjato":1108,"Replay:Towering Pillar of Hats":257,"Quantum Egg":344,"Guide Book":376,"Replay:WaspNest":244,"Orichalcum":369,"Odd Mushroom":1521,"Medical Kit":471,"White Beast Statue":795,"Mercury Hourglass":244,"Peace Pipe":594,"Strange Spoon":932,"Anchor":257,"CaptainsWheel":341,"Pondfish Scales":364,"DataDisk":505,"Ring of Fury":1815,"ChewingGum":2068,"Snack Pack":196,"Bag of Marbles":1023,"Membership Card":244,"FossilizedHelix":621,"TungstenRod":1859}],"Toy Ornithopter":5},"card_choices":[{"not_picked":["Stack","Sweeping Beam"],"picked":"Hologram","floor":1},{"not_picked":["Reprogram","Coolheaded"],"picked":"Genetic Algorithm","floor":3},{"not_picked":["Leap","Stack","Beam Cell"],"picked":"SKIP","floor":4},{"not_picked":["Scrape","BasicCrystalCard","Cold Snap"],"picked":"SKIP","floor":6},{"not_picked":["BasicCrystalCard","Hyperbeam","ReplaySort"],"picked":"SKIP","floor":9},{"not_picked":["Static Discharge","Redo"],"picked":"Steam Power","floor":10},{"not_picked":["Rip and Tear","Aggregate"],"picked":"Defragment","floor":12},{"not_picked":["Leap","Go for the Eyes"],"picked":"Coolheaded","floor":16},{"not_picked":["Double Energy"],"picked":"SKIP","floor":20},{"not_picked":["Stack"],"picked":"SKIP","floor":21},{"not_picked":["Rip and Tear"],"picked":"Gash+1","floor":25},{"not_picked":["Melter+1"],"picked":"Steam Power","floor":27},{"not_picked":["Lockon","Hyperbeam"],"picked":"SKIP","floor":29},{"not_picked":["Chill+1","Sweeping Beam"],"picked":"SKIP","floor":32},{"not_picked":["FTL+1","Turbo"],"picked":"SKIP","floor":37},{"not_picked":["Ball Lightning","Melter"],"picked":"SKIP","floor":40},{"not_picked":["Force Field","Reinforced Body+1"],"picked":"SKIP","floor":41},{"not_picked":["Chill","Rebound"],"picked":"SKIP","floor":43},{"not_picked":["Compile Driver","Sweeping Beam"],"picked":"SKIP","floor":46},{"not_picked":["Stack+1","Compile Driver+1"],"picked":"SKIP","floor":47},{"not_picked":["Static Discharge+1","Compile Driver+1"],"picked":"SKIP","floor":49},{"not_picked":["Cold Snap"],"picked":"Turbo+1","floor":50},{"not_picked":["BasicCrystalCard+1","ReplaySort+1"],"picked":"SKIP","floor":57}],"player_experience":4191115,"relics_obtained":[{"floor":6,"key":"Snack Pack"},{"floor":9,"key":"Old Coin"},{"floor":12,"key":"Oddly Smooth Stone"},{"floor":15,"key":"Ring of Peace"},{"floor":25,"key":"Replay:Antivirus Software"},{"floor":27,"key":"Smiling Mask"},{"floor":28,"key":"Replay:Mystery Machine"},{"floor":28,"key":"Sundial"},{"floor":29,"key":"Akabeko"},{"floor":38,"key":"StoneCalendar"},{"floor":43,"key":"Bronze Scales"},{"floor":43,"key":"Letter Opener"},{"floor":45,"key":"ReplayTheSpireMod:TigerMarble"},{"floor":45,"key":"Toxic Egg 2"},{"floor":46,"key":"Toy Ornithopter"},{"floor":46,"key":"Mango"},{"floor":50,"key":"Replay:Arrowhead"},{"floor":57,"key":"Boot"},{"floor":57,"key":"Replay:PocketPolymizer"}],"event_choices":[{"damage_healed":0,"gold_gain":0,"player_choice":"Gave Potion","damage_taken":0,"relics_obtained":["Dream Catcher"],"max_hp_gain":0,"max_hp_loss":0,"event_name":"WeMeetAgain","floor":2,"gold_loss":0},{"cards_removed":["Defend_B"],"damage_healed":0,"gold_gain":0,"player_choice":"Gave Gold","damage_taken":0,"max_hp_gain":0,"max_hp_loss":0,"event_name":"Beggar","floor":22,"gold_loss":75},{"damage_healed":0,"gold_gain":0,"player_choice":"Read","damage_taken":0,"max_hp_gain":0,"max_hp_loss":0,"event_name":"The Library","floor":24,"gold_loss":0,"cards_obtained":["Coolheaded"]},{"damage_healed":0,"gold_gain":0,"player_choice":"Damaged","damage_taken":16,"max_hp_gain":0,"max_hp_loss":0,"event_name":"Wheel of Change","floor":31,"gold_loss":0},{"damage_healed":0,"gold_gain":0,"player_choice":"Fight","damage_taken":0,"max_hp_gain":0,"max_hp_loss":0,"event_name":"Mysterious Sphere","floor":38,"gold_loss":0},{"damage_healed":0,"gold_gain":0,"player_choice":"Ignored","damage_taken":0,"max_hp_gain":0,"max_hp_loss":0,"event_name":"SecretPortal","floor":39,"gold_loss":0}],"is_beta":false,"boss_relics":[{"not_picked":["Pandora\u0027s Box","Fusion Hammer"],"picked":"Busted Crown"},{"not_picked":["Snecko Eye","Replay:Ancient Bell"],"picked":"Black Star"}],"items_purged_floors":[0,0,0,0,0,0,13,48,56],"is_endless":false,"potions_floor_spawned":[1,4,6,21,32,35,38,41,43,50],"ascension_level":20}}