{"host":"sav7uxregyirlf69","time":1614158828,"event":{"mods":["AchievementEnabler","BaseMod","Colored Map","DeckTracker","Keyboard Shortcuts","Minty Spire (QoL Compilation)","READ ME - Guardian Mod","StSLib","SuperFastMode"],"gold_per_floor":[115,130,142,157,257,257,276,276,276,276,306,306,261,131,131,205,205,220,230,230,230,247,247,162,162,212,137,237,53,73,100,100,174,174,186,106,106,119,119,119,119,119],"floor_reached":41,"language":"KOR","playtime":836,"items_purged":["Strike_R","Strike_R"],"score":864,"play_id":"bd4787ab-07f8-4de4-8eed-358fb47d2b91","local_time":"20210224182708","is_ascension_mode":true,"campfire_choices":[{"data":"Uppercut","floor":6.0,"key":"SMITH"},{"data":"True Grit","floor":8.0,"key":"SMITH"},{"floor":15.0,"key":"REST"},{"floor":23.0,"key":"REST"},{"floor":25.0,"key":"REST"},{"floor":32.0,"key":"REST"},{"floor":40.0,"key":"REST"}],"circlet_count":0,"master_deck":["AscendersBane","Defend_R","Defend_R+1","Defend_R","Defend_R","Bash","Uppercut+1","Dropkick","True Grit+1","Seeing Red","Pommel Strike","Dropkick+1","Shrug It Off","Double Tap+1","Evolve+1","Second Wind+1","Power Through+1","Dropkick+1","Burning Pact+1","Madness+1","Madness+1"],"relics":["Burning Blood","Question Card","TungstenRod","Fusion Hammer","Toxic Egg 2","Molten Egg 2","Ancient Tea Set","Torii","Kunai","Turnip","Busted Crown"],"acts_visited":["Exordium","TheCity","TheBeyond"],"potions_floor_usage":[41],"damage_taken":[{"damage":1.0,"enemies":"Cultist","floor":1.0,"turns":3.0},{"damage":0.0,"enemies":"Small Slimes","floor":2.0,"turns":2.0},{"damage":10.0,"enemies":"2 Louse","floor":3.0,"turns":3.0},{"damage":4.0,"enemies":"2 Fungi Beasts","floor":4.0,"turns":4.0},{"damage":18.0,"enemies":"Exordium Wildlife","floor":7.0,"turns":4.0},{"damage":19.0,"enemies":"Lagavulin","floor":11.0,"turns":4.0},{"damage":9.0,"enemies":"The Guardian","floor":16.0,"turns":11.0},{"damage":24.0,"enemies":"Shell Parasite","floor":18.0,"turns":5.0},{"damage":4.0,"enemies":"3 Byrds","floor":19.0,"turns":8.0},{"damage":23.0,"enemies":"Sentry and Sphere","floor":22.0,"turns":7.0},{"damage":0.0,"enemies":"Colosseum Slavers","floor":28.0,"turns":1.0},{"damage":19.0,"enemies":"Colosseum Nobs","floor":28.0,"turns":7.0},{"damage":10.0,"enemies":"Snecko","floor":30.0,"turns":6.0},{"damage":49.0,"enemies":"Gremlin Leader","floor":31.0,"turns":5.0},{"damage":19.0,"enemies":"Automaton","floor":33.0,"turns":6.0},{"damage":0.0,"enemies":"Orb Walker","floor":35.0,"turns":3.0},{"damage":20.0,"enemies":"3 Shapes","floor":38.0,"turns":7.0},{"damage":116,"enemies":"Reptomancer","floor":41,"turns":3}],"seed_played":"-1986538013458237690","potions_obtained":[{"floor":1.0,"key":"SkillPotion"},{"floor":3.0,"key":"HeartOfIron"},{"floor":4.0,"key":"DuplicationPotion"},{"floor":18.0,"key":"SmokeBomb"},{"floor":19.0,"key":"Fire Potion"},{"floor":30.0,"key":"SpeedPotion"},{"floor":31.0,"key":"BlessingOfTheForge"},{"floor":33.0,"key":"Dexterity Potion"},{"floor":38.0,"key":"FairyPotion"}],"is_trial":false,"path_per_floor":["M","M","M","M","?","R","M","R","T","?","E","?","?","$","R","B",null,"M","M","?","T","M","R","?","R","T","?","?","$","M","E","R","B",null,"M","$","?","M","T","R","E"],"character_chosen":"IRONCLAD","items_purchased":["Fire Potion","Second Wind+1","Burning Pact+1"],"campfire_rested":5,"item_purchase_floors":[14,29,36],"current_hp_per_floor":[55,61,57,59,59,59,47,47,47,24,11,11,11,11,33,30,64,46,48,48,48,31,53,53,75,75,75,62,62,58,15,37,24,62,68,68,55,41,41,63,0,0],"gold":119,"neow_bonus":"TRANSFORM_TWO_CARDS","is_daily":false,"chose_seed":false,"campfire_upgraded":2,"win_rate":0.0,"timestamp":1614158828,"path_taken":["M","?","M","M","?","R","?","R","T","?","E","?","?","$","R","BOSS","M","M","?","?","M","R","?","R","T","?","?","$","M","E","R","BOSS","M","$","?","M","?","R","E"],"items_purchased_type":["Potion","Card","Card"],"build_version":"2020-12-22","purchased_purges":2,"victory":false,"max_hp_per_floor":[75,75,75,75,75,75,75,75,75,75,75,75,75,75,75,75,75,75,75,75,75,75,75,75,75,75,75,75,75,75,75,75,75,75,75,75,75,75,75,75,75,75],"card_choices":[{"not_picked":["Thunderclap","Armaments","Feel No Pain"],"picked":"SKIP","floor":1.0},{"not_picked":["Body Slam","Cleave"],"picked":"True Grit","floor":2.0},{"not_picked":["Shockwave","Sever Soul"],"picked":"Seeing Red","floor":3.0},{"not_picked":["Anger","Wild Strike"],"picked":"Pommel Strike","floor":4.0},{"not_picked":["Intimidate","Flex"],"picked":"Dropkick","floor":7.0},{"not_picked":["Exhume","Evolve","Cleave","Heavy Blade"],"picked":"SKIP","floor":11.0},{"not_picked":["Flex","Iron Wave","Thunderclap"],"picked":"Shrug It Off","floor":18.0},{"not_picked":["Shrug It Off","Pommel Strike","Combust","Havoc"],"picked":"SKIP","floor":19.0},{"not_picked":["Headbutt","Reckless Charge","Twin Strike"],"picked":"Double Tap+1","floor":22.0},{"not_picked":["Clothesline+1","Spot Weakness+1","Armaments+1"],"picked":"Evolve+1","floor":28.0},{"not_picked":["Uppercut+1","Carnage+1","Dropkick+1"],"picked":"Power Through+1","floor":30.0},{"not_picked":["Second Wind+1","Armaments+1","Iron Wave+1","Rupture+1"],"picked":"SKIP","floor":31.0},{"not_picked":["Disarm+1"],"picked":"Dropkick+1","floor":35.0},{"not_picked":["Anger+1","Body Slam+1"],"picked":"SKIP","floor":38.0}],"player_experience":1688730,"relics_obtained":[{"floor":9.0,"key":"Question Card"},{"floor":11.0,"key":"TungstenRod"},{"floor":21.0,"key":"Toxic Egg 2"},{"floor":26.0,"key":"Ancient Tea Set"},{"floor":28.0,"key":"Torii"},{"floor":28.0,"key":"Kunai"},{"floor":31.0,"key":"Turnip"}],"event_choices":[{"damage_healed":0.0,"max_hp_gain":0.0,"max_hp_loss":0.0,"gold_gain":100.0,"event_name":"Wheel of Change","player_choice":"Gold","floor":5.0,"gold_loss":0.0,"damage_taken":0.0},{"damage_healed":0.0,"max_hp_gain":0.0,"max_hp_loss":0.0,"gold_gain":0.0,"event_name":"Shining Light","player_choice":"Entered Light","floor":10.0,"gold_loss":0.0,"damage_taken":23.0,"cards_upgraded":["Defend_R","Dropkick"]},{"damage_healed":0.0,"max_hp_gain":0.0,"max_hp_loss":0.0,"gold_gain":0.0,"event_name":"Dead Adventurer","player_choice":"Searched \u00270\u0027 times","floor":12.0,"gold_loss":0.0,"damage_taken":0.0},{"damage_healed":0.0,"max_hp_gain":0.0,"max_hp_loss":0.0,"gold_gain":0.0,"event_name":"World of Goop","player_choice":"Left Gold","floor":13.0,"gold_loss":45.0,"damage_taken":0.0},{"damage_healed":0.0,"max_hp_gain":0.0,"max_hp_loss":0.0,"gold_gain":0.0,"event_name":"Vampires","player_choice":"Ignored","floor":20.0,"gold_loss":0.0,"damage_taken":0.0},{"damage_healed":0.0,"max_hp_gain":0.0,"max_hp_loss":0.0,"gold_gain":0.0,"event_name":"Addict","player_choice":"Obtained Relic","floor":24.0,"gold_loss":85.0,"damage_taken":0.0,"relics_obtained":["Molten Egg 2"]},{"cards_removed":["Strike_R"],"damage_healed":0.0,"max_hp_gain":0.0,"max_hp_loss":0.0,"gold_gain":0.0,"event_name":"Beggar","player_choice":"Gave Gold","floor":27.0,"gold_loss":75.0,"damage_taken":0.0},{"damage_healed":0.0,"max_hp_gain":0.0,"max_hp_loss":0.0,"gold_gain":0.0,"event_name":"Colosseum","player_choice":"Fight","floor":28.0,"gold_loss":0.0,"damage_taken":0.0},{"damage_healed":0.0,"max_hp_gain":0.0,"max_hp_loss":0.0,"gold_gain":0.0,"event_name":"Colosseum","player_choice":"Fought Nobs","floor":28.0,"gold_loss":0.0,"damage_taken":0.0},{"damage_healed":0.0,"max_hp_gain":0.0,"max_hp_loss":0.0,"gold_gain":0.0,"event_name":"Winding Halls","player_choice":"Embrace Madness","floor":37.0,"gold_loss":0.0,"damage_taken":14.0,"cards_obtained":["Madness","Madness"]}],"is_beta":false,"boss_relics":[{"not_picked":["SlaversCollar","Black Blood"],"picked":"Fusion Hammer"},{"not_picked":["Sozu","Velvet Choker"],"picked":"Busted Crown"}],"items_purged_floors":[14,29],"is_endless":false,"potions_floor_spawned":[1,3,4,7,18,19,30,31,33,38],"killed_by":"Reptomancer","ascension_level":20}}