{"host":"dz37y7s0f4dytpbs","time":1614137459,"event":{"mods":["2.2 Compatiblity","AchievementEnabler","BaseMod","BetterRewards","Colored Map","Custom Start","Keyboard Shortcuts","Marisa£¨Ùöéë¡¡Øª×âÞÞ£©","Minty Spire (QoL Compilation)","Permanent Neow","StSLib","SuperFastMode","everything is the same but u backflip on backflip"],"gold_per_floor":[109,109,122,122,138,138,169,169,240,258,308,318,20,45,45,119,119,134,84,64,77,91,122,132,158,158,193,193,102,125,50,50,127,127,138,192,203,31,81,113,133,160,232,247,273,296,321,99,99,99,99,99,22,48,48],"floor_reached":56,"language":"KOR","playtime":3852,"items_purged":["Strike_G","Strike_G","Strike_G","Strike_G","Defend_G","Defend_G","Defend_G"],"score":3249,"play_id":"8973b8f8-7214-49a3-bf40-941be923623f","local_time":"20210224123059","is_ascension_mode":true,"campfire_choices":[{"data":"1","floor":6.0,"key":"LIFT"},{"data":"Burst","floor":8.0,"key":"SMITH"},{"data":"2","floor":15.0,"key":"LIFT"},{"data":"Catalyst","floor":28.0,"key":"SMITH"},{"data":"3","floor":32.0,"key":"LIFT"},{"floor":49.0,"key":"RECALL"},{"data":"Wraith Form v2","floor":52.0,"key":"SMITH"}],"circlet_count":0,"master_deck":["AscendersBane","Defend_G","Defend_G","Survivor","Neutralize","Blade Dance","Terror","Noxious Fumes","Catalyst+1","Well Laid Plans+1","Deadly Poison","Burst+1","Infinite Blades","Wraith Form v2+1","PiercingWail","Acrobatics+1","Deadly Poison","Backflip","Noxious Fumes","Accuracy","Tools of the Trade","Deflect+1","Deflect+1","Cloak And Dagger+1","PiercingWail","Infinite Blades","Cloak And Dagger+1","Reflex","Burst","Bouncing Flask","Infinite Blades","Deadly Poison+1","Backflip+1","Bouncing Flask+1","Reflex","Prepared+1","Accuracy","Deflect+1"],"relics":["Ring of the Snake","Orrery","Singing Bowl","FossilizedHelix","Matryoshka","Ninja Scroll","Incense Burner","The Specimen","Medical Kit","Tiny Chest","Girya","Bag of Marbles","Smiling Mask","Toy Ornithopter","Happy Flower","TwistedFunnel","Meat on the Bone","HoveringKite","Bronze Scales","Darkstone Periapt","HornCleat","Turnip","Juzu Bracelet","Coffee Dripper","CatCart","Potion Belt","Eternal Feather","Strawberry","Sundial","Peace Pipe","Akabeko","Bird Faced Urn","War Paint","Paper Crane"],"acts_visited":["Exordium","TheCity","TheBeyond","TheEnding"],"potions_floor_usage":[55],"damage_taken":[{"damage":0.0,"enemies":"Jaw Worm","floor":1.0,"turns":3.0},{"damage":0.0,"enemies":"Small Slimes","floor":3.0,"turns":2.0},{"damage":0.0,"enemies":"Cultist","floor":5.0,"turns":3.0},{"damage":0.0,"enemies":"Gremlin Nob","floor":7.0,"turns":3.0},{"damage":0.0,"enemies":"Looter","floor":10.0,"turns":2.0},{"damage":0.0,"enemies":"3 Louse","floor":12.0,"turns":3.0},{"damage":0.0,"enemies":"3 Sentries","floor":14.0,"turns":4.0},{"damage":0.0,"enemies":"Slime Boss","floor":16.0,"turns":4.0},{"damage":0.0,"enemies":"2 Thieves","floor":18.0,"turns":3.0},{"damage":0.0,"enemies":"Chosen","floor":21.0,"turns":2.0},{"damage":0.0,"enemies":"Snecko","floor":22.0,"turns":4.0},{"damage":0.0,"enemies":"Book of Stabbing","floor":23.0,"turns":5.0},{"damage":0.0,"enemies":"Cultist and Chosen","floor":24.0,"turns":4.0},{"damage":0.0,"enemies":"Gremlin Leader","floor":25.0,"turns":4.0},{"damage":0.0,"enemies":"Slavers","floor":27.0,"turns":4.0},{"damage":38.0,"enemies":"Collector","floor":33.0,"turns":6.0},{"damage":0.0,"enemies":"3 Shapes","floor":35.0,"turns":2.0},{"damage":0.0,"enemies":"Orin","floor":36.0,"turns":6.0},{"damage":0.0,"enemies":"Orb Walker","floor":37.0,"turns":2.0},{"damage":0.0,"enemies":"Nemesis","floor":40.0,"turns":3.0},{"damage":0.0,"enemies":"Spire Growth","floor":41.0,"turns":3.0},{"damage":0.0,"enemies":"Reptomancer","floor":42.0,"turns":4.0},{"damage":0.0,"enemies":"Sphere and 2 Shapes","floor":44.0,"turns":2.0},{"damage":0.0,"enemies":"Nemesis","floor":45.0,"turns":5.0},{"damage":0.0,"enemies":"Mind Bloom Boss Battle","floor":47.0,"turns":4.0},{"damage":21.0,"enemies":"Awakened One","floor":50.0,"turns":8.0},{"damage":0.0,"enemies":"Shield and Spear","floor":54.0,"turns":5.0},{"damage":6,"enemies":"The Heart","floor":55,"turns":6}],"seed_played":"543233323778432087","potions_obtained":[{"floor":5.0,"key":"ColorlessPotion"},{"floor":10.0,"key":"Dexterity Potion"},{"floor":12.0,"key":"Explosive Potion"},{"floor":20.0,"key":"Dexterity Potion"},{"floor":22.0,"key":"GhostInAJar"},{"floor":24.0,"key":"EntropicBrew"},{"floor":33.0,"key":"Swift Potion"},{"floor":36.0,"key":"BlessingOfTheForge"},{"floor":40.0,"key":"Energy Potion"},{"floor":41.0,"key":"Poison Potion"},{"floor":45.0,"key":"ColorlessPotion"},{"floor":54.0,"key":"LiquidBronze"}],"is_trial":false,"path_per_floor":["M","?","M","?","M","R","E","R","T","M","T","M","$","E","R","B",null,"M","$","?","M","M","E","M","E","T","E","R","$","T","?","R","B",null,"M","?","M","$","?","E","M","E","T","M","E","T","?","$","R","B",null,"R","$","E","B",null],"character_chosen":"THE_SILENT","items_purchased":["Orrery","Singing Bowl","FossilizedHelix","Well Laid Plans","Deadly Poison","Matryoshka","Ninja Scroll","Incense Burner","The Specimen","Medical Kit","Tiny Chest","Girya","Burst","Infinite Blades","TwistedFunnel","Accuracy","Reflex","Potion Belt","War Paint","Accuracy"],"campfire_rested":0,"item_purchase_floors":[0,0,0,0,0,0,0,0,0,0,0,0,0,0,13,13,29,38,48,53],"current_hp_per_floor":[61,41,41,41,41,41,41,41,41,41,41,41,41,43,43,43,63,68,68,68,68,68,72,72,72,72,72,72,72,72,72,72,46,66,66,71,71,71,71,73,73,83,83,83,83,83,83,83,83,66,79,83,83,83,77],"gold":48,"neow_bonus":"","is_daily":false,"chose_seed":false,"campfire_upgraded":3,"win_rate":0.0,"timestamp":1614137459,"path_taken":["M","?","M","?","?","R","E","R","T","M","?","M","?","E","R","BOSS","M","$","?","M","M","E","M","E","T","E","R","?","?","?","R","BOSS","M","?","M","$","?","E","M","E","T","M","E","?","?","?","R","BOSS","R","$","E","BOSS"],"items_purchased_type":["Relic","Relic","Relic","Card","Card","Relic","Relic","Relic","Relic","Relic","Relic","Relic","Card","Card","Relic","Card","Card","Relic","Relic","Card"],"build_version":"2020-12-22","purchased_purges":7,"victory":true,"max_hp_per_floor":[68,68,68,68,68,68,68,68,68,68,68,68,68,70,70,70,70,70,70,70,70,70,72,72,72,72,72,72,72,72,72,72,72,72,72,72,72,72,72,74,74,83,83,83,83,83,83,83,83,83,83,83,83,83,83],"card_choices":[{"not_picked":["Dagger Throw","Bane"],"picked":"Blade Dance","floor":0.0},{"not_picked":["Skewer","Slice"],"picked":"Terror","floor":0.0},{"not_picked":["Deflect","Quick Slash"],"picked":"Noxious Fumes","floor":0.0},{"not_picked":["Poisoned Stab","Backflip"],"picked":"Catalyst","floor":0.0},{"not_picked":["Sucker Punch","Choke","Dagger Throw"],"picked":"Singing Bowl","floor":0.0},{"not_picked":["Dagger Throw","Blade Dance"],"picked":"Wraith Form v2","floor":1.0},{"not_picked":["Reflex","Terror"],"picked":"PiercingWail","floor":3.0},{"not_picked":["Blade Dance","Expertise"],"picked":"Acrobatics","floor":5.0},{"not_picked":["Crippling Poison","Sucker Punch"],"picked":"Deadly Poison","floor":7.0},{"not_picked":["Heel Hook","Dash"],"picked":"Backflip","floor":10.0},{"not_picked":["Bane","Deadly Poison"],"picked":"Noxious Fumes","floor":12.0},{"not_picked":["Dagger Spray","Underhanded Strike","Deflect"],"picked":"Singing Bowl","floor":14.0},{"not_picked":["Glass Knife","Die Die Die"],"picked":"Tools of the Trade","floor":16.0},{"not_picked":["Deadly Poison","Heel Hook"],"picked":"Deflect+1","floor":18.0},{"not_picked":["Quick Slash","Flying Knee"],"picked":"Deflect+1","floor":21.0},{"not_picked":["Dodge and Roll","Poisoned Stab"],"picked":"Cloak And Dagger+1","floor":22.0},{"not_picked":["Backstab","All Out Attack+1","Noxious Fumes"],"picked":"Singing Bowl","floor":23.0},{"not_picked":["Flechettes","Slice"],"picked":"PiercingWail","floor":24.0},{"not_picked":["Slice","Deadly Poison"],"picked":"Infinite Blades","floor":25.0},{"not_picked":["Storm of Steel","Outmaneuver"],"picked":"Cloak And Dagger+1","floor":27.0},{"not_picked":["Unload","Malaise"],"picked":"Burst","floor":33.0},{"not_picked":["Choke","Crippling Poison"],"picked":"Bouncing Flask","floor":35.0},{"not_picked":["Quick Slash","Outmaneuver"],"picked":"Infinite Blades","floor":36.0},{"not_picked":["Sucker Punch+1","Slice"],"picked":"Deadly Poison+1","floor":37.0},{"not_picked":["Terror","Prepared","Quick Slash"],"picked":"Singing Bowl","floor":40.0},{"not_picked":["Poisoned Stab","Dagger Spray"],"picked":"Backflip","floor":41.0},{"not_picked":["Flying Knee+1","Acrobatics","Leg Sweep"],"picked":"Singing Bowl","floor":42.0},{"not_picked":["Distraction","Backstab+1"],"picked":"Bouncing Flask+1","floor":44.0},{"not_picked":["Glass Knife","Eviscerate"],"picked":"Reflex","floor":45.0},{"not_picked":["Cloak And Dagger","Choke"],"picked":"Prepared+1","floor":47.0},{"not_picked":["Crippling Poison+1","Terror"],"picked":"Deflect+1","floor":54.0}],"player_experience":377698,"relics_obtained":[{"floor":7.0,"key":"Bag of Marbles"},{"floor":9.0,"key":"Smiling Mask"},{"floor":11.0,"key":"Toy Ornithopter"},{"floor":11.0,"key":"Happy Flower"},{"floor":14.0,"key":"Meat on the Bone"},{"floor":23.0,"key":"Bronze Scales"},{"floor":25.0,"key":"Darkstone Periapt"},{"floor":26.0,"key":"HornCleat"},{"floor":27.0,"key":"Turnip"},{"floor":30.0,"key":"Juzu Bracelet"},{"floor":36.0,"key":"CatCart"},{"floor":40.0,"key":"Eternal Feather"},{"floor":42.0,"key":"Strawberry"},{"floor":43.0,"key":"Sundial"},{"floor":45.0,"key":"Peace Pipe"},{"floor":46.0,"key":"Akabeko"},{"floor":47.0,"key":"Bird Faced Urn"},{"floor":54.0,"key":"Paper Crane"}],"event_choices":[{"damage_healed":0.0,"max_hp_gain":0.0,"max_hp_loss":0.0,"gold_gain":0.0,"event_name":"Shining Light","player_choice":"Entered Light","floor":2.0,"gold_loss":0.0,"damage_taken":20.0,"cards_upgraded":["Strike_G","Well Laid Plans"]},{"damage_healed":0.0,"max_hp_gain":0.0,"max_hp_loss":0.0,"gold_gain":0.0,"event_name":"Liars Game","player_choice":"Ignored","floor":4.0,"gold_loss":0.0,"damage_taken":0.0},{"damage_healed":0.0,"max_hp_gain":0.0,"max_hp_loss":0.0,"gold_gain":0.0,"event_name":"The Woman in Blue","player_choice":"Bought 1 Potion","floor":20.0,"gold_loss":0.0,"damage_taken":0.0},{"cards_removed":["Strike_G"],"damage_healed":0.0,"max_hp_gain":0.0,"max_hp_loss":0.0,"gold_gain":0.0,"event_name":"Beggar","player_choice":"Gave Gold","floor":31.0,"gold_loss":75.0,"damage_taken":0.0},{"damage_healed":0.0,"max_hp_gain":0.0,"max_hp_loss":0.0,"gold_gain":0.0,"event_name":"OrinTheCat","player_choice":"Fight","floor":36.0,"gold_loss":0.0,"damage_taken":0.0},{"damage_healed":0.0,"max_hp_gain":0.0,"max_hp_loss":0.0,"gold_gain":50.0,"event_name":"Golden Shrine","player_choice":"Pray","floor":39.0,"gold_loss":0.0,"damage_taken":0.0},{"damage_healed":0.0,"max_hp_gain":0.0,"max_hp_loss":0.0,"gold_gain":0.0,"event_name":"MindBloom","player_choice":"Fight","floor":47.0,"gold_loss":0.0,"damage_taken":0.0}],"is_beta":false,"boss_relics":[{"not_picked":["SacredBark","Sozu"],"picked":"HoveringKite"},{"not_picked":["Fusion Hammer","Calling Bell"],"picked":"Coffee Dripper"}],"items_purged_floors":[0,0,0,13,19,29,48],"is_endless":false,"potions_floor_spawned":[5,10,12,21,22,24,33,36,40,41,45,54],"ascension_level":18}}