{"host":"h7xtspmc2x3i8s2i","time":1614159856,"event":{"mods":["2.2 Compatiblity","AchievementEnabler","Act Like it!","AlwaysNeverKeys","Aspiration","Astrologer","BaseMod","Bestiary","Better Altar","Better Match","Better Note","Better Sensory Stone","Better Skull","Better Third Choice","Better Vampires","Better-Laid Plans","Colored Map","Colored Powertips","Conjunction","Curses Come First","Defuse TimeMaze Blight","Dio Mod","Disable Question Mark Monsters","Dota2Spire","Downfall","EXCEPTION","Emptier Cage","Energized Spire","Evolution","Friendly Minions","GifTheSpireLib","Gold Saver","Gremlin Skip","Halation","Hubris","Hyrulean Relics","Jedi Mod","Key Reminder","Marked Mod","Minty Spire (QoL Compilation)","Permanent Neow","Potion Indicator Mod","Quick Restart","Random Character Button","Random Character Mod","Rare Cards Sparkle","Relic Filter","Relic Stats","Reliquary","Replay The Spire","SacredBarkPlus","Shop Mod","Smile Girya","Somnambulant","Spicy Shops","Spikes Relics","Spire Birthday Party","StSLib","Steal the Spire","Stuff the Spire","SuperFastMode","The Awakened One except there are too many feathers","The Blue Laboratory","The Cursed","The Death Knight","The Edgeheg","The Problem Sleuth","The Runesmith","The Wild Card","Trackpad","Transform Curses","Uncapped","Unceasing Turn Reminder","Virulent Crown","Wide Potions","everything is the same but u backflip on backflip","slay the spire mod where everything is the same but ironclad has a cowboy hat"],"gold_per_floor":[795,355,366,366,386,411,411,439,439,220,220,255,272,272,272,371,371,387,387,387,3,15,43,43,54,54,54,66,86,115,133,133,237,237,254,271,271,271,271],"floor_reached":38,"language":"ENG","playtime":1742,"items_purged":["Runesmith:Strike_RS"],"score":505,"play_id":"493912f3-8c54-4c7b-b3f8-f5a6ae0fdd99","local_time":"20210224044416","is_ascension_mode":true,"campfire_choices":[{"floor":7,"key":"RECALL"},{"floor":11,"key":"REST"},{"data":"Runesmith:HammerAndChisel","floor":15,"key":"SMITH"},{"floor":27,"key":"REST"},{"floor":32,"key":"REST"}],"circlet_count":0,"master_deck":["Runesmith:Strike_RS","Runesmith:Strike_RS","Runesmith:Strike_RS","Runesmith:Defend_RS","Runesmith:Defend_RS","Runesmith:Defend_RS","Runesmith:Defend_RS","Runesmith:CraftFirestone+1","Runesmith:Fortify+1","Runesmith:UnstableHammer","Runesmith:HammerThrow+1","Runesmith:HammerAndChisel+1","Runesmith:CraftPrismatica+1","Runesmith:Repurpose+1","Discovery+1","Runesmith:Reinforce","Runesmith:Malloc+1","Runesmith:CreatorForm+1","Runesmith:Attraction+1","Runesmith:RuneHurl","Runesmith:FissionHammer+1"],"relics":["Runesmith:BrokenRuby","EVO:Axolotl","jedi:shrinkray","MerchantsRug","Dota2Spire:AghanimScepter","Lantern","Bag of Marbles","Toy Ornithopter","Bottled Flame","Golden Egg","Dota2Spire:EchoSabre","HornCleat","reliquary:NewFriend","aspiration:Stabinomicon","Empty Cage"],"acts_visited":["Exordium","TheCity","TheBeyond"],"potions_floor_usage":[6,12,12,12,25,30,33],"damage_taken":[{"damage":5,"enemies":"2 Louse","floor":1,"turns":4},{"damage":5,"enemies":"Jaw Worm","floor":3,"turns":3},{"damage":0,"enemies":"Small Slimes","floor":5,"turns":3},{"damage":9,"enemies":"3 Sentries","floor":6,"turns":6},{"damage":30,"enemies":"Lagavulin","floor":8,"turns":7},{"damage":0,"enemies":"3 Sentries","floor":12,"turns":5},{"damage":0,"enemies":"2 Fungi Beasts","floor":13,"turns":1},{"damage":24,"enemies":"The Guardian","floor":16,"turns":9},{"damage":19,"enemies":"Spheric Guardian","floor":18,"turns":4},{"damage":10,"enemies":"2 Thieves","floor":22,"turns":3},{"damage":3,"enemies":"Slavers","floor":23,"turns":3},{"damage":0,"enemies":"3 Cultists","floor":25,"turns":5},{"damage":25,"enemies":"Centurion and Healer","floor":28,"turns":5},{"damage":14,"enemies":"Sentry and Sphere","floor":29,"turns":5},{"damage":40,"enemies":"Book of Stabbing","floor":30,"turns":5},{"damage":0,"enemies":"Chosen and Byrds","floor":31,"turns":3},{"damage":41,"enemies":"Automaton","floor":33,"turns":8},{"damage":0,"enemies":"Orb Walker","floor":35,"turns":2},{"damage":47,"enemies":"3 Darklings","floor":36,"turns":6},{"damage":30,"enemies":"Spire Growth","floor":38,"turns":4}],"seed_played":"3779948242563781261","potions_obtained":[{"floor":5,"key":"Explosive Potion"},{"floor":12,"key":"blueLaboratory:BottleOfRum"},{"floor":18,"key":"Energy Potion"},{"floor":22,"key":"blueLaboratory:ForbiddenFruitJuice"},{"floor":28,"key":"Doom Potion"}],"is_trial":false,"path_per_floor":["M","$","M","?","M","E","R","E","T","$","R","E","M","?","R","B",null,"M","?","?","$","M","E","?","M","T","R","M","M","E","M","R","B",null,"M","M","?","M"],"character_chosen":"RUNESMITH_CLASS","items_purchased":["MerchantsRug","Dota2Spire:AghanimScepter","Lantern","PowerPotion","SkillPotion","Golden Egg","Discovery","Dota2Spire:EchoSabre"],"campfire_rested":3,"item_purchase_floors":[2,2,2,10,10,21,21,21],"current_hp_per_floor":[65,65,60,60,60,51,51,21,21,21,42,57,57,57,57,33,70,51,30,30,30,20,17,17,27,27,48,23,9,24,24,42,6,60,60,13,13,0,0],"gold":271,"neow_bonus":"RANDOM_COMMON_RELIC","is_daily":false,"chose_seed":false,"campfire_upgraded":1,"win_rate":0.0,"timestamp":1614159856,"path_taken":["M","$","M","?","M","E","R","E","T","$","R","E","M","?","R","BOSS","M","?","?","$","M","E","?","?","T","R","M","M","E","M","R","BOSS","M","M","?","M"],"items_purchased_type":["Relic","Relic","Relic","Potion","Potion","Relic","Card","Relic"],"build_version":"2020-12-22","purchased_purges":1,"victory":false,"max_hp_per_floor":[70,70,70,70,70,70,70,70,70,70,70,70,70,70,70,70,70,70,70,70,70,70,70,70,70,70,70,70,70,60,60,60,60,60,60,60,60,60,60],"relic_stats":{"counters":[20,91],"obtain_stats":[{"MerchantsRug":2,"Golden Egg":21,"Dota2Spire:EchoSabre":21,"Runesmith:BrokenRuby":0,"Lantern":2,"aspiration:Stabinomicon":30,"EVO:Axolotl":0,"Empty Cage":34,"jedi:shrinkray":0,"keyreminder:keyreminder":7,"Dota2Spire:AghanimScepter":2,"Bottled Flame":12,"HornCleat":23,"reliquary:NewFriend":26,"Bag of Marbles":6,"reliquary:WritOfMandamus":17,"Toy Ornithopter":8},{"MerchantsRug":1,"Golden Egg":9,"Dota2Spire:EchoSabre":9,"Runesmith:BrokenRuby":0,"Lantern":1,"aspiration:Stabinomicon":15,"EVO:Axolotl":0,"Empty Cage":17,"jedi:shrinkray":0,"keyreminder:keyreminder":4,"Dota2Spire:AghanimScepter":1,"Bottled Flame":6,"HornCleat":11,"reliquary:NewFriend":12,"Bag of Marbles":4,"reliquary:WritOfMandamus":8,"Toy Ornithopter":5},{"MerchantsRug":4,"Golden Egg":42,"Dota2Spire:EchoSabre":42,"Runesmith:BrokenRuby":0,"Lantern":4,"aspiration:Stabinomicon":68,"EVO:Axolotl":0,"Empty Cage":79,"jedi:shrinkray":0,"keyreminder:keyreminder":16,"Dota2Spire:AghanimScepter":4,"Bottled Flame":28,"HornCleat":48,"reliquary:NewFriend":53,"Bag of Marbles":16,"reliquary:WritOfMandamus":38,"Toy Ornithopter":23}],"Toy Ornithopter":0},"card_choices":[{"not_picked":["Runesmith:ShiftingStrike","Runesmith:EnergizedChisel"],"picked":"Runesmith:UnstableHammer","floor":1},{"not_picked":["Runesmith:Grindstone","Runesmith:CraftProtectio"],"picked":"Runesmith:HammerThrow","floor":3},{"not_picked":["Runesmith:Refine","Runesmith:MakeshiftArmor","Runesmith:EnergizedChisel"],"picked":"SKIP","floor":5},{"not_picked":["Runesmith:Retool","Runesmith:HammerThrow","aspiration:UnbridledHammer"],"picked":"SKIP","floor":6},{"not_picked":["Runesmith:HammerTime","Runesmith:StaticCage","Runesmith:ChiselStab"],"picked":"SKIP","floor":8},{"not_picked":["Runesmith:HeatExchange","Runesmith:FissionHammer"],"picked":"Runesmith:HammerAndChisel","floor":12},{"not_picked":["Runesmith:MakeshiftArmor","Runesmith:EnergizedChisel","Runesmith:HeatExchange"],"picked":"SKIP","floor":13},{"not_picked":["Runesmith:CraftMedicinae","Runesmith:LightningRod"],"picked":"Runesmith:CraftPrismatica","floor":16},{"not_picked":["Runesmith:CraftProtectio","Runesmith:CraftMagma"],"picked":"Runesmith:Repurpose+1","floor":18},{"not_picked":["Runesmith:UnstableHammer","Runesmith:ShiftingStrike+1"],"picked":"Runesmith:Reinforce","floor":22},{"not_picked":["Runesmith:Overpower","Runesmith:MakeshiftArmor"],"picked":"Runesmith:Malloc","floor":23},{"not_picked":["Runesmith:HammerThrow","Runesmith:StaticCage","Runesmith:HeatExchange"],"picked":"SKIP","floor":25},{"not_picked":["Runesmith:Retool","Runesmith:Augment+1"],"picked":"Runesmith:CreatorForm","floor":28},{"not_picked":["Runesmith:ShiftingStrike","Runesmith:HammerThrow"],"picked":"Runesmith:Attraction+1","floor":29},{"not_picked":["Runesmith:PerfectChisel","Runesmith:Superposition+1"],"picked":"Runesmith:RuneHurl","floor":30},{"not_picked":["Runesmith:CraftVitae","Runesmith:Terraform+1","Runesmith:Firewall"],"picked":"SKIP","floor":31},{"not_picked":["Runesmith:CraftPrismatica","Runesmith:GenerateForcefield"],"picked":"Runesmith:FissionHammer","floor":33},{"not_picked":["Runesmith:HammerTime+1","Runesmith:CraftReservo","aspiration:UnbridledHammer+1"],"picked":"SKIP","floor":35},{"not_picked":["Runesmith:CraftIncendium+1","Runesmith:ChiselStab+1","Runesmith:HeatExchange"],"picked":"SKIP","floor":36}],"player_experience":433358,"relics_obtained":[{"floor":6,"key":"Bag of Marbles"},{"floor":8,"key":"Toy Ornithopter"},{"floor":12,"key":"Bottled Flame"},{"floor":23,"key":"HornCleat"},{"floor":26,"key":"reliquary:NewFriend"},{"floor":30,"key":"aspiration:Stabinomicon"}],"event_choices":[{"damage_healed":0,"gold_gain":1,"player_choice":"1","damage_taken":0,"max_hp_gain":0,"max_hp_loss":0,"event_name":"betterStone:BetterStone","floor":4,"gold_loss":0}],"is_beta":false,"boss_relics":[{"not_picked":["StuffTheSpire:RunicHypercube","energizedSpire:HugeHouse"],"picked":"reliquary:WritOfMandamus"},{"not_picked":["Cursed Key","Astrolabe"],"picked":"Empty Cage"}],"items_purged_floors":[10],"is_endless":false,"potions_floor_spawned":[5,12,18,22,23,28],"killed_by":"Spire Growth","ascension_level":2}}