{"host":"106a9i1yxyuuvaq3","time":1614180929,"event":{"mods":["2.2 Compatiblity","AchievementEnabler","Act Like it!","AlwaysNeverKeys","BaseMod","Better Altar","Better Match","Better Note","Better Sensory Stone","Better Skull","Better Third Choice","BetterRewards","Colored Map","Colored Powertips","Defuse TimeMaze Blight","Friendly Minions","Highlight Path","Hubris","Infinite Spire","Minty Spire (QoL Compilation)","Quick Restart","Random Character Button","Relic Filter","Relic Sorter","Replay The Spire","Spicy Shops","StSLib","SuperFastMode","The Administrix","The Animator","The Bug Knight","The Cursed","The Florist","The Gatherer","The Jungle","Unceasing Turn Reminder","Waifu the Spire"],"gold_per_floor":[118,131,146,156,169,196,196,196,196,121,135,147,173,183,183,278,278,298,298,310,320,330,355,374,374,425,437,360,387,387,387,387,509,509,561,607,274,274,48,77,77,111,180,180,180,180,202,227,227,227,227,227,7,33,33],"floor_reached":56,"language":"ENG","playtime":4202,"items_purged":["Clumsy","HollowMod:SoulMaster+1"],"score":1736,"play_id":"773bca7d-57aa-42f2-8ae7-aaf58898351a","local_time":"20210224163529","is_ascension_mode":false,"campfire_choices":[{"data":"HollowMod:FocusHealStart","floor":7.0,"key":"SMITH"},{"data":"HollowMod:SoulSplash","floor":15.0,"key":"SMITH"},{"data":"infinitespire:UltimateForm","floor":30.0,"key":"SMITH"},{"data":"HollowMod:CloakDash","floor":32.0,"key":"SMITH"},{"data":"Apotheosis","floor":41.0,"key":"SMITH"},{"data":"infinitespire:Collect","floor":45.0,"key":"SMITH"},{"data":"hubris:Fate","floor":49,"key":"SMITH"},{"data":"HollowMod:SoulVessel","floor":52,"key":"SMITH"}],"circlet_count":0,"master_deck":["HollowMod:NailStrikeStart","HollowMod:NailStrikeStart","HollowMod:NailStrikeStart","HollowMod:NailStrikeStart","HollowMod:QuickDashStart","HollowMod:QuickDashStart","HollowMod:QuickDashStart","HollowMod:QuickDashStart","HollowMod:FocusHealStart+1","HollowMod:PogoStrike","HollowMod:HeavyBlow","HollowMod:HowlingWraiths","HollowMod:CycloneSlash","HollowMod:BaldurShell","HollowMod:SoulSplash+1","HollowMod:RecoilStrike+1","HollowMod:HuntersJournal","HollowMod:SoulVessel+1","HollowMod:CloakDash+1","HollowMod:GreatSlash+1","Pot Of Greed","Pot Of Greed","HollowMod:VengefulSpirit+1","AbeCurse","infinitespire:Fortify","Pot Of Greed","infinitespire:UltimateForm+1","hubris:Fate+1","Apotheosis+1","infinitespire:Punishment","infinitespire:Collect+1"],"relics":["HollowMod:VesselMask","Membership Card","ClockworkSouvenir","ReplayFunnel","HollowMod:MillibellesNoteRelic","hubris:Icosahedron","Darkstone Periapt","Bag of Preparation","Black Star","HollowMod:LifeEnderRelic","Grinning Jar","Abe\u0027s Treasure","Toolbox","Orichalcum","ReplayTheSpireMod:TigerMarble","infinitespire:PuzzleCube","ReplayTheSpireMod:Ninjato","hubris:Reverence","infinitespire:EvilPickle","hubris:ScarierMask","Ginger","Oddly Smooth Stone","Replay:Rubber Ducky","hubris:SlimyHat","HandDrill","Medical Kit","Replay:PocketPolymizer","Singing Bowl","Anchor","Ice Cream","infinitespire:Bottled Soul","hubris:Backtick","hubris:FunFungus","Strawberry","Replay:Baseball","Lee\u0027s Waffle","hubris:EmptyBottle","hubris:TinFlute","White Beast Statue"],"acts_visited":["Exordium","TheCity","TheBeyond","TheEnding"],"potions_floor_usage":[],"damage_taken":[{"damage":1.0,"enemies":"Jaw Worm","floor":1.0,"turns":4.0},{"damage":0.0,"enemies":"Cultist","floor":2.0,"turns":3.0},{"damage":0.0,"enemies":"Small Slimes","floor":3.0,"turns":3.0},{"damage":4.0,"enemies":"Red Slaver","floor":4.0,"turns":4.0},{"damage":1.0,"enemies":"2 Fungi Beasts","floor":5.0,"turns":2.0},{"damage":7.0,"enemies":"Gremlin Nob","floor":6.0,"turns":4.0},{"damage":18.0,"enemies":"Exordium Thugs","floor":11.0,"turns":4.0},{"damage":6.0,"enemies":"Lots of Slimes","floor":12.0,"turns":2.0},{"damage":5.0,"enemies":"3 Sentries","floor":13.0,"turns":5.0},{"damage":0.0,"enemies":"2 Fungi Beasts","floor":14.0,"turns":1.0},{"damage":0.0,"enemies":"Slime Boss","floor":16.0,"turns":5.0},{"damage":30.0,"enemies":"2 Thieves","floor":18.0,"turns":3.0},{"damage":10.0,"enemies":"Shell Parasite","floor":20.0,"turns":6.0},{"damage":4.0,"enemies":"Centurion and Healer","floor":21.0,"turns":4.0},{"damage":4.0,"enemies":"Snecko","floor":22.0,"turns":5.0},{"damage":22.0,"enemies":"Slavers","floor":23.0,"turns":3.0},{"damage":5.0,"enemies":"Chosen and Byrds","floor":24.0,"turns":3.0},{"damage":10.0,"enemies":"Snake Plant","floor":27.0,"turns":3.0},{"damage":0.0,"enemies":"Gremlin Leader","floor":29.0,"turns":4.0},{"damage":3.0,"enemies":"Pondfish","floor":33.0,"turns":5.0},{"damage":0.0,"enemies":"3 Darklings","floor":35.0,"turns":2.0},{"damage":1.0,"enemies":"3 Shapes","floor":36.0,"turns":3.0},{"damage":0.0,"enemies":"R_Hoarder","floor":40.0,"turns":7.0},{"damage":6.0,"enemies":"Nightmare","floor":42.0,"turns":11.0},{"damage":0.0,"enemies":"Spire Growth","floor":47.0,"turns":3.0},{"damage":0,"enemies":"HollowMod:SlobberingHusk","floor":48,"turns":4},{"damage":0,"enemies":"infinitespire:MassOfShapes","floor":50,"turns":5},{"damage":0,"enemies":"Shield and Spear","floor":54,"turns":2},{"damage":29,"enemies":"The Heart","floor":55,"turns":10}],"seed_played":"2496492007270686853","potions_obtained":[{"floor":3.0,"key":"ColorlessPotion"},{"floor":6.0,"key":"Swift Potion"},{"floor":12.0,"key":"BlessingOfTheForge"}],"is_trial":false,"path_per_floor":["M","M","M","M","M","E","R","?","T","?","M","M","E","M","R","B",null,"M","?","M","M","M","E","M","AVR","T","M","$","E","R","T","R","B",null,"M","M","$","?","$","E","R","NM","T","AVR","R","?","M","M","R","B",null,"R","$","E","B",null],"character_chosen":"THE_BUGKNIGHT","items_purchased":["Membership Card","HollowMod:HeavyBlow","ClockworkSouvenir","ReplayFunnel","HollowMod:HowlingWraiths","HollowMod:MillibellesNoteRelic","HollowMod:CycloneSlash","ReplayTheSpireMod:TigerMarble","Apotheosis","Ginger","Oddly Smooth Stone","Replay:Rubber Ducky","hubris:SlimyHat","HandDrill","Medical Kit","Replay:Baseball","Lee\u0027s Waffle","hubris:EmptyBottle"],"campfire_rested":0,"item_purchase_floors":[0,0,0,0,0,0,0,28,37,37,37,37,39,39,39,53,53,53],"current_hp_per_floor":[75,75,75,75,74,67,67,67,67,67,59,69,70,70,70,70,75,45,45,45,47,53,37,38,44,44,40,40,46,46,46,46,43,81,81,80,86,86,86,89,89,91,91,98,98,98,100,102,102,102,102,102,109,111,111],"gold":33,"neow_bonus":"","is_daily":false,"chose_seed":false,"campfire_upgraded":8,"win_rate":0.0,"timestamp":1614180929,"path_taken":["M","M","M","M","M","E","R","?","T","?","?","M","E","M","R","BOSS","M","?","?","M","M","E","M","AVR","T","M","$","E","R","?","R","BOSS","M","M","$","?","$","E","R","NM","T","AVR","R","?","M","M","R","BOSS","R","$","E","BOSS"],"items_purchased_type":["Relic","Card","Relic","Relic","Card","Relic","Card","Relic","Card","Relic","Relic","Relic","Relic","Relic","Relic","Relic","Relic","Relic"],"build_version":"2020-12-22","purchased_purges":2,"victory":true,"max_hp_per_floor":[75,75,75,75,75,75,75,75,75,75,75,75,75,75,75,75,75,75,75,75,75,75,75,75,81,81,81,81,81,81,81,81,81,81,81,81,87,87,87,89,89,91,91,98,98,98,100,102,102,102,102,102,109,111,111],"card_choices":[{"not_picked":["HollowMod:WraithStrike","HollowMod:ShapeofUnn","HollowMod:SiblingsSouls"],"picked":"SKIP","floor":1.0},{"not_picked":["HollowMod:InfectedCysts","HollowMod:ChannelNail"],"picked":"HollowMod:BaldurShell","floor":2.0},{"not_picked":["HollowMod:SoulShaman","HollowMod:TaintedHusks"],"picked":"HollowMod:SoulSplash","floor":3.0},{"not_picked":["HollowMod:Grubsong","HollowMod:FallenFury","HollowMod:DesolateDive"],"picked":"SKIP","floor":4.0},{"not_picked":["HollowMod:GrimmsGift","HollowMod:SiblingsShadow","HollowMod:MantisMark"],"picked":"SKIP","floor":5.0},{"not_picked":["HollowMod:TaintedHusks","HollowMod:GoodIntentions","HollowMod:DesolateDive"],"picked":"SKIP","floor":6.0},{"not_picked":["HollowMod:SoulShaman+1","HollowMod:BlackTendrils+1"],"picked":"HollowMod:RecoilStrike+1","floor":10.0},{"not_picked":["HollowMod:GoodIntentions","HollowMod:NewLittleFool"],"picked":"HollowMod:HuntersJournal","floor":11.0},{"not_picked":["HollowMod:BlackTendrils","HollowMod:MantisMark","HollowMod:SharpenedShadows"],"picked":"SKIP","floor":12.0},{"not_picked":["HollowMod:HowlingWraiths","HollowMod:SoulShaman","HollowMod:VengefulVoid"],"picked":"SKIP","floor":13.0},{"not_picked":["HollowMod:ShapeofUnn","HollowMod:DesolateDive"],"picked":"HollowMod:SoulVessel","floor":14.0},{"not_picked":["HollowMod:ZotesMagnificence","HollowMod:Hiveblood"],"picked":"HollowMod:SoulMaster","floor":16.0},{"not_picked":["HollowMod:SoulShaman","HollowMod:SoulEater","HollowMod:DashSlash"],"picked":"SKIP","floor":18.0},{"not_picked":["HollowMod:TaintedHusks","HollowMod:InfectionAssault+1","HollowMod:AbyssShriek"],"picked":"SKIP","floor":20.0},{"not_picked":["HollowMod:ShapeofUnn+1","HollowMod:SharpenedNail"],"picked":"HollowMod:CloakDash","floor":21.0},{"not_picked":["HollowMod:VengefulVoid","HollowMod:QuirrelsAssistance+1"],"picked":"HollowMod:GreatSlash+1","floor":22.0},{"not_picked":["HollowMod:AbyssShriek+1","HollowMod:FallenFury+1","HollowMod:GrimmsGift"],"picked":"SKIP","floor":23.0},{"not_picked":["HollowMod:BlackTendrils","HollowMod:SiblingsSouls"],"picked":"HollowMod:VengefulSpirit+1","floor":24.0},{"not_picked":["HollowMod:InfectedAttack","HollowMod:SiblingsSouls","HollowMod:BlackTendrils"],"picked":"SKIP","floor":27.0},{"not_picked":["HollowMod:FallenFury","HollowMod:Grubsong","HollowMod:CrystalDash"],"picked":"SKIP","floor":29.0},{"not_picked":["HollowMod:NewLittleFool","HollowMod:DesolateDive+1","HollowMod:BlackTendrils"],"picked":"SKIP","floor":35.0},{"not_picked":["HollowMod:NewLittleFool","HollowMod:WraithStrike+1","HollowMod:SiblingsSouls"],"picked":"SKIP","floor":36.0},{"not_picked":["HollowMod:TaintedHusks+1","HollowMod:ElderbugsWisdom","HollowMod:NewJinnsSoul+1"],"picked":"Singing Bowl","floor":40.0},{"not_picked":["HollowMod:HornetsHelp","HollowMod:Grubsong+1","HollowMod:HowlingWraiths"],"picked":"Singing Bowl","floor":42.0},{"not_picked":["HollowMod:QuirrelsAssistance","HollowMod:MonarchWings+1","HollowMod:ShadowDash"],"picked":"Singing Bowl","floor":47.0},{"not_picked":["HollowMod:ZotesMagnificence","HollowMod:LifebloodCocoon","HollowMod:WraithStrike"],"picked":"Singing Bowl","floor":48},{"not_picked":["HollowMod:CycloneSlash","HollowMod:SoulShaman+1","HollowMod:DesolateDive+1"],"picked":"Singing Bowl","floor":54}],"player_experience":275973,"relics_obtained":[{"floor":9.0,"key":"Darkstone Periapt"},{"floor":13.0,"key":"Bag of Preparation"},{"floor":23.0,"key":"HollowMod:LifeEnderRelic"},{"floor":23.0,"key":"Grinning Jar"},{"floor":26.0,"key":"Orichalcum"},{"floor":29.0,"key":"infinitespire:PuzzleCube"},{"floor":29.0,"key":"ReplayTheSpireMod:Ninjato"},{"floor":31.0,"key":"hubris:Reverence"},{"floor":40.0,"key":"Replay:PocketPolymizer"},{"floor":40.0,"key":"Singing Bowl"},{"floor":42.0,"key":"Anchor"},{"floor":42.0,"key":"Ice Cream"},{"floor":43.0,"key":"infinitespire:Bottled Soul"},{"floor":54,"key":"hubris:TinFlute"},{"floor":54,"key":"White Beast Statue"}],"event_choices":[{"damage_healed":0.0,"max_hp_gain":0.0,"max_hp_loss":0.0,"gold_gain":0.0,"event_name":"betterMatch:BetterMatch","player_choice":"2","floor":10.0,"gold_loss":0.0,"damage_taken":0.0,"cards_obtained":["betterMatch:UncommonCard"]},{"damage_healed":0.0,"max_hp_gain":0.0,"max_hp_loss":0.0,"gold_gain":0.0,"event_name":"Upgrade Shrine","player_choice":"Upgraded","floor":19.0,"gold_loss":0.0,"damage_taken":0.0,"cards_upgraded":["HollowMod:SoulMaster"]},{"damage_healed":0.0,"max_hp_gain":0.0,"max_hp_loss":0.0,"gold_gain":0.0,"event_name":"The Woman in Blue","player_choice":"Bought 0 Potions","floor":46.0,"gold_loss":0.0,"damage_taken":0.0}],"is_beta":false,"boss_relics":[{"not_picked":["Ring of Chaos","Philosopher\u0027s Stone"],"picked":"Black Star"},{"not_picked":["hubris:Stopwatch","hubris:HollowSoul"],"picked":"hubris:ScarierMask"}],"items_purged_floors":[37,44],"is_endless":false,"potions_floor_spawned":[3,6,12,13,16,18,21,23,24,27,29,36,48,54],"ascension_level":0}}