{"host":"8f5cu9y0fpol72qs","time":1614126589,"event":{"mods":["AlwaysNeverKeys","BaseMod","Colored Map","Colored Powertips","Curses Come First","Highlight Path","Key Reminder","Minty Spire (QoL Compilation)","StSLib"],"gold_per_floor":[12,31,50,66,66,66,100,116,116,116,116,144,164,193,193,270,270,283,301,348,348,413,413,473,473,473,488,544,558,558,658,658,735,735,747,747,747,766,785,845,890,890,890,918,918,593,483,499,499,499,499,499,499,7,34,34,34],"floor_reached":56,"language":"ENG","playtime":7028,"items_purged":["Defend_P","Strike_P"],"score":2059,"play_id":"598e607f-67c7-4869-8736-72d4bbeb9ccb","local_time":"20210223162949","is_ascension_mode":true,"campfire_choices":[{"data":"CrushJoints","floor":6.0,"key":"SMITH"},{"data":"CutThroughFate","floor":15.0,"key":"SMITH"},{"data":"FlurryOfBlows","floor":23.0,"key":"SMITH"},{"data":"DevaForm","floor":25.0,"key":"SMITH"},{"data":"InnerPeace","floor":30.0,"key":"SMITH"},{"floor":32.0,"key":"REST"},{"floor":42.0,"key":"RECALL"},{"data":"WheelKick","floor":49.0,"key":"SMITH"},{"floor":53.0,"key":"REST"}],"circlet_count":0,"master_deck":["AscendersBane","Strike_P","Strike_P","Defend_P","Eruption","Vigilance","WheelKick+1","BowlingBash","CrushJoints+1","InnerPeace+1","DevaForm+1","CutThroughFate+1","Judgement+1","FearNoEvil","InnerPeace+1","Wish+1","EmptyBody+1","EmptyBody+1","FlurryOfBlows+1","Sanctity+1","DeceiveReality+1","Crescendo+1","SpiritShield+1","ThirdEye+1","ReachHeaven","Vault+1","Worship+1","Madness+1","Dark Shackles+1","Impatience+1","LikeWater+1","MentalFortress+1","Worship+1","Sanctity+1","Tantrum","Good Instincts+1"],"relics":["HolyWater","Ice Cream","Toxic Egg 2","Matryoshka","Meat on the Bone","Bottled Lightning","Red Mask","White Beast Statue","PreservedInsect","Bottled Flame","Gremlin Horn","Gambling Chip","StrikeDummy","SlaversCollar","Mercury Hourglass","Dream Catcher","Nunchaku","Lee\u0027s Waffle","Strawberry"],"acts_visited":["Exordium","TheCity","TheBeyond","TheEnding"],"potions_floor_usage":[55,56],"damage_taken":[{"damage":4.0,"enemies":"Jaw Worm","floor":1.0,"turns":5.0},{"damage":4.0,"enemies":"2 Louse","floor":2.0,"turns":3.0},{"damage":0.0,"enemies":"Cultist","floor":3.0,"turns":3.0},{"damage":7.0,"enemies":"2 Fungi Beasts","floor":4.0,"turns":4.0},{"damage":19.0,"enemies":"Gremlin Nob","floor":7.0,"turns":4.0},{"damage":0.0,"enemies":"Large Slime","floor":8.0,"turns":4.0},{"damage":27.0,"enemies":"3 Sentries","floor":12.0,"turns":8.0},{"damage":0.0,"enemies":"Looter","floor":13.0,"turns":2.0},{"damage":0.0,"enemies":"Lagavulin","floor":14.0,"turns":5.0},{"damage":6.0,"enemies":"The Guardian","floor":16.0,"turns":8.0},{"damage":0.0,"enemies":"Spheric Guardian","floor":18.0,"turns":2.0},{"damage":28.0,"enemies":"Chosen","floor":19.0,"turns":4.0},{"damage":17.0,"enemies":"Snecko","floor":20.0,"turns":7.0},{"damage":13.0,"enemies":"Masked Bandits","floor":22.0,"turns":5.0},{"damage":15.0,"enemies":"Slavers","floor":24.0,"turns":7.0},{"damage":26.0,"enemies":"Sentry and Sphere","floor":27.0,"turns":4.0},{"damage":16.0,"enemies":"Book of Stabbing","floor":28.0,"turns":3.0},{"damage":0.0,"enemies":"Snake Plant","floor":29.0,"turns":2.0},{"damage":0.0,"enemies":"Colosseum Slavers","floor":31.0,"turns":1.0},{"damage":5.0,"enemies":"Colosseum Nobs","floor":31.0,"turns":3.0},{"damage":3.0,"enemies":"Champ","floor":33.0,"turns":11.0},{"damage":0.0,"enemies":"3 Darklings","floor":35.0,"turns":4.0},{"damage":2.0,"enemies":"Orb Walker","floor":38.0,"turns":3.0},{"damage":0.0,"enemies":"3 Darklings","floor":39.0,"turns":2.0},{"damage":0.0,"enemies":"Reptomancer","floor":40.0,"turns":6.0},{"damage":16.0,"enemies":"Spire Growth","floor":41.0,"turns":8.0},{"damage":0.0,"enemies":"Giant Head","floor":44.0,"turns":5.0},{"damage":0.0,"enemies":"Jaw Worm Horde","floor":48.0,"turns":3.0},{"damage":43.0,"enemies":"Time Eater","floor":50.0,"turns":7.0},{"damage":33.0,"enemies":"Awakened One","floor":51.0,"turns":9.0},{"damage":54,"enemies":"Shield and Spear","floor":55,"turns":6},{"damage":68,"enemies":"The Heart","floor":56,"turns":3}],"seed_played":"-7068131898128558214","potions_obtained":[{"floor":3.0,"key":"Ancient Potion"},{"floor":7.0,"key":"DistilledChaos"},{"floor":12.0,"key":"Regen Potion"},{"floor":13.0,"key":"Energy Potion"},{"floor":19.0,"key":"CultistPotion"},{"floor":22.0,"key":"DuplicationPotion"},{"floor":24.0,"key":"BlessingOfTheForge"},{"floor":27.0,"key":"BottledMiracle"},{"floor":28.0,"key":"LiquidMemories"},{"floor":29.0,"key":"ColorlessPotion"},{"floor":31.0,"key":"AttackPotion"},{"floor":33.0,"key":"EssenceOfSteel"},{"floor":35.0,"key":"Explosive Potion"},{"floor":39.0,"key":"SpeedPotion"},{"floor":40.0,"key":"SteroidPotion"},{"floor":41.0,"key":"EssenceOfSteel"},{"floor":44.0,"key":"LiquidBronze"},{"floor":48.0,"key":"SteroidPotion"},{"floor":55,"key":"Explosive Potion"}],"is_trial":false,"path_per_floor":["M","M","M","M","?","R","E","M","T","?","?","E","M","E","R","B",null,"M","M","M","?","?","R","E","R","T","M","E","M","R","?","R","B",null,"M","?","?","M","M","E","M","R","T","E","?","$","?","M","R","B","B",null,"R","$","E","B"],"character_chosen":"WATCHER","items_purchased":["Lee\u0027s Waffle","LikeWater","DuplicationPotion","Worship+1","Sanctity+1","Tantrum","Good Instincts+1"],"campfire_rested":2,"item_purchase_floors":[46,46,54,54,54,54,54],"current_hp_per_floor":[57,53,53,46,46,46,27,27,27,32,32,5,17,43,43,37,64,64,48,43,43,42,42,39,39,39,25,21,33,33,40,61,58,69,69,69,69,67,67,67,51,51,51,51,41,76,76,76,76,45,24,63,76,76,41,0,0],"gold":34,"neow_bonus":"ONE_RARE_RELIC","is_daily":false,"chose_seed":false,"campfire_upgraded":6,"win_rate":0.0,"timestamp":1614126589,"path_taken":["M","M","M","M","?","R","E","M","T","?","?","E","?","E","R","BOSS","M","M","M","?","?","R","E","R","T","M","E","M","R","?","R","BOSS","M","?","?","M","M","E","?","R","T","E","?","$","?","?","R","BOSS","BOSS","R","$","E","BOSS"],"items_purchased_type":["Relic","Card","Potion","Card","Card","Card","Card"],"build_version":"2020-12-22","purchased_purges":2,"victory":false,"max_hp_per_floor":[68,68,68,68,68,68,68,68,68,73,73,73,73,73,73,73,73,73,73,73,73,73,73,73,73,73,73,73,73,73,73,73,73,73,73,69,69,69,69,69,69,69,69,69,69,76,76,76,76,76,76,76,76,76,83,83,83],"card_choices":[{"not_picked":["Halt","Crescendo"],"picked":"WheelKick","floor":1.0},{"not_picked":["Halt","BattleHymn"],"picked":"BowlingBash","floor":2.0},{"not_picked":["Halt","EmptyBody"],"picked":"CrushJoints","floor":3.0},{"not_picked":["Prostrate","Sanctity"],"picked":"InnerPeace","floor":4.0},{"not_picked":["CrushJoints","Fasting2"],"picked":"DevaForm","floor":7.0},{"not_picked":["FlyingSleeves","Wireheading"],"picked":"CutThroughFate","floor":8.0},{"not_picked":["Nirvana","SashWhip"],"picked":"Judgement+1","floor":12.0},{"not_picked":["JustLucky","Prostrate+1"],"picked":"FearNoEvil","floor":13.0},{"not_picked":["EmptyFist","MentalFortress"],"picked":"InnerPeace+1","floor":14.0},{"not_picked":["DevaForm","Brilliance"],"picked":"Wish+1","floor":16.0},{"not_picked":["Study","SignatureMove","PathToVictory+1"],"picked":"SKIP","floor":18.0},{"not_picked":["FlyingSleeves","Consecrate"],"picked":"EmptyBody+1","floor":19.0},{"not_picked":["Protect+1","Evaluate+1"],"picked":"EmptyBody+1","floor":20.0},{"not_picked":["Collect+1","Prostrate+1"],"picked":"FlurryOfBlows","floor":22.0},{"not_picked":["Prostrate+1","FlurryOfBlows"],"picked":"Sanctity+1","floor":24.0},{"not_picked":["DevaForm","Prostrate+1","InnerPeace+1"],"picked":"SKIP","floor":27.0},{"not_picked":["BowlingBash","SashWhip","CarveReality"],"picked":"SKIP","floor":28.0},{"not_picked":["Crescendo+1","Consecrate"],"picked":"DeceiveReality+1","floor":29.0},{"not_picked":["ReachHeaven","Consecrate"],"picked":"Crescendo+1","floor":31.0},{"not_picked":["Judgement+1","LessonLearned"],"picked":"SpiritShield+1","floor":33.0},{"not_picked":["SandsOfTime+1","FollowUp"],"picked":"ThirdEye+1","floor":35.0},{"not_picked":["FlurryOfBlows","EmptyFist+1","Prostrate+1"],"picked":"SKIP","floor":38.0},{"not_picked":["Prostrate+1","MentalFortress"],"picked":"Vault+1","floor":39.0},{"not_picked":["PathToVictory+1","CutThroughFate"],"picked":"Worship+1","floor":40.0},{"not_picked":["DeceiveReality+1","EmptyBody+1","Protect+1"],"picked":"SKIP","floor":41.0},{"not_picked":["Pray+1","Halt+1","FlurryOfBlows"],"picked":"SKIP","floor":44.0},{"not_picked":["Forethought+1","Jack Of All Trades+1"],"picked":"Madness+1","floor":45.0},{"not_picked":["HandOfGreed","Sadistic Nature"],"picked":"Dark Shackles+1","floor":45.0},{"not_picked":["Bandage Up+1","Madness+1"],"picked":"Impatience+1","floor":45.0},{"not_picked":["LikeWater","FearNoEvil"],"picked":"MentalFortress+1","floor":48.0},{"not_picked":["DeceiveReality+1","Worship+1","Swivel+1"],"picked":"SKIP","floor":55}],"player_experience":1131650,"relics_obtained":[{"floor":7.0,"key":"Toxic Egg 2"},{"floor":9.0,"key":"Matryoshka"},{"floor":12.0,"key":"Meat on the Bone"},{"floor":14.0,"key":"Bottled Lightning"},{"floor":22.0,"key":"Red Mask"},{"floor":24.0,"key":"White Beast Statue"},{"floor":26.0,"key":"PreservedInsect"},{"floor":26.0,"key":"Bottled Flame"},{"floor":28.0,"key":"Gremlin Horn"},{"floor":31.0,"key":"Gambling Chip"},{"floor":31.0,"key":"StrikeDummy"},{"floor":40.0,"key":"Mercury Hourglass"},{"floor":43.0,"key":"Dream Catcher"},{"floor":44.0,"key":"Nunchaku"},{"floor":55,"key":"Strawberry"}],"event_choices":[{"damage_healed":0.0,"max_hp_gain":0.0,"max_hp_loss":0.0,"gold_gain":0.0,"event_name":"Liars Game","player_choice":"Ignored","floor":5.0,"gold_loss":0.0,"damage_taken":0.0},{"damage_healed":0.0,"max_hp_gain":5.0,"max_hp_loss":0.0,"gold_gain":0.0,"event_name":"Big Fish","player_choice":"Donut","floor":10.0,"gold_loss":0.0,"damage_taken":0.0},{"cards_removed":["Strike_P"],"damage_healed":0.0,"max_hp_gain":0.0,"max_hp_loss":0.0,"gold_gain":0.0,"event_name":"Wheel of Change","player_choice":"Card Removal","floor":11.0,"gold_loss":0.0,"damage_taken":0.0},{"damage_healed":0.0,"max_hp_gain":0.0,"max_hp_loss":0.0,"gold_gain":0.0,"event_name":"Ghosts","player_choice":"Ignored","floor":21.0,"gold_loss":0.0,"damage_taken":0.0},{"damage_healed":0.0,"max_hp_gain":0.0,"max_hp_loss":0.0,"gold_gain":0.0,"event_name":"Masked Bandits","player_choice":"Fought Bandits","floor":22.0,"gold_loss":0.0,"damage_taken":0.0},{"damage_healed":0.0,"max_hp_gain":0.0,"max_hp_loss":0.0,"gold_gain":0.0,"event_name":"Colosseum","player_choice":"Fight","floor":31.0,"gold_loss":0.0,"damage_taken":0.0},{"damage_healed":0.0,"max_hp_gain":0.0,"max_hp_loss":0.0,"gold_gain":0.0,"event_name":"Colosseum","player_choice":"Fought Nobs","floor":31.0,"gold_loss":0.0,"damage_taken":0.0},{"damage_healed":0.0,"max_hp_gain":0.0,"max_hp_loss":4.0,"gold_gain":0.0,"event_name":"Winding Halls","player_choice":"Max HP","floor":36.0,"gold_loss":0.0,"damage_taken":0.0},{"damage_healed":0.0,"max_hp_gain":0.0,"max_hp_loss":0.0,"gold_gain":0.0,"cards_transformed":["Defend_P"],"event_name":"Transmorgrifier","player_choice":"Transformed","floor":37.0,"gold_loss":0.0,"damage_taken":0.0,"cards_obtained":["ReachHeaven"]},{"damage_healed":0.0,"max_hp_gain":0.0,"max_hp_loss":0.0,"gold_gain":0.0,"event_name":"SensoryStone","player_choice":"Memory 3","floor":45.0,"gold_loss":0.0,"damage_taken":10.0},{"cards_removed":["Defend_P"],"damage_healed":0.0,"max_hp_gain":0.0,"max_hp_loss":0.0,"gold_gain":0.0,"event_name":"Designer","player_choice":"Upgrade and Remove","floor":47.0,"gold_loss":110.0,"damage_taken":0.0,"cards_upgraded":["LikeWater"]}],"is_beta":false,"boss_relics":[{"not_picked":["Busted Crown","SacredBark"],"picked":"HolyWater"},{"not_picked":["Calling Bell","Tiny House"],"picked":"SlaversCollar"}],"items_purged_floors":[46,54],"is_endless":false,"potions_floor_spawned":[3,7,12,13,19,22,24,27,28,29,31,31,33,35,38,39,40,41,44,48,55],"killed_by":"The Heart","ascension_level":20}}