{"host":"7bb7osqc91rjfyph","time":1614201855,"event":{"mods":["AchievementEnabler","BaseMod","BetterRewards","Colored Map","Colored Powertips","Downfall","Googly Eyes","Hermit","Hubris","Marisa????????","Minty Spire (QoL Compilation)","Shop Mod","StSLib","The Cursed"],"gold_per_floor":[99,114,127,137,150,184,184,211,231,257,257,291,324,355,374,448,448,448,465,485,59,77,111,111,143,173,201,201,229,265,57,72,155,155,155,173,188,201,214,249,249,249,323,360,660,701,742,295,309,309],"floor_reached":51,"language":"ENG","playtime":1814,"items_purged":["sneckomod:SerpentMind","bronze:Verify","champ:GladiatorForm"],"score":3020,"play_id":"dcdc211d-482c-4ec9-8f8d-1263644fe719","local_time":"20210224152415","daily_mods":["SealedDeck","Vintage","Heirloom","Time Dilation","Flight","DeadlyEvents","Elite Swarm"],"is_ascension_mode":true,"campfire_choices":[{"data":"Wraith Form v2","floor":1.0,"key":"SMITH"},{"floor":11.0,"key":"DIG"},{"floor":18.0,"key":"RECALL"},{"floor":35.0,"key":"DIG"},{"floor":42.0,"key":"DIG"},{"floor":45.0,"key":"DIG"}],"circlet_count":0,"master_deck":["Demon Form","Wraith Form v2+1","Echo Form","DevaForm","Guardian:ConstructionForm","Slimebound:DuplicatedForm","AscendersBane","Shrug It Off+1","Armaments","Inflame","Disarm","Pommel Strike+1","Carnage+1","Heavy Blade","Fire Breathing","Flame Barrier","Carnage","hubris:StunningStrike+1","Fiend Fire","Immolate","Brutality","Bludgeon","Exhume+1","Feed","Double Tap","hubris:StunningStrike","Feed","Barricade","Offering","Impervious","Demon Form","Fiend Fire","Double Tap","Exhume","Corruption"],"relics":["Snecko Eye","hubris:FunFungus","Pocketwatch","hexamod:CandleOfCauterizing","hubris:ChampionShield","Guardian:GemstoneGun","Shovel","sneckomod:SuperSneckoEye","Regal Pillow","hubris:Reverence","hubris:Potato","Whetstone","bronze:BronzeIdol","hexamod:BolsterEngine","hubris:BundleOfHerbs","Art of War","Busted Crown","Strawberry","Bag of Marbles","Potion Belt","hubris:GlazedTorus","TheAbacus","Smiling Mask","hubris:DeckOfHolding","Torii","Pear","FossilizedHelix","Unceasing Top","CeramicFish","Ancient Tea Set","Tiny Chest","hubris:ScarierMask","Bottled Flame","InkBottle","Lantern","Charon\u0027s Ashes","Boot","War Paint","Mango","hubris:Metronome","Bottled Lightning","Old Coin","Anchor","Guardian:PocketSentry","Membership Card","Bag of Preparation","hubris:MysteriousPyramids","hubris:CuriousFeather"],"acts_visited":["Exordium","TheCity","TheBeyond"],"potions_floor_usage":[50],"damage_taken":[{"damage":0.0,"enemies":"2 Louse","floor":2.0,"turns":2.0},{"damage":16.0,"enemies":"Cultist","floor":3.0,"turns":3.0},{"damage":0.0,"enemies":"Small Slimes","floor":4.0,"turns":3.0},{"damage":7.0,"enemies":"3 Louse","floor":5.0,"turns":2.0},{"damage":0.0,"enemies":"Lagavulin","floor":6.0,"turns":4.0},{"damage":15.0,"enemies":"Gremlin Nob","floor":8.0,"turns":1.0},{"damage":15.0,"enemies":"Large Slime","floor":9.0,"turns":1.0},{"damage":0.0,"enemies":"Lagavulin","floor":10.0,"turns":3.0},{"damage":0.0,"enemies":"Gremlin Nob","floor":12.0,"turns":2.0},{"damage":0.0,"enemies":"Lagavulin","floor":13.0,"turns":3.0},{"damage":0.0,"enemies":"Gremlin Nob","floor":14.0,"turns":2.0},{"damage":0.0,"enemies":"Blue Slaver","floor":15.0,"turns":1.0},{"damage":1.0,"enemies":"DF_ARCHETYPE_STREAMLINE","floor":16.0,"turns":4.0},{"damage":10.0,"enemies":"3 Byrds","floor":19.0,"turns":3.0},{"damage":0.0,"enemies":"downfall:LooterAlt2","floor":20.0,"turns":3.0},{"damage":0.0,"enemies":"downfall:FleeingMerchant","floor":21.0,"turns":4.0},{"damage":0.0,"enemies":"Snecko","floor":22.0,"turns":1.0},{"damage":0.0,"enemies":"Book of Stabbing","floor":23.0,"turns":1.0},{"damage":0.0,"enemies":"Gremlin Leader","floor":25.0,"turns":1.0},{"damage":0.0,"enemies":"Book of Stabbing","floor":26.0,"turns":2.0},{"damage":0.0,"enemies":"Slavers","floor":27.0,"turns":1.0},{"damage":0.0,"enemies":"Gremlin Leader","floor":29.0,"turns":1.0},{"damage":0.0,"enemies":"Slavers","floor":30.0,"turns":2.0},{"damage":0.0,"enemies":"Centurion and Healer","floor":32.0,"turns":2.0},{"damage":0.0,"enemies":"SI_MIRROR_ARCHETYPE","floor":33.0,"turns":3.0},{"damage":0.0,"enemies":"Orb Walker","floor":36.0,"turns":1.0},{"damage":0.0,"enemies":"3 Shapes","floor":37.0,"turns":1.0},{"damage":0.0,"enemies":"Spire Growth","floor":38.0,"turns":2.0},{"damage":0.0,"enemies":"Writhing Mass","floor":39.0,"turns":2.0},{"damage":0.0,"enemies":"Nemesis","floor":40.0,"turns":1.0},{"damage":0.0,"enemies":"Giant Head","floor":44.0,"turns":4.0},{"damage":0.0,"enemies":"Reptomancer","floor":46.0,"turns":1.0},{"damage":0.0,"enemies":"Nemesis","floor":47.0,"turns":2.0},{"damage":0.0,"enemies":"3 Darklings","floor":49.0,"turns":1.0},{"damage":0,"enemies":"WA_ARCHETYPE_DIVINITY","floor":50,"turns":5}],"seed_played":"-1426417032830000288","potions_obtained":[{"floor":3.0,"key":"CultistPotion"},{"floor":4.0,"key":"ElixirPotion"},{"floor":6.0,"key":"Weak Potion"},{"floor":19.0,"key":"Energy Potion"},{"floor":25.0,"key":"HeartOfIron"},{"floor":26.0,"key":"GamblersBrew"},{"floor":27.0,"key":"DuplicationPotion"}],"is_trial":true,"path_per_floor":["R","M","M","M","M","E","T","E","M","E","R","E","E","E","M","B",null,"R","M","M","$","M","E","T","E","E","E","?","E","E","$","M","B",null,"R","M","M","M","M","E","T","R","T","E","R","E","E","$","M","B",null],"character_chosen":"IRONCLAD","items_purchased":["Potion Belt","hubris:GlazedTorus","TheAbacus","Ancient Tea Set","Membership Card","Bag of Preparation","hubris:MysteriousPyramids"],"campfire_rested":0,"item_purchase_floors":[21,21,21,31,48,48,48],"current_hp_per_floor":[68,68,67,67,60,75,75,75,75,75,75,75,75,75,75,74,75,75,85,85,85,85,85,85,85,95,98,86,90,93,93,105,109,109,109,109,109,109,109,109,109,123,123,123,123,123,123,123,123,123],"gold":309,"neow_bonus":"","is_daily":false,"chose_seed":false,"campfire_upgraded":1,"win_rate":0.0,"timestamp":1614201855,"path_taken":["R","M","M","M","M","E","T","E","M","E","R","E","E","E","M","BOSS","R","M","M","$","M","E","T","E","E","E","?","E","E","$","M","BOSS","R","M","M","M","M","E","T","R","?","E","R","E","E","$","M","BOSS"],"items_purchased_type":["Relic","Relic","Relic","Relic","Relic","Relic","Relic"],"build_version":"2020-12-22","purchased_purges":3,"victory":true,"max_hp_per_floor":[75,75,75,75,75,75,75,75,75,75,75,75,75,75,75,75,75,75,85,85,85,85,85,85,85,95,98,98,102,105,105,105,109,109,109,109,109,109,109,109,109,123,123,123,123,123,123,123,123,123],"card_choices":[{"not_picked":["Juggernaut","Limit Break"],"picked":"hubris:StunningStrike","floor":6.0},{"not_picked":["Juggernaut","Offering"],"picked":"Fiend Fire","floor":8.0},{"not_picked":["Fiend Fire","Impervious"],"picked":"Immolate","floor":10.0},{"not_picked":["Juggernaut","Impervious"],"picked":"Brutality","floor":12.0},{"not_picked":["Double Tap","Corruption"],"picked":"Bludgeon","floor":13.0},{"not_picked":["Juggernaut","Corruption"],"picked":"Exhume","floor":14.0},{"not_picked":["Impervious","Demon Form"],"picked":"Feed","floor":16.0},{"not_picked":["Clash"],"picked":"SKIP","floor":21.0},{"not_picked":[],"picked":"Double Tap","floor":23.0},{"not_picked":[],"picked":"hubris:StunningStrike","floor":25.0},{"not_picked":[],"picked":"Feed","floor":26.0},{"not_picked":[],"picked":"Barricade","floor":27.0},{"not_picked":[],"picked":"Offering","floor":29.0},{"not_picked":[],"picked":"Impervious","floor":30.0},{"not_picked":[],"picked":"Demon Form","floor":33.0},{"not_picked":[],"picked":"Fiend Fire","floor":40.0},{"not_picked":[],"picked":"Double Tap","floor":44.0},{"not_picked":[],"picked":"Exhume","floor":46.0},{"not_picked":[],"picked":"Corruption","floor":47.0}],"player_experience":142885,"relics_obtained":[{"floor":2.0,"key":"Pocketwatch"},{"floor":3.0,"key":"hexamod:CandleOfCauterizing"},{"floor":4.0,"key":"hubris:ChampionShield"},{"floor":5.0,"key":"Guardian:GemstoneGun"},{"floor":6.0,"key":"Shovel"},{"floor":7.0,"key":"sneckomod:SuperSneckoEye"},{"floor":8.0,"key":"Regal Pillow"},{"floor":9.0,"key":"hubris:Reverence"},{"floor":10.0,"key":"hubris:Potato"},{"floor":11.0,"key":"Whetstone"},{"floor":12.0,"key":"bronze:BronzeIdol"},{"floor":13.0,"key":"hexamod:BolsterEngine"},{"floor":14.0,"key":"hubris:BundleOfHerbs"},{"floor":15.0,"key":"Art of War"},{"floor":19.0,"key":"Strawberry"},{"floor":20.0,"key":"Bag of Marbles"},{"floor":22.0,"key":"Smiling Mask"},{"floor":24.0,"key":"hubris:DeckOfHolding"},{"floor":25.0,"key":"Torii"},{"floor":26.0,"key":"Pear"},{"floor":27.0,"key":"FossilizedHelix"},{"floor":29.0,"key":"Unceasing Top"},{"floor":30.0,"key":"CeramicFish"},{"floor":32.0,"key":"Tiny Chest"},{"floor":35.0,"key":"Bottled Flame"},{"floor":36.0,"key":"InkBottle"},{"floor":37.0,"key":"Lantern"},{"floor":38.0,"key":"Charon\u0027s Ashes"},{"floor":39.0,"key":"Boot"},{"floor":40.0,"key":"War Paint"},{"floor":42.0,"key":"Mango"},{"floor":43.0,"key":"hubris:Metronome"},{"floor":44.0,"key":"Bottled Lightning"},{"floor":45.0,"key":"Old Coin"},{"floor":46.0,"key":"Anchor"},{"floor":47.0,"key":"Guardian:PocketSentry"},{"floor":49,"key":"hubris:CuriousFeather"}],"event_choices":[],"is_beta":false,"boss_relics":[{"not_picked":["hubris:CrackedHourglass","hubris:HollowSoul"],"picked":"Busted Crown"},{"not_picked":["Runic Pyramid","hubris:BlackHole"],"picked":"hubris:ScarierMask"}],"items_purged_floors":[21,31,48],"is_endless":false,"potions_floor_spawned":[3,4,6,12,13,19,25,26,27,30,36,38,39,46],"ascension_level":20}}