{"host":"ox77rn1xcurm2t5a","time":1614199023,"event":{"mods":["2.2 Compatiblity","AchievementEnabler","Act Like it!","Aspiration","BaseMod","Best Route Mod","Better Match","Better Note","Better Sensory Stone","Block Reminder","Colored Map","Colored Powertips","Conjunction","Conspire","Custom Start","Energized Spire","GifTheSpireLib","Gold Saver","Gremlin Skip","Halation","Highlight Path","Hubris","Infinite Spire","Minty Spire (QoL Compilation)","Pale of the Ancients","Quick Restart","Reliquary","Replay The Spire","Reworked Bosses","ShortenTheSpire","Spire Exporter","StSLib","Stuff the Spire","Wandering Minibosses"],"gold_per_floor":[405,405,405,277,290,325,425,425,451,481,52,62,73,73,73,176,176,188,113,113,80,94,94,94],"floor_reached":23,"language":"ENG","playtime":446,"items_purged":["Injury","Defend_R"],"score":344,"play_id":"a545f8b5-5978-4001-8ce9-bc2685084541","local_time":"20210224223703","is_ascension_mode":true,"campfire_choices":[{"floor":8.0,"key":"RECALL"},{"data":"Metallicize","floor":15.0,"key":"SMITH"}],"circlet_count":0,"master_deck":["AscendersBane","Strike_R","Strike_R","Strike_R","Strike_R","Strike_R","Defend_R","Defend_R+1","Defend_R+1","Bash","Thunderclap","Anger+1","Cleave+1","Headbutt+1","Metallicize+1","Iron Wave+1","Juggernaut+1","Thunderclap+1","Thunderclap+1","Perfected Strike+1"],"relics":["Burning Blood","NeowsBlessing","Molten Egg 2","Iron Hammer","War Paint","Singing Bowl","Replay:WaspNest"],"acts_visited":["Exordium","TheCity"],"potions_floor_usage":[23],"damage_taken":[{"damage":0.0,"enemies":"Small Slimes","floor":1.0,"turns":1.0},{"damage":0.0,"enemies":"2 Louse","floor":5.0,"turns":1.0},{"damage":0.0,"enemies":"3 Sentries","floor":6.0,"turns":2.0},{"damage":19.0,"enemies":"Lagavulin","floor":10.0,"turns":5.0},{"damage":0.0,"enemies":"Cultist","floor":12.0,"turns":3.0},{"damage":3.0,"enemies":"Exordium Wildlife","floor":13.0,"turns":4.0},{"damage":56.0,"enemies":"Slime Boss","floor":16.0,"turns":9.0},{"damage":30.0,"enemies":"Shell Parasite","floor":18.0,"turns":6.0},{"damage":16.0,"enemies":"Chosen","floor":22.0,"turns":4.0},{"damage":48,"enemies":"Gremlin Leader","floor":23,"turns":4}],"seed_played":"-1534652512348601847","potions_obtained":[{"floor":6.0,"key":"Milkshake"},{"floor":12.0,"key":"DuplicationPotion"}],"is_trial":false,"path_per_floor":["M","?","?","$","M","E","?","R","T","E","$","M","M","?","R","B",null,"M","?","?","$","M","E"],"character_chosen":"IRONCLAD","items_purchased":["Anger+1","Replay:WaspNest","Metallicize","Thunderclap+1"],"campfire_rested":0,"item_purchase_floors":[4,11,11,21],"current_hp_per_floor":[78,78,78,78,80,80,80,80,80,67,67,75,80,80,80,32,73,49,49,49,49,39,0,0],"gold":94,"neow_bonus":"THREE_ENEMY_KILL","is_daily":false,"chose_seed":false,"campfire_upgraded":1,"win_rate":0.0,"timestamp":1614199023,"path_taken":["M","?","?","$","M","E","?","R","T","E","$","?","M","?","R","BOSS","M","?","?","$","M","E"],"items_purchased_type":["Card","Relic","Card","Card"],"build_version":"2020-12-22","purchased_purges":2,"victory":false,"max_hp_per_floor":[80,80,80,80,80,80,80,80,80,80,80,82,84,84,84,86,86,86,86,86,86,86,86,86],"card_choices":[{"not_picked":["Burning Pact","Iron Wave"],"picked":"Thunderclap","floor":1.0},{"not_picked":["ReplayTheSpireMod:Strike From Hell+1","Shrug It Off","StuffTheSpire:RockThrow+1"],"picked":"SKIP","floor":5.0},{"not_picked":["Havoc","Replay:Undeath\u0027s Touch+1"],"picked":"Cleave+1","floor":6.0},{"not_picked":["StuffTheSpire:Incineration+1","ReplayReversal"],"picked":"Headbutt+1","floor":10.0},{"not_picked":["Body Slam+1","StuffTheSpire:Resist","ReplayReversal"],"picked":"Singing Bowl","floor":12.0},{"not_picked":["Evolve","StuffTheSpire:RockThrow+1","Flex"],"picked":"Singing Bowl","floor":13.0},{"not_picked":["Eclipse","StuffTheSpire:TitanForm","Offering"],"picked":"Singing Bowl","floor":16.0},{"not_picked":["Power Through","Rage"],"picked":"Iron Wave+1","floor":18.0},{"not_picked":["Exhume+1","Brutality+1"],"picked":"Juggernaut+1","floor":19.0},{"not_picked":["Cleave+1","Wild Strike+1"],"picked":"Thunderclap+1","floor":19.0},{"not_picked":["Abandon+1","Thunderclap+1"],"picked":"Perfected Strike+1","floor":22.0}],"player_experience":3240418,"relics_obtained":[{"floor":6.0,"key":"Iron Hammer"},{"floor":9.0,"key":"War Paint"},{"floor":10.0,"key":"Singing Bowl"}],"event_choices":[{"damage_healed":0.0,"max_hp_gain":0.0,"max_hp_loss":0.0,"gold_gain":100.0,"event_name":"Golden Shrine","player_choice":"Pray","floor":7.0,"gold_loss":0.0,"damage_taken":0.0},{"damage_healed":0.0,"max_hp_gain":0.0,"max_hp_loss":0.0,"gold_gain":0.0,"event_name":"betterMatch:BetterMatch","player_choice":"2","floor":19.0,"gold_loss":0.0,"damage_taken":0.0,"cards_obtained":["betterMatch:RareCard","betterMatch:CommonCard"]},{"damage_healed":0.0,"max_hp_gain":0.0,"max_hp_loss":0.0,"gold_gain":0.0,"event_name":"betterNote:BetterNote","player_choice":"Ignored","floor":20.0,"gold_loss":0.0,"damage_taken":0.0,"cards_obtained":["Strike_P"]}],"is_beta":false,"boss_relics":[{"not_picked":["hubris:BlackHole","energizedSpire:TabascoSauce","halation:Yufonium"]}],"items_purged_floors":[4,11],"is_endless":false,"potions_floor_spawned":[6,12],"killed_by":"Gremlin Leader","ascension_level":11}}