{"host":"dj20jyxj5yo6mk8a","time":1614157666,"event":{"mods":["AchievementEnabler","BaseMod","BetterRewards","Card Forge","Minty Spire (QoL Compilation)","Replay The Spire","StSLib"],"gold_per_floor":[110,110,165,11,11,37,37,37,37,68,87,87,106,117,117,216,216,233,332,342,342,269,296,211,211,290,317,331,177,195,195,195,292,292,307,321,170,187,205,9,34,45,96,112,132,132,150,183,0,0,0,0,0,25,25,25],"floor_reached":55,"language":"ENG","playtime":2570,"items_purged":[],"score":982,"play_id":"e8a1b8a2-1503-438f-b8f8-18e82e08ae3d","local_time":"20210224060746","is_ascension_mode":true,"campfire_choices":[{"floor":7,"key":"RECALL"},{"floor":12,"key":"REST"},{"floor":15,"key":"REST"},{"floor":25,"key":"REST"},{"floor":32,"key":"REST"},{"floor":52,"key":"REST"}],"circlet_count":0,"master_deck":["Strike_G+1","Strike_G+1","Defend_G+1","Defend_G+1","Defend_G+1","Defend_G+1","Defend_G+1","Survivor+1","Neutralize+1","Venomology+1","Backstab+1","Crippling Poison+1","White Noise+1","BecomeAlmighty+1","Blind+1","Dark Echo+1","Dramatic Entrance+1","Discovery+1","Dark Shackles+1","Good Instincts+1","LiveForever+1","Poisoned Strike+1","RitualDagger+1","Sadistic Nature+1","Swift Strike+1","Trip+1","White Noise+1","BecomeAlmighty+1","Blind+1","Discovery+1","Dramatic Entrance+1","Good Instincts+1","LiveForever+1","Jack Of All Trades+1","Poisoned Strike+1","Sadistic Nature+1","Trip+1","Terror+1","Cloak And Dagger+1","Riddle With Holes+1","Crippling Poison+1","Poisoned Stab+1","Sucker Punch+1","Envenom+1","Noxious Fumes+1","Poisoned Stab+1","Blade Dance+1","Deadly Poison+1","Slice+1","Envenom+1","Deflect+1","Corpse Explosion+1","Blade Dance+1","Backstab+1","Deflect+1","Slice+1","Secret Technique+1","Parasite","Dagger Spray+1","Crippling Poison+1"],"relics":["Hammer of Thor","Seething Fire","Anvil of the Gods","Astrolabe","Bottled Tornado","Membership Card","Ring of Fury","Ring of Peace","Replay:Towering Pillar of Hats","Strawberry","TwistedFunnel","Bag of Preparation","Dream Catcher","White Beast Statue","Replay:Rubber Ducky","Akabeko","Lee\u0027s Waffle","SacredBark","Lantern","Toolbox","Mercury Hourglass","Nunchaku","Regal Pillow","Vajra","Tough Bandages","Red Mask","Replay:Baseball"],"acts_visited":["Exordium","TheCity","TheBeyond","TheEnding"],"potions_floor_usage":[16,23,33,39,39,41,42,42,50,50,55,55,55],"damage_taken":[{"damage":0,"enemies":"Small Slimes","floor":1,"turns":1},{"damage":0,"enemies":"3 Sentries","floor":6,"turns":2},{"damage":0,"enemies":"Lagavulin","floor":10,"turns":5},{"damage":0,"enemies":"2 Louse","floor":11,"turns":1},{"damage":0,"enemies":"Jaw Worm","floor":13,"turns":2},{"damage":0,"enemies":"2 Fungi Beasts","floor":14,"turns":1},{"damage":0,"enemies":"Slime Boss","floor":16,"turns":5},{"damage":0,"enemies":"3 Byrds","floor":18,"turns":3},{"damage":0,"enemies":"Spheric Guardian","floor":20,"turns":3},{"damage":0,"enemies":"Gremlin Leader","floor":23,"turns":4},{"damage":4,"enemies":"Replay:Snechameleon","floor":27,"turns":4},{"damage":0,"enemies":"Shelled Parasite and Fungi","floor":28,"turns":1},{"damage":0,"enemies":"3 Cultists","floor":30,"turns":3},{"damage":0,"enemies":"Champ","floor":33,"turns":8},{"damage":0,"enemies":"Orb Walker","floor":35,"turns":3},{"damage":0,"enemies":"3 Darklings","floor":36,"turns":1},{"damage":0,"enemies":"Maw","floor":38,"turns":5},{"damage":0,"enemies":"Sphere and 2 Shapes","floor":39,"turns":3},{"damage":0,"enemies":"Nemesis","floor":41,"turns":3},{"damage":0,"enemies":"Transient","floor":42,"turns":5},{"damage":0,"enemies":"Spire Growth","floor":44,"turns":3},{"damage":0,"enemies":"Maw","floor":45,"turns":5},{"damage":0,"enemies":"Writhing Mass","floor":47,"turns":4},{"damage":0,"enemies":"Reptomancer","floor":48,"turns":3},{"damage":0,"enemies":"Replay:Hell Engine","floor":50,"turns":6},{"damage":6,"enemies":"Shield and Spear","floor":54,"turns":3},{"damage":140,"enemies":"The Heart","floor":55,"turns":6}],"seed_played":"4201102558402566794","potions_obtained":[{"floor":30,"key":"FairyPotion"},{"floor":33,"key":"Regen Potion"},{"floor":39,"key":"LiquidMemories"},{"floor":41,"key":"CunningPotion"},{"floor":42,"key":"PowerPotion"},{"floor":54,"key":"Adrenaline Potion"}],"is_trial":false,"path_per_floor":["M","?","?","$","?","E","R","$","T","E","M","R","M","M","R","B",null,"M","?","M","?","$","E","?","R","T","E","M","$","M","?","R","B",null,"M","M","$","M","M","$","E","M","T","M","M","?","M","E","R","B",null,"R","$","E","B"],"character_chosen":"THE_SILENT","items_purchased":["Membership Card","TwistedFunnel","Akabeko","Lee\u0027s Waffle","Lantern","Toolbox","Mercury Hourglass","Nunchaku"],"campfire_rested":5,"item_purchase_floors":[4,22,29,29,37,37,40,40],"current_hp_per_floor":[70,70,53,53,53,53,53,53,53,60,60,77,77,77,77,77,77,77,77,77,77,77,77,77,77,77,73,73,84,84,81,84,84,84,84,84,84,84,84,84,84,84,84,84,84,74,74,74,74,84,84,84,84,78,0,0],"gold":25,"neow_bonus":"BOSS_RELIC","is_daily":false,"chose_seed":false,"campfire_upgraded":0,"win_rate":0.0,"timestamp":1614157666,"path_taken":["M","?","?","?","?","E","R","$","T","E","M","R","M","M","R","BOSS","M","?","M","?","$","E","?","R","T","E","M","?","?","?","R","BOSS","M","M","?","?","M","$","E","M","T","M","M","?","M","E","R","BOSS","R","$","E","BOSS"],"items_purchased_type":["Relic","Relic","Relic","Relic","Relic","Relic","Relic","Relic"],"build_version":"2020-12-22","purchased_purges":0,"victory":false,"max_hp_per_floor":[70,70,70,70,70,70,70,70,70,77,77,77,77,77,77,77,77,77,77,77,77,77,77,77,77,77,77,77,84,84,84,84,84,84,84,84,84,84,84,84,84,84,84,84,84,84,84,84,84,84,84,84,84,84,84,84],"card_choices":[{"not_picked":["Catalyst","Deflect"],"picked":"Terror","floor":1},{"not_picked":["Sneak Up","Dagger Spray"],"picked":"Cloak And Dagger","floor":3},{"not_picked":["Prepared","Outmaneuver"],"picked":"Riddle With Holes","floor":3},{"not_picked":["Skewer","Heel Hook","After Image"],"picked":"SKIP","floor":6},{"not_picked":["Dagger Throw","ReplayTheSpireMod:Exploit Weakness"],"picked":"Crippling Poison","floor":10},{"not_picked":["Footwork","Deflect"],"picked":"Poisoned Stab","floor":11},{"not_picked":["Escape Plan","ReplayTheSpireMod:Speed Training","Backflip"],"picked":"SKIP","floor":13},{"not_picked":["Backflip","Acrobatics"],"picked":"Sucker Punch","floor":14},{"not_picked":["Storm of Steel","Corpse Explosion"],"picked":"Envenom","floor":16},{"not_picked":["Choke","Prepared","Riddle With Holes"],"picked":"SKIP","floor":18},{"not_picked":["Fluid Movement+1","Cloak And Dagger"],"picked":"Noxious Fumes","floor":20},{"not_picked":["Hidden Blade+1","ReplayTheSpireMod:Necrosis"],"picked":"Poisoned Stab+1","floor":23},{"not_picked":["Terror","Cloak And Dagger+1"],"picked":"Blade Dance+1","floor":25},{"not_picked":["Deflect","Backflip","Grand Finale"],"picked":"SKIP","floor":27},{"not_picked":["PiercingWail","Poisoned Stab+1","Finisher"],"picked":"SKIP","floor":28},{"not_picked":["Dash","Setup"],"picked":"Deadly Poison","floor":30},{"not_picked":["Sneak Up","Deadly Poison"],"picked":"Slice","floor":32},{"not_picked":["Adrenaline","Phantasmal Killer"],"picked":"Envenom","floor":33},{"not_picked":["Quick Slash","Hidden Blade","Backflip+1"],"picked":"SKIP","floor":35},{"not_picked":["Quick Slash+1","Skewer"],"picked":"Deflect","floor":36},{"not_picked":["Distraction","Endless Agony"],"picked":"Corpse Explosion","floor":38},{"not_picked":["ReplayTheSpireMod:Tripwire+1","Dagger Throw","Eviscerate"],"picked":"SKIP","floor":39},{"not_picked":["Replay:Poison Smokescreen+1","Underhanded Strike"],"picked":"Blade Dance","floor":41},{"not_picked":["Cloak And Dagger+1","Blade Dance+1"],"picked":"Backstab","floor":42},{"not_picked":["ReplayTheSpireMod:Tripwire+1","Outmaneuver+1"],"picked":"Deflect+1","floor":44},{"not_picked":["Flying Knee+1","Deflect"],"picked":"Slice+1","floor":45},{"not_picked":["Impatience","Chrysalis"],"picked":"Secret Technique","floor":46},{"not_picked":["Acrobatics","Choke"],"picked":"Dagger Spray","floor":47},{"not_picked":["Escape Plan","ReplayTheSpireMod:Tripwire"],"picked":"Crippling Poison+1","floor":48},{"not_picked":["Poisoned Stab","Eviscerate","Dash+1"],"picked":"SKIP","floor":54}],"player_experience":119279,"relics_obtained":[{"floor":3,"key":"Bottled Tornado"},{"floor":5,"key":"Ring of Fury"},{"floor":5,"key":"Ring of Peace"},{"floor":6,"key":"Replay:Towering Pillar of Hats"},{"floor":10,"key":"Strawberry"},{"floor":23,"key":"Bag of Preparation"},{"floor":26,"key":"White Beast Statue"},{"floor":27,"key":"Replay:Rubber Ducky"},{"floor":41,"key":"Regal Pillow"},{"floor":43,"key":"Vajra"},{"floor":48,"key":"Tough Bandages"},{"floor":54,"key":"Replay:Baseball"}],"event_choices":[{"damage_healed":0,"gold_gain":0,"player_choice":"Leave","damage_taken":0,"max_hp_gain":0,"max_hp_loss":0,"event_name":"The Cleric","floor":2,"gold_loss":0},{"damage_healed":0,"gold_gain":99,"player_choice":"Stole From Cult","damage_taken":0,"max_hp_gain":0,"max_hp_loss":0,"event_name":"Nest","floor":19,"gold_loss":0},{"damage_healed":0,"gold_gain":0,"player_choice":"Ignored","damage_taken":0,"max_hp_gain":0,"max_hp_loss":0,"event_name":"Beggar","floor":21,"gold_loss":0},{"damage_healed":0,"gold_gain":0,"player_choice":"Obtained Relic","damage_taken":0,"relics_obtained":["Dream Catcher"],"max_hp_gain":0,"max_hp_loss":0,"event_name":"Addict","floor":24,"gold_loss":85},{"damage_healed":0,"gold_gain":0,"player_choice":"Punched","damage_taken":3,"max_hp_gain":0,"max_hp_loss":0,"event_name":"Designer","floor":31,"gold_loss":0},{"damage_healed":0,"gold_gain":0,"player_choice":"Memory 3","damage_taken":10,"max_hp_gain":0,"max_hp_loss":0,"event_name":"SensoryStone","floor":46,"gold_loss":0},{"damage_healed":0,"gold_gain":0,"player_choice":"Paid","damage_taken":0,"relics_obtained":["Red Mask"],"max_hp_gain":0,"max_hp_loss":0,"event_name":"Tomb of Lord Red Mask","floor":49,"gold_loss":183}],"is_beta":false,"boss_relics":[{"not_picked":["ReplayTheSpireMod:DimensionalGlitch","Empty Cage","Painkiller Herb"]},{"not_picked":["Sozu","Honey Jar"],"picked":"SacredBark"}],"items_purged_floors":[],"is_endless":false,"potions_floor_spawned":[1,10,13,14,16,20,23,27,28,30,33,35,36,38,39,41,42,44,45,47,48,54],"killed_by":"The Heart","ascension_level":2}}