{"host":"yx5rao87132cy5xq","time":1614202130,"event":{"mods":["2.2 Compatiblity","AchievementEnabler","BaseMod","Bestiary","Colored Map","Colored Powertips","Highlight Path","Minty Spire (QoL Compilation)","Quick Restart","Relic Stats","Slay-I","SuperFastMode"],"gold_per_floor":[117,117,127,202,218,218,251,251,251,270,283,309,320,355,355,430,430,441,454,454,41,51,86,1,34,34,34,51,1,20,38,38,112,112,130,140,140,140,156,156,183,236,260,260,273,292,292,308,308,308,308],"floor_reached":52,"language":"ENG","playtime":3543,"items_purged":["Strike_R"],"score":1817,"play_id":"77cc3316-cb9d-40aa-8dc4-41b8650da99c","local_time":"20210224222850","is_ascension_mode":true,"campfire_choices":[{"data":"Wild Strike","floor":6.0,"key":"SMITH"},{"data":"Armaments","floor":8.0,"key":"SMITH"},{"data":"Whirlwind","floor":15.0,"key":"SMITH"},{"floor":32.0,"key":"REST"},{"data":"Fire Breathing","floor":40.0,"key":"SMITH"},{"floor":47.0,"key":"REST"},{"floor":49.0,"key":"REST"}],"circlet_count":0,"master_deck":["AscendersBane","Strike_R","Strike_R","Strike_R","Defend_R","Defend_R","Defend_R","Defend_R","Bash","Wild Strike+1","Reckless Charge","Wild Strike","Armaments+1","Cleave","Whirlwind+1","Immolate","Shrug It Off","Shrug It Off","Fiend Fire","Fire Breathing+1","Flame Barrier","Evolve","Fire Breathing+1","Second Wind","Second Wind","Corruption","True Grit+1","Feel No Pain","Flame Barrier","Spot Weakness","Power Through","Wild Strike+1","Rage+1"],"relics":["Burning Blood","Bronze Scales","Kunai","Centennial Puzzle","Pocketwatch","Smiling Mask","SacredBark","Enchiridion","Lee\u0027s Waffle","Bag of Marbles","Bottled Tornado","Akabeko","Regal Pillow","Red Skull","Incense Burner","Mark of Pain","Anchor","Du-Vu Doll","Ancient Tea Set","PreservedInsect"],"acts_visited":["Exordium","TheCity","TheBeyond"],"potions_floor_usage":[],"damage_taken":[{"damage":3.0,"enemies":"2 Louse","floor":1.0,"turns":3.0},{"damage":7.0,"enemies":"Jaw Worm","floor":3.0,"turns":3.0},{"damage":1.0,"enemies":"Cultist","floor":5.0,"turns":3.0},{"damage":31.0,"enemies":"Gremlin Nob","floor":7.0,"turns":4.0},{"damage":7.0,"enemies":"3 Louse","floor":10.0,"turns":3.0},{"damage":3.0,"enemies":"Large Slime","floor":11.0,"turns":4.0},{"damage":24.0,"enemies":"3 Sentries","floor":12.0,"turns":6.0},{"damage":9.0,"enemies":"Red Slaver","floor":13.0,"turns":2.0},{"damage":29.0,"enemies":"Gremlin Nob","floor":14.0,"turns":3.0},{"damage":35.0,"enemies":"The Guardian","floor":16.0,"turns":10.0},{"damage":20.0,"enemies":"2 Thieves","floor":18.0,"turns":4.0},{"damage":6.0,"enemies":"Chosen","floor":19.0,"turns":3.0},{"damage":14.0,"enemies":"Centurion and Healer","floor":22.0,"turns":4.0},{"damage":7.0,"enemies":"Gremlin Leader","floor":23.0,"turns":4.0},{"damage":62.0,"enemies":"Book of Stabbing","floor":25.0,"turns":4.0},{"damage":0.0,"enemies":"Shelled Parasite and Fungi","floor":28.0,"turns":2.0},{"damage":0.0,"enemies":"3 Cultists","floor":30.0,"turns":2.0},{"damage":0.0,"enemies":"Sentry and Sphere","floor":31.0,"turns":1.0},{"damage":21.0,"enemies":"Collector","floor":33.0,"turns":6.0},{"damage":14.0,"enemies":"Orb Walker","floor":35.0,"turns":3.0},{"damage":0.0,"enemies":"3 Shapes","floor":36.0,"turns":2.0},{"damage":0.0,"enemies":"3 Darklings","floor":39.0,"turns":1.0},{"damage":44.0,"enemies":"Nemesis","floor":41.0,"turns":7.0},{"damage":31.0,"enemies":"2 Orb Walkers","floor":42.0,"turns":4.0},{"damage":0.0,"enemies":"Transient","floor":45.0,"turns":6.0},{"damage":9.0,"enemies":"Jaw Worm Horde","floor":46.0,"turns":4.0},{"damage":2.0,"enemies":"Maw","floor":48.0,"turns":6.0},{"damage":15.0,"enemies":"Donu and Deca","floor":50.0,"turns":7.0},{"damage":45,"enemies":"Time Eater","floor":51,"turns":8}],"seed_played":"-1025854119486796413","potions_obtained":[{"floor":5.0,"key":"SmokeBomb"},{"floor":7.0,"key":"ElixirPotion"},{"floor":10.0,"key":"Regen Potion"},{"floor":11.0,"key":"Regen Potion"},{"floor":18.0,"key":"PowerPotion"},{"floor":23.0,"key":"BlessingOfTheForge"},{"floor":25.0,"key":"FearPotion"},{"floor":30.0,"key":"Energy Potion"},{"floor":31.0,"key":"SneckoOil"},{"floor":35.0,"key":"EssenceOfSteel"},{"floor":42.0,"key":"EssenceOfSteel"},{"floor":46.0,"key":"AttackPotion"},{"floor":48.0,"key":"SpeedPotion"}],"is_trial":false,"path_per_floor":["M","?","M","?","M","R","E","R","T","M","M","E","M","E","R","B",null,"M","M","?","$","M","E","?","E","T","T","M","$","M","M","R","B",null,"M","M","?","?","M","R","E","?","T","?","M","M","R","M","R","B","B",null],"character_chosen":"IRONCLAD","items_purchased":["Lee\u0027s Waffle","Fire Breathing","Bag of Marbles"],"campfire_rested":3,"item_purchase_floors":[21,21,21],"current_hp_per_floor":[71,71,70,59,64,64,39,39,39,38,41,68,65,42,42,13,60,46,46,25,82,74,73,73,17,17,17,23,23,29,35,74,59,76,68,74,74,82,82,82,44,19,19,19,25,22,61,65,82,73,34],"gold":308,"neow_bonus":"RANDOM_COMMON_RELIC","is_daily":false,"chose_seed":false,"campfire_upgraded":4,"win_rate":0.0,"timestamp":1614202130,"path_taken":["M","?","M","?","M","R","E","R","T","M","M","E","M","E","R","BOSS","M","M","?","$","M","E","?","E","T","?","M","$","M","?","R","BOSS","M","M","?","?","?","R","E","?","T","?","M","M","R","M","R","BOSS","BOSS"],"items_purchased_type":["Relic","Card","Relic"],"build_version":"2020-12-22","purchased_purges":1,"victory":true,"max_hp_per_floor":[75,75,75,75,75,75,75,75,75,75,75,75,75,75,75,75,75,75,75,75,82,82,82,82,82,82,82,82,82,82,82,82,82,82,82,82,82,82,82,82,82,82,82,82,82,82,82,82,82,82,82],"relic_stats":{"Centennial Puzzle":[57],"Lee\u0027s Waffle":57,"Regal Pillow":30,"counters":[29,119],"Bronze Scales":[271],"PreservedInsect":0,"Kunai":[26],"Smiling Mask":25,"obtain_stats":[{"Lee\u0027s Waffle":21,"Regal Pillow":25,"SacredBark":17,"Enchiridion":20,"PreservedInsect":44,"Incense Burner":27,"Bottled Tornado":23,"Smiling Mask":14,"Ancient Tea Set":43,"Burning Blood":0,"Akabeko":24,"Du-Vu Doll":42,"Centennial Puzzle":9,"Anchor":41,"Bronze Scales":0,"Mark of Pain":34,"Bag of Marbles":21,"Kunai":7,"Red Skull":26,"Pocketwatch":12},{"Lee\u0027s Waffle":12,"Regal Pillow":15,"SacredBark":10,"Enchiridion":12,"PreservedInsect":24,"Incense Burner":15,"Bottled Tornado":14,"Smiling Mask":9,"Ancient Tea Set":24,"Burning Blood":0,"Akabeko":14,"Du-Vu Doll":24,"Centennial Puzzle":4,"Anchor":23,"Bronze Scales":0,"Mark of Pain":19,"Bag of Marbles":12,"Kunai":4,"Red Skull":15,"Pocketwatch":7},{"Lee\u0027s Waffle":48,"Regal Pillow":60,"SacredBark":41,"Enchiridion":48,"PreservedInsect":88,"Incense Burner":60,"Bottled Tornado":56,"Smiling Mask":31,"Ancient Tea Set":88,"Burning Blood":0,"Akabeko":56,"Du-Vu Doll":88,"Centennial Puzzle":13,"Anchor":84,"Bronze Scales":0,"Mark of Pain":71,"Bag of Marbles":48,"Kunai":13,"Red Skull":60,"Pocketwatch":26}],"Burning Blood":168,"Pocketwatch":[99]},"card_choices":[{"not_picked":["Fire Breathing","Shockwave"],"picked":"Wild Strike","floor":1.0},{"not_picked":["Anger","Clothesline"],"picked":"Reckless Charge","floor":3.0},{"not_picked":["Headbutt","Second Wind"],"picked":"Wild Strike","floor":5.0},{"not_picked":["Rupture","Combust"],"picked":"Armaments","floor":7.0},{"not_picked":["Sentinel","Rampage"],"picked":"Cleave","floor":10.0},{"not_picked":["Headbutt","Warcry"],"picked":"Whirlwind","floor":11.0},{"not_picked":["Warcry","Berserk"],"picked":"Immolate","floor":12.0},{"not_picked":["Sentinel","Warcry"],"picked":"Shrug It Off","floor":13.0},{"not_picked":["Exhume","Sword Boomerang"],"picked":"Shrug It Off","floor":14.0},{"not_picked":["Reaper","Limit Break"],"picked":"Fiend Fire","floor":16.0},{"not_picked":["Warcry","Clash+1","Clothesline"],"picked":"SKIP","floor":18.0},{"not_picked":["Rupture","Sword Boomerang","Perfected Strike"],"picked":"SKIP","floor":19.0},{"not_picked":["Clash","Cleave"],"picked":"Flame Barrier","floor":22.0},{"not_picked":["Limit Break","Burning Pact+1"],"picked":"Evolve","floor":23.0},{"not_picked":["Anger","Intimidate","Dark Embrace"],"picked":"SKIP","floor":25.0},{"not_picked":["Heavy Blade","True Grit"],"picked":"Fire Breathing+1","floor":28.0},{"not_picked":["True Grit","Sword Boomerang"],"picked":"Second Wind","floor":30.0},{"not_picked":["Carnage","Clothesline"],"picked":"Second Wind","floor":31.0},{"not_picked":["Offering","Bludgeon"],"picked":"Corruption","floor":33.0},{"not_picked":["Cleave","Armaments+1"],"picked":"True Grit+1","floor":35.0},{"not_picked":["Uppercut","Thunderclap+1"],"picked":"Feel No Pain","floor":36.0},{"not_picked":["Pommel Strike","Heavy Blade+1"],"picked":"Flame Barrier","floor":39.0},{"not_picked":["Perfected Strike+1","True Grit"],"picked":"Spot Weakness","floor":41.0},{"not_picked":["Heavy Blade+1","Twin Strike"],"picked":"Power Through","floor":42.0},{"not_picked":["Clash","Anger"],"picked":"Wild Strike+1","floor":45.0},{"not_picked":["Hemokinesis","Flex"],"picked":"Rage+1","floor":46.0},{"not_picked":["Wild Strike","Carnage+1","Blood for Blood"],"picked":"SKIP","floor":48.0}],"player_experience":1173692,"relics_obtained":[{"floor":7.0,"key":"Kunai"},{"floor":9.0,"key":"Centennial Puzzle"},{"floor":12.0,"key":"Pocketwatch"},{"floor":14.0,"key":"Smiling Mask"},{"floor":20.0,"key":"Enchiridion"},{"floor":23.0,"key":"Bottled Tornado"},{"floor":25.0,"key":"Regal Pillow"},{"floor":26.0,"key":"Red Skull"},{"floor":27.0,"key":"Incense Burner"},{"floor":41.0,"key":"Anchor"},{"floor":42.0,"key":"Du-Vu Doll"},{"floor":43.0,"key":"Ancient Tea Set"}],"event_choices":[{"damage_healed":0.0,"max_hp_gain":0.0,"max_hp_loss":0.0,"gold_gain":0.0,"event_name":"Liars Game","player_choice":"Ignored","floor":2.0,"gold_loss":0.0,"damage_taken":0.0},{"damage_healed":0.0,"max_hp_gain":0.0,"max_hp_loss":0.0,"gold_gain":75.0,"event_name":"World of Goop","player_choice":"Gather Gold","floor":4.0,"gold_loss":0.0,"damage_taken":11.0},{"damage_healed":0.0,"max_hp_gain":0.0,"max_hp_loss":0.0,"gold_gain":0.0,"event_name":"Cursed Tome","player_choice":"Obtained Book","floor":20.0,"gold_loss":0.0,"damage_taken":21.0},{"damage_healed":0.0,"max_hp_gain":0.0,"max_hp_loss":0.0,"gold_gain":0.0,"event_name":"Addict","player_choice":"Obtained Relic","floor":24.0,"gold_loss":85.0,"damage_taken":0.0,"relics_obtained":["Akabeko"]},{"cards_removed":["Strike_R"],"damage_healed":0.0,"max_hp_gain":0.0,"max_hp_loss":0.0,"gold_gain":0.0,"event_name":"Falling","player_choice":"Removed Attack","floor":37.0,"gold_loss":0.0,"damage_taken":0.0},{"damage_healed":8.0,"max_hp_gain":0.0,"max_hp_loss":0.0,"gold_gain":0.0,"event_name":"Wheel of Change","player_choice":"Full Heal","floor":38.0,"gold_loss":0.0,"damage_taken":0.0},{"damage_healed":0.0,"max_hp_gain":0.0,"max_hp_loss":0.0,"gold_gain":0.0,"event_name":"Mysterious Sphere","player_choice":"Fight","floor":42.0,"gold_loss":0.0,"damage_taken":0.0},{"damage_healed":0.0,"max_hp_gain":0.0,"max_hp_loss":0.0,"gold_gain":0.0,"event_name":"WeMeetAgain","player_choice":"Gave Potion","floor":44.0,"gold_loss":0.0,"damage_taken":0.0,"relics_obtained":["PreservedInsect"]}],"is_beta":false,"boss_relics":[{"not_picked":["Runic Pyramid","Black Star"],"picked":"SacredBark"},{"not_picked":["Runic Cube","Busted Crown"],"picked":"Mark of Pain"}],"items_purged_floors":[29],"is_endless":false,"potions_floor_spawned":[5,7,10,11,18,23,25,30,31,35,42,46,48],"ascension_level":20}}