{"host":"126yiuos2nq86se7","time":1614145814,"event":{"mods":["2.2 Compatiblity","AchievementEnabler","Act Like it!","BaseMod","Colored Map","Colored Powertips","Friendly Minions","Hermit","Highlight Path","KomeijiMod","Minty Spire (QoL Compilation)","StSLib","SuperFastMode","The Bug Knight","The Disciple","The Hierophant"],"gold_per_floor":[171,171,61,72,87,113,113,124,178,253,253,273,223,234,234,329,329,304,403,422,422,435,435,449,449,449,449,31,46,63,76,76,177,177,192,62,62,62],"floor_reached":37,"language":"ENG","playtime":2095,"items_purged":["Strike_Remiria","Strike_Remiria","Strike_Remiria"],"score":423,"play_id":"05be9f67-a030-4108-8539-a331eacce94c","local_time":"20210224165014","is_ascension_mode":false,"campfire_choices":[{"floor":7,"key":"REST"},{"data":"PartStrengthen","floor":11,"key":"SMITH"},{"floor":15,"key":"REST"},{"data":"Absorbed","floor":23,"key":"SMITH"},{"data":"Scratch","floor":25,"key":"SMITH"},{"data":"Offensive","floor":27,"key":"SMITH"},{"floor":32,"key":"REST"}],"circlet_count":0,"master_deck":["Defend_Remirira","Defend_Remirira","Defend_Remirira","Defend_Remirira","Absorbed+1","Scratch+1","PartStrengthen+1","Offensive+1","Offensive","NightDance","BloodySuit","MillenniumVampire+1","NaturallyHealing+1","ScarletNetherworld","DamonLordCradle_Remiria+1","BathedInBlood","BathedInBlood"],"relics":["ThirstyCrossSpe","HollowMod:LifeEnderRelic","Smiling Mask","SlaversCollar","Kunai","Pocketwatch","Fusion Hammer"],"acts_visited":["Exordium","TheCity","TheBeyond"],"potions_floor_usage":[6,16,16,33,33,37],"damage_taken":[{"damage":0,"enemies":"Jaw Worm","floor":1,"turns":3},{"damage":0,"enemies":"Small Slimes","floor":4,"turns":4},{"damage":1,"enemies":"2 Louse","floor":5,"turns":2},{"damage":35,"enemies":"Lagavulin","floor":6,"turns":5},{"damage":3,"enemies":"Blue Slaver","floor":8,"turns":3},{"damage":10,"enemies":"Exordium Wildlife","floor":12,"turns":7},{"damage":9,"enemies":"Exordium Thugs","floor":14,"turns":9},{"damage":37,"enemies":"Slime Boss","floor":16,"turns":15},{"damage":3,"enemies":"2 Thieves","floor":18,"turns":5},{"damage":4,"enemies":"Spheric Guardian","floor":20,"turns":8},{"damage":10,"enemies":"3 Cultists","floor":22,"turns":5},{"damage":25,"enemies":"Chosen and Byrds","floor":24,"turns":9},{"damage":24,"enemies":"Centurion and Healer","floor":29,"turns":6},{"damage":13,"enemies":"Snake Plant","floor":30,"turns":4},{"damage":6,"enemies":"Snecko","floor":31,"turns":8},{"damage":16,"enemies":"Collector","floor":33,"turns":20},{"damage":0,"enemies":"Orb Walker","floor":35,"turns":4},{"damage":170,"enemies":"Orb Walker","floor":37,"turns":12}],"seed_played":"-5949735845287205661","potions_obtained":[{"floor":5,"key":"LiquidBronze"},{"floor":6,"key":"FairyPotion"},{"floor":8,"key":"Dexterity Potion"},{"floor":14,"key":"AttackPotion"},{"floor":20,"key":"BlessingOfTheForge"},{"floor":30,"key":"SkillPotion"},{"floor":33,"key":"Explosive Potion"}],"is_trial":false,"path_per_floor":["M","?","$","M","M","E","R","M","T","?","R","M","?","M","R","B",null,"M","?","M","?","M","R","M","R","T","R","$","M","M","M","R","B",null,"M","$","?"],"character_chosen":"RemiriaScarlet","items_purchased":["Offensive","Pocketwatch","ScarletNetherworld","BathedInBlood"],"campfire_rested":3,"item_purchase_floors":[3,28,28,36],"current_hp_per_floor":[110,110,110,110,109,74,107,104,104,93,93,83,83,74,107,70,110,107,107,107,107,108,108,94,94,94,94,94,78,69,71,104,92,110,110,110,0,0],"gold":62,"neow_bonus":"TEN_PERCENT_HP_BONUS","is_daily":false,"chose_seed":false,"campfire_upgraded":4,"win_rate":0.0,"timestamp":1614145814,"path_taken":["M","?","$","M","M","E","R","M","T","?","R","M","?","M","R","BOSS","M","?","M","?","M","R","M","R","T","R","$","?","M","M","R","BOSS","M","$","?"],"items_purchased_type":["Card","Relic","Card","Card"],"build_version":"2020-12-22","purchased_purges":3,"victory":false,"max_hp_per_floor":[110,110,110,110,110,110,110,110,110,110,110,110,110,110,110,110,110,110,110,110,110,110,110,110,110,110,110,110,110,110,110,110,110,110,110,110,110,110],"card_choices":[{"not_picked":["BloodPact","DoubleEdge"],"picked":"PartStrengthen","floor":1},{"not_picked":["DemonsDinnerFork_Remiria","VampirishNight"],"picked":"Offensive","floor":4},{"not_picked":["BloodCleaner","Feint","TricksterDevil"],"picked":"SKIP","floor":5},{"not_picked":["Tepes","BloodCleaner","DemonLordWalk"],"picked":"SKIP","floor":6},{"not_picked":["VampireClaw","FateEnsemble"],"picked":"NightDance","floor":8},{"not_picked":["Cripple","DoubleEdge"],"picked":"BloodySuit","floor":12},{"not_picked":["PainBurst","Culling","DoubleEdge"],"picked":"SKIP","floor":14},{"not_picked":["RemiliaStretch_Remiria","RedtheNightlessCastle"],"picked":"MillenniumVampire","floor":16},{"not_picked":["StigmaNizer","ServantFlier","Exsanguinate"],"picked":"SKIP","floor":18},{"not_picked":["BloodCleaner","TricksterDevil+1","Reaper_Remiria"],"picked":"SKIP","floor":20},{"not_picked":["BloodCleaner","Cripple"],"picked":"NaturallyHealing+1","floor":22},{"not_picked":["DoubleEdge+1","TrickFate+1","BodyStrengthen"],"picked":"SKIP","floor":24},{"not_picked":["PainBurst","SealingFear"],"picked":"DamonLordCradle_Remiria+1","floor":29},{"not_picked":["Cripple","Warpath","TricksterDevil"],"picked":"SKIP","floor":30},{"not_picked":["FateEnsemble","DemonsDinnerFork_Remiria","Feint+1"],"picked":"SKIP","floor":31},{"not_picked":["RedMagic","RemiliaStretch_Remiria"],"picked":"QueenOfMidnight","floor":33},{"not_picked":["BloodyMagicSquare+1","DoubleEdge+1"],"picked":"BathedInBlood","floor":35}],"player_experience":1587744,"relics_obtained":[{"floor":6,"key":"HollowMod:LifeEnderRelic"},{"floor":9,"key":"Smiling Mask"},{"floor":26,"key":"Kunai"}],"event_choices":[{"damage_healed":0,"gold_gain":0,"player_choice":"Ignored","damage_taken":0,"max_hp_gain":0,"max_hp_loss":0,"event_name":"Liars Game","floor":2,"gold_loss":0},{"damage_healed":0,"gold_gain":75,"player_choice":"Gather Gold","damage_taken":11,"max_hp_gain":0,"max_hp_loss":0,"event_name":"World of Goop","floor":10,"gold_loss":0},{"cards_removed":["Strike_Remiria"],"damage_healed":0,"gold_gain":0,"player_choice":"Card Removal","damage_taken":0,"max_hp_gain":0,"max_hp_loss":0,"event_name":"The Cleric","floor":13,"gold_loss":50},{"damage_healed":0,"gold_gain":99,"player_choice":"Stole From Cult","damage_taken":0,"max_hp_gain":0,"max_hp_loss":0,"event_name":"Nest","floor":19,"gold_loss":0},{"damage_healed":0,"gold_gain":0,"player_choice":"Forge","damage_taken":0,"max_hp_gain":0,"max_hp_loss":0,"event_name":"Accursed Blacksmith","floor":21,"gold_loss":0,"cards_upgraded":["MillenniumVampire"]}],"is_beta":false,"boss_relics":[{"not_picked":["Coffee Dripper","Astrolabe"],"picked":"SlaversCollar"},{"not_picked":["Empty Cage","Runic Dome"],"picked":"Fusion Hammer"}],"items_purged_floors":[3,28,36],"is_endless":false,"potions_floor_spawned":[5,6,8,14,20,30,33],"killed_by":"Orb Walker","ascension_level":0}}