{"host":"t81nzcd9m7brb0qe","time":1614197835,"event":{"mods":["2.2 Compatiblity","BaseMod","Colored Map","Dark Map","Highlight Path","Minty Spire (QoL Compilation)","StSLib"],"gold_per_floor":[114,133,133,144,144,175,175,210,210,210,235,235,255,220,220,316,316,330,37,37,37,37,72,101,133,145,157,187,228,240,270,282,399,411,438,94,94,107,7,7,32,32,58,58,69,87,87,113,113,113,113],"floor_reached":50,"language":"ENG","playtime":1365,"items_purged":["Strike_G","Strike_G","Expertise"],"score":610,"play_id":"9149140e-2c45-4b1c-933b-4e43c34df691","local_time":"20210224121715","is_ascension_mode":true,"campfire_choices":[{"floor":7,"key":"REST"},{"floor":10,"key":"REST"},{"floor":12,"key":"REST"},{"data":"Crippling Poison","floor":15,"key":"SMITH"},{"floor":27,"key":"REST"},{"floor":30,"key":"REST"},{"floor":32,"key":"REST"},{"floor":40,"key":"RECALL"},{"floor":42,"key":"REST"},{"floor":47,"key":"REST"},{"floor":49,"key":"REST"}],"circlet_count":0,"master_deck":["Defend_G","Defend_G","Defend_G","Defend_G","Defend_G","Survivor","Neutralize","Deadly Poison","Deadly Poison","Sucker Punch","Dash","Noxious Fumes","Crippling Poison+1","Corpse Explosion","Deflect","Caltrops","Adrenaline","Poisoned Stab","Acrobatics","Deadly Poison","Catalyst+1","Backstab","Outmaneuver","PiercingWail","Corpse Explosion","Bouncing Flask","Dash","Outmaneuver","Bane+1","Poisoned Stab","Normality","Writhe","Dodge and Roll+1"],"relics":["Ring of the Snake","Oddly Smooth Stone","Sundial","Vajra","Tough Bandages","Black Star","TwistedFunnel","Akabeko","MawBank","Blue Candle","Incense Burner","Bottled Lightning","The Courier","Cursed Key","Pantograph","Du-Vu Doll","Tingsha","PreservedInsect","Bag of Preparation","Kunai"],"acts_visited":["Exordium","TheCity","TheBeyond"],"potions_floor_usage":[6,6,33,33,50,50],"damage_taken":[{"damage":0,"enemies":"Cultist","floor":1,"turns":3},{"damage":9,"enemies":"Small Slimes","floor":2,"turns":3},{"damage":7,"enemies":"Jaw Worm","floor":4,"turns":3},{"damage":37,"enemies":"Gremlin Nob","floor":6,"turns":6},{"damage":20,"enemies":"Lagavulin","floor":8,"turns":6},{"damage":24,"enemies":"3 Sentries","floor":11,"turns":11},{"damage":0,"enemies":"Exordium Wildlife","floor":13,"turns":3},{"damage":16,"enemies":"The Guardian","floor":16,"turns":9},{"damage":14,"enemies":"Shell Parasite","floor":18,"turns":6},{"damage":21,"enemies":"Gremlin Leader","floor":23,"turns":5},{"damage":10,"enemies":"3 Byrds","floor":24,"turns":2},{"damage":13,"enemies":"Cultist and Chosen","floor":25,"turns":5},{"damage":5,"enemies":"Centurion and Healer","floor":28,"turns":4},{"damage":9,"enemies":"Slavers","floor":29,"turns":2},{"damage":0,"enemies":"Snecko","floor":31,"turns":3},{"damage":77,"enemies":"Collector","floor":33,"turns":6},{"damage":0,"enemies":"3 Shapes","floor":35,"turns":1},{"damage":2,"enemies":"Orb Walker","floor":38,"turns":3},{"damage":40,"enemies":"Nemesis","floor":41,"turns":5},{"damage":33,"enemies":"Spire Growth","floor":45,"turns":4},{"damage":14,"enemies":"4 Shapes","floor":46,"turns":2},{"damage":33,"enemies":"Reptomancer","floor":48,"turns":4},{"damage":68,"enemies":"Awakened One","floor":50,"turns":10}],"seed_played":"6499984550714980521","potions_obtained":[{"floor":1,"key":"AttackPotion"},{"floor":2,"key":"EssenceOfSteel"},{"floor":8,"key":"Dexterity Potion"},{"floor":13,"key":"Dexterity Potion"},{"floor":23,"key":"FairyPotion"},{"floor":41,"key":"Poison Potion"},{"floor":46,"key":"Poison Potion"}],"is_trial":false,"path_per_floor":["M","M","?","M","?","E","R","E","T","R","E","R","M","?","R","B",null,"M","$","?","?","?","E","M","M","T","R","M","E","R","M","R","B",null,"M","$","?","M","$","R","E","R","T","?","M","M","R","E","R","B"],"character_chosen":"THE_SILENT","items_purchased":["TwistedFunnel","Caltrops","Dash","Outmaneuver","Pantograph"],"campfire_rested":9,"item_purchase_floors":[19,19,36,36,36],"current_hp_per_floor":[77,68,61,54,59,22,45,25,25,48,24,47,47,66,66,50,77,63,63,63,63,63,42,32,19,19,42,37,28,51,51,74,23,77,77,77,77,75,75,75,35,58,58,77,44,30,53,20,43,0,0],"gold":113,"neow_bonus":"TEN_PERCENT_HP_BONUS","is_daily":false,"chose_seed":false,"campfire_upgraded":1,"win_rate":0.0,"timestamp":1614197835,"path_taken":["M","M","?","M","?","E","R","E","T","R","E","R","?","?","R","BOSS","M","$","?","?","?","E","M","M","T","R","M","E","R","M","R","BOSS","M","$","?","?","?","R","E","R","T","?","M","M","R","E","R","BOSS"],"items_purchased_type":["Relic","Card","Card","Card","Relic"],"build_version":"2020-12-22","purchased_purges":3,"victory":false,"max_hp_per_floor":[77,77,77,77,77,77,77,77,77,77,77,77,77,77,77,77,77,77,77,77,77,77,77,77,77,77,77,77,77,77,77,77,77,77,77,77,77,77,77,77,77,77,77,77,77,77,77,77,77,77,77],"card_choices":[{"not_picked":["Cloak And Dagger","Deflect"],"picked":"Slice","floor":1},{"not_picked":["Outmaneuver","Quick Slash"],"picked":"Deadly Poison","floor":2},{"not_picked":["Deflect","After Image"],"picked":"Deadly Poison","floor":4},{"not_picked":["Dodge and Roll","Expertise"],"picked":"Sucker Punch","floor":6},{"not_picked":["Cloak And Dagger","Backflip"],"picked":"Dash","floor":8},{"not_picked":["Sucker Punch","Cloak And Dagger"],"picked":"Noxious Fumes","floor":11},{"not_picked":["Flechettes","PiercingWail"],"picked":"Crippling Poison","floor":13},{"not_picked":["Venomology","Die Die Die"],"picked":"Corpse Explosion","floor":16},{"not_picked":["Prepared","Dagger Spray"],"picked":"Deflect","floor":18},{"not_picked":["Setup","Accuracy"],"picked":"Acrobatics","floor":23},{"not_picked":["Setup","Underhanded Strike"],"picked":"Deadly Poison","floor":24},{"not_picked":["Calculated Gamble","Slice"],"picked":"Catalyst+1","floor":25},{"not_picked":["Deflect","Quick Slash+1"],"picked":"Backstab","floor":28},{"not_picked":["Blur","Malaise"],"picked":"Outmaneuver","floor":29},{"not_picked":["Well Laid Plans","Escape Plan"],"picked":"PiercingWail","floor":31},{"not_picked":["Envenom","Venomology"],"picked":"Corpse Explosion","floor":33},{"not_picked":["Masterful Stab+1","Tactician"],"picked":"Bouncing Flask","floor":35},{"not_picked":["Concentrate+1","Dagger Throw"],"picked":"Bane+1","floor":38},{"not_picked":["Infinite Blades","Prepared+1"],"picked":"Poisoned Stab","floor":41},{"not_picked":["Cloak And Dagger+1","Escape Plan+1","Dagger Spray"],"picked":"SKIP","floor":45},{"not_picked":["Cloak And Dagger","Outmaneuver+1"],"picked":"Dodge and Roll+1","floor":46},{"not_picked":["Blade Dance+1","Distraction+1","Malaise"],"picked":"SKIP","floor":48}],"player_experience":138810,"relics_obtained":[{"floor":6,"key":"Oddly Smooth Stone"},{"floor":8,"key":"Sundial"},{"floor":9,"key":"Vajra"},{"floor":11,"key":"Tough Bandages"},{"floor":23,"key":"MawBank"},{"floor":23,"key":"Blue Candle"},{"floor":26,"key":"Incense Burner"},{"floor":29,"key":"Bottled Lightning"},{"floor":29,"key":"The Courier"},{"floor":41,"key":"Du-Vu Doll"},{"floor":41,"key":"Tingsha"},{"floor":43,"key":"PreservedInsect"},{"floor":48,"key":"Bag of Preparation"},{"floor":48,"key":"Kunai"}],"event_choices":[{"cards_removed":["Strike_G"],"damage_healed":0,"gold_gain":0,"player_choice":"Card Removal","damage_taken":7,"max_hp_gain":0,"max_hp_loss":0,"event_name":"Golden Wing","floor":3,"gold_loss":0},{"cards_removed":["Slice"],"damage_healed":5,"gold_gain":0,"player_choice":"Offered Common","damage_taken":0,"max_hp_gain":0,"max_hp_loss":0,"event_name":"Bonfire Elementals","floor":5,"gold_loss":0},{"cards_removed":["Slice"],"damage_healed":5,"gold_gain":0,"player_choice":"Offered Special","damage_taken":0,"max_hp_gain":0,"max_hp_loss":0,"event_name":"Bonfire Elementals","floor":5,"gold_loss":0},{"damage_healed":19,"gold_gain":0,"player_choice":"Healed","damage_taken":0,"max_hp_gain":0,"max_hp_loss":0,"event_name":"The Cleric","floor":14,"gold_loss":35},{"damage_healed":0,"gold_gain":0,"player_choice":"Opened","damage_taken":0,"relics_obtained":["Akabeko"],"max_hp_gain":0,"max_hp_loss":0,"event_name":"The Mausoleum","floor":20,"gold_loss":0},{"damage_healed":0,"gold_gain":0,"cards_transformed":["Strike_G","Strike_G"],"player_choice":"Became Test Subject","damage_taken":0,"max_hp_gain":0,"max_hp_loss":0,"event_name":"Drug Dealer","floor":21,"gold_loss":0,"cards_obtained":["Expertise","Adrenaline"]},{"damage_healed":0,"gold_gain":0,"player_choice":"Read","damage_taken":0,"max_hp_gain":0,"max_hp_loss":0,"event_name":"The Library","floor":22,"gold_loss":0,"cards_obtained":["Poisoned Stab"]},{"damage_healed":0,"gold_gain":0,"player_choice":"Ignored","damage_taken":0,"max_hp_gain":0,"max_hp_loss":0,"event_name":"NoteForYourself","floor":37,"gold_loss":0},{"damage_healed":19,"gold_gain":0,"player_choice":"Writhe","damage_taken":0,"max_hp_gain":0,"max_hp_loss":0,"event_name":"Winding Halls","floor":44,"gold_loss":0,"cards_obtained":["Writhe"]}],"is_beta":false,"boss_relics":[{"not_picked":["SacredBark","WristBlade"],"picked":"Black Star"},{"not_picked":["HoveringKite","Empty Cage"],"picked":"Cursed Key"}],"items_purged_floors":[19,36,39],"is_endless":false,"potions_floor_spawned":[1,2,8,13,23,25,31,41,46],"killed_by":"Awakened One","ascension_level":1}}