{"host":"Squid","time":1614193115,"event":{"mods":["BaseMod","Minty Spire (QoL Compilation)","StSLib"],"gold_per_floor":[109,123,134,148,148,148,165,165,188,188,188,200,228,2,2,2,2],"floor_reached":16,"language":"ENG","playtime":644,"items_purged":["Strike_G"],"score":168,"play_id":"2d695daa-ec7b-453c-9c49-5828a03336f8","local_time":"20210224135835","is_ascension_mode":true,"campfire_choices":[{"data":"Neutralize","floor":6,"key":"SMITH"},{"data":"Dagger Spray","floor":8,"key":"SMITH"},{"data":"Blur","floor":10,"key":"SMITH"},{"floor":15,"key":"REST"}],"circlet_count":0,"master_deck":["AscendersBane","Strike_G","Strike_G","Strike_G","Strike_G","Defend_G","Defend_G","Defend_G","Defend_G","Defend_G","Survivor","Neutralize+1","Blur+1","Flying Knee+1","Dagger Spray+1","Dodge and Roll+1","Reflex","Finisher","Choke"],"relics":["Ring of the Snake","Toy Ornithopter","Snake Skull","Oddly Smooth Stone"],"acts_visited":["Exordium"],"potions_floor_usage":[],"damage_taken":[{"damage":0.0,"enemies":"2 Louse","floor":1.0,"turns":3.0},{"damage":2.0,"enemies":"Jaw Worm","floor":2.0,"turns":4.0},{"damage":0,"enemies":"Cultist","floor":3,"turns":5},{"damage":7,"enemies":"Red Slaver","floor":4,"turns":6},{"damage":4,"enemies":"Looter","floor":7,"turns":4},{"damage":11,"enemies":"Gremlin Gang","floor":12,"turns":10},{"damage":28,"enemies":"Gremlin Nob","floor":13,"turns":5},{"damage":9,"enemies":"The Guardian","floor":16,"turns":7}],"seed_played":"-997774715306811550","potions_obtained":[{"floor":1.0,"key":"Dexterity Potion"},{"floor":2.0,"key":"Fire Potion"},{"floor":12,"key":"Energy Potion"}],"is_trial":false,"path_per_floor":["M","M","M","M","?","R","M","R","T","R","T","M","E","$","R","B"],"character_chosen":"THE_SILENT","items_purchased":["Oddly Smooth Stone"],"campfire_rested":1,"item_purchase_floors":[14],"current_hp_per_floor":[70,68,68,61,46,46,42,42,42,42,42,31,3,3,26,17,17],"gold":2,"neow_bonus":"TEN_PERCENT_HP_BONUS","is_daily":false,"chose_seed":false,"campfire_upgraded":3,"win_rate":0.0,"timestamp":1614193115,"path_taken":["M","M","M","M","?","R","M","R","T","R","?","M","E","?","R","BOSS"],"items_purchased_type":["Relic"],"build_version":"2020-12-18","purchased_purges":1,"victory":false,"max_hp_per_floor":[77,77,77,77,77,77,77,77,77,77,77,77,77,77,77,77,77],"card_choices":[{"not_picked":["Expertise","Bane"],"picked":"Blur","floor":1.0},{"not_picked":["Tactician","Deadly Poison"],"picked":"Flying Knee","floor":2.0},{"not_picked":["Bouncing Flask","Sucker Punch"],"picked":"Dagger Spray","floor":3},{"not_picked":["Riddle With Holes","Poisoned Stab"],"picked":"Dodge and Roll","floor":4},{"not_picked":["Dagger Throw","Cloak And Dagger"],"picked":"Reflex","floor":7},{"not_picked":["Poisoned Stab","Infinite Blades"],"picked":"Finisher","floor":12},{"not_picked":["Acrobatics","Caltrops"],"picked":"Choke","floor":13}],"player_experience":853218,"relics_obtained":[{"floor":9,"key":"Toy Ornithopter"},{"floor":13,"key":"Snake Skull"}],"event_choices":[{"damage_healed":0,"gold_gain":0,"player_choice":"Entered Light","damage_taken":15,"max_hp_gain":0,"max_hp_loss":0,"event_name":"Shining Light","floor":5,"gold_loss":0,"cards_upgraded":["Dodge and Roll","Flying Knee"]}],"is_beta":true,"boss_relics":[],"items_purged_floors":[14],"is_endless":false,"potions_floor_spawned":[1,2,4,12],"killed_by":"The Guardian","ascension_level":13}}