{"host":"p0hktren06injwdf","time":1614182280,"event":{"mods":["AchievementEnabler","BaseMod","Colored Map","DeckTracker","Minty Spire (QoL Compilation)","Permanent Neow","StSLib","SuperFastMode"],"gold_per_floor":[214,232,80,100,100,100,100,165,188,188,214,232,232,560,560,560,560],"floor_reached":16,"language":"KOR","playtime":213,"items_purged":["Defend_P"],"score":266,"play_id":"73a3f59c-e821-43e8-be51-7582cbdce43f","local_time":"20210225005800","is_ascension_mode":true,"campfire_choices":[{"data":"Eruption","floor":6.0,"key":"SMITH"},{"data":"Wallop","floor":10.0,"key":"SMITH"},{"data":"BowlingBash","floor":13.0,"key":"SMITH"},{"data":"Vigilance","floor":15.0,"key":"SMITH"}],"circlet_count":0,"master_deck":["AscendersBane","Strike_P","Strike_P","Strike_P","Defend_P","Defend_P","Defend_P","Eruption+1","Vigilance+1","FollowUp","Wallop+1","BowlingBash+1"],"relics":["PureWater","Pear","Dream Catcher","Tiny Chest","Bag of Preparation","Old Coin"],"acts_visited":["Exordium"],"potions_floor_usage":[16],"damage_taken":[{"damage":2.0,"enemies":"Cultist","floor":1.0,"turns":3.0},{"damage":4.0,"enemies":"Jaw Worm","floor":2.0,"turns":3.0},{"damage":1.0,"enemies":"Small Slimes","floor":4.0,"turns":4.0},{"damage":26.0,"enemies":"Lagavulin Event","floor":8.0,"turns":4.0},{"damage":0.0,"enemies":"Gremlin Nob","floor":11.0,"turns":2.0},{"damage":0.0,"enemies":"Blue Slaver","floor":12.0,"turns":3.0},{"damage":7.0,"enemies":"3 Sentries","floor":14.0,"turns":5.0},{"damage":17,"enemies":"Hexaghost","floor":16,"turns":8}],"seed_played":"9115440538304184286","potions_obtained":[{"floor":4.0,"key":"AttackPotion"},{"floor":8.0,"key":"ColorlessPotion"},{"floor":12.0,"key":"SkillPotion"}],"is_trial":false,"path_per_floor":["M","M","$","M","?","R","T","?","T","R","E","M","R","E","R","B"],"character_chosen":"WATCHER","items_purchased":["Wallop"],"campfire_rested":0,"item_purchase_floors":[3],"current_hp_per_floor":[59,55,55,54,47,47,57,31,31,31,31,31,31,24,24,7,7],"gold":560,"neow_bonus":"HUNDRED_GOLD","is_daily":false,"chose_seed":false,"campfire_upgraded":4,"win_rate":0.0,"timestamp":1614182280,"path_taken":["M","M","$","M","?","R","?","?","T","R","E","M","R","E","R","BOSS"],"items_purchased_type":["Card"],"build_version":"2020-12-22","purchased_purges":1,"victory":false,"max_hp_per_floor":[68,68,68,68,68,68,78,78,78,78,78,78,78,78,78,78,78],"card_choices":[{"not_picked":["EmptyFist","Prostrate"],"picked":"FollowUp","floor":1.0},{"not_picked":["CrushJoints","FollowUp","CutThroughFate"],"picked":"SKIP","floor":2.0},{"not_picked":["Sanctity","Fasting2","FollowUp"],"picked":"SKIP","floor":4.0},{"not_picked":["SashWhip","Collect"],"picked":"BowlingBash","floor":11.0},{"not_picked":["FollowUp","SignatureMove","JustLucky"],"picked":"SKIP","floor":12.0},{"not_picked":["ReachHeaven","JustLucky","Brilliance"],"picked":"SKIP","floor":14.0}],"player_experience":1108869,"relics_obtained":[{"floor":7.0,"key":"Pear"},{"floor":8.0,"key":"Dream Catcher"},{"floor":9.0,"key":"Tiny Chest"},{"floor":11.0,"key":"Bag of Preparation"},{"floor":14.0,"key":"Old Coin"}],"event_choices":[{"cards_removed":["Strike_P"],"damage_healed":0.0,"max_hp_gain":0.0,"max_hp_loss":0.0,"gold_gain":0.0,"event_name":"Golden Wing","player_choice":"Card Removal","floor":5.0,"gold_loss":0.0,"damage_taken":7.0},{"damage_healed":0.0,"max_hp_gain":0.0,"max_hp_loss":0.0,"gold_gain":30.0,"event_name":"Dead Adventurer","player_choice":"Searched \u00273\u0027 times","floor":8.0,"gold_loss":0.0,"damage_taken":0.0}],"is_beta":false,"boss_relics":[],"items_purged_floors":[3],"is_endless":false,"potions_floor_spawned":[4,8,12],"killed_by":"Hexaghost","ascension_level":20}}