{"host":"lg1piimdyocafd6j","time":1614179366,"event":{"mods":["AchievementEnabler","BaseMod","Better Third Choice","BetterRewards","Colored Map","Colored Powertips","Downfall","Minty Spire (QoL Compilation)","Quick Restart","Rare Cards Sparkle","Remove Card Discount Mod","Shop Mod","StSLib","SuperFastMode"],"gold_per_floor":[117,117,111,186,186,186,221,234,234,260,260,286,286,338,338,433,433,433,433],"floor_reached":18,"language":"ENG","playtime":1123,"items_purged":["Defend_B","Dualcast","Zap","Defend_B","Defend_B","Defend_B"],"score":164,"play_id":"5b44c4a9-773f-4ac0-b59e-313c2b93503c","local_time":"20210224160926","is_ascension_mode":false,"campfire_choices":[{"floor":11,"key":"REST"},{"floor":13,"key":"REST"},{"floor":15,"key":"RECALL"}],"circlet_count":0,"master_deck":["Strike_B","Strike_B","Strike_B","Strike_B","Glacier+1","Defragment+1","Glacier","The Bomb","Creative AI","Glacier+1","Conserve Battery","Self Repair"],"relics":["Orrery","Juzu Bracelet","DollysMirror","MerchantsRug","Potion Belt","Odd Mushroom","Blue Candle","Bag of Preparation","Sozu"],"acts_visited":["Exordium","TheCity"],"potions_floor_usage":[],"damage_taken":[{"damage":0,"enemies":"2 Louse","floor":1,"turns":5},{"damage":18,"enemies":"Gremlin Nob","floor":7,"turns":5},{"damage":0,"enemies":"Cultist","floor":8,"turns":7},{"damage":10,"enemies":"The Mushroom Lair","floor":10,"turns":5},{"damage":3,"enemies":"3 Sentries","floor":12,"turns":7},{"damage":31,"enemies":"The Guardian","floor":16,"turns":18},{"damage":0,"enemies":"Chosen","floor":18,"turns":4}],"seed_played":"-6701767480714184803","potions_obtained":[{"floor":7,"key":"SpeedPotion"},{"floor":16,"key":"SkillPotion"}],"is_trial":false,"path_per_floor":["M","?","$","?","?","?","E","M","T","?","R","E","R","T","R","B",null,"M"],"character_chosen":"DEFECT","items_purchased":["Orrery","Defragment","Juzu Bracelet","DollysMirror","MerchantsRug"],"campfire_rested":2,"item_purchase_floors":[0,0,0,0,0],"current_hp_per_floor":[75,75,75,64,49,49,31,31,31,21,43,40,62,62,62,38,75,75,75],"gold":433,"neow_bonus":"","is_daily":false,"chose_seed":false,"campfire_upgraded":0,"win_rate":0.0,"timestamp":1614179366,"path_taken":["M","?","?","?","?","?","E","M","T","?","R","E","R","?","R","BOSS","M"],"items_purchased_type":["Relic","Card","Relic","Relic","Relic"],"build_version":"2020-12-22","purchased_purges":6,"victory":false,"max_hp_per_floor":[75,75,75,75,75,75,75,75,75,75,75,75,75,75,75,75,75,75,75],"card_choices":[{"not_picked":["Go for the Eyes","Skim"],"picked":"Glacier","floor":0},{"not_picked":["Go for the Eyes","Consume"],"picked":"Glacier","floor":1},{"not_picked":["Turbo","Steam Power","Static Discharge"],"picked":"SKIP","floor":7},{"not_picked":["Beam Cell","Ball Lightning"],"picked":"Conserve Battery","floor":8},{"not_picked":["Rebound","Turbo"],"picked":"Self Repair","floor":12}],"player_experience":207528,"relics_obtained":[{"floor":7,"key":"Potion Belt"},{"floor":10,"key":"Odd Mushroom"},{"floor":12,"key":"Blue Candle"},{"floor":14,"key":"Bag of Preparation"}],"event_choices":[{"damage_healed":0,"gold_gain":0,"player_choice":"Ignored","damage_taken":0,"max_hp_gain":0,"max_hp_loss":0,"event_name":"WeMeetAgain","floor":2,"gold_loss":0},{"damage_healed":0,"gold_gain":75,"player_choice":"Gold","damage_taken":11,"max_hp_gain":0,"max_hp_loss":0,"event_name":"betterThird:BetterGoop","floor":4,"gold_loss":0},{"damage_healed":64,"gold_gain":0,"player_choice":"Upgrade","damage_taken":15,"max_hp_gain":0,"max_hp_loss":75,"event_name":"betterThird:BetterShining","floor":5,"gold_loss":0,"cards_upgraded":["Defragment","Glacier"]},{"damage_healed":0,"gold_gain":0,"player_choice":"Grow","damage_taken":0,"max_hp_gain":0,"max_hp_loss":0,"event_name":"Living Wall","floor":6,"gold_loss":0,"cards_upgraded":["Glacier"]},{"damage_healed":0,"gold_gain":0,"player_choice":"Fought Mushrooms","damage_taken":0,"max_hp_gain":0,"max_hp_loss":0,"event_name":"Mushrooms","floor":10,"gold_loss":0}],"is_beta":false,"boss_relics":[{"not_picked":["Coffee Dripper","Tiny House"],"picked":"Sozu"}],"items_purged_floors":[0,0,0,3,3,3],"is_endless":false,"potions_floor_spawned":[7,16],"killed_by":"Chosen","ascension_level":0}}