{"host":"5wilga4482d891pp","time":1614148917,"event":{"mods":["100% Spire Juice","2.2 Compatiblity","A Magickal Journey","AchievementEnabler","Act Like it!","Arknights","Aspiration","Bartender","BaseMod","Better Note","Better Third Choice","CapriCore","Chen","Conspire","Downfall","Elementarium","Energized Spire","Gensokyo","GungeonMod","Hallownest","Hermit","Hubris","Jorbs\u0027s Wanderer Trilogy","KinomotoSakuraMod(木之本?)","Koishi","Lobotomy","LobotomyExtend","Luminous","Marisa（霧雨　魔理沙）","Marked Mod","Minty Spire (QoL Compilation)","Pale of the Ancients","Prisma Mod","Railgun Mod","Reimu（博??梦）","Reliquary","Replay The Spire","Ruina","RumiaBox-露米?的神秘盒子","Shade Mod","Shapeshifter Mod","StSLib","The Administrix","The Alterego","The Animator","The Bug Knight","The Construct","The Cursed","The Gatherer","The Immortal","The IronCluck","The Wild Card","TheBandit","TheFirefly","TheSwordswoman","TheVacant","Uncapped","UnlockEverythingMod","WarShipGirlsR/??少女R mod","Yakumo Yukari mod","Yuyuko"],"gold_per_floor":[116,116,132,132,146,177,208,220,220,187,29,29,29,63,63,160,160,160,0,200,200,200,215,232,257,270,302,327,341,468,482,482,492,492,593,593,611,611,573,673,673,673,691,704,786,581,581,615,615,633,633,633,633,633,633,1292,1292,1292],"floor_reached":57,"language":"ENG","playtime":9881,"items_purged":[],"score":1027,"play_id":"9cb67d38-546d-431f-9dd8-50a78adbe3ee","local_time":"20210224004157","is_ascension_mode":false,"campfire_choices":[{"data":"Replay:Poison Smokescreen","floor":15,"key":"SMITH"},{"data":"PrismaMod:IllyaUberPoisonChannel","floor":34,"key":"SMITH"},{"data":"PrismaMod:IllyaCarnivalOrbs","floor":42,"key":"SMITH"},{"floor":47,"key":"RECALL"},{"data":"Capacitor","floor":51,"key":"SMITH"},{"data":"Hello World","floor":54,"key":"SMITH"}],"circlet_count":0,"master_deck":["PrismaMod:IllyaCommonAttack","PrismaMod:IllyaCommonDefend","PrismaMod:IllyaCommonAttack","PrismaMod:IllyaCommonAttack","PrismaMod:IllyaCommonDefend","PrismaMod:IllyaCommonAttack","PrismaMod:IllyaCommonDefend","PrismaMod:IllyaUncommonAttack","PrismaMod:IllyaUncommonDefend","PrismaMod:IllyaStunPoison","PrismaMod:IllyaReinForce","hubris:SlightOfHand+1","Endless Agony+1","Replay:Poison Smokescreen+1","PrismaMod:IllyaCheapChannelAttack","PrismaMod:IllyaHassanGift","PrismaMod:IllyaGrail","PrismaMod:IllyaPoisoningPhantasm","PrismaMod:IllyaMinorZwei","PrismaMod:IllyaUberAttackChannel","Clumsy","PrismaMod:IllyaInstallForeigner","PrismaMod:IllyaFriendMaker","PrismaMod:IllyaCarnivalDefend","Dazed","PrismaMod:IllyaUncommonEvoke","PrismaMod:IllyaUberPoisonChannel+1","PrismaMod:IllyaHassanGift+1","PrismaMod:IllyaSaphire+1","PrismaMod:IllyaInstallRuler","PrismaMod:IllyaBride+1","PrismaMod:IllyaMinorReinForce","PrismaMod:IllyaCarnivalDefend","PrismaMod:IllyaCarnivalOrbs+1","PrismaMod:IllyaDevil","PrismaMod:IllyaSaphire","CurseOfTheBell","CurseOfTheBell","downfall:Icky","PrismaMod:IllyaInstallAssassin","hubris:Compulsion","downfall:Malfunctioning","PrismaMod:IllyaAlice+1","PrismaMod:IllyaCommandSeal","PrismaMod:IllyaDualEvoke+1","PrismaMod:IllyaTestament+1","PrismaMod:IllyaBride","BootSequence","PrismaMod:IllyaPoisonTippedWeapons","Good Instincts","Metamorphosis","Hello World+1","Capacitor+1","PrismaMod:IllyaPoisonBlock+1"],"relics":["PrismaMod:PrismaRuby","aspiration:Nostalgia","Burning Blood","LetterFromLob","hubris:Icosahedron","Anchor","Potion Belt","Akabeko","Gensokyo:NagashiBinaDoll","Lantern","aspiration:DefectSkillbook","HonorFeather","aspiration:StickyExplosives_weak","reliquary:TuningFork","ReplayTheSpireMod:Lightbulb","Smiling Mask","MutagenicStrength","energizedSpire:EnergizedDie","downfall:ExtraCursedBell","Nunchaku","conspire:Dentures","hubris:CuriousFeather","Gaze_r","DemoMod:MemoryAlloy","TentaclePot:ReiMu","PrismaMod:AliceRelic","hubris:NiceRug","DemoMod:PoisonVial","Mercury Hourglass","hubris:GlazedTorus"],"acts_visited":["Gensokyo:Gensokyo","TheCity","TheBeyond","TheEnding"],"potions_floor_usage":[7,18,18,18,25,27,30,31,46,46,46,46,46,48,48,48],"damage_taken":[{"damage":0,"enemies":"Gensokyo:3_Fairies","floor":1,"turns":4},{"damage":0,"enemies":"Gensokyo:Python","floor":3,"turns":2},{"damage":0,"enemies":"Gensokyo:2_Kodama","floor":5,"turns":4},{"damage":12,"enemies":"Gensokyo:Mamizou","floor":6,"turns":7},{"damage":16,"enemies":"conspire:MimicChest","floor":7,"turns":5},{"damage":0,"enemies":"Gensokyo:LivingMonolith","floor":8,"turns":3},{"damage":5,"enemies":"Gensokyo:2_Rabbits","floor":10,"turns":3},{"damage":13,"enemies":"Gensokyo:Cirno","floor":14,"turns":5},{"damage":6,"enemies":"Gensokyo:Kokoro","floor":16,"turns":5},{"damage":72,"enemies":"3 Byrds","floor":18,"turns":4},{"damage":0,"enemies":"3 Byrds","floor":23,"turns":3},{"damage":0,"enemies":"Chosen","floor":24,"turns":4},{"damage":30,"enemies":"Slavers","floor":25,"turns":5},{"damage":10,"enemies":"Snake Plant","floor":26,"turns":2},{"damage":10,"enemies":"Book of Stabbing","floor":27,"turns":6},{"damage":24,"enemies":"Sentry and Sphere","floor":29,"turns":5},{"damage":27,"enemies":"Gremlin Leader","floor":30,"turns":6},{"damage":0,"enemies":"Centurion and Healer","floor":31,"turns":3},{"damage":10,"enemies":"Snake Plant","floor":33,"turns":3},{"damage":28,"enemies":"hubris:MusketHawk","floor":35,"turns":6},{"damage":10,"enemies":"Orb Walker","floor":37,"turns":4},{"damage":0,"enemies":"3 Shapes","floor":39,"turns":4},{"damage":0,"enemies":"3 Shapes","floor":41,"turns":4},{"damage":37,"enemies":"Spire Growth","floor":43,"turns":4},{"damage":25,"enemies":"Jaw Worm Horde","floor":44,"turns":4},{"damage":17,"enemies":"hubris:Merchant","floor":46,"turns":5},{"damage":13,"enemies":"Nemesis","floor":48,"turns":4},{"damage":4,"enemies":"4 Shapes","floor":50,"turns":3},{"damage":106,"enemies":"conspire:OrnateMirror","floor":52,"turns":9},{"damage":92,"enemies":"Shield and Spear","floor":56,"turns":8},{"damage":55,"enemies":"The Heart","floor":57,"turns":5}],"seed_played":"2299675555421556640","potions_obtained":[{"floor":6,"key":"Swift Potion"},{"floor":7,"key":"DemoMod:LeadSkinPotion"},{"floor":8,"key":"Milkshake"},{"floor":16,"key":"DemoMod:LeadSkinPotion"},{"floor":23,"key":"DemoMod:LeadSkinPotion"},{"floor":25,"key":"LiquidMemories"},{"floor":26,"key":"Reflective Coating"},{"floor":30,"key":"SpeedPotion"},{"floor":31,"key":"Dexterity Potion"},{"floor":39,"key":"Block Potion"},{"floor":44,"key":"PowerPotion"},{"floor":46,"key":"champ:CounterPotion"},{"floor":46,"key":"DuplicationPotion"},{"floor":46,"key":"Weak Potion"}],"is_trial":false,"path_per_floor":["M","?","M","?","M","E","?","M","T","M","$","?","?","E","R","B",null,"M","?","?","PTL","PTL","M","M","E","M","E","T","M","E","M","?","M","R","B",null,"M","?","M","?","?","R","M","M","T","$","R","E","?","M","R","B",null,"R","$","E","B"],"character_chosen":"ILLYA","items_purchased":["PrismaMod:IllyaUberAttackChannel","PrismaMod:IllyaDualEvoke+1","PrismaMod:IllyaTestament","DemoMod:MemoryAlloy","TentaclePot:ReiMu"],"campfire_rested":0,"item_purchase_floors":[11,46,46,46,46],"current_hp_per_floor":[75,75,75,75,75,69,59,65,65,66,66,66,66,59,59,59,75,55,55,55,55,55,61,67,45,41,37,37,59,38,44,44,40,77,55,77,73,73,77,82,82,82,51,32,32,21,82,75,75,77,82,32,82,82,82,30,0,0],"gold":1292,"neow_bonus":"NOSTALGIA","is_daily":false,"chose_seed":false,"campfire_upgraded":5,"win_rate":0.0,"timestamp":1614148917,"path_taken":["M","?","M","?","?","E","?","M","T","M","$","?","?","E","R","BOSS","M","?","?","PTL","PTL","M","?","E","M","E","T","M","E","?","?","M","R","BOSS","M","?","M","?","?","R","M","?","T","$","R","E","?","M","R","BOSS","R","$","E","BOSS"],"items_purchased_type":["Card","Card","Card","Relic","Relic"],"build_version":"2020-12-22","purchased_purges":0,"victory":false,"max_hp_per_floor":[75,75,75,75,75,75,75,75,75,75,75,75,75,75,75,75,75,75,75,75,75,75,75,75,77,77,77,77,77,77,77,77,77,77,77,77,77,77,77,82,82,82,82,82,82,82,82,82,82,82,82,82,82,82,82,82,82,82],"card_choices":[{"not_picked":["PrismaMod:IllyaPartialInstallAssassin","PrismaMod:IllyaRubysPotion"],"picked":"PrismaMod:IllyaStunPoison","floor":1},{"not_picked":["PrismaMod:IllyaUberPoisonBlock","PrismaMod:IllyaCheapChannelPoison"],"picked":"PrismaMod:IllyaReinForce","floor":3},{"not_picked":["PrismaMod:IllyaUberPoisonBlock","PrismaMod:IllyaTestament"],"picked":"PrismaMod:IllyaCheapChannelAttack","floor":5},{"not_picked":["PrismaMod:IllyaFeed","PrismaMod:IllyaAOECommonAttack"],"picked":"PrismaMod:IllyaHassanGift","floor":6},{"not_picked":["PrismaMod:IllyaMinorRapidFire","PrismaMod:IllyaGun"],"picked":"PrismaMod:IllyaGrail","floor":7},{"not_picked":["PrismaMod:IllyaUberPoisonBlock","PrismaMod:IllyaUncommonDefend"],"picked":"PrismaMod:IllyaPoisoningPhantasm","floor":8},{"not_picked":["PrismaMod:IllyaZwei","PrismaMod:IllyaCommonEvoke"],"picked":"PrismaMod:IllyaMinorZwei","floor":10},{"not_picked":[],"picked":"PrismaMod:IllyaInstallForeigner","floor":13},{"not_picked":["PrismaMod:IllyaMaid","PrismaMod:IllyaBride"],"picked":"PrismaMod:IllyaFriendMaker","floor":14},{"not_picked":["PrismaMod:IllyaInstallAssassin","PrismaMod:IllyaUberDefendChannel"],"picked":"PrismaMod:IllyaCarnivalDefend","floor":16},{"not_picked":["PrismaMod:IllyaCheapChannelPoison+1","PrismaMod:IllyaHassanGift","PrismaMod:IllyaCommonEvoke"],"picked":"aspiration:Polymerization","floor":23},{"not_picked":["PrismaMod:IllyaGun","PrismaMod:IllyaSaphire","PrismaMod:IllyaCheapChannelPoison"],"picked":"PrismaMod:IllyaUncommonEvoke","floor":24},{"not_picked":["PrismaMod:IllyaCommonEvoke","Conserve Battery","PrismaMod:IllyaRubysPotion"],"picked":"PrismaMod:IllyaUberPoisonChannel","floor":25},{"not_picked":["PrismaMod:IllyaPoisonTippedWeapons","PrismaMod:IllyaCommonEvoke+1","PrismaMod:IllyaUncommonDefend"],"picked":"PrismaMod:IllyaHassanGift+1","floor":26},{"not_picked":["PrismaMod:IllyaCarnivalDefend","Sunder","Compile Driver"],"picked":"PrismaMod:IllyaSaphire+1","floor":27},{"not_picked":["PrismaMod:IllyaStunPoison+1","PrismaMod:IllyaGun","Gash"],"picked":"PrismaMod:IllyaInstallRuler","floor":29},{"not_picked":["PrismaMod:IllyaAOECommonAttack","PrismaMod:IllyaMinorZwei","Melter+1"],"picked":"PrismaMod:IllyaBride+1","floor":30},{"not_picked":["Compile Driver","PrismaMod:IllyaBoysLove+1","Undo"],"picked":"PrismaMod:IllyaMinorReinForce","floor":31},{"not_picked":["PrismaMod:IllyaGrailKun","PrismaMod:IllyaStunPoison","PrismaMod:IllyaUncommonDefend+1"],"picked":"PrismaMod:IllyaCarnivalDefend","floor":33},{"not_picked":["Seek","PrismaMod:IllyaCarnivalAttack","PrismaMod:IllyaCarnivalPrismaAstolfo"],"picked":"PrismaMod:IllyaCarnivalOrbs","floor":35},{"not_picked":["PrismaMod:IllyaCommonEvoke","PrismaMod:IllyaMinorReinForce+1","Steam+1"],"picked":"PrismaMod:IllyaDevil","floor":37},{"not_picked":["PrismaMod:IllyaHassanGift+1","Compile Driver+1","PrismaMod:IllyaInstallRider"],"picked":"PrismaMod:IllyaSaphire","floor":39},{"not_picked":["PrismaMod:IllyaPoisonBomb+1","Panic Button+1","PrismaMod:IllyaDetonatingBlow+1"],"picked":"PrismaMod:IllyaAlice+1","floor":43},{"not_picked":["PrismaMod:IllyaUberPoisonBlock+1","PrismaMod:IllyaFriendMaker","Rebound+1"],"picked":"PrismaMod:IllyaCommandSeal","floor":44},{"not_picked":[],"picked":"PrismaMod:IllyaBride","floor":46},{"not_picked":[],"picked":"BootSequence","floor":46},{"not_picked":[],"picked":"PrismaMod:IllyaPoisonTippedWeapons","floor":46},{"not_picked":[],"picked":"Good Instincts","floor":46},{"not_picked":[],"picked":"Metamorphosis","floor":46},{"not_picked":["PrismaMod:IllyaStunPoison","PrismaMod:IllyaInstallAvenger","BasicCrystalCard"],"picked":"Hello World","floor":48},{"not_picked":["PrismaMod:IllyaCheapChannelDefend","ReplayTheSpireMod:Dual Polarity","Steam"],"picked":"Capacitor","floor":50},{"not_picked":["PrismaMod:IllyaCommonEvoke","PrismaMod:IllyaPoisonBomb","PrismaMod:IllyaGrailKun"],"picked":"PrismaMod:IllyaPoisonBlock+1","floor":56}],"player_experience":94793,"relics_obtained":[{"floor":1,"key":"LetterFromLob"},{"floor":6,"key":"Anchor"},{"floor":7,"key":"Potion Belt"},{"floor":9,"key":"Akabeko"},{"floor":14,"key":"Lantern"},{"floor":25,"key":"aspiration:StickyExplosives_weak"},{"floor":27,"key":"reliquary:TuningFork"},{"floor":28,"key":"ReplayTheSpireMod:Lightbulb"},{"floor":30,"key":"Smiling Mask"},{"floor":40,"key":"Nunchaku"},{"floor":40,"key":"conspire:Dentures"},{"floor":40,"key":"hubris:CuriousFeather"},{"floor":46,"key":"DemoMod:PoisonVial"},{"floor":48,"key":"Mercury Hourglass"},{"floor":56,"key":"hubris:GlazedTorus"}],"event_choices":[{"damage_healed":0,"gold_gain":200,"player_choice":"Gold","damage_taken":0,"max_hp_gain":0,"max_hp_loss":0,"event_name":"Wheel of Change","floor":20,"gold_loss":0},{"damage_healed":0,"gold_gain":0,"player_choice":"Inject Mutagens","damage_taken":0,"relics_obtained":["MutagenicStrength"],"max_hp_gain":0,"max_hp_loss":0,"event_name":"Drug Dealer","floor":32,"gold_loss":0},{"damage_healed":0,"gold_gain":0,"player_choice":"Ignored","damage_taken":0,"max_hp_gain":0,"max_hp_loss":0,"event_name":"Tomb of Lord Red Mask","floor":38,"gold_loss":0},{"damage_healed":0,"gold_gain":0,"player_choice":"Upgraded","damage_taken":0,"max_hp_gain":0,"max_hp_loss":0,"event_name":"Upgrade Shrine","floor":49,"gold_loss":0,"cards_upgraded":["PrismaMod:IllyaTestament"]}],"is_beta":false,"boss_relics":[{"not_picked":["energizedSpire:RedRose","aspiration:PoetsPen_weak"],"picked":"aspiration:DefectSkillbook"},{"not_picked":["Empty Cage","Ring of Chaos"],"picked":"energizedSpire:EnergizedDie"}],"items_purged_floors":[],"is_endless":false,"potions_floor_spawned":[6,7,8,16,18,23,25,26,30,31,39,41,44],"killed_by":"The Heart","ascension_level":0}}