{"host":"1n4zh8skucxnzijq","time":1614208031,"event":{"mods":["AchievementEnabler","BaseMod","Minty Spire (QoL Compilation)","Quick Restart"],"gold_per_floor":[115,115,126,201,211,211,240,240,240,390,390,61,75,102,102,173,173,192,192,209,220,220,220,231,556,556,591,516,616,628,645,645,716,716,736,746,746,565,612,612,624,637,637,648,665,665,665,681,681,681,681],"floor_reached":50,"language":"ENG","playtime":4553,"items_purged":["Doubt","Deadly Poison"],"score":1013,"play_id":"bfcb3c30-9bac-4ff4-9891-cf688a6f8c3a","local_time":"20210224230711","is_ascension_mode":true,"campfire_choices":[{"data":"Calculated Gamble","floor":6,"key":"SMITH"},{"data":"Deadly Poison","floor":11,"key":"SMITH"},{"data":"Noxious Fumes","floor":15,"key":"SMITH"},{"floor":23,"key":"REST"},{"data":"Tools of the Trade","floor":32,"key":"SMITH"},{"floor":40,"key":"REST"},{"data":"Bullet Time","floor":46,"key":"SMITH"},{"floor":49,"key":"RECALL"}],"circlet_count":0,"master_deck":["AscendersBane","Strike_G+1","Strike_G+1","Strike_G+1","Strike_G+1","Strike_G+1","Defend_G+1","Defend_G+1","Defend_G+1","Defend_G+1","Defend_G+1","Survivor+1","Neutralize","Backstab","Calculated Gamble+1","Deadly Poison+1","Noxious Fumes+1","Wraith Form v2+1","Heel Hook+1","Backflip","Tools of the Trade+1","Terror","Bullet Time+1","Dagger Spray+1","Flash of Steel"],"relics":["Ring of the Serpent","NeowsBlessing","Bag of Preparation","Snake Skull","Paper Crane","Membership Card","War Paint","Bronze Scales","Old Coin","Meat on the Bone","Omamori","Ginger","Bottled Lightning","Runic Pyramid","Anchor","Torii"],"acts_visited":["Exordium","TheCity","TheBeyond"],"potions_floor_usage":[7,7,21,27,29,29,29,33,36,50],"damage_taken":[{"damage":0,"enemies":"Small Slimes","floor":1,"turns":1},{"damage":0,"enemies":"2 Louse","floor":3,"turns":1},{"damage":0,"enemies":"Cultist","floor":5,"turns":1},{"damage":9,"enemies":"Gremlin Nob","floor":7,"turns":4},{"damage":0,"enemies":"Looter","floor":13,"turns":2},{"damage":16,"enemies":"3 Sentries","floor":14,"turns":6},{"damage":11,"enemies":"The Guardian","floor":16,"turns":7},{"damage":11,"enemies":"Spheric Guardian","floor":18,"turns":4},{"damage":0,"enemies":"3 Byrds","floor":20,"turns":3},{"damage":13,"enemies":"Sentry and Sphere","floor":21,"turns":5},{"damage":7,"enemies":"Snake Plant","floor":24,"turns":4},{"damage":12,"enemies":"Book of Stabbing","floor":25,"turns":5},{"damage":6,"enemies":"Gremlin Leader","floor":27,"turns":8},{"damage":12,"enemies":"Colosseum Slavers","floor":29,"turns":5},{"damage":11,"enemies":"Colosseum Nobs","floor":29,"turns":4},{"damage":0,"enemies":"Snecko","floor":30,"turns":5},{"damage":11,"enemies":"Centurion and Healer","floor":31,"turns":7},{"damage":24,"enemies":"Automaton","floor":33,"turns":10},{"damage":8,"enemies":"Orb Walker","floor":35,"turns":3},{"damage":13,"enemies":"3 Darklings","floor":36,"turns":5},{"damage":27,"enemies":"2 Orb Walkers","floor":39,"turns":6},{"damage":20,"enemies":"Transient","floor":41,"turns":6},{"damage":22,"enemies":"Maw","floor":42,"turns":6},{"damage":9,"enemies":"3 Darklings","floor":44,"turns":5},{"damage":2,"enemies":"Sphere and 2 Shapes","floor":45,"turns":5},{"damage":9,"enemies":"Writhing Mass","floor":48,"turns":5},{"damage":45,"enemies":"Awakened One","floor":50,"turns":5}],"seed_played":"6165892538033078750","potions_obtained":[{"floor":1,"key":"GhostInAJar"},{"floor":5,"key":"AttackPotion"},{"floor":20,"key":"DistilledChaos"},{"floor":25,"key":"EssenceOfSteel"},{"floor":27,"key":"EntropicBrew"},{"floor":29,"key":"SkillPotion"},{"floor":35,"key":"Fruit Juice"},{"floor":41,"key":"Explosive Potion"},{"floor":44,"key":"Strength Potion"},{"floor":48,"key":"SteroidPotion"}],"is_trial":false,"path_per_floor":["M","?","M","?","M","R","E","?","T","?","R","$","M","E","R","B",null,"M","?","M","M","?","R","M","E","T","E","?","?","M","M","R","B",null,"M","M","?","$","?","R","M","M","T","M","M","R","?","M","R","B"],"character_chosen":"THE_SILENT","items_purchased":["Membership Card","War Paint","Anchor","Flash of Steel"],"campfire_rested":2,"item_purchase_floors":[12,12,38,38],"current_hp_per_floor":[59,59,59,48,48,48,39,32,32,32,32,32,32,16,16,5,51,40,40,40,27,27,46,39,27,27,33,33,34,34,35,35,23,55,47,39,39,39,24,45,37,27,27,30,40,40,54,45,45,0,0],"gold":681,"neow_bonus":"THREE_ENEMY_KILL","is_daily":false,"chose_seed":false,"campfire_upgraded":5,"win_rate":0.0,"timestamp":1614208031,"path_taken":["M","?","M","?","M","R","E","?","T","?","R","$","M","E","R","BOSS","M","?","M","M","?","R","?","E","T","E","?","?","M","M","R","BOSS","M","M","?","$","?","R","M","M","T","M","M","R","?","M","R","BOSS"],"items_purchased_type":["Relic","Relic","Relic","Card"],"build_version":"2020-12-22","purchased_purges":2,"victory":false,"max_hp_per_floor":[66,66,66,66,66,66,66,66,66,66,66,66,66,66,66,66,66,66,66,66,66,66,66,66,66,66,66,66,66,66,66,66,66,66,66,71,71,71,71,71,71,71,71,71,71,71,71,71,71,71,71],"card_choices":[{"not_picked":["Prepared","Underhanded Strike"],"picked":"Backstab","floor":1},{"not_picked":["Quick Slash","Deflect"],"picked":"Calculated Gamble","floor":3},{"not_picked":["Bane","Slice"],"picked":"Flying Knee","floor":5},{"not_picked":["Predator","Choke"],"picked":"Deadly Poison","floor":7},{"not_picked":["Bane","Deflect"],"picked":"Noxious Fumes","floor":13},{"not_picked":["Dagger Spray","Flying Knee"],"picked":"Deadly Poison","floor":14},{"not_picked":["Venomology","Storm of Steel"],"picked":"Wraith Form v2","floor":16},{"not_picked":["Underhanded Strike","Backstab"],"picked":"Heel Hook+1","floor":18},{"not_picked":["Masterful Stab","Flechettes","Flying Knee"],"picked":"SKIP","floor":20},{"not_picked":["All Out Attack","Cloak And Dagger+1"],"picked":"Backflip","floor":21},{"not_picked":["Predator","Slice"],"picked":"Blur","floor":24},{"not_picked":["Infinite Blades","Eviscerate"],"picked":"Tools of the Trade","floor":25},{"not_picked":["PiercingWail","Riddle With Holes+1","Caltrops"],"picked":"SKIP","floor":27},{"not_picked":["Backstab","Outmaneuver"],"picked":"Terror","floor":29},{"not_picked":["Riddle With Holes+1","Flechettes","Acrobatics"],"picked":"SKIP","floor":30},{"not_picked":["Dagger Throw","Dagger Spray","Infinite Blades+1"],"picked":"SKIP","floor":31},{"not_picked":["Glass Knife","After Image"],"picked":"Bullet Time","floor":33},{"not_picked":["Catalyst","Prepared","Acrobatics"],"picked":"SKIP","floor":35},{"not_picked":["Dagger Throw+1","Deflect"],"picked":"Dagger Spray+1","floor":36},{"not_picked":["Deadly Poison+1","Quick Slash","Bullet Time"],"picked":"SKIP","floor":41},{"not_picked":["Acrobatics","Deflect","Backflip"],"picked":"SKIP","floor":42},{"not_picked":["Endless Agony","All Out Attack","Predator"],"picked":"SKIP","floor":44},{"not_picked":["Accuracy","Underhanded Strike","Expertise"],"picked":"SKIP","floor":45},{"not_picked":["Dagger Throw+1","Slice","Deflect+1"],"picked":"SKIP","floor":48}],"player_experience":1175937,"relics_obtained":[{"floor":7,"key":"Snake Skull"},{"floor":9,"key":"Paper Crane"},{"floor":14,"key":"Bronze Scales"},{"floor":25,"key":"Old Coin"},{"floor":26,"key":"Meat on the Bone"},{"floor":27,"key":"Omamori"},{"floor":29,"key":"Ginger"},{"floor":29,"key":"Bottled Lightning"},{"floor":39,"key":"Torii"}],"event_choices":[{"damage_healed":0,"gold_gain":0,"player_choice":"Box","damage_taken":0,"relics_obtained":["Bag of Preparation"],"max_hp_gain":0,"max_hp_loss":0,"event_name":"Big Fish","floor":2,"gold_loss":0,"cards_obtained":["Regret"]},{"damage_healed":0,"gold_gain":75,"player_choice":"Gather Gold","damage_taken":11,"max_hp_gain":0,"max_hp_loss":0,"event_name":"World of Goop","floor":4,"gold_loss":0},{"cards_removed":["Regret"],"damage_healed":0,"gold_gain":0,"player_choice":"Card Removal","damage_taken":7,"max_hp_gain":0,"max_hp_loss":0,"event_name":"Golden Wing","floor":8,"gold_loss":0},{"damage_healed":0,"gold_gain":150,"player_choice":"AGREE","damage_taken":0,"max_hp_gain":0,"max_hp_loss":0,"event_name":"Liars Game","floor":10,"gold_loss":0,"cards_obtained":["Doubt"]},{"damage_healed":0,"gold_gain":0,"player_choice":"Simplicity","damage_taken":0,"max_hp_gain":0,"max_hp_loss":0,"event_name":"Back to Basics","floor":19,"gold_loss":0,"cards_upgraded":["Strike_G","Strike_G","Strike_G","Strike_G","Strike_G","Defend_G","Defend_G","Defend_G","Defend_G"]},{"damage_healed":0,"gold_gain":0,"player_choice":"Upgraded","damage_taken":0,"max_hp_gain":0,"max_hp_loss":0,"event_name":"Upgrade Shrine","floor":22,"gold_loss":0,"cards_upgraded":["Wraith Form v2"]},{"cards_removed":["Blur"],"damage_healed":0,"gold_gain":0,"player_choice":"Gave Gold","damage_taken":0,"max_hp_gain":0,"max_hp_loss":0,"event_name":"Beggar","floor":28,"gold_loss":75},{"damage_healed":0,"gold_gain":0,"player_choice":"Fight","damage_taken":0,"max_hp_gain":0,"max_hp_loss":0,"event_name":"Colosseum","floor":29,"gold_loss":0},{"damage_healed":0,"gold_gain":0,"player_choice":"Fought Nobs","damage_taken":0,"max_hp_gain":0,"max_hp_loss":0,"event_name":"Colosseum","floor":29,"gold_loss":0},{"cards_removed":["Flying Knee"],"damage_healed":0,"gold_gain":0,"player_choice":"Removed Attack","damage_taken":0,"max_hp_gain":0,"max_hp_loss":0,"event_name":"Falling","floor":37,"gold_loss":0},{"damage_healed":0,"gold_gain":0,"player_choice":"Fight","damage_taken":0,"max_hp_gain":0,"max_hp_loss":0,"event_name":"Mysterious Sphere","floor":39,"gold_loss":0},{"damage_healed":14,"gold_gain":0,"player_choice":"Writhe","damage_taken":0,"max_hp_gain":0,"max_hp_loss":0,"event_name":"Winding Halls","floor":47,"gold_loss":0,"cards_obtained":["Writhe"]}],"is_beta":false,"boss_relics":[{"not_picked":["Empty Cage","Cursed Key"],"picked":"Ring of the Serpent"},{"not_picked":["Busted Crown","Runic Dome"],"picked":"Runic Pyramid"}],"items_purged_floors":[12,38],"is_endless":false,"potions_floor_spawned":[1,5,20,25,27,29,29,35,41,44,48],"killed_by":"Awakened One","ascension_level":20}}