{"host":"dyzdf8svqmiivg97","time":1614162985,"event":{"mods":["AchievementEnabler","BaseMod","Colored Map","DeckTracker","Minty Spire (QoL Compilation)","Quick Restart","Rare Cards Sparkle","SuperFastMode"],"gold_per_floor":[115,65,75,75,75,75,107,107,107,124,136,152,169,197,197,197,197],"floor_reached":16,"language":"KOR","playtime":575,"items_purged":[],"score":233,"play_id":"b110dbc5-41d6-43c9-a45d-d8654389992a","local_time":"20210224193625","is_ascension_mode":true,"campfire_choices":[{"data":"FearNoEvil","floor":6,"key":"SMITH"},{"data":"FollowUp","floor":8,"key":"SMITH"},{"data":"CrushJoints","floor":15,"key":"SMITH"}],"circlet_count":0,"master_deck":["AscendersBane","Strike_P","Strike_P","Strike_P","Defend_P","Defend_P+1","Defend_P","Defend_P","Eruption+1","Vigilance","FearNoEvil+1","FollowUp+1","CrushJoints+1","EmptyFist"],"relics":["PureWater","NeowsBlessing","Meat on the Bone","Toy Ornithopter","Tiny Chest"],"acts_visited":["Exordium"],"potions_floor_usage":[14],"damage_taken":[{"damage":0,"enemies":"Cultist","floor":1,"turns":1},{"damage":0,"enemies":"Small Slimes","floor":3,"turns":2},{"damage":0,"enemies":"Gremlin Nob","floor":7,"turns":1},{"damage":2,"enemies":"Jaw Worm","floor":10,"turns":2},{"damage":0,"enemies":"Blue Slaver","floor":11,"turns":3},{"damage":5,"enemies":"Gremlin Gang","floor":12,"turns":3},{"damage":10,"enemies":"Lots of Slimes","floor":13,"turns":3},{"damage":25,"enemies":"Lagavulin","floor":14,"turns":5},{"damage":48,"enemies":"Hexaghost","floor":16,"turns":8}],"seed_played":"7472697653352539035","potions_obtained":[{"floor":7,"key":"Explosive Potion"},{"floor":10,"key":"ColorlessPotion"}],"is_trial":false,"path_per_floor":["M","?","M","?","?","R","E","R","T","M","M","M","M","E","R","B"],"character_chosen":"WATCHER","items_purchased":[],"campfire_rested":0,"item_purchase_floors":[],"current_hp_per_floor":[61,61,61,47,68,68,68,68,68,66,66,61,51,43,43,0,0],"gold":197,"neow_bonus":"THREE_ENEMY_KILL","is_daily":false,"chose_seed":false,"campfire_upgraded":3,"win_rate":0.0,"timestamp":1614162985,"path_taken":["M","?","M","?","?","R","E","R","T","M","M","M","M","E","R","BOSS"],"items_purchased_type":[],"build_version":"2020-12-22","purchased_purges":0,"victory":false,"max_hp_per_floor":[68,68,68,68,68,68,68,68,68,68,68,68,68,68,68,68,68],"card_choices":[{"not_picked":["Halt","CutThroughFate","JustLucky"],"picked":"SKIP","floor":1},{"not_picked":["EmptyMind","SignatureMove"],"picked":"FearNoEvil","floor":3},{"not_picked":["WindmillStrike","Consecrate"],"picked":"FollowUp","floor":7},{"not_picked":["Vengeance","Wireheading"],"picked":"CrushJoints","floor":10},{"not_picked":["LikeWater","Consecrate"],"picked":"EmptyFist","floor":11},{"not_picked":["Alpha","Halt","Weave"],"picked":"SKIP","floor":12},{"not_picked":["ClearTheMind","FlyingSleeves","Consecrate"],"picked":"SKIP","floor":13},{"not_picked":["EmptyFist","BattleHymn","Vengeance"],"picked":"SKIP","floor":14}],"player_experience":603652,"relics_obtained":[{"floor":7,"key":"Meat on the Bone"},{"floor":9,"key":"Toy Ornithopter"},{"floor":14,"key":"Tiny Chest"}],"event_choices":[{"cards_removed":["Strike_P"],"damage_healed":0,"gold_gain":0,"player_choice":"Card Removal","damage_taken":0,"max_hp_gain":0,"max_hp_loss":0,"event_name":"The Cleric","floor":2,"gold_loss":50},{"damage_healed":0,"gold_gain":0,"player_choice":"Entered Light","damage_taken":14,"max_hp_gain":0,"max_hp_loss":0,"event_name":"Shining Light","floor":4,"gold_loss":0,"cards_upgraded":["Defend_P","Eruption"]},{"damage_healed":22,"gold_gain":0,"player_choice":"Banana","damage_taken":0,"max_hp_gain":0,"max_hp_loss":0,"event_name":"Big Fish","floor":5,"gold_loss":0}],"is_beta":false,"boss_relics":[],"items_purged_floors":[],"is_endless":false,"potions_floor_spawned":[7,10,11,12],"killed_by":"Hexaghost","ascension_level":14}}