{"host":"KYO","time":1614169406,"event":{"mods":["Act Like it!","Arknights","BaseMod","Minty Spire (QoL Compilation)","Permanent Neow","Shop Mod","StSLib","SuperFastMode","TestMod","[IsaacMod]以撒尖塔"],"gold_per_floor":[116,126,145,545,470,470,501,515,538,538,570,590,590,590,590,684,684,697,716,716,730,768,812,393,431,457,492,492,535,550,571,571,667,667,682,702,401,401,457,457,493,493,493,529,545,576,576,609,609,609,609,609,609,5,36,36],"floor_reached":57,"language":"ZHS","playtime":5443,"items_purged":["Strike_G","Strike_G","Strike_G"],"score":3327,"play_id":"5c0271e2-3e02-41d0-b4bd-53ae04b6ab40","local_time":"20210224202326","is_ascension_mode":true,"campfire_choices":[{"data":"Neutralize","floor":6.0,"key":"SMITH"},{"data":"Corpse Explosion","floor":10.0,"key":"SMITH"},{"data":"Blur","floor":13.0,"key":"SMITH"},{"data":"Poisoned Stab","floor":15.0,"key":"SMITH"},{"floor":32.0,"key":"REST"},{"data":"Catalyst","floor":40.0,"key":"SMITH"},{"data":"Wraith Form v2","floor":42.0,"key":"SMITH"},{"data":"Well Laid Plans","floor":47.0,"key":"SMITH"},{"floor":49.0,"key":"RECALL"},{"data":"Bouncing Flask","floor":53.0,"key":"SMITH"}],"circlet_count":0,"master_deck":["AscendersBane","Strike_G","Strike_G","Defend_G","Defend_G","Defend_G","Defend_G","Survivor","Neutralize+1","Corpse Explosion+1","Blur+1","Poisoned Stab+1","Malaise","Noxious Fumes","Bouncing Flask+1","Catalyst+1","Well Laid Plans+1","Backflip+1","Catalyst+1","Wraith Form v2+1","Escape Plan+1","testmod-Wormhole+1","Madness+1","Madness+1","After Image","Finesse+1","Catalyst+1"],"relics":["testmod-TestBox","DoctorsRemote","testmod-StringDisintegrator","testmod-Recursion","testmod-Antiphasic","testmod-LifeArmor","Golden Idol","testmod-Prudence","Red Mask","UnicornStump","MerchantsRug","Bronze Scales","Art of War","Toxic Egg 2","testmod-TurbochargingSystem","Cursed Key","testmod-ObsoleteBoomerang","BelialBook","Boot","MoneyPower","EdensBlessing","testmod-InjuryResistance","SatanicBible"],"acts_visited":["Exordium","TheCity","TheBeyond","TheEnding"],"potions_floor_usage":[56,56,56,56],"damage_taken":[{"damage":0.0,"enemies":"ats:Genji","floor":1.0,"turns":3.0},{"damage":0.0,"enemies":"2 Louse","floor":2.0,"turns":3.0},{"damage":0.0,"enemies":"Jaw Worm","floor":3.0,"turns":4.0},{"damage":0.0,"enemies":"Lagavulin","floor":7.0,"turns":4.0},{"damage":0.0,"enemies":"2 Fungi Beasts","floor":8.0,"turns":2.0},{"damage":0.0,"enemies":"3 Sentries","floor":11.0,"turns":1.0},{"damage":0.0,"enemies":"Looter","floor":12.0,"turns":3.0},{"damage":1.0,"enemies":"The Guardian","floor":16.0,"turns":8.0},{"damage":4.0,"enemies":"2 Thieves","floor":18.0,"turns":2.0},{"damage":0.0,"enemies":"Shell Parasite","floor":19.0,"turns":7.0},{"damage":0.0,"enemies":"Cultist and Chosen","floor":21.0,"turns":4.0},{"damage":0.0,"enemies":"Masked Bandits","floor":22.0,"turns":2.0},{"damage":6.0,"enemies":"Book of Stabbing","floor":23.0,"turns":6.0},{"damage":4.0,"enemies":"Gremlin Leader","floor":25.0,"turns":5.0},{"damage":24.0,"enemies":"Book of Stabbing","floor":27.0,"turns":5.0},{"damage":16.0,"enemies":"Slavers","floor":29.0,"turns":3.0},{"damage":0.0,"enemies":"Snake Plant","floor":30.0,"turns":4.0},{"damage":0.0,"enemies":"Centurion and Healer","floor":31.0,"turns":3.0},{"damage":0.0,"enemies":"Champ","floor":33.0,"turns":6.0},{"damage":0.0,"enemies":"Orb Walker","floor":35.0,"turns":3.0},{"damage":0.0,"enemies":"3 Shapes","floor":36.0,"turns":3.0},{"damage":0.0,"enemies":"2 Orb Walkers","floor":39.0,"turns":3.0},{"damage":0.0,"enemies":"Giant Head","floor":41.0,"turns":4.0},{"damage":0.0,"enemies":"Nemesis","floor":44.0,"turns":3.0},{"damage":0.0,"enemies":"Writhing Mass","floor":45.0,"turns":4.0},{"damage":0.0,"enemies":"Mind Bloom Boss Battle","floor":46.0,"turns":3.0},{"damage":0.0,"enemies":"Reptomancer","floor":48.0,"turns":3.0},{"damage":32.0,"enemies":"Time Eater","floor":50.0,"turns":11.0},{"damage":26.0,"enemies":"Awakened One","floor":51.0,"turns":13.0},{"damage":0.0,"enemies":"Shield and Spear","floor":55.0,"turns":3.0},{"damage":0,"enemies":"The Heart","floor":56,"turns":5}],"seed_played":"7191656836277728409","potions_obtained":[{"floor":1.0,"key":"testmod-SpacePotion"},{"floor":2.0,"key":"FearPotion"},{"floor":3.0,"key":"Ancient Potion"},{"floor":18.0,"key":"FearPotion"},{"floor":22.0,"key":"CunningPotion"},{"floor":25.0,"key":"SteroidPotion"},{"floor":29.0,"key":"FairyPotion"},{"floor":31.0,"key":"Swift Potion"}],"is_trial":false,"path_per_floor":["M","M","M","?","?","R","E","M","T","R","E","M","R","?","R","B",null,"M","M","T","M","?","E","$","E","T","E","?","E","M","M","R","B",null,"M","M","$","?","?","R","E","R","T","E","M","?","R","E","R","B","B",null,"R","$","E","B",null],"character_chosen":"THE_SILENT","items_purchased":["MerchantsRug","Bronze Scales","Well Laid Plans","testmod-Wormhole+1","DuplicationPotion","testmod-InjuryResistance","EntropicBrew","Finesse+1"],"campfire_rested":1,"item_purchase_floors":[24,24,24,37,37,54,54,54],"current_hp_per_floor":[59,59,59,59,59,59,59,59,59,59,59,59,59,36,36,35,58,54,54,54,54,54,48,48,44,44,25,25,9,9,9,30,30,61,61,61,61,48,48,48,48,48,48,48,48,48,48,48,48,16,15,57,57,57,57,57],"gold":36,"neow_bonus":"BOSS_RELIC","is_daily":false,"chose_seed":false,"campfire_upgraded":8,"win_rate":0.0,"timestamp":1614169406,"path_taken":["M","M","M","?","?","R","E","M","T","R","E","M","R","?","R","BOSS","M","M","?","?","?","E","$","E","T","E","?","E","?","M","R","BOSS","M","M","$","?","?","R","E","R","T","E","M","?","R","E","R","BOSS","BOSS","R","$","E","BOSS"],"items_purchased_type":["Relic","Relic","Card","Card","Potion","Relic","Potion","Card"],"build_version":"2020-12-18","purchased_purges":3,"victory":true,"max_hp_per_floor":[66,66,66,66,66,66,66,66,66,66,66,66,66,66,66,66,66,66,66,66,66,66,66,66,66,66,71,71,71,71,71,71,71,71,71,71,71,71,71,71,71,71,71,71,71,71,71,71,71,71,71,71,71,71,71,71],"card_choices":[{"not_picked":["Deadly Poison","Blur","Flying Knee"],"picked":"SKIP","floor":1.0},{"not_picked":["Leg Sweep","Quick Slash","Cloak And Dagger"],"picked":"SKIP","floor":2.0},{"not_picked":["Leg Sweep","Quick Slash","Cloak And Dagger"],"picked":"SKIP","floor":2.0},{"not_picked":["Poisoned Stab","Outmaneuver"],"picked":"Bomb","floor":3.0},{"not_picked":["Dagger Throw","Bomb"],"picked":"Corpse Explosion","floor":7.0},{"not_picked":["Choke","Sucker Punch","Quick Slash"],"picked":"SKIP","floor":8.0},{"not_picked":["Sucker Punch","Envenom"],"picked":"Blur","floor":11.0},{"not_picked":["Dagger Throw","Outmaneuver"],"picked":"Poisoned Stab","floor":12.0},{"not_picked":["Deflect","Outmaneuver","Caltrops"],"picked":"SKIP","floor":12.0},{"not_picked":["Die Die Die","Storm of Steel"],"picked":"Malaise","floor":16.0},{"not_picked":["Quick Slash","Outmaneuver"],"picked":"Noxious Fumes","floor":18.0},{"not_picked":["Bane","Acrobatics","Slice+1"],"picked":"SKIP","floor":18.0},{"not_picked":["Calculated Gamble","Dagger Spray"],"picked":"Bouncing Flask","floor":19.0},{"not_picked":["Masterful Stab","Escape Plan","Eviscerate"],"picked":"SKIP","floor":19.0},{"not_picked":["PiercingWail","Bane"],"picked":"Catalyst","floor":21.0},{"not_picked":["Poisoned Stab","Underhanded Strike","Unload"],"picked":"SKIP","floor":21.0},{"not_picked":["Noxious Fumes","Deflect+1","Skewer"],"picked":"SKIP","floor":23.0},{"not_picked":["PiercingWail","Outmaneuver"],"picked":"Backflip+1","floor":25.0},{"not_picked":["All Out Attack","Dagger Throw","Prepared+1"],"picked":"SKIP","floor":27.0},{"not_picked":["A Thousand Cuts","Backflip+1"],"picked":"Catalyst+1","floor":29.0},{"not_picked":["Cloak And Dagger+1","Acrobatics+1","Masterful Stab"],"picked":"SKIP","floor":30.0},{"not_picked":["Skewer","Deflect+1","Leg Sweep+1"],"picked":"SKIP","floor":30.0},{"not_picked":["Heel Hook+1","Terror+1","Blur+1"],"picked":"SKIP","floor":31.0},{"not_picked":["Cloak And Dagger+1","Poisoned Stab","Leg Sweep+1"],"picked":"SKIP","floor":31.0},{"not_picked":["Malaise+1","Tools of the Trade"],"picked":"Wraith Form v2","floor":33.0},{"not_picked":["PiercingWail+1","Terror+1","Bane"],"picked":"SKIP","floor":35.0},{"not_picked":["Flechettes","Predator","Expertise+1"],"picked":"SKIP","floor":35.0},{"not_picked":["Quick Slash","Dagger Spray"],"picked":"Escape Plan+1","floor":36.0},{"not_picked":["Bane","PiercingWail+1","Skewer"],"picked":"SKIP","floor":36.0},{"not_picked":["Cloak And Dagger+1","Catalyst+1"],"picked":"After Image","floor":41.0},{"not_picked":["Deadly Poison+1","Skewer","Backflip+1"],"picked":"SKIP","floor":44.0},{"not_picked":["Dodge and Roll+1","Dagger Throw+1","Concentrate+1"],"picked":"SKIP","floor":45.0},{"not_picked":["Flying Knee","Distraction+1","Skewer+1"],"picked":"SKIP","floor":45.0},{"not_picked":["Deflect+1","Flying Knee","Deadly Poison+1"],"picked":"SKIP","floor":48.0},{"not_picked":["Setup+1","Heel Hook"],"picked":"Catalyst+1","floor":55.0}],"player_experience":809881,"relics_obtained":[{"floor":7.0,"key":"testmod-Antiphasic"},{"floor":9.0,"key":"testmod-LifeArmor"},{"floor":11.0,"key":"Prayer Wheel"},{"floor":22.0,"key":"Red Mask"},{"floor":23.0,"key":"UnicornStump"},{"floor":25.0,"key":"Regal Pillow"},{"floor":26.0,"key":"Art of War"},{"floor":27.0,"key":"Toxic Egg 2"},{"floor":29.0,"key":"testmod-TurbochargingSystem"},{"floor":39.0,"key":"testmod-ObsoleteBoomerang"},{"floor":41.0,"key":"BelialBook"},{"floor":44.0,"key":"Boot"},{"floor":46.0,"key":"MoneyPower"},{"floor":48.0,"key":"EdensBlessing"},{"floor":55.0,"key":"SatanicBible"}],"event_choices":[{"damage_healed":0.0,"max_hp_gain":0.0,"max_hp_loss":0.0,"gold_gain":400.0,"event_name":"恩洛斯的盘子","player_choice":"Sell","floor":4.0,"relics_lost":["HushsDoor"],"gold_loss":0.0,"damage_taken":0.0},{"cards_removed":["Defend_G"],"damage_healed":0.0,"max_hp_gain":0.0,"max_hp_loss":0.0,"gold_gain":0.0,"event_name":"The Cleric","player_choice":"Card Removal","floor":5.0,"gold_loss":75.0,"damage_taken":0.0},{"damage_healed":0.0,"max_hp_gain":0.0,"max_hp_loss":0.0,"gold_gain":0.0,"event_name":"Golden Idol","player_choice":"Take Damage","floor":14.0,"gold_loss":0.0,"damage_taken":23.0,"relics_obtained":["Golden Idol"]},{"damage_healed":0.0,"max_hp_gain":0.0,"max_hp_loss":0.0,"gold_gain":0.0,"event_name":"Masked Bandits","player_choice":"Fought Bandits","floor":22.0,"gold_loss":0.0,"damage_taken":0.0},{"damage_healed":0.0,"max_hp_gain":0.0,"max_hp_loss":0.0,"gold_gain":0.0,"event_name":"给自己的盒子","player_choice":"Swap Relic","floor":28.0,"relics_lost":["Regal Pillow"],"gold_loss":0.0,"damage_taken":0.0,"relics_obtained":["testmod-RandomTest"]},{"damage_healed":0.0,"max_hp_gain":0.0,"max_hp_loss":0.0,"gold_gain":0.0,"event_name":"Winding Halls","player_choice":"Embrace Madness","floor":38.0,"gold_loss":0.0,"damage_taken":13.0,"cards_obtained":["Madness","Madness"]},{"damage_healed":0.0,"max_hp_gain":0.0,"max_hp_loss":0.0,"gold_gain":0.0,"event_name":"Mysterious Sphere","player_choice":"Fight","floor":39.0,"gold_loss":0.0,"damage_taken":0.0},{"damage_healed":0.0,"max_hp_gain":0.0,"max_hp_loss":0.0,"gold_gain":0.0,"event_name":"MindBloom","player_choice":"Fight","floor":46.0,"gold_loss":0.0,"damage_taken":0.0}],"is_beta":true,"boss_relics":[{"not_picked":["Sozu","Philosopher\u0027s Stone"],"picked":"testmod-Prudence"},{"not_picked":["testmod-GoldenSoul","Astrolabe"],"picked":"Cursed Key"}],"items_purged_floors":[24,37,54],"is_endless":false,"potions_floor_spawned":[1,2,3,18,22,25,29,31,33,35,39,44,48],"ascension_level":20}}