{"host":"7wi4qgm5yw4j7oz0","time":1614167132,"event":{"mods":["AchievementEnabler","BaseMod","Block Reminder","Colored Map","Colored Powertips","Highlight Path","Minty Spire (QoL Compilation)","Permanent Neow","Random Character Button","StSLib","SuperFastMode","everything is the same but u backflip on backflip"],"gold_per_floor":[111,11,27,46,46,46,46,46,46,46,61,61,83,97,97,97,97],"floor_reached":16,"language":"KOR","playtime":575,"items_purged":["Strike_R"],"score":171,"play_id":"260e4bf5-160a-4c52-b316-9c811e63c3f4","local_time":"20210224204532","is_ascension_mode":true,"campfire_choices":[{"data":"Offering","floor":6,"key":"SMITH"},{"data":"Battle Trance","floor":8,"key":"SMITH"},{"data":"Cleave","floor":10,"key":"SMITH"},{"data":"Iron Wave","floor":12,"key":"SMITH"},{"data":"Bash","floor":15,"key":"SMITH"}],"circlet_count":0,"master_deck":["AscendersBane","Strike_R","Strike_R","Defend_R","Defend_R","Defend_R","Defend_R","Bash+1","Thunderclap","Cleave+1","Iron Wave+1","Battle Trance+1","Offering+1","Twin Strike","Shrug It Off","Heavy Blade"],"relics":["Burning Blood","Bottled Flame","Odd Mushroom"],"acts_visited":["Exordium"],"potions_floor_usage":[],"damage_taken":[{"damage":12,"enemies":"Cultist","floor":1,"turns":4},{"damage":6,"enemies":"2 Louse","floor":3,"turns":2},{"damage":4,"enemies":"Small Slimes","floor":4,"turns":3},{"damage":26,"enemies":"Exordium Thugs","floor":11,"turns":4},{"damage":4,"enemies":"The Mushroom Lair","floor":13,"turns":3},{"damage":0,"enemies":"3 Louse","floor":14,"turns":2},{"damage":53,"enemies":"Hexaghost","floor":16,"turns":9}],"seed_played":"184841874640651993","potions_obtained":[{"floor":1,"key":"LiquidMemories"},{"floor":11,"key":"FearPotion"}],"is_trial":false,"path_per_floor":["M","$","M","M","?","R","$","R","T","R","M","R","?","M","R","B"],"character_chosen":"IRONCLAD","items_purchased":["Cleave"],"campfire_rested":0,"item_purchase_floors":[2],"current_hp_per_floor":[62,62,62,64,64,64,64,64,64,64,44,44,46,52,52,0,0],"gold":97,"neow_bonus":"REMOVE_CARD","is_daily":false,"chose_seed":false,"campfire_upgraded":5,"win_rate":0.0,"timestamp":1614167132,"path_taken":["M","?","M","M","?","R","$","R","T","R","M","R","?","M","R","BOSS"],"items_purchased_type":["Card"],"build_version":"2020-12-22","purchased_purges":1,"victory":false,"max_hp_per_floor":[75,75,75,75,75,75,75,75,75,75,75,75,75,75,75,75,75],"card_choices":[{"not_picked":["Sever Soul","Body Slam"],"picked":"Thunderclap","floor":1},{"not_picked":["Rupture","Pummel"],"picked":"Iron Wave","floor":3},{"not_picked":["Whirlwind","Burning Pact"],"picked":"Battle Trance","floor":4},{"not_picked":["Perfected Strike","Rupture"],"picked":"Twin Strike","floor":11},{"not_picked":["Armaments","Whirlwind"],"picked":"Shrug It Off","floor":13},{"not_picked":["Second Wind","Rage"],"picked":"Heavy Blade","floor":14}],"player_experience":364495,"relics_obtained":[{"floor":9,"key":"Bottled Flame"},{"floor":13,"key":"Odd Mushroom"}],"event_choices":[{"damage_healed":0,"gold_gain":0,"cards_transformed":["Strike_R"],"player_choice":"Change","damage_taken":0,"max_hp_gain":0,"max_hp_loss":0,"event_name":"Living Wall","floor":5,"gold_loss":0,"cards_obtained":["Offering"]},{"damage_healed":0,"gold_gain":0,"player_choice":"Fought Mushrooms","damage_taken":0,"max_hp_gain":0,"max_hp_loss":0,"event_name":"Mushrooms","floor":13,"gold_loss":0}],"is_beta":false,"boss_relics":[],"items_purged_floors":[2],"is_endless":false,"potions_floor_spawned":[1,11,14],"killed_by":"Hexaghost","ascension_level":18}}