{"host":"vx488ommchhibo3k","time":1614130288,"event":{"mods":["BaseMod","BetterRewards","Colored Map","Colored Powertips","Highlight Path","Minty Spire (QoL Compilation)","Quick Restart","Rare Cards Sparkle","Shop Mod","StSLib","SuperFastMode"],"gold_per_floor":[113,124,134,309,309,309,337,337,337,355,371,386,397,410,410,507,507,523,41,55,70,70,70,84,84,110,121,121,138,138,56,56,160,160,171,71,71,84,104,104,123,123,204,204,204,204,238,251,251,251,251,251,21,56,56,56],"floor_reached":55,"language":"JPN","playtime":3507,"items_purged":["Strike_P","Doubt","Eruption+1"],"score":678,"play_id":"89576f07-30eb-490a-8f2e-94220f9040fb","local_time":"20210224103128","is_ascension_mode":false,"campfire_choices":[{"data":"LikeWater","floor":6,"key":"SMITH"},{"floor":15,"key":"RECALL"},{"data":"BattleHymn","floor":23,"key":"SMITH"},{"data":"CrushJoints","floor":28,"key":"SMITH"},{"data":"Eruption","floor":30,"key":"SMITH"},{"data":"LikeWater","floor":32,"key":"SMITH"},{"data":"Vigilance","floor":40,"key":"SMITH"},{"data":"InnerPeace","floor":44,"key":"SMITH"},{"data":"Bite","floor":46,"key":"SMITH"},{"data":"Bite","floor":49,"key":"SMITH"},{"data":"Bite","floor":52,"key":"SMITH"}],"circlet_count":0,"master_deck":["Defend_P","Vigilance+1","LikeWater+1","InnerPeace+1","Consecrate+1","Crescendo+1","Judgement+1","SashWhip+1","BattleHymn+1","SashWhip+1","CrushJoints+1","Bite+1","Bite+1","Bite+1","Bite","Bite+1","WaveOfTheHand+1","BowlingBash+1","Evaluate+1","LikeWater+1","SpiritShield+1","InnerPeace+1","WheelKick+1","SashWhip+1","DeusExMachina+1","CutThroughFate+1","Sanctity+1","Wireheading+1"],"relics":["HolyWater","Akabeko","Torii","Mercury Hourglass","Letter Opener","Toxic Egg 2","MerchantsRug","Orichalcum","Vajra","Boot","Black Star","Nunchaku","Lantern","Whetstone","Pantograph"],"acts_visited":["Exordium","TheCity","TheBeyond","TheEnding"],"potions_floor_usage":[7,10,10,16,16,29,33,33,39,48,54,54],"damage_taken":[{"damage":0,"enemies":"Cultist","floor":1,"turns":4},{"damage":0,"enemies":"Small Slimes","floor":2,"turns":4},{"damage":0,"enemies":"2 Louse","floor":3,"turns":2},{"damage":3,"enemies":"3 Sentries","floor":7,"turns":10},{"damage":2,"enemies":"Large Slime","floor":10,"turns":7},{"damage":1,"enemies":"Blue Slaver","floor":11,"turns":2},{"damage":8,"enemies":"Red Slaver","floor":12,"turns":3},{"damage":1,"enemies":"2 Fungi Beasts","floor":13,"turns":3},{"damage":0,"enemies":"Gremlin Gang","floor":14,"turns":2},{"damage":48,"enemies":"Slime Boss","floor":16,"turns":15},{"damage":0,"enemies":"Spheric Guardian","floor":18,"turns":1},{"damage":2,"enemies":"3 Byrds","floor":20,"turns":3},{"damage":10,"enemies":"Snecko","floor":21,"turns":4},{"damage":0,"enemies":"3 Cultists","floor":24,"turns":4},{"damage":15,"enemies":"Shelled Parasite and Fungi","floor":27,"turns":4},{"damage":4,"enemies":"Snake Plant","floor":29,"turns":4},{"damage":2,"enemies":"Collector","floor":33,"turns":13},{"damage":1,"enemies":"3 Darklings","floor":35,"turns":5},{"damage":2,"enemies":"Orb Walker","floor":38,"turns":3},{"damage":2,"enemies":"Writhing Mass","floor":39,"turns":6},{"damage":0,"enemies":"Transient","floor":41,"turns":5},{"damage":2,"enemies":"Reptomancer","floor":47,"turns":8},{"damage":4,"enemies":"4 Shapes","floor":48,"turns":3},{"damage":75,"enemies":"Awakened One","floor":50,"turns":20},{"damage":33,"enemies":"Shield and Spear","floor":54,"turns":7},{"damage":61,"enemies":"The Heart","floor":55,"turns":5}],"seed_played":"8228964393049111407","potions_obtained":[{"floor":1,"key":"SneckoOil"},{"floor":7,"key":"PowerPotion"},{"floor":11,"key":"SteroidPotion"},{"floor":14,"key":"Block Potion"},{"floor":18,"key":"Weak Potion"},{"floor":24,"key":"BlessingOfTheForge"},{"floor":27,"key":"Explosive Potion"},{"floor":38,"key":"DistilledChaos"},{"floor":41,"key":"SneckoOil"}],"is_trial":false,"path_per_floor":["M","M","M","?","?","R","E","?","T","M","M","M","M","M","R","B",null,"M","$","M","M","?","R","M","?","T","M","R","M","R","$","R","B",null,"M","$","?","M","M","R","M","?","T","R","?","R","E","M","R","B",null,"R","$","E","B"],"character_chosen":"WATCHER","items_purchased":["Akabeko","LikeWater","InnerPeace","Mercury Hourglass","AttackPotion","BattleHymn","MerchantsRug","Orichalcum","Vajra","LikeWater","Sanctity+1","DuplicationPotion","Strength Potion"],"campfire_rested":0,"item_purchase_floors":[0,0,0,0,0,19,19,19,19,31,53,53,53],"current_hp_per_floor":[72,72,72,72,65,65,62,62,62,60,59,51,50,50,50,2,72,72,72,70,60,50,50,50,50,50,39,39,43,43,43,43,50,50,50,50,50,49,50,50,50,50,50,50,50,50,50,49,49,6,50,50,50,27,0,0],"gold":56,"neow_bonus":"","is_daily":false,"chose_seed":false,"campfire_upgraded":10,"win_rate":0.0,"timestamp":1614130288,"path_taken":["M","M","M","?","?","R","E","?","T","M","M","M","M","M","R","BOSS","M","$","M","M","?","R","M","?","T","M","R","?","R","$","R","BOSS","M","$","?","M","?","R","M","?","T","R","?","R","E","?","R","BOSS","R","$","E","BOSS"],"items_purchased_type":["Relic","Card","Card","Relic","Potion","Card","Relic","Relic","Relic","Card","Card","Potion","Potion"],"build_version":"2020-12-22","purchased_purges":3,"victory":false,"max_hp_per_floor":[72,72,72,72,72,72,72,72,72,72,72,72,72,72,72,72,72,72,72,72,72,50,50,50,50,50,50,50,50,50,50,50,50,50,50,50,50,50,50,50,50,50,50,50,50,50,50,50,50,50,50,50,50,50,50,50],"card_choices":[{"not_picked":["Protect","FlurryOfBlows","ReachHeaven"],"picked":"SKIP","floor":1},{"not_picked":["Study","Swivel"],"picked":"Consecrate","floor":2},{"not_picked":["FearNoEvil","TalkToTheHand","Consecrate"],"picked":"SKIP","floor":3},{"not_picked":["Evaluate","ConjureBlade","JustLucky"],"picked":"SKIP","floor":7},{"not_picked":["Weave","FlurryOfBlows"],"picked":"Crescendo+1","floor":10},{"not_picked":["FlyingSleeves","EmptyBody+1","Pray+1"],"picked":"SKIP","floor":11},{"not_picked":["ForeignInfluence+1","WheelKick","Indignation+1"],"picked":"SKIP","floor":12},{"not_picked":["EmptyBody+1","Prostrate+1","CutThroughFate"],"picked":"SKIP","floor":13},{"not_picked":["Crescendo+1","CutThroughFate","JustLucky"],"picked":"SKIP","floor":14},{"not_picked":["Blasphemy+1","Alpha+1"],"picked":"Judgement+1","floor":16},{"not_picked":["EmptyFist","FlurryOfBlows"],"picked":"SashWhip+1","floor":18},{"not_picked":["Halt+1","CutThroughFate"],"picked":"SashWhip+1","floor":20},{"not_picked":["Meditate+1","WreathOfFlame+1"],"picked":"CrushJoints","floor":21},{"not_picked":["CarveReality+1","Consecrate+1"],"picked":"WaveOfTheHand+1","floor":24},{"not_picked":["Prostrate+1","Halt+1"],"picked":"BowlingBash+1","floor":27},{"not_picked":["FlyingSleeves","Devotion"],"picked":"Evaluate+1","floor":29},{"not_picked":["Blasphemy+1","ConjureBlade+1"],"picked":"SpiritShield+1","floor":33},{"not_picked":["Consecrate+1","Halt+1","Collect+1"],"picked":"SKIP","floor":35},{"not_picked":["SignatureMove","Prostrate+1"],"picked":"InnerPeace+1","floor":38},{"not_picked":["EmptyFist","BowlingBash"],"picked":"WheelKick+1","floor":39},{"not_picked":["CrushJoints","CutThroughFate"],"picked":"SashWhip+1","floor":41},{"not_picked":["DeceiveReality+1","SashWhip+1"],"picked":"DeusExMachina+1","floor":47},{"not_picked":["BowlingBash","Halt+1"],"picked":"CutThroughFate+1","floor":48},{"not_picked":["Brilliance","WindmillStrike+1"],"picked":"Wireheading+1","floor":54}],"player_experience":160922,"relics_obtained":[{"floor":7,"key":"Letter Opener"},{"floor":26,"key":"Boot"},{"floor":43,"key":"Blue Candle"},{"floor":47,"key":"Nunchaku"},{"floor":47,"key":"Lantern"},{"floor":54,"key":"Whetstone"},{"floor":54,"key":"Pantograph"}],"event_choices":[{"damage_healed":0,"gold_gain":175,"player_choice":"AGREE","damage_taken":0,"max_hp_gain":0,"max_hp_loss":0,"event_name":"Liars Game","floor":4,"gold_loss":0,"cards_obtained":["Doubt"]},{"cards_removed":["Defend_P"],"damage_healed":0,"gold_gain":0,"player_choice":"Card Removal","damage_taken":7,"max_hp_gain":0,"max_hp_loss":0,"event_name":"Golden Wing","floor":5,"gold_loss":0},{"damage_healed":0,"gold_gain":0,"player_choice":"Searched \u00271\u0027 times","damage_taken":0,"relics_obtained":["Toxic Egg 2"],"max_hp_gain":0,"max_hp_loss":0,"event_name":"Dead Adventurer","floor":8,"gold_loss":0},{"damage_healed":0,"gold_gain":0,"player_choice":"Became a vampire","damage_taken":0,"max_hp_gain":0,"max_hp_loss":22,"event_name":"Vampires","floor":22,"gold_loss":0,"cards_obtained":["Bite","Bite","Bite","Bite","Bite"]},{"damage_healed":0,"gold_gain":0,"cards_transformed":["Defend_P"],"player_choice":"Transformed","damage_taken":0,"max_hp_gain":0,"max_hp_loss":0,"event_name":"Transmorgrifier","floor":25,"gold_loss":0,"cards_obtained":["CutThroughFate"]},{"damage_healed":0,"gold_gain":0,"player_choice":"Ignored","damage_taken":0,"max_hp_gain":0,"max_hp_loss":0,"event_name":"NoteForYourself","floor":37,"gold_loss":0},{"cards_removed":["CutThroughFate"],"damage_healed":0,"gold_gain":0,"player_choice":"Removed Attack","damage_taken":0,"max_hp_gain":0,"max_hp_loss":0,"event_name":"Falling","floor":42,"gold_loss":0},{"cards_removed":["Defend_P"],"damage_healed":0,"gold_gain":0,"player_choice":"Offered Basic","damage_taken":0,"max_hp_gain":0,"max_hp_loss":0,"event_name":"Bonfire Elementals","floor":45,"gold_loss":0}],"is_beta":false,"boss_relics":[{"not_picked":["Calling Bell","Empty Cage"],"picked":"HolyWater"},{"not_picked":["Philosopher\u0027s Stone","Cursed Key"],"picked":"Black Star"}],"items_purged_floors":[0,36,53],"is_endless":false,"potions_floor_spawned":[1,7,11,14,18,24,27,38,41],"killed_by":"The Heart","ascension_level":0}}