{"host":"tnmp9bkutp0enjo6","time":1614191124,"event":{"mods":["2.2 Compatiblity","AchievementEnabler","BaseMod","Block Reminder","Colored Powertips","Downfall","Highlight Path","Minty Spire (QoL Compilation)","Quick Restart","Random Character Button","Rare Cards Sparkle","Relic Stats","StSLib"],"gold_per_floor":[99,117,16,31,131,143,143,143,318,332,348,368,8,8,22,121,121,121,121,121,121],"floor_reached":19,"language":"ENG","playtime":1221,"items_purged":[],"score":159,"play_id":"bc68bd9b-8653-4a66-bc6d-01ca8fa269fa","local_time":"20210224192524","is_ascension_mode":false,"campfire_choices":[{"floor":8.0,"key":"RECALL"}],"circlet_count":0,"master_deck":["sneckomod:Strike","sneckomod:Strike","sneckomod:Strike","sneckomod:Defend","sneckomod:Defend","sneckomod:Defend","sneckomod:TailWhip","sneckomod:SnekBite","sneckomod:Unknown","Slimebound:SplitMire","sneckomod:UnknownUncommonPower","sneckomod:QuickBite","sneckomod:UnknownBlock","sneckomod:UnknownBlock","sneckomod:UnknownBlock","Doubt","sneckomod:IronFang","sneckomod:UnknownUncommonAttack","sneckomod:ImprovisedGuard","sneckomod:UnknownClassSLIMEBOUND","sneckomod:UnknownClassSLIMEBOUND+1","sneckomod:RainOfDice","sneckomod:DangerNoodle","Reboot"],"relics":["sneckomod:SneckoSoul","Bronze Scales","sneckomod:UnknownEgg","Kunai","Philosopher\u0027s Stone"],"acts_visited":["Exordium","TheCity"],"potions_floor_usage":[13,16],"damage_taken":[{"damage":0.0,"enemies":"Cultist","floor":2.0,"turns":3.0},{"damage":0.0,"enemies":"downfall:FleeingMerchant","floor":3.0,"turns":4.0},{"damage":0.0,"enemies":"Small Slimes","floor":4.0,"turns":3.0},{"damage":7.0,"enemies":"Jaw Worm","floor":6.0,"turns":3.0},{"damage":10.0,"enemies":"Exordium Wildlife","floor":10.0,"turns":4.0},{"damage":21.0,"enemies":"Gremlin Gang","floor":11.0,"turns":4.0},{"damage":0,"enemies":"Blue Slaver","floor":12,"turns":3},{"damage":10,"enemies":"downfall:FleeingMerchant","floor":13,"turns":4},{"damage":0,"enemies":"downfall:LooterAlt","floor":15,"turns":2},{"damage":42,"enemies":"DF_ARCHETYPE_STREAMLINE","floor":16,"turns":11},{"damage":101,"enemies":"downfall:LooterAlt2","floor":19,"turns":6}],"seed_played":"-8353843275118813093","potions_obtained":[{"floor":6.0,"key":"sneckomod:MuddlingPotion"},{"floor":10.0,"key":"ColorlessPotion"},{"floor":12,"key":"hexamod:SoulburnPotion"},{"floor":15,"key":"hexamod:SoulburnPotion"},{"floor":16,"key":"ColorlessPotion"}],"is_trial":false,"path_per_floor":["R","M","$","M","?","M","T","R","?","M","M","M","$","T","M","B",null,"R","M"],"character_chosen":"THE_SNECKO","items_purchased":["sneckomod:Unknown0Cost","sneckomod:UnknownBlock","sneckomod:UnknownEgg","sneckomod:UnknownClassSLIMEBOUND+1"],"campfire_rested":0,"item_purchase_floors":[3,3,13,13],"current_hp_per_floor":[99,99,99,99,99,92,92,92,92,82,61,68,66,66,66,24,99,99,0,0,0],"gold":121,"neow_bonus":"TEN_PERCENT_HP_BONUS","is_daily":false,"chose_seed":false,"campfire_upgraded":0,"win_rate":0.0,"timestamp":1614191124,"path_taken":["R","M","$","?","?","M","T","R","?","M","M","M","?","?","M","BOSS","R","M"],"items_purchased_type":["Card","Card","Relic","Card"],"build_version":"2020-12-22","purchased_purges":0,"victory":false,"max_hp_per_floor":[99,99,99,99,99,99,99,99,99,99,99,99,99,99,99,99,99,99,99,99,99],"relic_stats":{"counters":[11,47],"Bronze Scales":[81],"Kunai":[2],"obtain_stats":[{"Bronze Scales":7,"sneckomod:UnknownEgg":13,"Philosopher\u0027s Stone":17,"Kunai":14,"sneckomod:SneckoSoul":0},{"Bronze Scales":4,"sneckomod:UnknownEgg":8,"Philosopher\u0027s Stone":10,"Kunai":8,"sneckomod:SneckoSoul":0},{"Bronze Scales":13,"sneckomod:UnknownEgg":28,"Philosopher\u0027s Stone":41,"Kunai":28,"sneckomod:SneckoSoul":0}]},"card_choices":[{"not_picked":["sneckomod:UnknownWeak","sneckomod:UnknownDraw"],"picked":"sneckomod:UnknownUncommonPower","floor":2.0},{"not_picked":["sneckomod:Nope","sneckomod:SlitherStrike"],"picked":"sneckomod:QuickBite","floor":3.0},{"not_picked":["sneckomod:DiceBlock","sneckomod:CheapStock"],"picked":"sneckomod:UnknownBlock","floor":4.0},{"not_picked":["sneckomod:SerpentIdol","sneckomod:SoulDraw"],"picked":"sneckomod:UnknownBlock","floor":6.0},{"not_picked":["sneckomod:SerpentMind","sneckomod:QuickBite"],"picked":"sneckomod:IronFang","floor":10.0},{"not_picked":["sneckomod:DiceCrush","sneckomod:CheapStock"],"picked":"sneckomod:UnknownUncommonAttack","floor":11},{"not_picked":["sneckomod:WideSting","sneckomod:RainOfDice"],"picked":"sneckomod:ImprovisedGuard","floor":12},{"not_picked":["sneckomod:UnknownCommonSkill","sneckomod:UnknownUncommonPower"],"picked":"sneckomod:UnknownClassSLIMEBOUND","floor":13},{"not_picked":["sneckomod:IronFang","sneckomod:QuickBite"],"picked":"sneckomod:RainOfDice","floor":15},{"not_picked":["sneckomod:Cheat","sneckomod:SerpentMind"],"picked":"sneckomod:DangerNoodle","floor":16}],"player_experience":219624,"relics_obtained":[{"floor":7.0,"key":"Bronze Scales"},{"floor":14,"key":"Kunai"}],"event_choices":[],"is_beta":false,"boss_relics":[{"not_picked":["SlaversCollar","Runic Pyramid"],"picked":"Philosopher\u0027s Stone"}],"items_purged_floors":[],"is_endless":false,"potions_floor_spawned":[6,10,12,15,16],"killed_by":"downfall:LooterAlt2","ascension_level":0}}