{"host":"8lvj8oigynmckyj3","time":1614177000,"event":{"mods":["AchievementEnabler","BaseMod","Better Third Choice","Block Reminder","Colored Map","Colored Powertips","DeckTracker","Highlight Path","Minty Spire (QoL Compilation)","Permanent Neow","Quick Restart","Slay-I","StSLib"],"gold_per_floor":[116,116,116,191,191,224,1,32,32,45,68,99,119,144,144,267,267,283,59,72,72,91,91,131,131,157,178,178,178,192,64,64,195,195,209,227,227,251,275,275,290,290,314,314,337,337,352,24,24,24],"floor_reached":51,"language":"ENG","playtime":2729,"items_purged":["Injury","Storm"],"score":1090,"play_id":"3668015d-0ecb-4878-8ade-dacebb974f77","local_time":"20210224113000","is_ascension_mode":true,"campfire_choices":[{"floor":15.0,"key":"REST"},{"data":"Biased Cognition","floor":23.0,"key":"SMITH"},{"floor":25,"key":"REST"},{"data":"Reinforced Body","floor":29,"key":"SMITH"},{"floor":32,"key":"REST"},{"floor":40,"key":"REST"},{"floor":44,"key":"REST"},{"floor":46,"key":"REST"},{"floor":49,"key":"REST"}],"circlet_count":0,"master_deck":["AscendersBane","Strike_B","Strike_B","Strike_B+1","Strike_B","Defend_B","Defend_B","Defend_B","Defend_B","Zap","Dualcast","Go for the Eyes","Go for the Eyes+1","Auto Shields","Self Repair","Steam","Biased Cognition+1","Compile Driver","Hologram","Static Discharge+1","RitualDagger","Ball Lightning","Reinforced Body+1","Static Discharge","Hyperbeam","Ball Lightning+1","Coolheaded+1"],"relics":["Cracked Core","NeowsBlessing","Golden Idol","DataDisk","Omamori","Membership Card","Bronze Scales","Smiling Mask","Ornamental Fan","Centennial Puzzle","Gambling Chip","SlaversCollar","Lee\u0027s Waffle","Oddly Smooth Stone","Happy Flower","Pen Nib","Bottled Tornado","Runic Pyramid","Juzu Bracelet","Unceasing Top","Whetstone"],"acts_visited":["Exordium","TheCity","TheBeyond"],"potions_floor_usage":[33,38,45,50],"damage_taken":[{"damage":0.0,"enemies":"Jaw Worm","floor":1.0,"turns":1.0},{"damage":0.0,"enemies":"3 Sentries","floor":6.0,"turns":1.0},{"damage":0.0,"enemies":"Lagavulin","floor":8.0,"turns":1.0},{"damage":6.0,"enemies":"2 Louse","floor":10.0,"turns":2.0},{"damage":22.0,"enemies":"Gremlin Nob","floor":12.0,"turns":5.0},{"damage":0.0,"enemies":"Small Slimes","floor":13.0,"turns":2.0},{"damage":3.0,"enemies":"Exordium Wildlife","floor":14.0,"turns":3.0},{"damage":62.0,"enemies":"Hexaghost","floor":16.0,"turns":12.0},{"damage":13.0,"enemies":"Spheric Guardian","floor":18.0,"turns":4.0},{"damage":9.0,"enemies":"2 Thieves","floor":20.0,"turns":3.0},{"damage":12.0,"enemies":"3 Cultists","floor":22.0,"turns":4.0},{"damage":24,"enemies":"Book of Stabbing","floor":24,"turns":4},{"damage":12,"enemies":"Chosen and Byrds","floor":27,"turns":5},{"damage":15,"enemies":"Centurion and Healer","floor":30,"turns":7},{"damage":61,"enemies":"Automaton","floor":33,"turns":7},{"damage":5,"enemies":"Orb Walker","floor":35,"turns":3},{"damage":10,"enemies":"3 Shapes","floor":36,"turns":3},{"damage":32,"enemies":"Transient","floor":38,"turns":5},{"damage":14,"enemies":"Writhing Mass","floor":39,"turns":6},{"damage":19,"enemies":"4 Shapes","floor":41,"turns":4},{"damage":7,"enemies":"Sphere and 2 Shapes","floor":45,"turns":5},{"damage":18,"enemies":"3 Darklings","floor":47,"turns":3},{"damage":70,"enemies":"Awakened One","floor":50,"turns":12}],"seed_played":"8446193513192292571","potions_obtained":[{"floor":6.0,"key":"FairyPotion"},{"floor":8.0,"key":"Strength Potion"},{"floor":13.0,"key":"GamblersBrew"},{"floor":16.0,"key":"DistilledChaos"},{"floor":20.0,"key":"BlessingOfTheForge"},{"floor":22.0,"key":"FocusPotion"},{"floor":36,"key":"Block Potion"},{"floor":38,"key":"SkillPotion"},{"floor":45,"key":"FearPotion"},{"floor":47,"key":"FocusPotion"}],"is_trial":false,"path_per_floor":["M","?","?","?","$","E","$","E","T","M","T","E","M","M","R","B",null,"M","$","M","?","M","R","E","R","T","M","?","R","M","$","R","B",null,"M","M","?","M","M","R","M","?","T","R","M","R","M","$","R","B",null],"character_chosen":"DEFECT","items_purchased":["Membership Card","Bronze Scales","Lee\u0027s Waffle","Oddly Smooth Stone","Hologram","Bottled Tornado","Unceasing Top","Whetstone","FairyPotion"],"campfire_rested":7,"item_purchase_floors":[7,7,19,19,19,31,48,48,48],"current_hp_per_floor":[68,68,65,54,54,54,54,54,54,48,48,26,33,37,59,29,64,58,82,80,74,69,69,52,76,76,71,71,71,63,63,82,28,69,64,54,54,22,15,39,27,27,27,51,51,75,57,57,81,11],"gold":24,"neow_bonus":"THREE_ENEMY_KILL","is_daily":false,"chose_seed":false,"campfire_upgraded":2,"win_rate":0.0,"timestamp":1614177000,"path_taken":["M","?","?","?","$","E","$","E","T","?","?","E","M","M","R","BOSS","M","$","M","?","M","R","E","R","T","M","?","R","M","$","R","BOSS","M","M","?","M","?","R","M","?","T","R","M","R","M","$","R","BOSS"],"items_purchased_type":["Relic","Relic","Relic","Relic","Card","Relic","Relic","Relic","Potion"],"build_version":"2020-12-22","purchased_purges":2,"victory":true,"max_hp_per_floor":[75,75,75,75,75,75,75,75,75,75,75,75,75,75,75,75,75,75,82,82,82,82,82,82,82,82,82,82,82,82,82,82,82,82,82,82,82,82,82,82,82,82,82,82,82,82,82,82,82,82],"card_choices":[{"not_picked":["Turbo","Rip and Tear"],"picked":"Go for the Eyes","floor":1.0},{"not_picked":["Compile Driver","Turbo"],"picked":"Go for the Eyes","floor":6.0},{"not_picked":["Heatsinks","Doom and Gloom"],"picked":"Auto Shields","floor":8.0},{"not_picked":["Chaos","Stack","Redo"],"picked":"SKIP","floor":10.0},{"not_picked":["Machine Learning","Hyperbeam"],"picked":"Self Repair","floor":12.0},{"not_picked":["Redo","Melter"],"picked":"Steam","floor":13.0},{"not_picked":["Barrage","Beam Cell","Rebound"],"picked":"SKIP","floor":14.0},{"not_picked":["Echo Form","Amplify"],"picked":"Biased Cognition","floor":16.0},{"not_picked":["Lockon","Hello World"],"picked":"Compile Driver","floor":18.0},{"not_picked":["Steam","Rebound"],"picked":"Static Discharge+1","floor":20.0},{"not_picked":["Rebound","Sunder"],"picked":"Storm","floor":22.0},{"not_picked":["Double Energy","Conserve Battery+1"],"picked":"Ball Lightning","floor":24},{"not_picked":["Melter","Conserve Battery"],"picked":"Reinforced Body","floor":27},{"not_picked":["Compile Driver+1","Recycle"],"picked":"Static Discharge","floor":30},{"not_picked":["Echo Form","Amplify"],"picked":"Hyperbeam","floor":33},{"not_picked":["Fusion+1","Lockon"],"picked":"Ball Lightning+1","floor":35},{"not_picked":["Heatsinks+1","Barrage+1","Recycle"],"picked":"SKIP","floor":36},{"not_picked":["Skim","Scrape+1","Hologram+1"],"picked":"SKIP","floor":38},{"not_picked":["Gash","Cold Snap"],"picked":"Coolheaded+1","floor":39},{"not_picked":["Hello World+1","Genetic Algorithm","Beam Cell"],"picked":"SKIP","floor":41},{"not_picked":["Redo","Machine Learning","Capacitor+1"],"picked":"SKIP","floor":45},{"not_picked":["Conserve Battery+1","Compile Driver+1","Stack"],"picked":"SKIP","floor":47}],"player_experience":461894,"relics_obtained":[{"floor":6.0,"key":"Omamori"},{"floor":8.0,"key":"Smiling Mask"},{"floor":9.0,"key":"Ornamental Fan"},{"floor":11.0,"key":"Centennial Puzzle"},{"floor":12.0,"key":"Gambling Chip"},{"floor":24,"key":"Happy Flower"},{"floor":26,"key":"Pen Nib"},{"floor":43,"key":"Juzu Bracelet"}],"event_choices":[{"damage_healed":0.0,"max_hp_gain":0.0,"max_hp_loss":0.0,"gold_gain":0.0,"event_name":"Golden Idol","player_choice":"Take Wound","floor":2.0,"gold_loss":0.0,"damage_taken":0.0,"relics_obtained":["Golden Idol"],"cards_obtained":["Injury"]},{"damage_healed":0.0,"max_hp_gain":0.0,"max_hp_loss":0.0,"gold_gain":0.0,"event_name":"betterThird:BetterScrap","player_choice":"Relic ","floor":3.0,"gold_loss":0.0,"damage_taken":3.0,"cards_obtained":["Wireheading"]},{"damage_healed":0.0,"max_hp_gain":0.0,"max_hp_loss":0.0,"gold_gain":75.0,"event_name":"betterThird:BetterGoop","player_choice":"Gold","floor":4.0,"gold_loss":0.0,"damage_taken":11.0},{"damage_healed":0.0,"max_hp_gain":0.0,"max_hp_loss":0.0,"gold_gain":0.0,"event_name":"betterThird:BetterNest","player_choice":"Dagger","floor":21.0,"gold_loss":0.0,"damage_taken":6.0,"cards_obtained":["RitualDagger"]},{"damage_healed":0,"gold_gain":0,"player_choice":"Ignored","damage_taken":0,"max_hp_gain":0,"max_hp_loss":0,"event_name":"Vampires","floor":28,"gold_loss":0},{"damage_healed":0,"gold_gain":0,"player_choice":"0 cards matched","damage_taken":0,"max_hp_gain":0,"max_hp_loss":0,"event_name":"Match and Keep!","floor":37,"gold_loss":0,"cards_obtained":[]},{"damage_healed":0,"gold_gain":0,"player_choice":"Ignored","damage_taken":0,"max_hp_gain":0,"max_hp_loss":0,"event_name":"Mysterious Sphere","floor":42,"gold_loss":0}],"is_beta":false,"boss_relics":[{"not_picked":["Empty Cage","Coffee Dripper"],"picked":"SlaversCollar"},{"not_picked":["Black Star","Tiny House"],"picked":"Runic Pyramid"}],"items_purged_floors":[19,48],"is_endless":false,"potions_floor_spawned":[6,8,13,16,20,22,30,36,38,45,47],"ascension_level":11}}