{"host":"yawnmhdh5u4s0p8o","time":1614172367,"event":{"mods":["AchievementEnabler","Aspiration","BaseMod","BetterRewards","Colored Powertips","Conspire","Downfall","Friendly Minions","GifTheSpireLib","Gremlin Mod","Infinite Spire","Ironclad Rager","Minty Spire (QoL Compilation)","Reliquary","Replay The Spire","StSLib","The Gatherer","The Necromancer"],"gold_per_floor":[115,125,144,46,61,61,75,75,75,75,75,100,112,126,126,230,230,249,249,179,190,4,4,4,23,23,34,34,64,64,82,82,188,188,220,220,249,299,337,345,345],"floor_reached":40,"language":"ENG","playtime":4416,"items_purged":[],"score":585,"play_id":"22045a2e-4f6f-4380-83bf-501879e1d409","local_time":"20210225001247","is_ascension_mode":false,"campfire_choices":[{"data":"Establishment","floor":6,"key":"SMITH"},{"data":"Eruption","floor":8,"key":"SMITH"},{"data":"Pray","floor":10,"key":"SMITH"},{"floor":15,"key":"REST"},{"data":"Study","floor":24,"key":"SMITH"},{"floor":30,"key":"REST"},{"data":"Omniscience","floor":32,"key":"SMITH"}],"circlet_count":0,"master_deck":["Strike_P+1","Strike_P+1","Defend_P+1","Defend_P+1","Eruption+1","Vigilance","Evaluate","LikeWater","Replay:ManipulateFuture","Pray+1","FollowUp","Establishment+1","Replay:Cycle","Pray","FearNoEvil","FlurryOfBlows+1","Judgement","FlurryOfBlows+1","Protect","FollowUp","SandsOfTime","conspire:NecroticWound","Study+1","Slice","Endless Agony","ReplayTheSpireMod:The Works","BattleHymn","MasterReality","Evaluate+1","Omniscience+1","Replay:LoomingThreat","Evaluate+1","Tantrum+1","Normality","JustLucky"],"relics":["PureWater","conspire:Dentures","Snack Pack","Honey Jar","ReplayTheSpireMod:CursedCoin","Replay:Bottled Eggs","Matryoshka","PreservedInsect","infinitespire:EvilPickle","SacredBark","Ring of Greed","ReplayTheSpireMod:Ring of Exchange","Golden Egg","infinitespire:Midas Blood"],"acts_visited":["Exordium","TheCity","TheBeyond"],"potions_floor_usage":[12,13,16,29,33,33,33,37,39],"damage_taken":[{"damage":14,"enemies":"2 Louse","floor":1,"turns":2},{"damage":0,"enemies":"Cultist","floor":2,"turns":2},{"damage":6,"enemies":"Jaw Worm","floor":3,"turns":8},{"damage":7,"enemies":"Exordium Thugs","floor":5,"turns":4},{"damage":2,"enemies":"Blue Slaver","floor":7,"turns":8},{"damage":24,"enemies":"Gremlin Nob","floor":12,"turns":3},{"damage":7,"enemies":"Exordium Wildlife","floor":13,"turns":4},{"damage":4,"enemies":"2 Fungi Beasts","floor":14,"turns":5},{"damage":18,"enemies":"Fading Forest","floor":16,"turns":11},{"damage":0,"enemies":"Spheric Guardian","floor":18,"turns":3},{"damage":4,"enemies":"Shell Parasite","floor":21,"turns":4},{"damage":8,"enemies":"Shelled Parasite and Fungi","floor":25,"turns":3},{"damage":0,"enemies":"Snecko","floor":27,"turns":3},{"damage":45,"enemies":"Slavers","floor":29,"turns":4},{"damage":0,"enemies":"Sentry and Sphere","floor":31,"turns":3},{"damage":57,"enemies":"Pondfish","floor":33,"turns":6},{"damage":36,"enemies":"3 Darklings","floor":35,"turns":5},{"damage":15,"enemies":"Orb Walker","floor":37,"turns":2},{"damage":41,"enemies":"4 Shapes","floor":39,"turns":3},{"damage":82,"enemies":"Giant Head","floor":40,"turns":8}],"seed_played":"5137475528978975499","potions_obtained":[{"floor":3,"key":"Energy Potion"},{"floor":5,"key":"SkillPotion"},{"floor":13,"key":"SpeedPotion"},{"floor":14,"key":"Energy Potion"},{"floor":18,"key":"SkillPotion"},{"floor":19,"key":"sneckomod:MuddlingPotion"},{"floor":19,"key":"Slimebound:ThreeZeroPotion"},{"floor":19,"key":"GamblersBrew"},{"floor":25,"key":"Energy Potion"},{"floor":31,"key":"Weak Potion"},{"floor":33,"key":"AttackPotion"},{"floor":37,"key":"FairyPotion"}],"is_trial":false,"path_per_floor":["M","M","M","$","M","R","M","R","T","R","?","E","M","M","R","B",null,"M","?","$","M","$","?","R","M","T","M","?","E","R","M","R","B",null,"M","?","M","?","M","E"],"character_chosen":"WATCHER","items_purchased":["Pray","FollowUp","Protect","FollowUp","ReplayTheSpireMod:CursedCoin","Replay:Bottled Eggs","Study"],"campfire_rested":2,"item_purchase_floors":[4,4,20,20,22,22,22],"current_hp_per_floor":[65,65,59,59,52,52,50,50,50,50,50,26,21,17,40,44,79,79,79,79,79,79,79,79,75,75,79,79,40,63,67,67,20,79,47,47,34,34,47,0,0],"gold":345,"neow_bonus":"TEN_PERCENT_HP_BONUS","is_daily":false,"chose_seed":false,"campfire_upgraded":5,"win_rate":0.0,"timestamp":1614172367,"path_taken":["M","M","M","$","M","R","M","R","T","R","?","E","M","M","R","BOSS","M","?","?","M","$","?","R","?","T","M","?","E","R","M","R","BOSS","M","?","M","?","M","E"],"items_purchased_type":["Card","Card","Card","Card","Relic","Relic","Card"],"build_version":"2020-12-22","purchased_purges":0,"victory":false,"max_hp_per_floor":[79,79,79,79,79,79,79,79,79,79,79,79,79,79,79,79,79,79,79,79,79,79,79,79,79,79,79,79,79,79,79,79,79,79,79,79,79,79,79,79,79],"card_choices":[{"not_picked":["Replay:AtTheReady","WreathOfFlame"],"picked":"Evaluate","floor":1},{"not_picked":["BowlingBash","Protect"],"picked":"LikeWater","floor":2},{"not_picked":["EmptyBody","Sanctity"],"picked":"Replay:ManipulateFuture","floor":3},{"not_picked":["DeceiveReality","Swivel"],"picked":"Establishment","floor":5},{"not_picked":["JustLucky","Replay:Vibes"],"picked":"Replay:Cycle","floor":7},{"not_picked":["Consecrate","Replay:ManipulateFuture"],"picked":"Pray","floor":12},{"not_picked":["FlurryOfBlows","ThirdEye"],"picked":"FearNoEvil","floor":13},{"not_picked":["BowlingBash","LikeWater"],"picked":"FlurryOfBlows","floor":14},{"not_picked":["LessonLearned","Vault"],"picked":"Judgement","floor":16},{"not_picked":["ClearTheMind","CrushJoints","Replay:AtTheReady"],"picked":"FlurryOfBlows+1","floor":18},{"not_picked":["Conclude+1","Evaluate+1","Nirvana"],"picked":"SandsOfTime","floor":21},{"not_picked":["ThirdEye","Pray+1","ReachHeaven"],"picked":"BattleHymn","floor":25},{"not_picked":["Consecrate","Halt","Nirvana+1"],"picked":"MasterReality","floor":27},{"not_picked":["CutThroughFate","BowlingBash","EmptyBody"],"picked":"Evaluate+1","floor":29},{"not_picked":["Replay:AtTheReady","CutThroughFate","CarveReality+1"],"picked":"Omniscience","floor":31},{"not_picked":["MasterReality","Ragnarok","Judgement"],"picked":"Replay:LoomingThreat","floor":33},{"not_picked":["EmptyFist+1","CrushJoints+1","Replay:Anticipation"],"picked":"Evaluate+1","floor":35},{"not_picked":["Consecrate","Nirvana+1","Replay:ManipulateFuture+1"],"picked":"Tantrum+1","floor":37},{"not_picked":["CutThroughFate+1","CrushJoints","Halt+1"],"picked":"JustLucky","floor":39}],"player_experience":110933,"relics_obtained":[{"floor":9,"key":"conspire:Dentures"},{"floor":12,"key":"Snack Pack"},{"floor":26,"key":"Matryoshka"},{"floor":29,"key":"PreservedInsect"},{"floor":38,"key":"Ring of Greed"},{"floor":38,"key":"ReplayTheSpireMod:Ring of Exchange"},{"floor":38,"key":"Golden Egg"},{"floor":38,"key":"infinitespire:Midas Blood"}],"event_choices":[{"damage_healed":0,"gold_gain":0,"player_choice":"Got Potions","damage_taken":0,"max_hp_gain":0,"max_hp_loss":0,"event_name":"Lab","floor":19,"gold_loss":0},{"damage_healed":0,"gold_gain":0,"player_choice":"Simplicity","damage_taken":0,"max_hp_gain":0,"max_hp_loss":0,"event_name":"Back to Basics","floor":28,"gold_loss":0,"cards_upgraded":["Strike_P","Strike_P","Defend_P","Defend_P"]},{"cards_removed":["Defend_P"],"damage_healed":0,"gold_gain":0,"player_choice":"Removed Skill","damage_taken":0,"max_hp_gain":0,"max_hp_loss":0,"event_name":"Falling","floor":36,"gold_loss":0}],"is_beta":false,"boss_relics":[{"not_picked":["conspire:RunicOctahedron","Replay:Wanted Poster"],"picked":"Honey Jar"},{"not_picked":["conspire:SeveredTorchhead","Velvet Choker"],"picked":"SacredBark"}],"items_purged_floors":[],"is_endless":false,"potions_floor_spawned":[3,5,13,14,18,25,31,33,37],"killed_by":"Giant Head","ascension_level":0}}