{"host":"rm0ctv8qd8mnbkg1","time":1614166855,"event":{"mods":["Act Like it!","Aspiration","BaseMod","Beaked The Cultist","BetterRewards","Colored Map","DNKmod","Dark Map","Defuse TimeMaze Blight","Friendly Minions","Gensokyo","Hubris","Library of Ruina","Library of Ruina Extra","Marisa????????","Minty Spire (QoL Compilation)","MostiFishMod","Permanent Neow","Rare Cards Sparkle","Relic Sorter","Reliquary","Replay The Spire","Ruina","RumiaBox-????????","Shade Mod","Shop Mod","Spicy Shops","Spire Arcade","StSLib","The Animator","The Construct","The Servant 0.9.4","TheVacant","Wandering Minibosses","??????REMEMod"],"gold_per_floor":[10015,9164,9164,9181,8681,8714,8714,8729,8798,7971,7192,7267,7298,7317,7317,7420,7420,7436,7436,6962,6962,6902,6937,6224,6224,6277,5884,5899,5402,5402,5418,5418,5520,5520,5535,5545,5545,5556,5606,5606,5633,5633,5633,5633,5652,5652,5681,4939,4939,5009,5059],"floor_reached":52,"language":"ENG","playtime":1188,"items_purged":[],"score":1407,"play_id":"21dc9d07-b7e7-426d-8935-9b7354c7adb9","local_time":"20210224114055","is_ascension_mode":false,"campfire_choices":[{"data":"SunsetBlade","floor":7,"key":"SMITH"},{"data":"SunsetBlade","floor":15,"key":"SMITH"},{"data":"Observe","floor":32,"key":"SMITH"},{"data":"HighSpeedStabbing","floor":40,"key":"SMITH"},{"data":"PreemptiveStrike","floor":42,"key":"SMITH"},{"data":"SunsetBlade","floor":44,"key":"SMITH"},{"data":"DarkCloud","floor":46,"key":"SMITH"},{"data":"EmotionalTurbulence","floor":49,"key":"SMITH"}],"circlet_count":0,"master_deck":["Dodge","LightDefense","LightDefense","LightDefense","ReadyUp","GrazeTheGrass","SilentMist","hubris:DuctTapeCard","Suppress+1","PreemptiveStrike+1","SmokingPipe","SunsetBlade+1","Reload","ChargeUp+1","Diversion","SnakesPrey","IllEndYou+1","SunsetBlade+1","FierceOnslaught+1","Observe+1","Cruelty+1","Unlock1+1","JiaoTu+1","HandlingWork","DarkCloud+1","DarkCloud+1","EmotionalTurbulence+1","BackAttack+1","SharpenedBlade+1","SunsetBlade+1","Slice_lor+1","Bite","Bite","Bite","Bite","Bite","PreemptiveStrike","TieShanKao","ShockingBlow","HighSpeedStabbing+1","PreemptiveStrike+1","SnakesPrey+1","SnakesPrey"],"relics":["PageOfLibrarian","REME_ComplimentaryCards","DaveBox","FeatherPendant","Dodecahedron","ZombieArmy","reliquary:Knoch","hubris:DuctTape","Frozen Eye","PageOfScorchedGirl","Juzu Bracelet","GodSword1","PageOfUniverseFragment","Guide Book","Bird Faced Urn","PageOfTodaysShyLook","PageOfSnowWhitesApple","Ginger","Replay:Grab Bag","Philosopher\u0027s Stone","SacredBark","Astrolabe","DollysMirror","PageOfPorccubus","Potion Belt","Whetstone","hubris:PeanutButter","reliquary:TuningFork","ReplayFunnel","PageOfGreed","ClockworkSouvenir","Vajra","Bag of Marbles","GreenFoldingFan","PageOfTheQueenOfHatred","PageOfTheKnightOfDespair","PageOfWrath","PageOfNihil","SSSystem","hubris:TenFootPole","Replay:Bandana","Chemical X"],"acts_visited":["Exordium","TheCity","TheBeyond"],"potions_floor_usage":[10,48,50,50,50,50],"damage_taken":[{"damage":0,"enemies":"Small Slimes","floor":1,"turns":1},{"damage":0,"enemies":"Cultist","floor":4,"turns":1},{"damage":0,"enemies":"Gremlin Nob","floor":6,"turns":1},{"damage":0,"enemies":"2 Louse","floor":8,"turns":1},{"damage":0,"enemies":"3 Sentries","floor":13,"turns":1},{"damage":0,"enemies":"Blue Slaver","floor":14,"turns":1},{"damage":342,"enemies":"Hexaghost","floor":16,"turns":3},{"damage":0,"enemies":"Chosen","floor":18,"turns":1},{"damage":0,"enemies":"Book of Stabbing","floor":23,"turns":1},{"damage":0,"enemies":"3 Byrds","floor":28,"turns":1},{"damage":0,"enemies":"Centurion and Healer","floor":31,"turns":1},{"damage":0,"enemies":"Pondfish","floor":33,"turns":3},{"damage":0,"enemies":"Orb Walker","floor":35,"turns":1},{"damage":0,"enemies":"3 Darklings","floor":36,"turns":1},{"damage":0,"enemies":"Sphere and 2 Shapes","floor":38,"turns":1},{"damage":0,"enemies":"Mind Bloom Boss Battle","floor":39,"turns":1},{"damage":0,"enemies":"Nemesis","floor":41,"turns":1},{"damage":12,"enemies":"Spire Growth","floor":45,"turns":3},{"damage":0,"enemies":"Reptomancer","floor":47,"turns":1},{"damage":0,"enemies":"hubris:GrandSnecko","floor":50,"turns":2},{"damage":0,"enemies":"hubris:GrandSnecko","floor":51,"turns":1}],"seed_played":"3761776501601928583","potions_obtained":[{"floor":1,"key":"Dexterity Potion"},{"floor":6,"key":"PowerPotion"},{"floor":25,"key":"LiquidBronze"},{"floor":25,"key":"ColorlessPotion"},{"floor":33,"key":"Strength Potion"},{"floor":36,"key":"DuplicationPotion"}],"is_trial":false,"path_per_floor":["M","$","?","M","$","E","R","M","T","$","$","?","E","M","R","B",null,"M","?","$","?","?","E","$","?","T","$","M","$","?","M","R","B",null,"M","M","?","M","?","R","E","R","T","R","M","R","E","$","R","B",null,null],"character_chosen":"Librarian","items_purchased":["SilentMist","Dodecahedron","ZombieArmy","reliquary:Knoch","hubris:DuctTape","PreemptiveStrike","Frozen Eye","PageOfScorchedGirl","SmokingPipe","ChargeUp","Diversion","PageOfUniverseFragment","Guide Book","Fruit Juice","FairyPotion","Blood Vial","Bird Faced Urn","SnakesPrey","IllEndYou","PageOfTodaysShyLook","PageOfSnowWhitesApple","DarkCloud","DollysMirror","EmotionalTurbulence","Potion Belt","Whetstone","hubris:PeanutButter","SharpenedBlade+1","ReplayFunnel","PageOfGreed","ClockworkSouvenir","Vajra","Bag of Marbles","Slice_lor+1","Fruit Juice","Strength Potion","hubris:TenFootPole","Replay:Bandana","Chemical X","SnakesPrey","Fire Potion"],"campfire_rested":0,"item_purchase_floors":[2,2,2,2,2,5,5,5,5,10,10,10,10,10,10,11,11,11,11,11,11,20,20,20,24,24,24,24,27,27,29,29,29,29,48,48,48,48,48,48,48],"current_hp_per_floor":[1000,1000,1000,1000,1000,1000,1000,1000,1000,1005,1005,994,997,1003,1003,671,1023,1021,1018,1018,1018,1018,1004,1004,1004,1004,1004,1004,1004,1004,1004,1004,1012,1012,1005,1005,1005,1005,1004,1004,1010,1010,1010,1010,1010,1010,1010,1020,1020,1034,1034],"gold":5059,"neow_bonus":"UPGRADE_CARD","is_daily":false,"chose_seed":false,"campfire_upgraded":8,"win_rate":0.0,"timestamp":1614166855,"path_taken":["M","$","?","M","$","E","R","M","T","?","$","?","E","M","R","BOSS","M","?","?","?","?","E","$","?","T","$","M","$","?","M","R","BOSS","M","M","?","M","?","R","E","R","T","R","M","R","E","$","R","BOSS"],"items_purchased_type":["Card","Relic","Relic","Relic","Relic","Card","Relic","Relic","Card","Card","Card","Relic","Relic","Potion","Potion","Relic","Relic","Card","Card","Relic","Relic","Card","Relic","Card","Relic","Relic","Relic","Card","Relic","Relic","Relic","Relic","Relic","Card","Potion","Potion","Relic","Relic","Relic","Card","Potion"],"build_version":"2020-12-22","purchased_purges":0,"victory":true,"max_hp_per_floor":[1005,1005,1005,1008,1008,1008,1008,1003,1003,1008,1008,1008,1015,1022,1015,1023,1023,1021,1018,1018,1018,1018,1004,1004,1004,1004,1004,1004,1004,1004,1016,1016,1012,1012,1005,1005,1005,1023,1004,1023,1010,1010,1010,1010,1010,1010,1024,1034,1034,1034,1034],"card_choices":[{"not_picked":["IdentifyWeakpoint","ReadyUp","BindingArms","RapidGashes","SmokingPipe","SerpentSwordTechnique","EndlessBattle","IronWall"],"picked":"GrazeTheGrass","floor":1},{"not_picked":["PinpointShot","Preparation","StructuralAnalysis","Wallop_lor","IdentifyWeakpoint","TendonChords","EnergyShield","GuidanceOfTheGears"],"picked":"Suppress","floor":4},{"not_picked":["DestructiveImpact","ViolentFlame","TendonChords","EnergyCycle","Crush","NightInTheBackstreets","LawAndOrder","FaintMemories"],"picked":"SunsetBlade","floor":6},{"not_picked":["Unlock1","GroundSmash","ChiWen","QuickAttack","Parry","EnergyStrike","FlowOfTheSword","FocusFire"],"picked":"Reload","floor":8},{"not_picked":["Pound","Decapitation","HighKick","RushDown","Concentration","DesperateStruggle","Commandeering","Rewind"],"picked":"SunsetBlade","floor":13},{"not_picked":["Disposal","IdentifyWeakpoint","FaintMemories","Outburst","BindingChains","StructuralAnalysis","Riposte","BackAttack"],"picked":"FierceOnslaught","floor":14},{"not_picked":["DaringDecision","Castigation"],"picked":"Observe","floor":16},{"not_picked":["YoureAHindrance","Brawl","Rewind+1","Preparation","Standoff","ProselytesBlade+1","StrongStrike","DefenseOrder"],"picked":"HandlingWork","floor":18},{"not_picked":["SummaryJudgment","CleanUp","HardRehearsal+1","OpportunitySpotted","WillOfThePrescript+1","UncannyStrike+1","UndertakePrescript","DevastatingThrash+1"],"picked":"BackAttack+1","floor":23},{"not_picked":["TieShanKao","MultiBlock","InkOver+1","Pound+1","GuardingStance","Juggling","GutHarvesting","EnergyCycle"],"picked":"SunsetBlade","floor":28},{"not_picked":["Multislash+1","HandlingWork","DesperateStruggle","SilentMist","GreatSerpentsImpact","UpbeatPerformance+1","WillProduceFineSilk","FendThisOffIfYouCan"],"picked":"PreemptiveStrike","floor":31},{"not_picked":["ScratchThat","MindCrush"],"picked":"TieShanKao","floor":33},{"not_picked":["Crush+1","Thrust+1","FrontalAssault","SharpSwipe","QuickAttack+1","Parry","Overcharge","Pound"],"picked":"ShockingBlow","floor":35},{"not_picked":["FierceCharge+1","SilentMist+1","Pound+1","FierceOnslaught+1","HighSpeedStabbing","SharpSwipe+1","GreatSerpentsImpact","StrongStrike","BackAttack"],"picked":"SKIP","floor":36},{"not_picked":["ChiWen+1","Endure+1","GuardingStance","StructuralAnalysis","SnakesPrey","Thrust+1","BiAn+1","PreemptiveStrike+1","Multislash"],"picked":"SKIP","floor":38},{"not_picked":["HandlingWork+1","Outburst+1","DirtyBlow+1","Multislash+1","GuardingStance","QuickAttack","Marionette+1","BiAn+1"],"picked":"HighSpeedStabbing","floor":39},{"not_picked":["FrontalAssault","VioletBlade","Outburst+1","TieShanKao","DefenseOrder","ClassAndRespect+1","ICanCookAnything","SunsetBlade+1","FieryDragonSlash"],"picked":"SKIP","floor":41},{"not_picked":["StrikeDown","SavageMode","CoordinatedAssault+1","GrazeTheGrass","SerpentSwordTechnique+1","NightInTheBackstreets","SparkingSpear","DefenseOrder"],"picked":"PreemptiveStrike+1","floor":45},{"not_picked":["DesperateStruggle+1","HandleRequest","BiteOff+1","Parry2","Standoff","Reload","Laceration+1","EndlessBattle+1"],"picked":"SnakesPrey+1","floor":47}],"player_experience":298051,"relics_obtained":[{"floor":6,"key":"Juzu Bracelet"},{"floor":9,"key":"GodSword1"},{"floor":13,"key":"Ginger"},{"floor":23,"key":"PageOfPorccubus"},{"floor":26,"key":"reliquary:TuningFork"},{"floor":39,"key":"PageOfTheQueenOfHatred"},{"floor":41,"key":"PageOfTheKnightOfDespair"},{"floor":43,"key":"PageOfWrath"},{"floor":45,"key":"PageOfNihil"},{"floor":47,"key":"SSSystem"}],"event_choices":[{"damage_healed":0,"gold_gain":0,"player_choice":"Bought 0 Potions","damage_taken":0,"max_hp_gain":0,"max_hp_loss":0,"event_name":"The Woman in Blue","floor":3,"gold_loss":0},{"damage_healed":0,"gold_gain":75,"player_choice":"Gather Gold","damage_taken":11,"max_hp_gain":0,"max_hp_loss":0,"event_name":"World of Goop","floor":12,"gold_loss":0},{"cards_removed":["Parasite"],"damage_healed":0,"gold_gain":0,"player_choice":"Removed Curses","damage_taken":0,"max_hp_gain":0,"max_hp_loss":0,"event_name":"Fountain of Cleansing","floor":19,"gold_loss":0},{"damage_healed":0,"gold_gain":0,"player_choice":"Got Potions","damage_taken":0,"max_hp_gain":0,"max_hp_loss":0,"event_name":"Lab","floor":25,"gold_loss":0},{"damage_healed":0,"gold_gain":0,"player_choice":"Became a vampire (Vial)","damage_taken":0,"max_hp_gain":0,"max_hp_loss":0,"event_name":"Vampires","floor":30,"relics_lost":["Blood Vial"],"gold_loss":0,"cards_obtained":["Bite","Bite","Bite","Bite","Bite"]},{"damage_healed":0,"gold_gain":0,"player_choice":"Ignored","damage_taken":0,"max_hp_gain":0,"max_hp_loss":0,"event_name":"Purifier","floor":37,"gold_loss":0},{"damage_healed":0,"gold_gain":0,"player_choice":"Fight","damage_taken":0,"max_hp_gain":0,"max_hp_loss":0,"event_name":"MindBloom","floor":39,"gold_loss":0}],"is_beta":false,"boss_relics":[{"not_picked":["NightmareShop","aspiration:FutureDiary"],"picked":"Replay:Grab Bag"},{"not_picked":["Coffee Dripper","reliquary:RedPaperclip"],"picked":"Philosopher\u0027s Stone"},{"not_picked":["Kintsugi","hubris:BlackHole"],"picked":"SacredBark"},{"not_picked":["BloodWine","Snecko Eye"],"picked":"Astrolabe"},{"not_picked":["Cursed Key","ReplayTheSpireMod:DimensionalGlitch"],"picked":"GreenFoldingFan"}],"items_purged_floors":[],"is_endless":false,"potions_floor_spawned":[1,6,23,31,33,36,39,45],"ascension_level":0}}