{"host":"f76kcizrccta30ww","time":1614145364,"event":{"mods":["Act Like it!","Aspiration","BaseMod","Gensokyo","Marisa（F雨　魔理沙）","Minty Spire (QoL Compilation)","Pale of the Ancients","Replay The Spire","Shop Mod","StSLib","TestMod"],"gold_per_floor":[117,38,50,50,50,50,85,85,153,5,24,24,24,424,424,424,424],"floor_reached":16,"language":"ZHS","playtime":345,"items_purged":[],"score":139,"play_id":"482b7588-ebf6-4342-87e7-1b439f1b022f","local_time":"20210224134244","is_ascension_mode":true,"campfire_choices":[{"data":"Crippling Poison","floor":6,"key":"SMITH"},{"data":"Neutralize","floor":8,"key":"SMITH"},{"data":"Bane","floor":8,"key":"SMITH"},{"data":"Survivor","floor":15,"key":"SMITH"},{"data":"Defend_G","floor":15,"key":"SMITH"}],"circlet_count":0,"master_deck":["Strike_G","Strike_G","Strike_G","Strike_G","Defend_G","Defend_G+1","Defend_G","Defend_G","Defend_G+1","Survivor+1","Neutralize+1","Hidden Blade","Crippling Poison+1","Bane+1","Injury","Hidden Blade+1","Cloak And Dagger+1"],"relics":["Ring of the Snake","testmod-InjuryResistance","NeowsBlessing","Toxic Egg 2","Replay:Arrowhead","Omamori"],"acts_visited":["Exordium"],"potions_floor_usage":[11,16],"damage_taken":[{"damage":0,"enemies":"2 Louse","floor":1,"turns":1},{"damage":0,"enemies":"Small Slimes","floor":3,"turns":1},{"damage":0,"enemies":"Lagavulin","floor":7,"turns":2},{"damage":4,"enemies":"Cultist","floor":11,"turns":3},{"damage":66,"enemies":"Slime Boss","floor":16,"turns":11}],"seed_played":"8537053483273844851","potions_obtained":[{"floor":1,"key":"SkillPotion"},{"floor":3,"key":"Fruit Juice"}],"is_trial":false,"path_per_floor":["M","$","M","?","$","R","E","R","T","$","M","?","?","?","R","B"],"character_chosen":"THE_SILENT","items_purchased":["Crippling Poison","Omamori"],"campfire_rested":0,"item_purchase_floors":[2,10],"current_hp_per_floor":[70,70,70,70,70,70,70,70,70,70,71,71,65,65,65,0,0],"gold":424,"neow_bonus":"THREE_ENEMY_KILL","is_daily":false,"chose_seed":false,"campfire_upgraded":5,"win_rate":0.0,"timestamp":1614145364,"path_taken":["M","$","M","?","$","R","E","R","T","$","M","?","?","?","R","BOSS"],"items_purchased_type":["Card","Relic"],"build_version":"2020-12-22","purchased_purges":0,"victory":false,"max_hp_per_floor":[70,70,70,70,70,70,70,70,70,70,75,75,75,75,75,75,75],"card_choices":[{"not_picked":["Choke","Cloak And Dagger"],"picked":"Hidden Blade","floor":1},{"not_picked":["Blur","Prepared"],"picked":"Bane","floor":3},{"not_picked":["Bane","Blur+1"],"picked":"Hidden Blade+1","floor":7},{"not_picked":["Accuracy","Sucker Punch"],"picked":"Cloak And Dagger+1","floor":11}],"player_experience":64978,"relics_obtained":[{"floor":7,"key":"Replay:Arrowhead"}],"event_choices":[{"cards_removed":["Strike_G"],"damage_healed":0,"gold_gain":0,"player_choice":"Card Removal","damage_taken":7,"max_hp_gain":0,"max_hp_loss":0,"event_name":"Golden Wing","floor":13,"gold_loss":0},{"damage_healed":0,"gold_gain":400,"player_choice":"Sell","damage_taken":0,"max_hp_gain":0,"max_hp_loss":0,"event_name":"恩洛斯的盘子","floor":14,"relics_lost":["testmod-TestBox"],"gold_loss":0}],"is_beta":false,"boss_relics":[],"items_purged_floors":[],"is_endless":false,"potions_floor_spawned":[1,3],"killed_by":"Slime Boss","ascension_level":3}}