{"host":"zq4tmp0p98b2vpa9","time":1614191067,"event":{"mods":["AchievementEnabler","BaseMod","Bestiary","Highlight Path","Minty Spire (QoL Compilation)","Relic Stats","ojb\u0027s Info Mod"],"gold_per_floor":[119,69,88,53,63,63,93,93,93,93,104,161,11,25,25,120,120,138,48,65,75,0,0,31,31,81,81,93,93,93,110,110,213,213,228,228,240,260,33,33,49,49,74,103,120,136,164,178,178,178],"floor_reached":51,"language":"ENG","playtime":2787,"items_purged":["Strike_R"],"score":704,"play_id":"240741c4-95f1-42e3-9832-6583ded03ec0","local_time":"20210224192427","is_ascension_mode":false,"campfire_choices":[{"data":"Bludgeon","floor":6,"key":"SMITH"},{"data":"Flame Barrier","floor":8,"key":"SMITH"},{"data":"Inflame","floor":10,"key":"SMITH"},{"data":"Flame Barrier","floor":15,"key":"SMITH"},{"data":"Barricade","floor":23,"key":"SMITH"},{"data":"Bash","floor":25,"key":"SMITH"},{"data":"Whirlwind","floor":27,"key":"SMITH"},{"data":"Pummel","floor":29,"key":"SMITH"},{"data":"Heavy Blade","floor":32,"key":"SMITH"},{"data":"Evolve","floor":40,"key":"SMITH"},{"floor":49,"key":"REST"}],"circlet_count":0,"master_deck":["Strike_R+1","Defend_R+1","Defend_R+1","Defend_R+1","Defend_R+1","Bash+1","Bludgeon+1","Flame Barrier+1","Inflame+1","Pummel+1","Whirlwind+1","Flame Barrier+1","Ghostly Armor","Barricade+1","Spot Weakness+1","Shockwave","Twin Strike+1","Heavy Blade+1","Impervious+1","Metallicize","Warcry+1","Thunderclap+1","Evolve+1","Power Through","Madness","Madness","Second Wind+1","Wild Strike+1","Flame Barrier+1","Shrug It Off","Thunderclap+1"],"relics":["Burning Blood","Darkstone Periapt","HornCleat","Self Forming Clay","Sozu","Champion Belt","MealTicket","Philosopher\u0027s Stone","Ancient Tea Set","Regal Pillow","Molten Egg 2"],"acts_visited":["Exordium","TheCity","TheBeyond"],"potions_floor_usage":[7,45],"damage_taken":[{"damage":5,"enemies":"Small Slimes","floor":1,"turns":2},{"damage":0,"enemies":"2 Louse","floor":3,"turns":3},{"damage":1,"enemies":"Cultist","floor":5,"turns":3},{"damage":26,"enemies":"Lagavulin","floor":7,"turns":5},{"damage":0,"enemies":"Exordium Thugs","floor":11,"turns":3},{"damage":5,"enemies":"Gremlin Nob","floor":12,"turns":4},{"damage":10,"enemies":"Looter","floor":14,"turns":2},{"damage":19,"enemies":"Hexaghost","floor":16,"turns":9},{"damage":11,"enemies":"Chosen","floor":18,"turns":5},{"damage":0,"enemies":"Shell Parasite","floor":20,"turns":3},{"damage":7,"enemies":"Centurion and Healer","floor":21,"turns":5},{"damage":15,"enemies":"Gremlin Leader","floor":24,"turns":4},{"damage":7,"enemies":"Snake Plant","floor":28,"turns":4},{"damage":4,"enemies":"Shelled Parasite and Fungi","floor":31,"turns":6},{"damage":3,"enemies":"Champ","floor":33,"turns":11},{"damage":3,"enemies":"3 Darklings","floor":35,"turns":3},{"damage":0,"enemies":"3 Shapes","floor":37,"turns":1},{"damage":14,"enemies":"Maw","floor":38,"turns":8},{"damage":9,"enemies":"Transient","floor":41,"turns":5},{"damage":24,"enemies":"Nemesis","floor":44,"turns":11},{"damage":32,"enemies":"3 Darklings","floor":45,"turns":5},{"damage":0,"enemies":"Sphere and 2 Shapes","floor":46,"turns":3},{"damage":10,"enemies":"Reptomancer","floor":47,"turns":5},{"damage":0,"enemies":"Jaw Worm Horde","floor":48,"turns":4},{"damage":46,"enemies":"Donu and Deca","floor":50,"turns":8}],"seed_played":"-7078951226857135595","potions_obtained":[{"floor":1,"key":"Energy Potion"},{"floor":11,"key":"FairyPotion"},{"floor":12,"key":"Regen Potion"}],"is_trial":false,"path_per_floor":["M","?","M","$","M","R","E","R","T","R","M","?","$","M","R","B",null,"M","?","M","M","?","R","E","R","T","R","M","R","?","M","R","B",null,"M","?","M","M","$","R","M","?","T","E","M","M","E","M","R","B",null],"character_chosen":"IRONCLAD","items_purchased":["Inflame","Ghostly Armor","Evolve","Ancient Tea Set"],"campfire_rested":1,"item_purchase_floors":[4,13,39,39],"current_hp_per_floor":[72,72,72,72,72,72,52,52,52,52,58,59,59,55,55,42,72,67,67,72,71,71,71,62,62,62,62,61,61,61,63,63,66,72,72,72,72,64,72,72,69,60,60,42,21,27,23,29,65,25],"gold":178,"neow_bonus":"THREE_RARE_CARDS","is_daily":false,"chose_seed":false,"campfire_upgraded":10,"win_rate":0.0,"timestamp":1614191067,"path_taken":["M","?","M","$","M","R","E","R","T","R","M","?","$","M","R","BOSS","M","?","?","M","?","R","E","R","T","R","M","R","?","M","R","BOSS","M","?","M","?","$","R","M","?","T","E","M","M","E","M","R","BOSS"],"items_purchased_type":["Card","Card","Card","Relic"],"build_version":"2020-12-22","purchased_purges":1,"victory":true,"max_hp_per_floor":[72,72,72,72,72,72,72,72,72,72,72,72,72,72,72,72,72,72,72,72,72,72,72,72,72,72,72,72,72,72,72,72,72,72,72,72,72,72,72,72,72,72,72,72,72,72,72,72,72,72],"relic_stats":{"Darkstone Periapt":0,"Sozu":8,"Regal Pillow":15,"counters":[25,122],"Self Forming Clay":[96],"MealTicket":8,"Champion Belt":[37],"obtain_stats":[{"Darkstone Periapt":7,"Sozu":17,"Regal Pillow":44,"HornCleat":9,"Self Forming Clay":12,"MealTicket":26,"Philosopher\u0027s Stone":34,"Molten Egg 2":47,"Champion Belt":24,"Ancient Tea Set":39,"Burning Blood":0},{"Darkstone Periapt":4,"Sozu":8,"Regal Pillow":20,"HornCleat":4,"Self Forming Clay":6,"MealTicket":12,"Philosopher\u0027s Stone":15,"Molten Egg 2":23,"Champion Belt":12,"Ancient Tea Set":18,"Burning Blood":0},{"Darkstone Periapt":13,"Sozu":31,"Regal Pillow":97,"HornCleat":13,"Self Forming Clay":20,"MealTicket":48,"Philosopher\u0027s Stone":69,"Molten Egg 2":110,"Champion Belt":48,"Ancient Tea Set":81,"Burning Blood":0}],"Burning Blood":128},"card_choices":[{"not_picked":["Impervious","Reaper"],"picked":"Bludgeon","floor":0},{"not_picked":["Dropkick","Shrug It Off"],"picked":"Flame Barrier","floor":1},{"not_picked":["Headbutt","Rampage","Rupture"],"picked":"SKIP","floor":3},{"not_picked":["Sentinel","Wild Strike","Seeing Red"],"picked":"SKIP","floor":5},{"not_picked":["Body Slam","Combust"],"picked":"Pummel","floor":7},{"not_picked":["Spot Weakness","Battle Trance"],"picked":"Whirlwind","floor":11},{"not_picked":["Seeing Red","Shockwave"],"picked":"Flame Barrier","floor":12},{"not_picked":["Warcry","Twin Strike","Bloodletting"],"picked":"SKIP","floor":14},{"not_picked":["Exhume","Berserk"],"picked":"Barricade","floor":16},{"not_picked":["Sever Soul","Clash"],"picked":"Spot Weakness+1","floor":18},{"not_picked":["Rampage","Armaments","Power Through"],"picked":"SKIP","floor":20},{"not_picked":["Anger","Iron Wave+1","Havoc"],"picked":"SKIP","floor":21},{"not_picked":["Exhume","Perfected Strike"],"picked":"Shockwave","floor":24},{"not_picked":["Inflame","Warcry"],"picked":"Twin Strike+1","floor":28},{"not_picked":["Bloodletting","Thunderclap"],"picked":"Heavy Blade","floor":31},{"not_picked":["Bludgeon","Feed"],"picked":"Impervious","floor":33},{"not_picked":["Anger","Wild Strike+1"],"picked":"Metallicize","floor":35},{"not_picked":["Havoc+1","Dual Wield+1"],"picked":"Warcry+1","floor":37},{"not_picked":["Warcry","Immolate"],"picked":"Thunderclap+1","floor":38},{"not_picked":["Seeing Red+1","True Grit"],"picked":"Power Through","floor":41},{"not_picked":["Corruption","Anger"],"picked":"Second Wind+1","floor":44},{"not_picked":["Havoc+1","Iron Wave"],"picked":"Wild Strike+1","floor":45},{"not_picked":["Uppercut","Havoc"],"picked":"Flame Barrier+1","floor":46},{"not_picked":["Wild Strike+1","Second Wind"],"picked":"Shrug It Off","floor":47},{"not_picked":["Havoc","Searing Blow+1"],"picked":"Thunderclap+1","floor":48}],"player_experience":303477,"relics_obtained":[{"floor":7,"key":"Darkstone Periapt"},{"floor":9,"key":"HornCleat"},{"floor":12,"key":"Self Forming Clay"},{"floor":24,"key":"Champion Belt"},{"floor":26,"key":"MealTicket"},{"floor":44,"key":"Regal Pillow"},{"floor":47,"key":"Molten Egg 2"}],"event_choices":[{"cards_removed":["Strike_R"],"damage_healed":0,"gold_gain":0,"player_choice":"Card Removal","damage_taken":0,"max_hp_gain":0,"max_hp_loss":0,"event_name":"The Cleric","floor":2,"gold_loss":50},{"damage_healed":0,"gold_gain":0,"player_choice":"Searched \u00271\u0027 times","damage_taken":0,"max_hp_gain":0,"max_hp_loss":0,"event_name":"Dead Adventurer","floor":12,"gold_loss":0},{"cards_removed":["Strike_R"],"damage_healed":0,"gold_gain":0,"player_choice":"Upgrade and Remove","damage_taken":0,"max_hp_gain":0,"max_hp_loss":0,"event_name":"Designer","floor":19,"gold_loss":90,"cards_upgraded":["Strike_R"]},{"cards_removed":["Strike_R"],"damage_healed":0,"gold_gain":0,"player_choice":"Gave Gold","damage_taken":0,"max_hp_gain":0,"max_hp_loss":0,"event_name":"Beggar","floor":22,"gold_loss":75},{"damage_healed":0,"gold_gain":0,"player_choice":"Simplicity","damage_taken":0,"max_hp_gain":0,"max_hp_loss":0,"event_name":"Back to Basics","floor":30,"gold_loss":0,"cards_upgraded":["Defend_R","Defend_R","Defend_R","Defend_R"]},{"damage_healed":0,"gold_gain":0,"player_choice":"Upgraded","damage_taken":0,"max_hp_gain":0,"max_hp_loss":0,"event_name":"Upgrade Shrine","floor":36,"gold_loss":0,"cards_upgraded":["Impervious"]},{"damage_healed":0,"gold_gain":0,"player_choice":"Embrace Madness","damage_taken":9,"max_hp_gain":0,"max_hp_loss":0,"event_name":"Winding Halls","floor":42,"gold_loss":0,"cards_obtained":["Madness","Madness"]}],"is_beta":false,"boss_relics":[{"not_picked":["Empty Cage","Runic Cube"],"picked":"Sozu"},{"not_picked":["Pandora\u0027s Box","SlaversCollar"],"picked":"Philosopher\u0027s Stone"}],"items_purged_floors":[13],"is_endless":false,"potions_floor_spawned":[1,11,12,18,20,21,28,35,38,44,48],"ascension_level":0}}