{"host":"puhn14s7bdwcyqz6","time":1614133976,"event":{"mods":["BaseMod","CapriCore","Koishi","Marisa（霧雨　魔理沙）","Minty Spire (QoL Compilation)","Reimu（博丽灵梦）","Remilia（蕾米莉亚）","StSLib","The Administrix","The Immortal","The Senshi","The Servant 0.9.4"],"gold_per_floor":[112,129,129,139,157,189,208,208,208,234,49,68,243,255,255,354,354,338,50,70,70,30,56,56,73,119,135,235,235,246,14,14,109,109,126,146,163,183,200,232,196,208,256,275,275,310,310,304,304,284],"floor_reached":51,"language":"ENG","playtime":5591,"items_purged":[],"score":770,"play_id":"e73c3b04-eaf9-49c7-9c6a-f613938bd3ac","local_time":"20210223213256","is_ascension_mode":false,"campfire_choices":[{"floor":8,"key":"REST"},{"floor":15,"key":"REST"},{"data":"MokouMod:RadiantBlade","floor":24,"key":"SMITH"},{"data":"MokouMod:Ventilation","floor":32,"key":"SMITH"},{"data":"MokouMod:ScorchedEarth","floor":49,"key":"SMITH"}],"circlet_count":0,"master_deck":["MokouMod:Strike+1","MokouMod:Strike+1","MokouMod:Strike+1","MokouMod:Strike+1","MokouMod:Defend+1","MokouMod:Defend+1","MokouMod:HeatSpark","MokouMod:Combust","MokouMod:ScorchedEarth+1","MokouMod:Refresh+1","MokouMod:Singe","MokouMod:IgneousBlow","MokouMod:Meltdown+1","MokouMod:TemporalFireSeal","MokouMod:Ventilation+1","MokouMod:ScorchingColumn","MokouMod:FujiyamaVolcano","Doubt","MokouMod:FlamingFireTalons","MokouMod:Rebirth+1","MokouMod:Wildfire+1","MokouMod:ShiftIgnition+1","MokouMod:BurningDraft","MokouMod:RadiantBlade+1","MokouMod:IgnitionBlast+1","MokouMod:IgnitionBlast+1","MokouMod:Afterburner","J.A.X.","MokouMod:InfernalWave+1","MokouMod:ScorchedEarth+1","MokouMod:ResonatingAura+1","MokouMod:Ember","MokouMod:IgneousBlow+1","MokouMod:Combust+1","MokouMod:ImperishableFlame+1","MokouMod:PhoenixFeathers","MokouMod:RisingSunBarrier+1","MokouMod:Stoke","MokouMod:PhoenixFeathers+1","Madness","Madness","MokouMod:Sear","MokouMod:Firecracker","MokouMod:HeartofFire+1"],"relics":["MokouMod:PhoenixFeather","White Beast Statue","Frozen Egg 2","Orichalcum","Happy Flower","Coffee Dripper","theSenshi:FeatherClipsRelic","ZunR:ReiMu","Pen Nib","War Paint","Incense Burner","HornCleat","PreservedInsect","RedLine:ReiMu","Omamori","Nunchaku","AntiCross"],"acts_visited":["Exordium","TheCity","TheBeyond"],"potions_floor_usage":[6,10,10,12,14,14,16,25,25,28,28,33,33,37,39,42,44,50,50],"damage_taken":[{"damage":6,"enemies":"Cultist","floor":1,"turns":3},{"damage":0,"enemies":"Small Slimes","floor":2,"turns":2},{"damage":11,"enemies":"Jaw Worm","floor":4,"turns":3},{"damage":7,"enemies":"Large Slime","floor":5,"turns":5},{"damage":40,"enemies":"3 Sentries","floor":6,"turns":7},{"damage":10,"enemies":"Looter","floor":7,"turns":2},{"damage":24,"enemies":"Lagavulin","floor":10,"turns":5},{"damage":11,"enemies":"Gremlin Gang","floor":12,"turns":4},{"damage":0,"enemies":"Exordium Wildlife","floor":14,"turns":2},{"damage":11,"enemies":"Hexaghost","floor":16,"turns":8},{"damage":28,"enemies":"2 Thieves","floor":18,"turns":4},{"damage":4,"enemies":"Chosen","floor":20,"turns":2},{"damage":72,"enemies":"Gremlin Leader","floor":23,"turns":7},{"damage":11,"enemies":"Snecko","floor":25,"turns":4},{"damage":10,"enemies":"Centurion and Healer","floor":27,"turns":4},{"damage":18,"enemies":"Colosseum Slavers","floor":28,"turns":4},{"damage":44,"enemies":"Colosseum Nobs","floor":28,"turns":5},{"damage":0,"enemies":"3 Cultists","floor":30,"turns":4},{"damage":87,"enemies":"Automaton","floor":33,"turns":12},{"damage":3,"enemies":"3 Shapes","floor":35,"turns":3},{"damage":4,"enemies":"Orb Walker","floor":36,"turns":2},{"damage":29,"enemies":"Jaw Worm Horde","floor":37,"turns":3},{"damage":31,"enemies":"Sphere and 2 Shapes","floor":38,"turns":4},{"damage":12,"enemies":"3 Darklings","floor":39,"turns":4},{"damage":70,"enemies":"Giant Head","floor":40,"turns":8},{"damage":22,"enemies":"Writhing Mass","floor":42,"turns":5},{"damage":30,"enemies":"Maw","floor":44,"turns":6},{"damage":43,"enemies":"Nemesis","floor":46,"turns":5},{"damage":20,"enemies":"4 Shapes","floor":48,"turns":5},{"damage":63,"enemies":"Time Eater","floor":50,"turns":10}],"seed_played":"-1552501957924336661","potions_obtained":[{"floor":4,"key":"Block Potion"},{"floor":5,"key":"Swift Potion"},{"floor":6,"key":"SteroidPotion"},{"floor":7,"key":"FearPotion"},{"floor":10,"key":"Weak Potion"},{"floor":12,"key":"Energy Potion"},{"floor":14,"key":"ColorlessPotion"},{"floor":16,"key":"SpeedPotion"},{"floor":18,"key":"FearPotion"},{"floor":20,"key":"BlessingOfTheForge"},{"floor":23,"key":"PowerPotion"},{"floor":25,"key":"SteroidPotion"},{"floor":27,"key":"Block Potion"},{"floor":28,"key":"Weak Potion"},{"floor":30,"key":"Block Potion"},{"floor":33,"key":"DistilledChaos"},{"floor":35,"key":"GrandPatriotsElixir:ReiMu"},{"floor":37,"key":"Explosive Potion"},{"floor":39,"key":"FearPotion"},{"floor":40,"key":"PowerPotion"},{"floor":42,"key":"Regen Potion"},{"floor":44,"key":"ZuzhouPotion:ReiMu"}],"is_trial":false,"path_per_floor":["M","M","T","M","M","E","M","R","T","E","$","M","?","M","R","B",null,"M","$","M","?","?","E","R","M","T","M","?","?","M","$","R","B",null,"M","M","M","M","M","E","$","M","T","M","?","E","?","M","R","B",null],"character_chosen":"MKU","items_purchased":["MokouMod:Ventilation","MokouMod:ScorchingColumn","MokouMod:ShiftIgnition","theSenshi:FeatherClipsRelic","MokouMod:ScorchedEarth+1","PreservedInsect","MokouMod:RisingSunBarrier+1"],"campfire_rested":2,"item_purchase_floors":[11,11,19,19,31,31,41],"current_hp_per_floor":[62,62,62,51,44,4,17,37,37,13,13,2,2,2,22,11,68,40,40,42,42,42,23,23,18,18,14,23,23,29,29,29,23,68,68,68,45,20,14,23,23,7,7,24,15,23,23,9,9,18],"gold":284,"neow_bonus":"REMOVE_TWO","is_daily":false,"chose_seed":false,"campfire_upgraded":3,"win_rate":0.0,"timestamp":1614133976,"path_taken":["M","M","?","?","M","E","M","R","T","E","$","M","?","M","R","BOSS","M","$","M","?","?","E","R","M","T","M","?","?","M","?","R","BOSS","M","M","M","?","M","E","$","M","T","M","?","E","?","?","R","BOSS"],"items_purchased_type":["Card","Card","Card","Relic","Card","Relic","Card"],"build_version":"2020-12-22","purchased_purges":0,"victory":true,"max_hp_per_floor":[68,68,68,68,68,68,68,68,68,68,68,68,68,68,68,68,68,68,68,68,68,68,68,68,68,68,68,68,68,68,68,68,68,68,68,68,68,68,68,68,68,68,68,68,68,68,68,68,68,68],"card_choices":[{"not_picked":["MokouMod:TemporalFireSeal","MokouMod:Stoke"],"picked":"MokouMod:Combust","floor":1},{"not_picked":["MokouMod:TemporalFireSeal","MokouMod:BurningDraft"],"picked":"MokouMod:ScorchedEarth","floor":2},{"not_picked":["MokouMod:ScorchingColumn","MokouMod:Ember"],"picked":"MokouMod:Refresh","floor":4},{"not_picked":["MokouMod:AdaptivePyromancy","MokouMod:Firecracker"],"picked":"MokouMod:Singe","floor":5},{"not_picked":["MokouMod:EternalBurstReactor","MokouMod:CrimsonArmoury"],"picked":"MokouMod:IgneousBlow","floor":6},{"not_picked":["MokouMod:Singe","MokouMod:ShiftIgnition"],"picked":"MokouMod:Meltdown+1","floor":7},{"not_picked":["MokouMod:BlazingComet","MokouMod:Overheat"],"picked":"MokouMod:TemporalFireSeal","floor":10},{"not_picked":["MokouMod:Overheat","MokouMod:Singe"],"picked":"MokouMod:FujiyamaVolcano","floor":12},{"not_picked":["MokouMod:Combust","MokouMod:BurningDraft"],"picked":"MokouMod:FlamingFireTalons","floor":14},{"not_picked":["MokouMod:Extinguish","MokouMod:RadiantBlade"],"picked":"MokouMod:Rebirth+1","floor":16},{"not_picked":["MokouMod:RisingSunBarrier+1","MokouMod:SearingShot"],"picked":"MokouMod:Wildfire+1","floor":18},{"not_picked":["MokouMod:ScorchingColumn","MokouMod:Overheat"],"picked":"MokouMod:BurningDraft","floor":20},{"not_picked":["MokouMod:Firecracker","MokouMod:FlickeringFlame"],"picked":"MokouMod:RadiantBlade","floor":23},{"not_picked":["MokouMod:InfernalWave+1","MokouMod:FlickeringFlame"],"picked":"MokouMod:IgnitionBlast+1","floor":25},{"not_picked":["MokouMod:ScorchingColumn","MokouMod:Singe"],"picked":"MokouMod:IgnitionBlast+1","floor":27},{"not_picked":["MokouMod:Singe+1","MokouMod:BurningDraft"],"picked":"MokouMod:Afterburner","floor":28},{"not_picked":["MokouMod:BurningDraft","MokouMod:Overheat"],"picked":"MokouMod:InfernalWave+1","floor":30},{"not_picked":["MokouMod:ProfanedFlare","MokouMod:BurningHiddenBullet"],"picked":"MokouMod:ResonatingAura+1","floor":33},{"not_picked":["MokouMod:Firecracker+1","MokouMod:TemporalFireSeal+1"],"picked":"MokouMod:Ember","floor":35},{"not_picked":["MokouMod:BurningDraft","MokouMod:Singe+1"],"picked":"MokouMod:IgneousBlow+1","floor":36},{"not_picked":["MokouMod:UncontrollableSolarReaction+1","MokouMod:ResoluteFlare"],"picked":"MokouMod:Combust+1","floor":37},{"not_picked":["MokouMod:Burn+1","MokouMod:Overheat+1","MokouMod:FlickeringFlame+1"],"picked":"SKIP","floor":38},{"not_picked":["MokouMod:IndiscriminateIgnition+1","MokouMod:FlareStarter+1"],"picked":"MokouMod:ImperishableFlame+1","floor":39},{"not_picked":["MokouMod:FlareStarter","MokouMod:Cataclysm"],"picked":"MokouMod:PhoenixFeathers","floor":40},{"not_picked":["MokouMod:ScorchingColumn+1","MokouMod:TemporalFireSeal+1"],"picked":"MokouMod:Stoke","floor":42},{"not_picked":["MokouMod:Stoke","MokouMod:AdaptivePyromancy+1"],"picked":"MokouMod:PhoenixFeathers+1","floor":44},{"not_picked":["MokouMod:AdaptivePyromancy","MokouMod:EternalBurstReactor"],"picked":"MokouMod:Sear","floor":46},{"not_picked":["MokouMod:Scorch","MokouMod:Cataclysm"],"picked":"MokouMod:HeartofFire+1","floor":48}],"player_experience":72622,"relics_obtained":[{"floor":3,"key":"White Beast Statue"},{"floor":6,"key":"Frozen Egg 2"},{"floor":9,"key":"Orichalcum"},{"floor":10,"key":"Happy Flower"},{"floor":23,"key":"Pen Nib"},{"floor":26,"key":"War Paint"},{"floor":28,"key":"Incense Burner"},{"floor":28,"key":"HornCleat"},{"floor":40,"key":"Omamori"},{"floor":43,"key":"Nunchaku"},{"floor":46,"key":"AntiCross"}],"event_choices":[{"damage_healed":0,"gold_gain":175,"player_choice":"AGREE","damage_taken":0,"max_hp_gain":0,"max_hp_loss":0,"event_name":"Liars Game","floor":13,"gold_loss":0,"cards_obtained":["Doubt"]},{"damage_healed":0,"gold_gain":0,"player_choice":"Simplicity","damage_taken":0,"max_hp_gain":0,"max_hp_loss":0,"event_name":"Back to Basics","floor":21,"gold_loss":0,"cards_upgraded":["MokouMod:Strike","MokouMod:Strike","MokouMod:Strike","MokouMod:Strike","MokouMod:Strike","MokouMod:Defend","MokouMod:Defend"]},{"damage_healed":0,"gold_gain":0,"player_choice":"Keep O-miki","damage_taken":0,"relics_obtained":["ZunR:ReiMu"],"max_hp_gain":0,"max_hp_loss":0,"event_name":"ZunEvent","floor":22,"gold_loss":40},{"damage_healed":0,"gold_gain":0,"player_choice":"Fight","damage_taken":0,"max_hp_gain":0,"max_hp_loss":0,"event_name":"Colosseum","floor":28,"gold_loss":0},{"damage_healed":0,"gold_gain":0,"player_choice":"Fought Nobs","damage_taken":0,"max_hp_gain":0,"max_hp_loss":0,"event_name":"Colosseum","floor":28,"gold_loss":0},{"damage_healed":0,"gold_gain":0,"player_choice":"Obtain J.A.X.","damage_taken":0,"max_hp_gain":0,"max_hp_loss":0,"event_name":"Drug Dealer","floor":29,"gold_loss":0,"cards_obtained":["J.A.X."]},{"damage_healed":0,"gold_gain":0,"player_choice":"Embrace Madness","damage_taken":9,"max_hp_gain":0,"max_hp_loss":0,"event_name":"Winding Halls","floor":45,"gold_loss":0,"cards_obtained":["Madness","Madness"]},{"damage_healed":0,"gold_gain":0,"cards_transformed":["MokouMod:Strike"],"player_choice":"Transformed","damage_taken":0,"max_hp_gain":0,"max_hp_loss":0,"event_name":"Transmorgrifier","floor":47,"gold_loss":0,"cards_obtained":["MokouMod:Firecracker"]}],"is_beta":false,"boss_relics":[{"not_picked":["Runic Dome","SacredBark"],"picked":"Coffee Dripper"},{"not_picked":["Velvet Choker","Tiny House"],"picked":"RedLine:ReiMu"}],"items_purged_floors":[],"is_endless":false,"potions_floor_spawned":[4,5,6,7,10,12,14,16,18,20,23,25,27,28,28,30,33,35,36,37,38,39,40,42,44,46,48],"ascension_level":0}}