{"host":"nbofzmb1hl9rnais","time":1614151082,"event":{"mods":["BaseMod","Colored Map","Minty Spire (QoL Compilation)","StSLib","The Bug Knight"],"gold_per_floor":[117,132,187,187,201,201,151,151,205,205,233,30,48,64,64,163,163,183,56,56,6,6,36,36,56,80,98,98,112,0,0,0,0,0],"floor_reached":33,"language":"ENG","playtime":4925,"items_purged":["Rage","Clash","Clash"],"score":302,"play_id":"fc0cd7ea-2ddc-457e-b428-4025ecf2d8b6","local_time":"20210223231802","daily_mods":["SealedDeck"],"is_ascension_mode":true,"campfire_choices":[{"data":"HollowMod:SiblingsSouls","floor":6,"key":"SMITH"},{"data":"HollowMod:SiblingsSouls","floor":8,"key":"SMITH"},{"data":"HollowMod:ShadowDash","floor":10,"key":"SMITH"},{"data":"HollowMod:ShadowDash","floor":15,"key":"SMITH"},{"data":"HollowMod:SlysStrikes","floor":24,"key":"SMITH"},{"floor":28,"key":"REST"},{"floor":32,"key":"REST"}],"circlet_count":0,"master_deck":["Fire Breathing","HollowMod:PerfectDash","HollowMod:SiblingsSouls+1","HollowMod:MothsMistake","HollowMod:SiblingsSouls+1","HollowMod:ShadowDash+1","HollowMod:PerfectDash","Feel No Pain","Reckless Charge","Flame Barrier","Fire Breathing","HollowMod:WraithStrike","HollowMod:VengefulVoid","Battle Trance","HollowMod:DescendingDark","HollowMod:ShadowDash+1","HollowMod:VoidDash","Reckless Charge","J.A.X.","HollowMod:SlysStrikes+1","Battle Trance+1"],"relics":["Burning Blood","Smiling Mask","Darkstone Periapt","Orrery","SlaversCollar","Shuriken","Centennial Puzzle"],"acts_visited":["Exordium","TheCity"],"potions_floor_usage":[11,27,33],"damage_taken":[{"damage":3,"enemies":"Jaw Worm","floor":1,"turns":3},{"damage":0,"enemies":"Cultist","floor":2,"turns":3},{"damage":0,"enemies":"Small Slimes","floor":5,"turns":1},{"damage":13,"enemies":"Lagavulin","floor":11,"turns":8},{"damage":6,"enemies":"3 Louse","floor":13,"turns":4},{"damage":14,"enemies":"2 Fungi Beasts","floor":14,"turns":4},{"damage":40,"enemies":"Slime Boss","floor":16,"turns":6},{"damage":18,"enemies":"Spheric Guardian","floor":18,"turns":5},{"damage":9,"enemies":"HollowMod:Nosk","floor":23,"turns":8},{"damage":40,"enemies":"2 Thieves","floor":25,"turns":5},{"damage":30,"enemies":"Shelled Parasite and Fungi","floor":27,"turns":4},{"damage":18,"enemies":"Snake Plant","floor":29,"turns":4},{"damage":43,"enemies":"Collector","floor":33,"turns":2}],"seed_played":"-2250318039625245520","potions_obtained":[{"floor":1,"key":"GamblersBrew"},{"floor":11,"key":"LiquidBronze"},{"floor":16,"key":"DuplicationPotion"},{"floor":23,"key":"SteroidPotion"},{"floor":29,"key":"CultistPotion"}],"is_trial":true,"path_per_floor":["M","M","?","?","M","R","?","R","T","R","E","$","M","M","R","B",null,"M","$","?","$","?","E","R","M","T","M","R","M","?","$","R","B"],"character_chosen":"IRONCLAD","items_purchased":["Orrery","Reckless Charge"],"campfire_rested":2,"item_purchase_floors":[12,19],"current_hp_per_floor":[80,80,80,80,80,80,80,80,80,80,73,73,73,65,65,31,80,68,68,68,68,68,65,65,31,31,7,31,19,19,19,43,0,0],"gold":0,"neow_bonus":"","is_daily":false,"chose_seed":false,"campfire_upgraded":5,"win_rate":0.0,"timestamp":1614151082,"path_taken":["M","M","?","?","?","R","?","R","T","R","E","$","M","M","R","BOSS","M","$","?","$","?","E","R","M","T","M","R","M","?","?","R","BOSS"],"items_purchased_type":["Relic","Card"],"build_version":"2020-12-22","purchased_purges":3,"victory":false,"max_hp_per_floor":[80,80,80,80,80,80,80,80,80,80,80,80,80,80,80,80,80,80,80,80,80,80,80,80,80,80,80,80,80,80,80,80,80,80],"card_choices":[{"not_picked":["HollowMod:SharpenedNail","Entrench"],"picked":"HollowMod:PerfectDash","floor":1},{"not_picked":["HollowMod:CycloneSlash","Clash","Whirlwind"],"picked":"SKIP","floor":2},{"not_picked":["HollowMod:LifebloodCocoon","HollowMod:CloakDash"],"picked":"Reckless Charge","floor":5},{"not_picked":["HollowMod:BrokenVessel","HollowMod:CycloneSlash"],"picked":"Flame Barrier","floor":11},{"not_picked":["Thunderclap","HollowMod:PaleKingsBlessing"],"picked":"Fire Breathing","floor":12},{"not_picked":["Sword Boomerang","HollowMod:Weaversong"],"picked":"HollowMod:WraithStrike","floor":12},{"not_picked":["Heavy Blade","HollowMod:FallenFury"],"picked":"HollowMod:VengefulVoid","floor":12},{"not_picked":["Bloodletting","HollowMod:DashSlash"],"picked":"Battle Trance","floor":12},{"not_picked":["Sword Boomerang","Disarm"],"picked":"HollowMod:DescendingDark","floor":12},{"not_picked":["Spot Weakness","HollowMod:PureNailStrike"],"picked":"HollowMod:ShadowDash","floor":13},{"not_picked":["Perfected Strike","Body Slam","Thunderclap"],"picked":"SKIP","floor":14},{"not_picked":["HollowMod:ElderbugsWisdom","HollowMod:AwokenDreamNail"],"picked":"HollowMod:VoidDash","floor":16},{"not_picked":["HollowMod:CrystalDash","HollowMod:SoulStrike","HollowMod:CoiledNail"],"picked":"SKIP","floor":18},{"not_picked":["Disarm","HollowMod:LuriensSpire"],"picked":"HollowMod:SlysStrikes","floor":23},{"not_picked":["Second Wind","HollowMod:NewLittleFool"],"picked":"Battle Trance+1","floor":25},{"not_picked":["HollowMod:InfectionAssault","Clothesline","Combust"],"picked":"SKIP","floor":27},{"not_picked":["HollowMod:NewLittleFool","HollowMod:LifebloodCocoon","Warcry+1"],"picked":"SKIP","floor":29}],"player_experience":189346,"relics_obtained":[{"floor":9,"key":"Smiling Mask"},{"floor":11,"key":"Darkstone Periapt"},{"floor":23,"key":"Shuriken"},{"floor":26,"key":"Centennial Puzzle"}],"event_choices":[{"damage_healed":0,"gold_gain":55,"player_choice":"Gained Gold","damage_taken":0,"max_hp_gain":0,"max_hp_loss":0,"event_name":"Golden Wing","floor":3,"gold_loss":0},{"damage_healed":0,"gold_gain":0,"player_choice":"1 cards matched","damage_taken":0,"max_hp_gain":0,"max_hp_loss":0,"event_name":"Match and Keep!","floor":4,"gold_loss":0,"cards_obtained":["Feel No Pain"]},{"cards_removed":["HollowMod:CycloneSlash"],"damage_healed":0,"gold_gain":0,"player_choice":"Card Removal","damage_taken":0,"max_hp_gain":0,"max_hp_loss":0,"event_name":"The Cleric","floor":7,"gold_loss":50},{"damage_healed":0,"gold_gain":0,"player_choice":"Obtain J.A.X.","damage_taken":0,"max_hp_gain":0,"max_hp_loss":0,"event_name":"Drug Dealer","floor":20,"gold_loss":0,"cards_obtained":["J.A.X."]},{"damage_healed":0,"gold_gain":0,"player_choice":"Paid Fearfully","damage_taken":0,"max_hp_gain":0,"max_hp_loss":0,"event_name":"Masked Bandits","floor":30,"gold_loss":112}],"is_beta":false,"boss_relics":[{"not_picked":["Fusion Hammer","Snecko Eye"],"picked":"SlaversCollar"}],"items_purged_floors":[12,19,21],"is_endless":false,"potions_floor_spawned":[1,11,16,23,29],"killed_by":"Collector","ascension_level":1}}