{"host":"ep8i7b8n5hbu63rl","time":1614185175,"event":{"mods":["AchievementEnabler","BaseMod","Colored Map","DeckTracker","Keyboard Shortcuts","Minty Spire (QoL Compilation)","Permanent Neow","Quick Restart","SuperFastMode"],"gold_per_floor":[114,39,54,454,469,469,499,224,299,299,314,329,359,374,374,474,474,489,588,603,614,639,669,684,714,714,714,714,729,190,205,205,305,305,320,344,394,244,244,244,274,289,339,354,384,414,414,429,429,429],"floor_reached":51,"language":"KOR","playtime":1441,"items_purged":["Strike_R","Strike_R","Strike_R"],"score":1110,"play_id":"859fef1c-137c-43aa-9cd8-7dc846059b5d","local_time":"20210225014615","daily_mods":["Heirloom","Colorless Cards","DeadlyEvents"],"is_ascension_mode":false,"campfire_choices":[{"data":"Apotheosis","floor":6,"key":"SMITH"},{"data":"Burning Pact","floor":10,"key":"SMITH"},{"data":"Madness","floor":15,"key":"SMITH"},{"data":"Deep Breath","floor":28,"key":"SMITH"},{"data":"Barricade","floor":32,"key":"SMITH"},{"data":"1","floor":40,"key":"LIFT"},{"data":"2","floor":47,"key":"LIFT"},{"data":"3","floor":49,"key":"LIFT"}],"circlet_count":0,"master_deck":["Strike_R","Strike_R","Defend_R","Defend_R","Defend_R","Defend_R","Bash","Body Slam","Barricade+1","Apotheosis+1","Flash of Steel","Burning Pact+1","Madness+1","Armaments","Feed+1","Body Slam+1","Secret Weapon","Entrench","Pommel Strike","Deep Breath+1","Flex","Entrench","Cleave","Flex","Good Instincts","Thinking Ahead","Ghostly Armor+1","Sword Boomerang+1","Shockwave","Heavy Blade+1","Magnetism","Infernal Blade+1","Shrug It Off","Wild Strike+1","Enlightenment+1"],"relics":["Burning Blood","Magic Flower","Calipers","Gremlin Horn","Bronze Scales","Sundial","Bottled Flame","Black Star","Red Mask","Centennial Puzzle","Toy Ornithopter","Ice Cream","Whetstone","Mummified Hand","Red Skull","Prayer Wheel","TheAbacus","Coffee Dripper","Gambling Chip","Girya","Dream Catcher","Nunchaku","Potion Belt","Happy Flower","Blue Candle","Unceasing Top","Frozen Egg 2","Singing Bowl"],"acts_visited":["Exordium","TheCity","TheBeyond"],"potions_floor_usage":[13],"damage_taken":[{"damage":8,"enemies":"Cultist","floor":1,"turns":5},{"damage":11,"enemies":"Jaw Worm","floor":3,"turns":8},{"damage":0,"enemies":"2 Louse","floor":5,"turns":3},{"damage":0,"enemies":"Lagavulin","floor":7,"turns":7},{"damage":12,"enemies":"Blue Slaver","floor":11,"turns":3},{"damage":0,"enemies":"3 Louse","floor":12,"turns":2},{"damage":38,"enemies":"Gremlin Nob","floor":13,"turns":5},{"damage":2,"enemies":"Looter","floor":14,"turns":3},{"damage":32,"enemies":"The Guardian","floor":16,"turns":7},{"damage":5,"enemies":"Spheric Guardian","floor":18,"turns":4},{"damage":11,"enemies":"2 Thieves","floor":20,"turns":4},{"damage":31,"enemies":"Masked Bandits","floor":21,"turns":5},{"damage":0,"enemies":"Book of Stabbing","floor":23,"turns":2},{"damage":0,"enemies":"Snecko","floor":24,"turns":1},{"damage":0,"enemies":"Slavers","floor":25,"turns":1},{"damage":0,"enemies":"Centurion and Healer","floor":29,"turns":1},{"damage":0,"enemies":"Snake Plant","floor":31,"turns":1},{"damage":0,"enemies":"Automaton","floor":33,"turns":1},{"damage":0,"enemies":"3 Shapes","floor":35,"turns":1},{"damage":0,"enemies":"2 Orb Walkers","floor":36,"turns":1},{"damage":0,"enemies":"Mind Bloom Boss Battle","floor":37,"turns":1},{"damage":0,"enemies":"Giant Head","floor":41,"turns":1},{"damage":0,"enemies":"3 Darklings","floor":42,"turns":1},{"damage":0,"enemies":"Maw","floor":44,"turns":1},{"damage":0,"enemies":"Reptomancer","floor":45,"turns":1},{"damage":0,"enemies":"Giant Head","floor":46,"turns":1},{"damage":0,"enemies":"Jaw Worm Horde","floor":48,"turns":1},{"damage":10,"enemies":"Time Eater","floor":50,"turns":1}],"seed_played":"1986488565424594500","potions_obtained":[{"floor":7,"key":"DistilledChaos"},{"floor":11,"key":"Weak Potion"},{"floor":13,"key":"Regen Potion"},{"floor":16,"key":"Energy Potion"},{"floor":23,"key":"DistilledChaos"},{"floor":41,"key":"ColorlessPotion"},{"floor":42,"key":"SpeedPotion"},{"floor":48,"key":"Strength Potion"}],"is_trial":false,"path_per_floor":["M","$","M","$","M","R","E","$","T","R","M","M","E","M","R","B",null,"M","?","M","?","T","E","M","E","T","$","R","M","$","M","R","B",null,"M","?","?","$","$","R","E","M","T","M","E","E","R","M","R","B",null],"character_chosen":"IRONCLAD","items_purchased":["Apotheosis","Bronze Scales","Good Instincts","Prayer Wheel","TheAbacus","Dream Catcher"],"campfire_rested":0,"item_purchase_floors":[2,8,30,30,30,38],"current_hp_per_floor":[80,80,78,78,80,80,80,80,80,80,77,80,51,58,58,35,80,84,84,88,72,72,81,90,92,92,92,92,92,92,92,92,92,92,92,92,92,92,92,92,92,92,92,92,92,92,92,94,94,93],"gold":429,"neow_bonus":"","is_daily":true,"chose_seed":false,"campfire_upgraded":5,"win_rate":0.0,"timestamp":1614185175,"path_taken":["M","$","M","$","M","R","E","?","T","R","?","M","E","M","R","BOSS","M","?","M","?","?","E","M","?","T","$","R","M","?","M","R","BOSS","M","?","?","?","$","R","E","?","T","M","?","E","R","M","R","BOSS"],"items_purchased_type":["Card","Relic","Card","Relic","Relic","Relic"],"build_version":"2020-12-22","purchased_purges":3,"victory":true,"max_hp_per_floor":[80,80,80,80,80,80,80,80,80,80,80,80,80,80,80,80,80,84,84,88,92,92,92,92,92,92,92,92,92,92,92,92,92,92,92,92,92,92,92,92,92,92,92,92,92,92,92,94,94,94],"card_choices":[{"not_picked":["Flex","Cleave"],"picked":"Body Slam","floor":1},{"not_picked":["Inflame","Second Wind"],"picked":"Flash of Steel","floor":3},{"not_picked":["Shockwave","Clash"],"picked":"Burning Pact","floor":5},{"not_picked":["Impatience","True Grit","Havoc"],"picked":"SKIP","floor":7},{"not_picked":["Cleave","Clothesline"],"picked":"Madness","floor":11},{"not_picked":["Infernal Blade","Sever Soul"],"picked":"Armaments","floor":12},{"not_picked":["Headbutt","Dual Wield"],"picked":"Feed","floor":13},{"not_picked":["Pommel Strike","Armaments"],"picked":"Body Slam","floor":14},{"not_picked":["Double Tap","Corruption"],"picked":"Secret Weapon","floor":16},{"not_picked":["Warcry+1","Feel No Pain"],"picked":"Pommel Strike","floor":18},{"not_picked":["Evolve","Iron Wave","Heavy Blade"],"picked":"SKIP","floor":20},{"not_picked":["Perfected Strike","Warcry"],"picked":"Deep Breath","floor":21},{"not_picked":["Feed","Swift Strike"],"picked":"Flex","floor":23},{"not_picked":["Searing Blow","Pommel Strike"],"picked":"Entrench","floor":24},{"not_picked":["Pommel Strike","Flex"],"picked":"Cleave","floor":25},{"not_picked":["Blood for Blood","Thunderclap"],"picked":"Flex","floor":29},{"not_picked":["Carnage","Apotheosis","Jack Of All Trades"],"picked":"SKIP","floor":31},{"not_picked":["Sword Boomerang","Heavy Blade","Body Slam"],"picked":"SKIP","floor":31},{"not_picked":["The Bomb","Transmutation"],"picked":"Thinking Ahead","floor":33},{"not_picked":["Wild Strike+1","True Grit+1","Anger+1"],"picked":"SKIP","floor":35},{"not_picked":["Bandage Up+1","Pommel Strike","Perfected Strike"],"picked":"SKIP","floor":35},{"not_picked":["Pommel Strike+1","Mind Blast"],"picked":"Ghostly Armor+1","floor":36},{"not_picked":["Clash+1","Headbutt"],"picked":"Sword Boomerang+1","floor":37},{"not_picked":["True Grit+1","Shockwave+1","Burning Pact+1"],"picked":"SKIP","floor":41},{"not_picked":["Dark Embrace+1","Evolve+1"],"picked":"Shockwave","floor":42},{"not_picked":["Pommel Strike+1","Trip+1"],"picked":"Heavy Blade+1","floor":42},{"not_picked":["Clothesline","Iron Wave+1"],"picked":"Magnetism","floor":44},{"not_picked":["Armaments+1","Headbutt+1"],"picked":"Infernal Blade+1","floor":44},{"not_picked":["Flex+1","Thunderclap"],"picked":"Shrug It Off","floor":45},{"not_picked":["Uppercut+1","Body Slam"],"picked":"Wild Strike+1","floor":46},{"not_picked":["Sever Soul","The Bomb","Blood for Blood+1"],"picked":"Singing Bowl","floor":48},{"not_picked":["Pommel Strike+1","Blind+1"],"picked":"Enlightenment+1","floor":48}],"player_experience":182507,"relics_obtained":[{"floor":7,"key":"Gremlin Horn"},{"floor":9,"key":"Sundial"},{"floor":13,"key":"Bottled Flame"},{"floor":21,"key":"Red Mask"},{"floor":22,"key":"Centennial Puzzle"},{"floor":23,"key":"Toy Ornithopter"},{"floor":23,"key":"Ice Cream"},{"floor":25,"key":"Whetstone"},{"floor":25,"key":"Mummified Hand"},{"floor":26,"key":"Red Skull"},{"floor":36,"key":"Gambling Chip"},{"floor":37,"key":"Girya"},{"floor":41,"key":"Nunchaku"},{"floor":41,"key":"Potion Belt"},{"floor":43,"key":"Happy Flower"},{"floor":45,"key":"Blue Candle"},{"floor":45,"key":"Unceasing Top"},{"floor":46,"key":"Frozen Egg 2"},{"floor":46,"key":"Singing Bowl"}],"event_choices":[{"damage_healed":0,"gold_gain":99,"player_choice":"Stole From Cult","damage_taken":0,"max_hp_gain":0,"max_hp_loss":0,"event_name":"Nest","floor":19,"gold_loss":0},{"damage_healed":0,"gold_gain":0,"player_choice":"Fought Bandits","damage_taken":0,"max_hp_gain":0,"max_hp_loss":0,"event_name":"Masked Bandits","floor":21,"gold_loss":0},{"damage_healed":0,"gold_gain":0,"player_choice":"Fight","damage_taken":0,"max_hp_gain":0,"max_hp_loss":0,"event_name":"Mysterious Sphere","floor":36,"gold_loss":0},{"damage_healed":0,"gold_gain":0,"player_choice":"Fight","damage_taken":0,"max_hp_gain":0,"max_hp_loss":0,"event_name":"MindBloom","floor":37,"gold_loss":0}],"is_beta":false,"boss_relics":[{"not_picked":["SlaversCollar","Tiny House"],"picked":"Black Star"},{"not_picked":["Runic Pyramid","Runic Cube"],"picked":"Coffee Dripper"}],"items_purged_floors":[2,4,8],"is_endless":false,"potions_floor_spawned":[7,11,13,16,18,23,25,33,36,41,42,46,48],"ascension_level":0}}