{"host":"u7lm8z2rvb4dg2oo","time":1614144823,"event":{"mods":["AchievementEnabler","BaseMod","Bestiary","Block Reminder","Colored Map","Colored Powertips","Curses Come First","DeckTracker","Googly Eyes","Highlight Path","Minty Spire (QoL Compilation)","Quick Restart","StSLib"],"gold_per_floor":[114,34,98,56,70,95,106,106,106,106,122,137,170,180,180,251,251,268,193,193,213,6,6,6],"floor_reached":23,"language":"ENG","playtime":875,"items_purged":["Strike_G","Strike_G"],"score":441,"play_id":"14b3b520-d09a-4585-92bd-3efa6f122189","local_time":"20210224003343","is_ascension_mode":true,"campfire_choices":[{"data":"Noxious Fumes","floor":8,"key":"SMITH"},{"data":"Crippling Poison","floor":10,"key":"SMITH"},{"floor":15,"key":"REST"}],"circlet_count":0,"master_deck":["AscendersBane","Defend_G","Defend_G","Defend_G","Defend_G","Defend_G","Survivor","Neutralize","Backstab","Noxious Fumes+1","Leg Sweep","Crippling Poison+1","Endless Agony","Corpse Explosion","Skewer","Bane","Poisoned Stab","Poisoned Stab","Noxious Fumes","Envenom","Adrenaline","Dash","Burst","Deadly Poison"],"relics":["Ring of the Snake","NeowsBlessing","Prayer Wheel","Ninja Scroll","Juzu Bracelet","Empty Cage"],"acts_visited":["Exordium","TheCity"],"potions_floor_usage":[13,13,16,16,21,21,23,23],"damage_taken":[{"damage":0,"enemies":"Jaw Worm","floor":1,"turns":1},{"damage":0,"enemies":"Small Slimes","floor":5,"turns":1},{"damage":0,"enemies":"Lagavulin","floor":6,"turns":1},{"damage":0,"enemies":"Cultist","floor":7,"turns":4},{"damage":4,"enemies":"Lots of Slimes","floor":11,"turns":2},{"damage":0,"enemies":"Blue Slaver","floor":12,"turns":1},{"damage":16,"enemies":"3 Sentries","floor":13,"turns":6},{"damage":2,"enemies":"Gremlin Gang","floor":14,"turns":4},{"damage":31,"enemies":"Hexaghost","floor":16,"turns":8},{"damage":10,"enemies":"Spheric Guardian","floor":18,"turns":4},{"damage":17,"enemies":"Chosen","floor":21,"turns":4},{"damage":29,"enemies":"Gremlin Leader","floor":23,"turns":6}],"seed_played":"7886322719896249919","potions_obtained":[{"floor":6,"key":"Dexterity Potion"},{"floor":12,"key":"Poison Potion"},{"floor":13,"key":"SteroidPotion"},{"floor":14,"key":"SkillPotion"},{"floor":16,"key":"Swift Potion"},{"floor":18,"key":"Ancient Potion"},{"floor":21,"key":"GamblersBrew"}],"is_trial":false,"path_per_floor":["M","$","?","$","M","E","M","R","T","R","M","M","E","M","R","B",null,"M","$","?","M","$","E"],"character_chosen":"THE_SILENT","items_purchased":["Noxious Fumes","Leg Sweep","Deadly Poison","Poison Potion"],"campfire_rested":1,"item_purchase_floors":[2,4,22,22],"current_hp_per_floor":[59,59,59,59,59,59,59,59,59,59,55,55,39,37,56,25,56,46,46,46,29,29,0,0],"gold":6,"neow_bonus":"THREE_ENEMY_KILL","is_daily":false,"chose_seed":false,"campfire_upgraded":2,"win_rate":0.0,"timestamp":1614144823,"path_taken":["M","$","?","$","M","E","M","R","T","R","M","M","E","M","R","BOSS","M","$","?","M","$","E"],"items_purchased_type":["Card","Card","Card","Potion"],"build_version":"2020-12-22","purchased_purges":2,"victory":false,"max_hp_per_floor":[66,66,66,66,66,66,66,66,66,66,66,66,66,66,66,66,66,66,66,66,66,66,66,66],"card_choices":[{"not_picked":["Deadly Poison","Concentrate"],"picked":"Backstab","floor":1},{"not_picked":["Dodge and Roll","Sucker Punch","Expertise"],"picked":"SKIP","floor":5},{"not_picked":["PiercingWail","Backstab"],"picked":"Crippling Poison","floor":6},{"not_picked":["Escape Plan","Masterful Stab"],"picked":"Endless Agony","floor":7},{"not_picked":["Cloak And Dagger","Deadly Poison"],"picked":"Corpse Explosion","floor":7},{"not_picked":["Acrobatics","PiercingWail"],"picked":"Skewer","floor":11},{"not_picked":["Escape Plan","Crippling Poison"],"picked":"Bane","floor":11},{"not_picked":["Blade Dance","PiercingWail"],"picked":"Poisoned Stab","floor":12},{"not_picked":["Masterful Stab","Distraction"],"picked":"Poisoned Stab","floor":12},{"not_picked":["Poisoned Stab","Sucker Punch"],"picked":"Noxious Fumes","floor":13},{"not_picked":["Outmaneuver","Blade Dance"],"picked":"Envenom","floor":14},{"not_picked":["Predator","Prepared","Quick Slash"],"picked":"SKIP","floor":14},{"not_picked":["After Image","Storm of Steel"],"picked":"Adrenaline","floor":16},{"not_picked":["Slice","Prepared","Finisher+1"],"picked":"SKIP","floor":18},{"not_picked":["Sucker Punch","PiercingWail","Deflect"],"picked":"SKIP","floor":18},{"not_picked":["Slice","Cloak And Dagger"],"picked":"Dash","floor":21},{"not_picked":["Sucker Punch","Outmaneuver"],"picked":"Burst","floor":21}],"player_experience":2055693,"relics_obtained":[{"floor":6,"key":"Prayer Wheel"},{"floor":9,"key":"Ninja Scroll"},{"floor":13,"key":"Juzu Bracelet"}],"event_choices":[{"damage_healed":0,"gold_gain":64,"player_choice":"Gained Gold","damage_taken":0,"max_hp_gain":0,"max_hp_loss":0,"event_name":"Golden Wing","floor":3,"gold_loss":0},{"cards_removed":["Strike_G"],"damage_healed":0,"gold_gain":0,"player_choice":"Purged","damage_taken":0,"max_hp_gain":0,"max_hp_loss":0,"event_name":"Purifier","floor":20,"gold_loss":0}],"is_beta":false,"boss_relics":[{"not_picked":["Ectoplasm","Sozu"],"picked":"Empty Cage"}],"items_purged_floors":[19,22],"is_endless":false,"potions_floor_spawned":[6,12,13,14,16,18,21],"killed_by":"Gremlin Leader","ascension_level":19}}