{"host":"oigynbtg272c19pw","time":1614158135,"event":{"mods":["BaseMod","Colored Map","Minty Spire (QoL Compilation)","Relic Stats","Slay the Relics Exporter","StSLib"],"gold_per_floor":[115,40,56,56,68,68,87,87,114,114,114],"floor_reached":10,"playtime":255,"items_purged":[],"score":116,"play_id":"b202591e-33ca-4879-9559-bc2e9e85e264","local_time":"20210224101535","is_ascension_mode":true,"campfire_choices":[{"data":"The Bomb","floor":6,"key":"SMITH"},{"data":"True Grit","floor":8,"key":"SMITH"}],"circlet_count":0,"master_deck":["AscendersBane","Strike_R","Strike_R","Strike_R","Strike_R","Defend_R","Defend_R","Defend_R","Defend_R","Bash","The Bomb+1","Entrench","Anger","Exhume","Uppercut","True Grit+1"],"relics":["Burning Blood","Nunchaku"],"acts_visited":["Exordium"],"potions_floor_usage":[10],"damage_taken":[{"damage":7,"enemies":"Jaw Worm","floor":1,"turns":3},{"damage":19,"enemies":"Small Slimes","floor":3,"turns":3},{"damage":0,"enemies":"Cultist","floor":5,"turns":3},{"damage":10,"enemies":"3 Louse","floor":7,"turns":3},{"damage":39,"enemies":"Gremlin Nob","floor":10,"turns":3}],"seed_played":"5190633867007726360","potions_obtained":[{"floor":7,"key":"Energy Potion"}],"is_trial":false,"path_per_floor":["M","?","M","?","M","R","M","R","T","E"],"character_chosen":"IRONCLAD","items_purchased":[],"campfire_rested":0,"item_purchase_floors":[],"current_hp_per_floor":[49,49,36,36,42,42,38,38,38,0,0],"gold":114,"neow_bonus":"RANDOM_COLORLESS_2","is_daily":false,"chose_seed":false,"campfire_upgraded":2,"win_rate":0.0,"timestamp":1614158135,"path_taken":["M","?","M","?","M","R","?","R","T","E"],"items_purchased_type":[],"build_version":"2020-12-13","purchased_purges":0,"victory":false,"max_hp_per_floor":[75,75,75,75,75,75,75,75,75,75,75],"relic_stats":{"Nunchaku":[0],"counters":[5,15],"obtain_stats":[{"Nunchaku":9,"Burning Blood":0},{"Nunchaku":4,"Burning Blood":0},{"Nunchaku":12,"Burning Blood":0}],"Burning Blood":24},"card_choices":[{"not_picked":["Violence","Secret Weapon"],"picked":"The Bomb","floor":0},{"not_picked":["Clothesline","Spot Weakness"],"picked":"Entrench","floor":1},{"not_picked":["Perfected Strike","Whirlwind"],"picked":"Anger","floor":3},{"not_picked":["Rage","Warcry"],"picked":"Uppercut","floor":5},{"not_picked":["Armaments","Seeing Red"],"picked":"True Grit","floor":7}],"player_experience":1651906,"relics_obtained":[{"floor":9,"key":"Nunchaku"}],"event_choices":[{"cards_removed":["Strike_R"],"damage_healed":0,"gold_gain":0,"player_choice":"Card Removal","damage_taken":0,"max_hp_gain":0,"max_hp_loss":0,"event_name":"The Cleric","floor":2,"gold_loss":75},{"damage_healed":0,"gold_gain":0,"player_choice":"1 cards matched","damage_taken":0,"max_hp_gain":0,"max_hp_loss":0,"event_name":"Match and Keep!","floor":4,"gold_loss":0,"cards_obtained":["Exhume"]}],"is_beta":false,"boss_relics":[],"items_purged_floors":[],"is_endless":false,"potions_floor_spawned":[7],"killed_by":"Gremlin Nob","ascension_level":20}}