{"host":"bikm2o78umlg9iwk","time":1614161992,"event":{"mods":["AchievementEnabler","BaseMod","Colored Map","Colored Powertips","Googly Eyes","Highlight Path","Minty Spire (QoL Compilation)","Quick Restart","StSLib"],"gold_per_floor":[112,122,135,152,67,92,92,108,132,132,132],"floor_reached":10,"language":"ENG","playtime":561,"items_purged":[],"score":140,"play_id":"00fd650b-af80-4b4e-b2dd-88d9e73285b9","local_time":"20210224111952","is_ascension_mode":true,"campfire_choices":[],"circlet_count":0,"master_deck":["AscendersBane","Strike_G","Strike_G","Strike_G","Strike_G","Strike_G","Defend_G","Defend_G","Defend_G","Defend_G","Defend_G","Survivor","Neutralize","Crippling Poison","Catalyst","Eviscerate","Leg Sweep","Calculated Gamble","Flechettes","Dash"],"relics":["Snecko Eye","Tiny Chest","Golden Idol","Omamori"],"acts_visited":["Exordium"],"potions_floor_usage":[10],"damage_taken":[{"damage":2.0,"enemies":"Jaw Worm","floor":1.0,"turns":5.0},{"damage":6.0,"enemies":"2 Louse","floor":2.0,"turns":3.0},{"damage":2.0,"enemies":"Small Slimes","floor":3.0,"turns":4.0},{"damage":13.0,"enemies":"Exordium Thugs","floor":4.0,"turns":4.0},{"damage":25.0,"enemies":"Gremlin Nob","floor":6.0,"turns":4.0},{"damage":0.0,"enemies":"Looter","floor":8.0,"turns":4.0},{"damage":12,"enemies":"Lagavulin","floor":10,"turns":5}],"seed_played":"-1500611245853944490","potions_obtained":[{"floor":1.0,"key":"PowerPotion"},{"floor":2.0,"key":"CunningPotion"},{"floor":4.0,"key":"Energy Potion"},{"floor":8.0,"key":"PowerPotion"}],"is_trial":false,"path_per_floor":["M","M","M","M","$","E","?","M","T","E"],"character_chosen":"THE_SILENT","items_purchased":["Calculated Gamble"],"campfire_rested":0,"item_purchase_floors":[5],"current_hp_per_floor":[57,51,49,36,36,11,11,11,11,0,0],"gold":132,"neow_bonus":"BOSS_RELIC","is_daily":false,"chose_seed":false,"campfire_upgraded":0,"win_rate":0.0,"timestamp":1614161992,"path_taken":["M","M","M","M","$","E","?","M","T","E"],"items_purchased_type":["Card"],"build_version":"2020-12-22","purchased_purges":0,"victory":false,"max_hp_per_floor":[66,66,66,66,66,66,60,60,60,60,60],"card_choices":[{"not_picked":["Sucker Punch","Dagger Spray"],"picked":"Crippling Poison","floor":1.0},{"not_picked":["Underhanded Strike","Slice"],"picked":"Catalyst","floor":2.0},{"not_picked":["Outmaneuver","Dagger Spray"],"picked":"Eviscerate","floor":3.0},{"not_picked":["Distraction","Blade Dance"],"picked":"Leg Sweep","floor":4.0},{"not_picked":["Setup","Bane"],"picked":"Flechettes","floor":6.0},{"not_picked":["Flying Knee","Cloak And Dagger"],"picked":"Dash","floor":8.0}],"player_experience":1669624,"relics_obtained":[{"floor":6.0,"key":"Tiny Chest"},{"floor":9.0,"key":"Omamori"}],"event_choices":[{"damage_healed":0.0,"max_hp_gain":0.0,"max_hp_loss":6.0,"gold_gain":0.0,"event_name":"Golden Idol","player_choice":"Lose Max HP","floor":7.0,"gold_loss":0.0,"damage_taken":0.0,"relics_obtained":["Golden Idol"]}],"is_beta":false,"boss_relics":[],"items_purged_floors":[],"is_endless":false,"potions_floor_spawned":[1,2,4,8],"killed_by":"Lagavulin","ascension_level":20}}