{"host":"prxrhpgaxnj4om9r","time":1614167087,"event":{"mods":["AchievementEnabler","BaseMod","Colored Map","DeckTracker","Minty Spire (QoL Compilation)"],"gold_per_floor":[111,121,139,139,104,104,204,236,236,265,283,283,283,22,22,22,22],"floor_reached":16,"language":"KOR","playtime":541,"items_purged":[],"score":140,"play_id":"4fa9e2ed-1b3d-44aa-a1fd-2f5c2ee9d85d","local_time":"20210224204447","is_ascension_mode":true,"campfire_choices":[{"data":"Eruption","floor":6,"key":"SMITH"},{"floor":12,"key":"REST"},{"data":"Vigilance","floor":15,"key":"SMITH"}],"circlet_count":0,"master_deck":["Strike_P","Strike_P","Strike_P","Strike_P","Defend_P","Defend_P+1","Defend_P+1","Eruption+1","Vigilance+1","CutThroughFate","Crescendo","Conclude","Halt","InnerPeace+1","Sanctity+1","ForeignInfluence+1","JustLucky"],"relics":["PureWater","Toxic Egg 2","Toy Ornithopter","Oddly Smooth Stone","Matryoshka"],"acts_visited":["Exordium"],"potions_floor_usage":[10,11],"damage_taken":[{"damage":0,"enemies":"Small Slimes","floor":1,"turns":2},{"damage":2,"enemies":"Jaw Worm","floor":2,"turns":3},{"damage":0,"enemies":"Cultist","floor":3,"turns":2},{"damage":32,"enemies":"Gremlin Nob","floor":8,"turns":3},{"damage":12,"enemies":"3 Sentries","floor":10,"turns":3},{"damage":0,"enemies":"Looter","floor":11,"turns":2},{"damage":56,"enemies":"The Guardian","floor":16,"turns":9}],"seed_played":"-2846732171158537374","potions_obtained":[{"floor":8,"key":"ColorlessPotion"},{"floor":10,"key":"LiquidMemories"}],"is_trial":false,"path_per_floor":["M","M","M","?","?","R","?","E","T","E","M","R","?","$","R","B"],"character_chosen":"WATCHER","items_purchased":["Matryoshka"],"campfire_rested":1,"item_purchase_floors":[14],"current_hp_per_floor":[65,63,63,49,67,67,67,35,35,28,33,54,54,54,54,0,0],"gold":22,"neow_bonus":"THREE_CARDS","is_daily":false,"chose_seed":false,"campfire_upgraded":2,"win_rate":0.0,"timestamp":1614167087,"path_taken":["M","M","M","?","?","R","?","E","T","E","?","R","?","$","R","BOSS"],"items_purchased_type":["Relic"],"build_version":"2020-12-22","purchased_purges":0,"victory":false,"max_hp_per_floor":[72,72,72,72,72,72,72,72,72,72,72,72,72,72,72,72,72],"card_choices":[{"not_picked":["Evaluate","ThirdEye"],"picked":"CutThroughFate","floor":0},{"not_picked":["FlyingSleeves","WreathOfFlame"],"picked":"Crescendo","floor":1},{"not_picked":["ThirdEye","JustLucky"],"picked":"Conclude","floor":2},{"not_picked":["Crescendo","CrushJoints"],"picked":"Halt","floor":3},{"not_picked":["SignatureMove","FollowUp"],"picked":"InnerPeace+1","floor":8},{"not_picked":["FlurryOfBlows","FlyingSleeves"],"picked":"Sanctity+1","floor":10},{"not_picked":["WindmillStrike","Omniscience+1"],"picked":"ForeignInfluence+1","floor":11}],"player_experience":632342,"relics_obtained":[{"floor":8,"key":"Toxic Egg 2"},{"floor":9,"key":"Toy Ornithopter"},{"floor":10,"key":"Oddly Smooth Stone"}],"event_choices":[{"damage_healed":0,"gold_gain":0,"player_choice":"Entered Light","damage_taken":14,"max_hp_gain":0,"max_hp_loss":0,"event_name":"Shining Light","floor":4,"gold_loss":0,"cards_upgraded":["Defend_P","Defend_P"]},{"damage_healed":18,"gold_gain":0,"player_choice":"Healed","damage_taken":0,"max_hp_gain":0,"max_hp_loss":0,"event_name":"The Cleric","floor":5,"gold_loss":35},{"damage_healed":0,"gold_gain":100,"player_choice":"Gold","damage_taken":0,"max_hp_gain":0,"max_hp_loss":0,"event_name":"Wheel of Change","floor":7,"gold_loss":0},{"damage_healed":0,"gold_gain":0,"cards_transformed":["Defend_P"],"player_choice":"Change","damage_taken":0,"max_hp_gain":0,"max_hp_loss":0,"event_name":"Living Wall","floor":13,"gold_loss":0,"cards_obtained":["JustLucky"]}],"is_beta":false,"boss_relics":[],"items_purged_floors":[],"is_endless":false,"potions_floor_spawned":[8,10],"killed_by":"The Guardian","ascension_level":6}}