{"host":"kk6i5v7sjcm8i50x","time":1614155183,"event":{"mods":["AchievementEnabler","BaseMod","Bestiary","Colored Map","Duelist Mod","GifTheSpireLib","Minty Spire (QoL Compilation)","StSLib"],"gold_per_floor":[117,136,148,161,178,178,212,224,270,305,305,315,315,315,315,434,434,458,481,495,28,42,42,73,73,73],"floor_reached":25,"language":"ENG","playtime":860,"items_purged":["Defend_B"],"score":273,"play_id":"97b86041-cc3c-4df3-a9d1-a18282ac271f","local_time":"20210224032623","is_ascension_mode":true,"campfire_choices":[{"data":"Chaos","floor":6,"key":"SMITH"},{"floor":11,"key":"REST"},{"data":"Defragment","floor":15,"key":"SMITH"},{"floor":23,"key":"REST"}],"circlet_count":0,"master_deck":["Strike_B","Strike_B","Strike_B","Strike_B","Defend_B","Defend_B","Defend_B","Zap","Dualcast","Doom and Gloom","Ball Lightning","Capacitor","Leap","Chaos+1","Defragment+1","Turbo","Barrage","Self Repair","Creative AI","CurseOfTheBell","Barrage","Go for the Eyes","Static Discharge","Redo","Coolheaded+1","Tempest+1"],"relics":["Cracked Core","NeowsBlessing","Oddly Smooth Stone","DataDisk","Tiny Chest","Golden Idol","Calling Bell","Juzu Bracelet","StrikeDummy","Incense Burner","Eternal Feather","Bottled Flame"],"acts_visited":["Exordium","TheCity"],"potions_floor_usage":[8,8,10,20,20,25],"damage_taken":[{"damage":0,"enemies":"Cultist","floor":1,"turns":1},{"damage":0,"enemies":"Jaw Worm","floor":2,"turns":1},{"damage":0,"enemies":"2 Louse","floor":3,"turns":1},{"damage":0,"enemies":"Large Slime","floor":4,"turns":4},{"damage":13,"enemies":"Red Slaver","floor":5,"turns":4},{"damage":16,"enemies":"Gremlin Nob","floor":7,"turns":4},{"damage":24,"enemies":"Exordium Thugs","floor":8,"turns":4},{"damage":8,"enemies":"3 Sentries","floor":10,"turns":6},{"damage":6,"enemies":"2 Fungi Beasts","floor":12,"turns":3},{"damage":24,"enemies":"Hexaghost","floor":16,"turns":7},{"damage":22,"enemies":"Shell Parasite","floor":18,"turns":4},{"damage":8,"enemies":"Chosen","floor":19,"turns":5},{"damage":32,"enemies":"Shelled Parasite and Fungi","floor":20,"turns":4},{"damage":21,"enemies":"Snecko","floor":22,"turns":4},{"damage":39,"enemies":"Slavers","floor":24,"turns":4},{"damage":17,"enemies":"3 Cultists","floor":25,"turns":4}],"seed_played":"-113338375361744154","potions_obtained":[{"floor":1,"key":"Block Potion"},{"floor":3,"key":"SteroidPotion"},{"floor":4,"key":"FearPotion"},{"floor":8,"key":"Regen Potion"},{"floor":19,"key":"SteroidPotion"},{"floor":24,"key":"Swift Potion"}],"is_trial":false,"path_per_floor":["M","M","M","M","M","R","E","M","T","E","R","M","?","?","R","B",null,"M","M","M","$","M","R","E","M"],"character_chosen":"DEFECT","items_purchased":["Eternal Feather","Static Discharge","Redo"],"campfire_rested":2,"item_purchase_floors":[21,21,21],"current_hp_per_floor":[75,75,75,75,62,62,46,22,22,29,51,45,45,68,68,51,69,54,53,28,28,14,49,10,0,0],"gold":73,"neow_bonus":"THREE_ENEMY_KILL","is_daily":false,"chose_seed":false,"campfire_upgraded":2,"win_rate":0.0,"timestamp":1614155183,"path_taken":["M","M","M","M","M","R","E","M","T","E","R","?","?","?","R","BOSS","M","M","M","$","M","R","E","M"],"items_purchased_type":["Relic","Card","Card"],"build_version":"2020-12-22","purchased_purges":1,"victory":false,"max_hp_per_floor":[75,75,75,75,75,75,75,75,75,75,75,75,69,69,69,69,69,69,69,69,69,69,69,69,69,69],"card_choices":[{"not_picked":["Gash","Hologram"],"picked":"Doom and Gloom","floor":1},{"not_picked":["Heatsinks","Rebound"],"picked":"Ball Lightning","floor":2},{"not_picked":["Redo","Scrape"],"picked":"Capacitor","floor":3},{"not_picked":["Hologram","Double Energy"],"picked":"Leap","floor":4},{"not_picked":["Auto Shields","Cold Snap"],"picked":"Chaos","floor":5},{"not_picked":["Machine Learning","Beam Cell"],"picked":"Defragment","floor":7},{"not_picked":["Ball Lightning","Beam Cell"],"picked":"Turbo","floor":8},{"not_picked":["Heatsinks","Stack"],"picked":"Barrage","floor":10},{"not_picked":["Streamline","Hologram"],"picked":"Self Repair","floor":12},{"not_picked":["Biased Cognition","Rainbow"],"picked":"Creative AI","floor":16},{"not_picked":["Doom and Gloom","Gash","Reprogram+1"],"picked":"SKIP","floor":18},{"not_picked":["Sweeping Beam","Conserve Battery"],"picked":"Barrage","floor":19},{"not_picked":["Fusion+1","Heatsinks+1"],"picked":"Go for the Eyes","floor":20},{"not_picked":["Reinforced Body+1","Rebound+1"],"picked":"Coolheaded+1","floor":22},{"not_picked":["Stack+1","Redo"],"picked":"Tempest+1","floor":24}],"player_experience":271452,"relics_obtained":[{"floor":7,"key":"Oddly Smooth Stone"},{"floor":9,"key":"DataDisk"},{"floor":10,"key":"Tiny Chest"},{"floor":17,"key":"Juzu Bracelet"},{"floor":17,"key":"StrikeDummy"},{"floor":17,"key":"Incense Burner"},{"floor":24,"key":"Bottled Flame"}],"event_choices":[{"damage_healed":0,"gold_gain":0,"player_choice":"Lose Max HP","damage_taken":0,"relics_obtained":["Golden Idol"],"max_hp_gain":0,"max_hp_loss":6,"event_name":"Golden Idol","floor":13,"gold_loss":0},{"damage_healed":23,"gold_gain":0,"player_choice":"Banana","damage_taken":0,"max_hp_gain":0,"max_hp_loss":0,"event_name":"Big Fish","floor":14,"gold_loss":0}],"is_beta":false,"boss_relics":[{"not_picked":["Runic Pyramid","Philosopher\u0027s Stone"],"picked":"Calling Bell"}],"items_purged_floors":[21],"is_endless":false,"potions_floor_spawned":[1,3,4,8,19,24],"killed_by":"3 Cultists","ascension_level":3}}