{"host":"0r455zfix56tawas","time":1614185612,"event":{"mods":["AlwaysNeverKeys","BaseMod","Colored Powertips","Downfall","Highlight Path","Minty Spire (QoL Compilation)","Permanent Neow","StSLib","The Necromancer","The Servant 0.9.4"],"gold_per_floor":[99,117,128,228,241,241,289,306,206,206,220,233,233,333,349,449,449,449,466,466,483,168,168,191,191,191,191,191],"floor_reached":26,"language":"ENG","playtime":2472,"items_purged":["champ:Strike"],"score":222,"play_id":"6ce5f001-136b-47db-a6d4-bb5cd2ee7e48","local_time":"20210224175332","is_ascension_mode":false,"campfire_choices":[{"data":"champ:Taunt","floor":1,"key":"SMITH"},{"data":"champ:ArenaPreparation","floor":6,"key":"SMITH"},{"data":"champ:SkillfulDodge","floor":9,"key":"SMITH"},{"data":"champ:EnGarde","floor":13,"key":"SMITH"},{"data":"champ:SteelEdge","floor":18,"key":"SMITH"},{"data":"champ:StanceDance","floor":25,"key":"SMITH"}],"circlet_count":0,"master_deck":["champ:Strike","champ:Strike","champ:Strike","champ:Defend","champ:Defend","champ:Defend","champ:Defend","champ:Execute","champ:Taunt+1","champ:StrikeOfGenius","champ:ArenaPreparation+1","champ:SkillfulDodge+1","champ:CrownThrow","champ:EnGarde+1","champ:StrikeOfGenius","champ:PreciseThrust","champ:SteelEdge+1","champ:StanceDance+1","champ:Duel","champ:StanceDance","champ:DefensiveStyle","champ:SkillfulDodge","champ:RisingSlash","Necronomicurse"],"relics":["champ:ChampionCrownUpgraded","downfall:HeartBlessingBlue","Spirit Poop","Necronomicon","Potion Belt"],"acts_visited":["Exordium","TheCity"],"potions_floor_usage":[16,26],"damage_taken":[{"damage":0,"enemies":"Small Slimes","floor":2,"turns":3},{"damage":10,"enemies":"2 Louse","floor":3,"turns":3},{"damage":11,"enemies":"Cultist","floor":5,"turns":3},{"damage":23,"enemies":"Blue Slaver","floor":8,"turns":4},{"damage":10,"enemies":"Red Slaver","floor":11,"turns":4},{"damage":25,"enemies":"Exordium Thugs","floor":12,"turns":6},{"damage":39,"enemies":"Large Slime","floor":15,"turns":6},{"damage":25,"enemies":"WA_ARCHETYPE_RETAIN","floor":16,"turns":7},{"damage":30,"enemies":"3 Byrds","floor":19,"turns":5},{"damage":61,"enemies":"downfall:LooterAlt2","floor":21,"turns":3},{"damage":60,"enemies":"downfall:FleeingMerchant","floor":22,"turns":4},{"damage":72,"enemies":"downfall:FleeingMerchant","floor":26,"turns":6}],"seed_played":"8607423173058909199","potions_obtained":[{"floor":3,"key":"EntropicBrew"},{"floor":11,"key":"Block Potion"},{"floor":12,"key":"ColorlessPotion"},{"floor":16,"key":"Fruit Juice"},{"floor":19,"key":"FearPotion"}],"is_trial":false,"path_per_floor":["R","M","M","?","M","R","T","M","R","?","M","M","R","?","M","B",null,"R","M","?","M","$","?","T","R","?"],"character_chosen":"THE_CHAMP","items_purchased":["champ:DefensiveStyle","champ:SkillfulDodge","champ:RisingSlash"],"campfire_rested":0,"item_purchase_floors":[22,22,22],"current_hp_per_floor":[90,90,90,90,89,89,89,81,91,91,91,76,76,76,67,67,105,105,95,95,79,79,63,63,63,0,0,0],"gold":191,"neow_bonus":"THREE_RARE_CARDS","is_daily":false,"chose_seed":false,"campfire_upgraded":6,"win_rate":0.0,"timestamp":1614185612,"path_taken":["R","M","M","?","M","R","T","M","R","?","?","M","R","?","M","BOSS","R","M","?","M","$","?","T","R","?"],"items_purchased_type":["Card","Card","Card"],"build_version":"2020-12-22","purchased_purges":1,"victory":false,"max_hp_per_floor":[90,90,90,90,90,90,90,90,100,100,100,100,100,100,100,105,105,105,105,105,105,105,105,105,105,105,105,105],"card_choices":[{"not_picked":["champ:CheapShot","champ:SwordThrow"],"picked":"champ:StrikeOfGenius","floor":0},{"not_picked":["champ:AdrenalArmor","champ:SwordSigil"],"picked":"champ:ArenaPreparation","floor":2},{"not_picked":["champ:CrookedStrike","champ:AdrenalArmor","champ:BladeFlurry"],"picked":"SKIP","floor":3},{"not_picked":["champ:CrownThrow","champ:Backstep"],"picked":"champ:SkillfulDodge","floor":5},{"not_picked":["champ:GladiatorStyle","champ:BerserkersShout"],"picked":"champ:CrownThrow","floor":8},{"not_picked":["champ:BladeFlurry","champ:PreciseThrust"],"picked":"champ:EnGarde","floor":11},{"not_picked":["champ:PerfectedStrike","champ:IronFortress"],"picked":"champ:StrikeOfGenius","floor":12},{"not_picked":["champ:PreemptiveStrike","champ:Duel"],"picked":"champ:PreciseThrust","floor":15},{"not_picked":["champ:ShieldThrow","champ:LastStand"],"picked":"champ:SteelEdge","floor":16},{"not_picked":["champ:HeartStrike","champ:GutPunch"],"picked":"champ:StanceDance","floor":19},{"not_picked":["champ:TornadoPunch","champ:EndlessRage+1"],"picked":"champ:Duel","floor":21},{"not_picked":["champ:PreciseThrust","champ:GladiatorForm"],"picked":"champ:StanceDance","floor":22}],"player_experience":1029170,"relics_obtained":[{"floor":23,"key":"Necronomicon"},{"floor":24,"key":"Potion Belt"}],"event_choices":[{"cards_removed":["downfall:Haunted"],"damage_healed":0,"gold_gain":0,"player_choice":"Offered Curse","damage_taken":0,"relics_obtained":["Spirit Poop"],"max_hp_gain":0,"max_hp_loss":0,"event_name":"Bonfire Elementals","floor":10,"gold_loss":0}],"is_beta":false,"boss_relics":[{"not_picked":["Velvet Choker","Runic Dome"],"picked":"champ:ChampionCrownUpgraded"}],"items_purged_floors":[22],"is_endless":false,"potions_floor_spawned":[3,11,12,15,16,19],"killed_by":"downfall:FleeingMerchant","ascension_level":0}}