{"host":"js2su9tbbk4rmjfl","time":1614190291,"event":{"mods":["AchievementEnabler","BaseMod","Block Reminder","Colored Map","Colored Powertips","Highlight Path","Minty Spire (QoL Compilation)","Relic Stats"],"gold_per_floor":[111,111,186,111,91,118,118,143,170,181,181,196,215,230,230,304,304,323,338,3,3,14,14,14,14],"floor_reached":24,"language":"ENG","playtime":4877,"items_purged":[],"score":499,"play_id":"ee8dff96-94b3-49ef-a7df-434a31e6a869","local_time":"20210224191131","is_ascension_mode":true,"campfire_choices":[{"data":"Power Through","floor":7,"key":"SMITH"},{"data":"1","floor":11,"key":"LIFT"},{"data":"2","floor":15,"key":"LIFT"},{"data":"3","floor":23,"key":"LIFT"}],"circlet_count":0,"master_deck":["AscendersBane","Strike_R","Strike_R","Strike_R","Strike_R","Defend_R+1","Defend_R","Defend_R","Bash","Shrug It Off+1","Heavy Blade","Power Through+1","Battle Trance","Perfected Strike","Spot Weakness","Wild Strike","Ghostly Armor","Metallicize"],"relics":["Burning Blood","NeowsBlessing","Orichalcum","Girya","War Paint","Sozu","Membership Card","Matryoshka"],"acts_visited":["Exordium","TheCity"],"potions_floor_usage":[16,16],"damage_taken":[{"damage":0,"enemies":"Small Slimes","floor":1,"turns":1},{"damage":0,"enemies":"3 Sentries","floor":6,"turns":2},{"damage":0,"enemies":"Lagavulin","floor":8,"turns":1},{"damage":0,"enemies":"Jaw Worm","floor":10,"turns":4},{"damage":0,"enemies":"Cultist","floor":12,"turns":3},{"damage":3,"enemies":"3 Louse","floor":13,"turns":3},{"damage":1,"enemies":"2 Fungi Beasts","floor":14,"turns":3},{"damage":66,"enemies":"Slime Boss","floor":16,"turns":13},{"damage":20,"enemies":"Shell Parasite","floor":18,"turns":7},{"damage":0,"enemies":"Chosen","floor":19,"turns":3},{"damage":26,"enemies":"Centurion and Healer","floor":22,"turns":6},{"damage":41,"enemies":"Chosen and Byrds","floor":24,"turns":7}],"seed_played":"-3158027233296850647","potions_obtained":[{"floor":5,"key":"SkillPotion"},{"floor":8,"key":"AttackPotion"},{"floor":10,"key":"EssenceOfSteel"}],"is_trial":false,"path_per_floor":["M","?","?","?","?","E","R","E","T","M","R","M","M","M","R","B",null,"M","M","$","?","M","R","M"],"character_chosen":"IRONCLAD","items_purchased":["Membership Card","Matryoshka","Metallicize"],"campfire_rested":0,"item_purchase_floors":[20,20,20],"current_hp_per_floor":[74,74,63,63,63,69,69,75,75,75,75,75,75,75,75,15,60,46,52,52,52,32,32,0,0],"gold":14,"neow_bonus":"THREE_ENEMY_KILL","is_daily":false,"chose_seed":false,"campfire_upgraded":1,"win_rate":0.0,"timestamp":1614190291,"path_taken":["M","?","?","?","?","E","R","E","T","M","R","M","M","?","R","BOSS","M","M","$","?","M","R","M"],"items_purchased_type":["Relic","Relic","Card"],"build_version":"2020-12-22","purchased_purges":0,"victory":false,"max_hp_per_floor":[75,75,75,75,75,75,75,75,75,75,75,75,75,75,75,75,75,75,75,75,75,75,75,75,75],"relic_stats":{"Sozu":1,"counters":[12,53],"Orichalcum":[90],"War Paint":["Shrug It Off","Defend_R"],"obtain_stats":[{"Sozu":17,"Girya":8,"Matryoshka":20,"NeowsBlessing":0,"Membership Card":20,"Orichalcum":6,"War Paint":9,"Burning Blood":0},{"Sozu":8,"Girya":3,"Matryoshka":10,"NeowsBlessing":0,"Membership Card":10,"Orichalcum":2,"War Paint":3,"Burning Blood":0},{"Sozu":30,"Girya":4,"Matryoshka":40,"NeowsBlessing":0,"Membership Card":40,"Orichalcum":3,"War Paint":4,"Burning Blood":0}],"Burning Blood":46},"card_choices":[{"not_picked":["Warcry","Clash"],"picked":"Shrug It Off","floor":1},{"not_picked":["Clash","Reckless Charge"],"picked":"Power Through","floor":6},{"not_picked":["Headbutt","Seeing Red"],"picked":"Battle Trance","floor":8},{"not_picked":["True Grit","Second Wind","Clothesline"],"picked":"SKIP","floor":10},{"not_picked":["Feel No Pain","Clothesline"],"picked":"Perfected Strike","floor":12},{"not_picked":["Headbutt","Flex","Body Slam"],"picked":"SKIP","floor":13},{"not_picked":["Blood for Blood","Warcry"],"picked":"Spot Weakness","floor":14},{"not_picked":["Twin Strike","Clash+1"],"picked":"Wild Strike","floor":18},{"not_picked":["Rage","Perfected Strike"],"picked":"Ghostly Armor","floor":19},{"not_picked":["Clash","Burning Pact","Sword Boomerang"],"picked":"SKIP","floor":22}],"player_experience":910335,"relics_obtained":[{"floor":6,"key":"Orichalcum"},{"floor":8,"key":"Girya"},{"floor":9,"key":"War Paint"}],"event_choices":[{"damage_healed":0,"gold_gain":0,"cards_transformed":["Defend_R"],"player_choice":"Change","damage_taken":0,"max_hp_gain":0,"max_hp_loss":0,"event_name":"Living Wall","floor":2,"gold_loss":0,"cards_obtained":["Heavy Blade"]},{"damage_healed":0,"gold_gain":75,"player_choice":"Gather Gold","damage_taken":11,"max_hp_gain":0,"max_hp_loss":0,"event_name":"World of Goop","floor":3,"gold_loss":0},{"cards_removed":["Strike_R"],"damage_healed":0,"gold_gain":0,"player_choice":"Card Removal","damage_taken":0,"max_hp_gain":0,"max_hp_loss":0,"event_name":"The Cleric","floor":4,"gold_loss":75},{"damage_healed":0,"gold_gain":0,"player_choice":"Bought 1 Potion","damage_taken":0,"max_hp_gain":0,"max_hp_loss":0,"event_name":"The Woman in Blue","floor":5,"gold_loss":0},{"damage_healed":0,"gold_gain":0,"player_choice":"Ignored","damage_taken":0,"max_hp_gain":0,"max_hp_loss":0,"event_name":"Ghosts","floor":21,"gold_loss":0}],"is_beta":false,"boss_relics":[{"not_picked":["Philosopher\u0027s Stone","Empty Cage"],"picked":"Sozu"}],"items_purged_floors":[],"is_endless":false,"potions_floor_spawned":[8,10,22],"killed_by":"Chosen and Byrds","ascension_level":19}}