{"host":"mi0eibewekhugwl1","time":1614181621,"event":{"mods":["AchievementEnabler","BaseMod","Colored Map","Colored Powertips","DeckTracker","Keyboard Shortcuts","Minty Spire (QoL Compilation)","Quick Restart","Rare Cards Sparkle","Relic Stats","StSLib","SuperFastMode","everything is the same but u backflip on backflip"],"gold_per_floor":[110,127,127,52,52,84,84,117,117,137,155,171,200,211,211,284,284,304,23,34,34,54,54,68,68,68],"floor_reached":25,"language":"KOR","playtime":440,"items_purged":[],"score":500,"play_id":"15234f97-dcdb-45c3-9265-18a2c866dceb","local_time":"20210225004701","is_ascension_mode":true,"campfire_choices":[{"data":"Carnage","floor":7,"key":"SMITH"},{"data":"Uppercut","floor":15,"key":"SMITH"},{"floor":23,"key":"REST"}],"circlet_count":0,"master_deck":["AscendersBane","Strike_R","Strike_R+1","Strike_R","Strike_R","Defend_R","Defend_R","Defend_R+1","Defend_R+1","Bash","Carnage+1","Infernal Blade","Shrug It Off+1","Seeing Red","Evolve","Uppercut+1","Juggernaut","Offering","Shrug It Off","Anger","Impervious"],"relics":["Burning Blood","NeowsBlessing","Unceasing Top","Nunchaku","Pear","War Paint","Sozu","Kunai"],"acts_visited":["Exordium","TheCity"],"potions_floor_usage":[13],"damage_taken":[{"damage":0,"enemies":"Small Slimes","floor":1,"turns":1},{"damage":0,"enemies":"Jaw Worm","floor":2,"turns":1},{"damage":0,"enemies":"3 Sentries","floor":6,"turns":2},{"damage":27,"enemies":"Lagavulin","floor":8,"turns":5},{"damage":0,"enemies":"2 Louse","floor":10,"turns":3},{"damage":3,"enemies":"Looter","floor":11,"turns":3},{"damage":11,"enemies":"Large Slime","floor":12,"turns":5},{"damage":32,"enemies":"Gremlin Nob","floor":13,"turns":4},{"damage":9,"enemies":"Blue Slaver","floor":14,"turns":3},{"damage":30,"enemies":"The Guardian","floor":16,"turns":15},{"damage":35,"enemies":"3 Byrds","floor":18,"turns":5},{"damage":22,"enemies":"Chosen","floor":20,"turns":4},{"damage":27,"enemies":"Centurion and Healer","floor":22,"turns":6},{"damage":47,"enemies":"Chosen and Byrds","floor":24,"turns":6},{"damage":17,"enemies":"Book of Stabbing","floor":25,"turns":2}],"seed_played":"2513938600193037434","potions_obtained":[{"floor":2,"key":"Strength Potion"},{"floor":6,"key":"FairyPotion"}],"is_trial":false,"path_per_floor":["M","M","?","?","?","E","R","E","T","M","M","M","E","M","R","B",null,"M","$","M","?","M","R","M","E"],"character_chosen":"IRONCLAD","items_purchased":["Kunai"],"campfire_rested":1,"item_purchase_floors":[19],"current_hp_per_floor":[74,75,80,80,56,62,62,41,51,57,60,55,29,26,26,29,75,46,46,30,48,27,54,13,0,0],"gold":68,"neow_bonus":"THREE_ENEMY_KILL","is_daily":false,"chose_seed":false,"campfire_upgraded":2,"win_rate":0.0,"timestamp":1614181621,"path_taken":["M","M","?","?","?","E","R","E","T","M","M","M","E","M","R","BOSS","M","$","M","?","M","R","M","E"],"items_purchased_type":["Relic"],"build_version":"2020-12-22","purchased_purges":0,"victory":false,"max_hp_per_floor":[75,75,80,80,80,80,80,80,90,90,90,90,90,90,90,90,90,90,90,90,90,90,90,90,90,90],"relic_stats":{"Sozu":1,"Nunchaku":[10],"counters":[15,65],"Kunai":[8],"War Paint":["Defend_R","Shrug It Off"],"obtain_stats":[{"Sozu":17,"Nunchaku":8,"Pear":9,"NeowsBlessing":0,"Kunai":19,"War Paint":13,"Burning Blood":0,"Unceasing Top":6},{"Sozu":10,"Nunchaku":4,"Pear":4,"NeowsBlessing":0,"Kunai":11,"War Paint":8,"Burning Blood":0,"Unceasing Top":3},{"Sozu":42,"Nunchaku":9,"Pear":9,"NeowsBlessing":0,"Kunai":47,"War Paint":24,"Burning Blood":0,"Unceasing Top":4}],"Burning Blood":79,"Unceasing Top":[2]},"card_choices":[{"not_picked":["True Grit","Anger"],"picked":"Carnage","floor":1},{"not_picked":["Flex","Wild Strike","Body Slam"],"picked":"SKIP","floor":2},{"not_picked":["Flex","Battle Trance"],"picked":"Infernal Blade","floor":6},{"not_picked":["Hemokinesis","True Grit"],"picked":"Shrug It Off","floor":8},{"not_picked":["Warcry","Havoc"],"picked":"Seeing Red","floor":10},{"not_picked":["Havoc","Iron Wave","Perfected Strike"],"picked":"SKIP","floor":11},{"not_picked":["Perfected Strike","Whirlwind"],"picked":"Evolve","floor":12},{"not_picked":["Fire Breathing","Cleave"],"picked":"Uppercut","floor":13},{"not_picked":["Havoc","Evolve"],"picked":"Juggernaut","floor":14},{"not_picked":["Bludgeon","Juggernaut"],"picked":"Offering","floor":16},{"not_picked":["Metallicize+1","Havoc"],"picked":"Shrug It Off","floor":18},{"not_picked":["Iron Wave","Headbutt"],"picked":"Anger","floor":20},{"not_picked":["Cleave","Pummel"],"picked":"Impervious","floor":22},{"not_picked":["Headbutt","Blood for Blood","Iron Wave"],"picked":"SKIP","floor":24}],"player_experience":1826354,"relics_obtained":[{"floor":6,"key":"Unceasing Top"},{"floor":8,"key":"Nunchaku"},{"floor":9,"key":"Pear"},{"floor":13,"key":"War Paint"}],"event_choices":[{"damage_healed":0,"gold_gain":0,"player_choice":"Donut","damage_taken":0,"max_hp_gain":5,"max_hp_loss":0,"event_name":"Big Fish","floor":3,"gold_loss":0},{"cards_removed":["Strike_R"],"damage_healed":0,"gold_gain":0,"player_choice":"Card Removal","damage_taken":0,"max_hp_gain":0,"max_hp_loss":0,"event_name":"The Cleric","floor":4,"gold_loss":75},{"damage_healed":0,"gold_gain":0,"player_choice":"Entered Light","damage_taken":24,"max_hp_gain":0,"max_hp_loss":0,"event_name":"Shining Light","floor":5,"gold_loss":0,"cards_upgraded":["Strike_R","Defend_R"]},{"damage_healed":18,"gold_gain":0,"player_choice":"Heal","damage_taken":0,"max_hp_gain":0,"max_hp_loss":0,"event_name":"The Library","floor":21,"gold_loss":0}],"is_beta":false,"boss_relics":[{"not_picked":["Runic Cube","Pandora\u0027s Box"],"picked":"Sozu"}],"items_purged_floors":[],"is_endless":false,"potions_floor_spawned":[2,6,8,11,22],"killed_by":"Book of Stabbing","ascension_level":20}}