{"host":"pu1pmxeu7vyxsds8","time":1614139179,"event":{"mods":["Act Like it!","BaseMod","Block Reminder","Minty Spire (QoL Compilation)","Permanent Neow","Quick Restart","Relic Stats"],"gold_per_floor":[112,126,201,226,243,272,128,159,231,231,231,265,265,299,299,299,299],"floor_reached":16,"language":"SPA","playtime":826,"items_purged":[],"score":174,"play_id":"a6974a8c-31f6-468d-8899-c7b891aa1eee","local_time":"20210224005939","is_ascension_mode":true,"campfire_choices":[{"data":"Footwork","floor":10.0,"key":"SMITH"},{"data":"Footwork","floor":13.0,"key":"SMITH"},{"floor":15,"key":"REST"}],"circlet_count":0,"master_deck":["Strike_G","Strike_G","Strike_G","Strike_G","Strike_G","Defend_G+1","Defend_G+1","Defend_G","Defend_G","Defend_G","Survivor","Neutralize","Deadly Poison","Footwork+1","Bouncing Flask","Catalyst","Footwork+1","Well Laid Plans","Calculated Gamble","Terror","Footwork","Acrobatics","PiercingWail","Noxious Fumes"],"relics":["Ring of the Snake","Toy Ornithopter","Tough Bandages","Orrery","Juzu Bracelet","InkBottle","Gremlin Horn","Torii"],"acts_visited":["Exordium"],"potions_floor_usage":[14,14],"damage_taken":[{"damage":0.0,"enemies":"Small Slimes","floor":1.0,"turns":3.0},{"damage":4.0,"enemies":"Jaw Worm","floor":2.0,"turns":6.0},{"damage":0.0,"enemies":"Cultist","floor":5.0,"turns":3.0},{"damage":16.0,"enemies":"Gremlin Nob","floor":6.0,"turns":4.0},{"damage":21.0,"enemies":"3 Sentries","floor":8.0,"turns":12.0},{"damage":0.0,"enemies":"Lagavulin","floor":12.0,"turns":10.0},{"damage":10,"enemies":"Gremlin Nob","floor":14,"turns":3},{"damage":35,"enemies":"Slime Boss","floor":16,"turns":3}],"seed_played":"2307732037145148659","potions_obtained":[{"floor":1.0,"key":"Weak Potion"},{"floor":2.0,"key":"CunningPotion"},{"floor":6.0,"key":"PowerPotion"},{"floor":8.0,"key":"SteroidPotion"}],"is_trial":false,"path_per_floor":["M","M","?","T","M","E","$","E","T","R","?","E","R","E","R","B"],"character_chosen":"THE_SILENT","items_purchased":["Orrery"],"campfire_rested":1,"item_purchase_floors":[7],"current_hp_per_floor":[70,66,55,55,55,44,44,23,23,23,9,9,9,9,30,0,0],"gold":299,"neow_bonus":"THREE_CARDS","is_daily":false,"chose_seed":false,"campfire_upgraded":2,"win_rate":0.0,"timestamp":1614139179,"path_taken":["M","M","?","?","?","E","$","E","T","R","?","E","R","E","R","BOSS"],"items_purchased_type":["Relic"],"build_version":"2020-12-22","purchased_purges":0,"victory":false,"max_hp_per_floor":[70,70,70,70,70,70,70,70,70,70,70,70,70,70,70,70,70],"relic_stats":{"Tough Bandages":[60],"Gremlin Horn":[0,0],"Torii":0,"counters":[8,44],"Juzu Bracelet":0,"obtain_stats":[{"Tough Bandages":6,"Gremlin Horn":12,"Torii":14,"Orrery":7,"Juzu Bracelet":8,"Toy Ornithopter":4,"InkBottle":9,"Ring of the Snake":0},{"Tough Bandages":4,"Gremlin Horn":6,"Torii":7,"Orrery":4,"Juzu Bracelet":5,"Toy Ornithopter":2,"InkBottle":5,"Ring of the Snake":0},{"Tough Bandages":16,"Gremlin Horn":38,"Torii":41,"Orrery":16,"Juzu Bracelet":28,"Toy Ornithopter":9,"InkBottle":28,"Ring of the Snake":0}],"Toy Ornithopter":15,"InkBottle":[4],"Ring of the Snake":[16]},"card_choices":[{"not_picked":["Prepared","Outmaneuver"],"picked":"Deadly Poison","floor":0.0},{"not_picked":["Expertise","Riddle With Holes"],"picked":"Footwork","floor":1.0},{"not_picked":["Dagger Spray","Deflect"],"picked":"Bouncing Flask","floor":2.0},{"not_picked":["Deadly Poison","Bouncing Flask"],"picked":"Catalyst","floor":5.0},{"not_picked":["Die Die Die","Distraction"],"picked":"Footwork","floor":6.0},{"not_picked":["Sucker Punch","Expertise"],"picked":"Well Laid Plans","floor":7.0},{"not_picked":["Predator","Dash"],"picked":"Calculated Gamble","floor":7.0},{"not_picked":["Distraction","Dagger Spray"],"picked":"Terror","floor":7.0},{"not_picked":["Backstab","Sucker Punch"],"picked":"Footwork","floor":7.0},{"not_picked":["Backstab","Underhanded Strike"],"picked":"Acrobatics","floor":7.0},{"not_picked":["Setup","Dagger Throw"],"picked":"PiercingWail","floor":8.0},{"not_picked":["Choke","Calculated Gamble"],"picked":"Noxious Fumes","floor":12.0},{"not_picked":["Wraith Form v2","Crippling Poison","Quick Slash"],"picked":"SKIP","floor":14}],"player_experience":66366,"relics_obtained":[{"floor":4.0,"key":"Toy Ornithopter"},{"floor":6.0,"key":"Tough Bandages"},{"floor":8.0,"key":"Juzu Bracelet"},{"floor":9.0,"key":"InkBottle"},{"floor":12.0,"key":"Gremlin Horn"},{"floor":14,"key":"Torii"}],"event_choices":[{"damage_healed":0.0,"max_hp_gain":0.0,"max_hp_loss":0.0,"gold_gain":75.0,"event_name":"World of Goop","player_choice":"Gather Gold","floor":3.0,"gold_loss":0.0,"damage_taken":11.0},{"damage_healed":0.0,"max_hp_gain":0.0,"max_hp_loss":0.0,"gold_gain":0.0,"event_name":"Shining Light","player_choice":"Entered Light","floor":11.0,"gold_loss":0.0,"damage_taken":14.0,"cards_upgraded":["Defend_G","Defend_G"]}],"is_beta":false,"boss_relics":[],"items_purged_floors":[],"is_endless":false,"potions_floor_spawned":[1,2,6,8],"killed_by":"Slime Boss","ascension_level":3}}