{"host":"yqw1zpryoutrnocq","time":1614200943,"event":{"mods":["2.2 Compatiblity","AchievementEnabler","BaseMod","Colored Map","Custom Start","DeckTracker","Minty Spire (QoL Compilation)","Replay The Spire","StSLib","SuperFastMode"],"gold_per_floor":[115,190,209,35,49,81,92,122,170,42,42,70,70,70,70,141,141,154,171,183,183,183,183],"floor_reached":22,"language":"KOR","playtime":496,"items_purged":["Strike_G"],"score":337,"play_id":"2eecc6e9-c3c3-449a-a2bb-cdcb6c46e91c","local_time":"20210224150903","is_ascension_mode":true,"campfire_choices":[{"data":"Sadistic Nature","floor":11,"key":"SMITH"},{"floor":15,"key":"REST"}],"circlet_count":0,"master_deck":["AscendersBane","Strike_G","Strike_G","Strike_G","Strike_G","Defend_G","Defend_G","Defend_G","Defend_G","Defend_G","Survivor+1","Neutralize","Poisoned Stab","ReplayTheSpireMod:Tripwire","Sadistic Nature+1","ReplayTheSpireMod:From All Sides","Backstab","PiercingWail","Dodge and Roll","Backflip","Expertise","Envenom","Infinite Blades","Backflip+1","ReplayTheSpireMod:Shiv Toss+1","Deadly Poison"],"relics":["Ring of the Serpent","NeowsBlessing","WingedGreaves","ReplayTheSpireMod:Shallot","Potion Belt","Gremlin Food","Tiny Chest"],"acts_visited":["Exordium","TheCity"],"potions_floor_usage":[6,8,19],"damage_taken":[{"damage":0.0,"enemies":"2 Louse","floor":1.0,"turns":1.0},{"damage":0,"enemies":"Cultist","floor":3,"turns":1},{"damage":0,"enemies":"Jaw Worm","floor":5,"turns":1},{"damage":12,"enemies":"Replay:BlueRogue","floor":6,"turns":5},{"damage":7,"enemies":"Large Slime","floor":7,"turns":4},{"damage":24,"enemies":"3 Sentries","floor":8,"turns":6},{"damage":9,"enemies":"Replay:BlueRogue","floor":12,"turns":3},{"damage":22,"enemies":"The Guardian","floor":16,"turns":10},{"damage":0,"enemies":"Spheric Guardian","floor":18,"turns":4},{"damage":15,"enemies":"3 Byrds","floor":19,"turns":5},{"damage":28,"enemies":"Sentry and Sphere","floor":20,"turns":5},{"damage":22,"enemies":"3 Cultists","floor":22,"turns":3}],"seed_played":"-8872819031241266189","potions_obtained":[{"floor":3,"key":"Explosive Potion"},{"floor":5,"key":"SkillPotion"},{"floor":8,"key":"ColorlessPotion"},{"floor":18,"key":"Dexterity Potion"},{"floor":20,"key":"Death Potion"}],"is_trial":false,"path_per_floor":["M","?","M","$","M","E","M","E","T","$","R","E","?","?","R","B",null,"M","M","M","?","M"],"character_chosen":"THE_SILENT","items_purchased":["Sadistic Nature","Backflip"],"campfire_rested":1,"item_purchase_floors":[4,10],"current_hp_per_floor":[63,56,56,56,56,44,37,13,13,13,13,4,9,9,31,9,59,59,44,16,16,0,0],"gold":183,"neow_bonus":"THREE_ENEMY_KILL","is_daily":false,"chose_seed":false,"campfire_upgraded":1,"win_rate":0.0,"timestamp":1614200943,"path_taken":["M","?","M","$","?","E","M","E","T","$","R","E","?","?","R","BOSS","M","?","M","?","M"],"items_purchased_type":["Card","Card"],"build_version":"2020-12-22","purchased_purges":1,"victory":false,"max_hp_per_floor":[70,70,70,70,70,70,70,70,70,70,70,70,75,75,75,75,75,75,75,75,75,75,75],"card_choices":[{"not_picked":["Concentrate","Acrobatics"],"picked":"Poisoned Stab","floor":1.0},{"not_picked":["Sucker Punch","PiercingWail"],"picked":"ReplayTheSpireMod:Tripwire","floor":3},{"not_picked":["Eviscerate","Cloak And Dagger","ReplayTheSpireMod:From All Sides"],"picked":"SKIP","floor":5},{"not_picked":["Eviscerate","Cloak And Dagger"],"picked":"ReplayTheSpireMod:From All Sides","floor":5},{"not_picked":["ReplayTheSpireMod:Scrap Shanks","ReplayTheSpireMod:Shiv Toss"],"picked":"Backstab","floor":6},{"not_picked":["Flying Knee","Poisoned Stab"],"picked":"PiercingWail","floor":7},{"not_picked":["Finisher","Concentrate"],"picked":"Dodge and Roll","floor":8},{"not_picked":["Terror","Sucker Punch"],"picked":"Expertise","floor":12},{"not_picked":["After Image","Unload"],"picked":"Envenom","floor":16},{"not_picked":["Poisoned Stab","Acrobatics"],"picked":"Infinite Blades","floor":18},{"not_picked":["PiercingWail","Deflect"],"picked":"Backflip+1","floor":19},{"not_picked":["Quick Slash+1","Choke"],"picked":"ReplayTheSpireMod:Shiv Toss+1","floor":20}],"player_experience":367702,"relics_obtained":[{"floor":6,"key":"WingedGreaves"},{"floor":8,"key":"ReplayTheSpireMod:Shallot"},{"floor":9,"key":"Potion Belt"},{"floor":12,"key":"Gremlin Food"},{"floor":14,"key":"Tiny Chest"}],"event_choices":[{"damage_healed":0,"gold_gain":75,"player_choice":"Touch","damage_taken":7,"max_hp_gain":0,"max_hp_loss":0,"event_name":"FaceTrader","floor":2,"gold_loss":0},{"damage_healed":0,"gold_gain":0,"player_choice":"Donut","damage_taken":0,"max_hp_gain":5,"max_hp_loss":0,"event_name":"Big Fish","floor":13,"gold_loss":0},{"damage_healed":0,"gold_gain":0,"player_choice":"Relic","damage_taken":0,"max_hp_gain":0,"max_hp_loss":0,"event_name":"Wheel of Change","floor":14,"gold_loss":0},{"damage_healed":0,"gold_gain":0,"player_choice":"Read","damage_taken":0,"max_hp_gain":0,"max_hp_loss":0,"event_name":"The Library","floor":21,"gold_loss":0,"cards_obtained":["Deadly Poison"]}],"is_beta":false,"boss_relics":[{"not_picked":["SacredBark","HoveringKite"],"picked":"Ring of the Serpent"}],"items_purged_floors":[10],"is_endless":false,"potions_floor_spawned":[3,5,8,18,20],"killed_by":"3 Cultists","ascension_level":13}}