{"host":"Yuki","time":1614124915,"event":{"mods":["AchievementEnabler","BaseMod","Block Reminder","Colored Map","Colored Powertips","Duelist Mod","GifTheSpireLib","Googly Eyes","Highlight Path","Minty Spire (QoL Compilation)","Permanent Neow","Quick Restart","Random Character Button","Random Character Mod","Relic Stats","StSLib","The Wild Card","everything is the same but u backflip on backflip","slay the spire mod where everything is the same but ironclad has a cowboy hat"],"gold_per_floor":[145,162,8,22,32,67,85,85,85,101,101,135,135,155,155,258,258,274,294,294,308,318,318,348,348,372,225,225,225],"floor_reached":28,"language":"ENG","playtime":2717,"items_purged":["theDuelist:CurseAging","theDuelist:Sparks"],"score":252,"play_id":"15e36733-bdc2-464b-b605-fece431cb9ff","local_time":"20210223180155","is_ascension_mode":false,"campfire_choices":[{"data":"theDuelist:YamiForm","floor":8,"key":"SMITH"},{"data":"theDuelist:RedRisingDragon","floor":11,"key":"SMITH"},{"floor":15,"key":"REST"},{"floor":23,"key":"REST"},{"data":"theDuelist:MetalDragon","floor":25,"key":"SMITH"}],"circlet_count":0,"master_deck":["theDuelist:YamataDragon","theDuelist:CaveDragon","theDuelist:CastleWalls","theDuelist:SilverDragon","theDuelist:LesserDragon","theDuelist:StardustDragon","theDuelist:CyberDragonSieger","theDuelist:BabyDragon","theDuelist:DragonZombie","theDuelist:RedRisingDragon+1","theDuelist:StardustDragon","theDuelist:BoosterDragon","theDuelist:LesserDragon","theDuelist:CastleWalls","theDuelist:YamiForm+1","theDuelist:CaveDragon","theDuelist:Sparks","theDuelist:BerserkScales+1","CurseOfTheBell","theDuelist:TotemDragon+1","theDuelist:RainbowOverdragon","theDuelist:MetalDragon+1","theDuelist:TyrantWing+1","theDuelist:BabyDragon+1","theDuelist:CyberDragonNachster"],"relics":["theDuelist:MillenniumPuzzle","theDuelist:CardPoolRelic","theDuelist:CardPoolBasicRelic","theDuelist:BoosterPackPoolRelic","theDuelist:CardPoolAddRelic","theDuelist:CardPoolMinusRelic","theDuelist:CardPoolSaveRelic","theDuelist:CardPoolOptionsRelic","Frozen Egg 2","theDuelist:YugiMirror","Self Forming Clay","Calling Bell","Toy Ornithopter","Sundial","Tough Bandages","theDuelist:MillenniumRod","Orichalcum"],"acts_visited":["Exordium","TheCity"],"potions_floor_usage":[12,12,28,28],"damage_taken":[{"damage":6,"enemies":"Jaw Worm","floor":1,"turns":2},{"damage":4,"enemies":"Cultist","floor":2,"turns":4},{"damage":1,"enemies":"Small Slimes","floor":4,"turns":5},{"damage":1,"enemies":"Blue Slaver","floor":5,"turns":5},{"damage":21,"enemies":"Gremlin Nob","floor":6,"turns":4},{"damage":0,"enemies":"Gremlin Gang","floor":7,"turns":5},{"damage":2,"enemies":"Looter","floor":10,"turns":3},{"damage":20,"enemies":"3 Sentries","floor":12,"turns":7},{"damage":11,"enemies":"Large Slime","floor":14,"turns":6},{"damage":7,"enemies":"Hexaghost","floor":16,"turns":9},{"damage":21,"enemies":"Chosen","floor":18,"turns":8},{"damage":11,"enemies":"Shell Parasite","floor":19,"turns":5},{"damage":6,"enemies":"Chosen and Byrds","floor":21,"turns":5},{"damage":20,"enemies":"Snake Plant","floor":22,"turns":5},{"damage":11,"enemies":"theDuelist:KaibaA2","floor":24,"turns":9},{"damage":49,"enemies":"Gremlin Leader","floor":28,"turns":4}],"seed_played":"8248964032088719037","potions_obtained":[{"floor":1,"key":"Strength Potion"},{"floor":4,"key":"theDuelist:VampireVial"},{"floor":7,"key":"Explosive Potion"},{"floor":16,"key":"Weak Potion"},{"floor":19,"key":"theDuelist:WaterBottle"},{"floor":24,"key":"theDuelist:BabyPotion"}],"is_trial":false,"path_per_floor":["M","M","$","M","M","E","M","R","T","M","R","E","?","M","R","B",null,"M","M","?","M","M","R","E","R","T","$","E"],"character_chosen":"THE_DUELIST","items_purchased":["theDuelist:StardustDragon","theDuelist:CyberDragonNachster"],"campfire_rested":2,"item_purchase_floors":[3,27],"current_hp_per_floor":[74,70,70,69,68,47,47,47,47,45,45,25,25,14,38,31,80,59,48,48,42,22,46,35,35,35,35,0,0],"gold":225,"neow_bonus":"RANDOM_COLORLESS_2","is_daily":false,"chose_seed":false,"campfire_upgraded":3,"win_rate":0.0,"timestamp":1614124915,"path_taken":["M","M","$","M","M","E","M","R","T","M","R","E","?","M","R","BOSS","M","?","?","M","M","R","E","R","T","$","E"],"items_purchased_type":["Card","Card"],"build_version":"2020-12-18","purchased_purges":2,"victory":false,"max_hp_per_floor":[80,80,80,80,80,80,80,80,80,80,80,80,80,80,80,80,80,80,80,80,80,80,80,80,80,80,80,80,80],"relic_stats":{"Tough Bandages":[0],"counters":[16,86],"Self Forming Clay":[63],"Sundial":[2],"Orichalcum":[6],"obtain_stats":[{"theDuelist:MillenniumRod":24,"Self Forming Clay":12,"theDuelist:MillenniumPuzzle":0,"theDuelist:CardPoolSaveRelic":0,"Frozen Egg 2":6,"Orichalcum":26,"Calling Bell":17,"theDuelist:BoosterPackPoolRelic":0,"theDuelist:CardPoolMinusRelic":0,"Tough Bandages":17,"theDuelist:YugiMirror":9,"Sundial":17,"theDuelist:CardPoolBasicRelic":0,"theDuelist:CardPoolAddRelic":0,"theDuelist:CardPoolOptionsRelic":0,"Toy Ornithopter":17,"theDuelist:CardPoolRelic":0},{"theDuelist:MillenniumRod":15,"Self Forming Clay":8,"theDuelist:MillenniumPuzzle":0,"theDuelist:CardPoolSaveRelic":0,"Frozen Egg 2":5,"Orichalcum":15,"Calling Bell":10,"theDuelist:BoosterPackPoolRelic":0,"theDuelist:CardPoolMinusRelic":0,"Tough Bandages":10,"theDuelist:YugiMirror":6,"Sundial":10,"theDuelist:CardPoolBasicRelic":0,"theDuelist:CardPoolAddRelic":0,"theDuelist:CardPoolOptionsRelic":0,"Toy Ornithopter":10,"theDuelist:CardPoolRelic":0},{"theDuelist:MillenniumRod":82,"Self Forming Clay":35,"theDuelist:MillenniumPuzzle":0,"theDuelist:CardPoolSaveRelic":0,"Frozen Egg 2":20,"Orichalcum":82,"Calling Bell":50,"theDuelist:BoosterPackPoolRelic":0,"theDuelist:CardPoolMinusRelic":0,"Tough Bandages":50,"theDuelist:YugiMirror":25,"Sundial":50,"theDuelist:CardPoolBasicRelic":0,"theDuelist:CardPoolAddRelic":0,"theDuelist:CardPoolOptionsRelic":0,"Toy Ornithopter":50,"theDuelist:CardPoolRelic":0}],"Toy Ornithopter":10},"card_choices":[{"not_picked":["Metamorphosis","theDuelist:SlotMachine"],"picked":"theDuelist:YamiForm","floor":0},{"not_picked":["theDuelist:BigFire","theDuelist:Hinotama","theDuelist:LightningDarts","theDuelist:RainbowOverdragon","theDuelist:BattleguardKing"],"picked":"SKIP","floor":1},{"not_picked":["theDuelist:TwinHeadedFire","theDuelist:MaskedDragon","theDuelist:FrostflameDragon","theDuelist:AncientDragon"],"picked":"theDuelist:BoosterDragon","floor":2},{"not_picked":["theDuelist:CyberTwinDragon","theDuelist:ArmedDragon5","theDuelist:RedHeadedOni","theDuelist:CyberDragonDrei","theDuelist:TwinHeadedFire"],"picked":"SKIP","floor":4},{"not_picked":["theDuelist:Pyrorex","theDuelist:AquaDolphin","theDuelist:TornadoDragon","theDuelist:BlackStego"],"picked":"theDuelist:CyberDragonSieger","floor":5},{"not_picked":["theDuelist:ViceDragon","theDuelist:DragonPiper","theDuelist:Duoterion","theDuelist:MadSwordBeast"],"picked":"theDuelist:DragonZombie","floor":6},{"not_picked":["theDuelist:BlackPtera","theDuelist:MoltenDestruction","theDuelist:MegafleetDragon","theDuelist:DragonRavine+1"],"picked":"theDuelist:RedRisingDragon","floor":7},{"not_picked":["theDuelist:SpiralSpearStrike","theDuelist:Earthquake","theDuelist:GoldSarcophagus","theDuelist:ArtifactIgnition"],"picked":"theDuelist:FangCritias","floor":10},{"not_picked":["theDuelist:YamataDragon","theDuelist:SphereChaos","theDuelist:LordD","theDuelist:Frostosaurus"],"picked":"theDuelist:SilverDragon","floor":12},{"not_picked":["theDuelist:LightningDarts","theDuelist:StrayLambs","theDuelist:BlockGolem","theDuelist:ScrapFactory","theDuelist:FeatherPho"],"picked":"SKIP","floor":14},{"not_picked":["theDuelist:WingedDragonRa","theDuelist:WaterDragon","theDuelist:TailSwipe","theDuelist:StardustDragon"],"picked":"theDuelist:BerserkScales+1","floor":16},{"not_picked":["theDuelist:WhiteHowling+1","theDuelist:SilverWing+1","theDuelist:BoosterDragon+1"],"picked":"theDuelist:TotemDragon+1","floor":18},{"not_picked":["theDuelist:Wiseman","theDuelist:ForbiddenLance+1","theDuelist:SmashingGround","theDuelist:YellowBelliedOni+1"],"picked":"theDuelist:RainbowOverdragon","floor":19},{"not_picked":["theDuelist:Earthquake","theDuelist:GalaxyTyranno","theDuelist:RedHeadedOni","theDuelist:BlacklandFireDragon"],"picked":"theDuelist:MetalDragon","floor":21},{"not_picked":["theDuelist:JurassicImpact+1","theDuelist:GalaxySoldier+1","theDuelist:BoosterDragon+1"],"picked":"theDuelist:TyrantWing+1","floor":22},{"not_picked":["theDuelist:Pyrorex+1","theDuelist:Hydrogeddon","theDuelist:CloudianGhost","theDuelist:Destroyersaurus"],"picked":"theDuelist:BabyDragon+1","floor":24}],"player_experience":1277774,"relics_obtained":[{"floor":6,"key":"Frozen Egg 2"},{"floor":9,"key":"theDuelist:YugiMirror"},{"floor":12,"key":"Self Forming Clay"},{"floor":17,"key":"Toy Ornithopter"},{"floor":17,"key":"Sundial"},{"floor":17,"key":"Tough Bandages"},{"floor":24,"key":"theDuelist:MillenniumRod"},{"floor":26,"key":"Orichalcum"}],"event_choices":[{"cards_removed":["theDuelist:FangCritias"],"damage_healed":0,"gold_gain":0,"player_choice":"Purged","damage_taken":0,"max_hp_gain":0,"max_hp_loss":0,"event_name":"Purifier","floor":13,"gold_loss":0},{"damage_healed":0,"gold_gain":0,"player_choice":"Ignored","damage_taken":0,"max_hp_gain":0,"max_hp_loss":0,"event_name":"Vampires","floor":20,"gold_loss":0}],"is_beta":true,"boss_relics":[{"not_picked":["Snecko Eye","Ectoplasm"],"picked":"Calling Bell"}],"items_purged_floors":[3,27],"is_endless":false,"potions_floor_spawned":[1,4,7,16,19,24],"killed_by":"Gremlin Leader","ascension_level":0}}