{"host":"7jag2woc339g1nhm","time":1614141065,"event":{"mods":["AchievementEnabler","BaseMod","Bestiary","DeckTracker","Minty Spire (QoL Compilation)"],"gold_per_floor":[113,125,125,141,141,176,176,190,490,256,284,134,195,212,212,308,308,327,342,359,245,258,258,272,299,299,398,398,157,157,62,62,165,165,183,183,200,4,23,23,38,72,72,72,91,91,108,128,128,128,128,128,18,48,48],"floor_reached":56,"language":"ENG","playtime":3949,"items_purged":["Shame"],"score":1325,"play_id":"11bee7ff-99e6-4978-a109-37c05f752a1e","local_time":"20210224150105","is_ascension_mode":true,"campfire_choices":[{"data":"White Noise","floor":7,"key":"SMITH"},{"data":"Zap","floor":15,"key":"SMITH"},{"data":"Storm","floor":23,"key":"SMITH"},{"data":"Biased Cognition","floor":28,"key":"SMITH"},{"floor":32,"key":"REST"},{"floor":40,"key":"REST"},{"data":"Buffer","floor":44,"key":"SMITH"},{"floor":46,"key":"RECALL"},{"data":"Storm","floor":49,"key":"SMITH"},{"data":"Capacitor","floor":52,"key":"SMITH"}],"circlet_count":0,"master_deck":["Strike_B+1","Strike_B+1","Strike_B","Strike_B","Defend_B","Defend_B","Defend_B","Defend_B","Zap+1","Dualcast","Cold Snap","Streamline","Conserve Battery","White Noise+1","Doom and Gloom","Glacier","Barrage","Steam","Ball Lightning","Chill","Ball Lightning","Biased Cognition+1","Steam+1","Barrage","Barrage+1","Storm+1","Conserve Battery+1","Barrage","Streamline","Biased Cognition+1","Static Discharge","Conserve Battery+1","Capacitor+1","Buffer+1","Zap+1","Coolheaded+1","Storm+1","Recycle+1","Stack+1","Parasite","Hologram+1","Streamline+1","Buffer","Recycle+1"],"relics":["Cracked Core","Whetstone","Pear","Torii","Smiling Mask","Old Coin","Membership Card","Meat on the Bone","CaptainsWheel","Oddly Smooth Stone","Nuclear Battery","PreservedInsect","Regal Pillow","DollysMirror","Toxic Egg 2","HornCleat","ClockworkSouvenir","Busted Crown","Bottled Tornado","Thread and Needle","Ornamental Fan","Lizard Tail"],"acts_visited":["Exordium","TheCity","TheBeyond","TheEnding"],"potions_floor_usage":[6,13,16,25,33,33,41,41,50,50,55],"damage_taken":[{"damage":2,"enemies":"2 Louse","floor":1,"turns":2},{"damage":2,"enemies":"Jaw Worm","floor":2,"turns":2},{"damage":0,"enemies":"Cultist","floor":4,"turns":2},{"damage":19,"enemies":"Lagavulin","floor":6,"turns":5},{"damage":0,"enemies":"Looter","floor":8,"turns":3},{"damage":1,"enemies":"3 Sentries","floor":11,"turns":5},{"damage":8,"enemies":"3 Sentries","floor":13,"turns":6},{"damage":1,"enemies":"Large Slime","floor":14,"turns":5},{"damage":15,"enemies":"The Guardian","floor":16,"turns":9},{"damage":1,"enemies":"Spheric Guardian","floor":18,"turns":3},{"damage":0,"enemies":"Shell Parasite","floor":19,"turns":4},{"damage":33,"enemies":"Centurion and Healer","floor":20,"turns":7},{"damage":23,"enemies":"Snake Plant","floor":22,"turns":3},{"damage":1,"enemies":"Sentry and Sphere","floor":24,"turns":4},{"damage":7,"enemies":"Gremlin Leader","floor":25,"turns":6},{"damage":21,"enemies":"Automaton","floor":33,"turns":9},{"damage":30,"enemies":"3 Darklings","floor":35,"turns":4},{"damage":9,"enemies":"Orb Walker","floor":37,"turns":3},{"damage":15,"enemies":"4 Shapes","floor":39,"turns":5},{"damage":11,"enemies":"Jaw Worm Horde","floor":41,"turns":4},{"damage":0,"enemies":"Giant Head","floor":42,"turns":4},{"damage":0,"enemies":"Spire Growth","floor":45,"turns":3},{"damage":0,"enemies":"Writhing Mass","floor":47,"turns":5},{"damage":0,"enemies":"Maw","floor":48,"turns":5},{"damage":25,"enemies":"Time Eater","floor":50,"turns":7},{"damage":23,"enemies":"Shield and Spear","floor":54,"turns":6},{"damage":61,"enemies":"The Heart","floor":55,"turns":8}],"seed_played":"-1056860846443251718","potions_obtained":[{"floor":1,"key":"GamblersBrew"},{"floor":2,"key":"PowerPotion"},{"floor":6,"key":"BlessingOfTheForge"},{"floor":14,"key":"Block Potion"},{"floor":20,"key":"SpeedPotion"},{"floor":22,"key":"Ancient Potion"},{"floor":24,"key":"Regen Potion"},{"floor":37,"key":"DuplicationPotion"},{"floor":39,"key":"SpeedPotion"},{"floor":45,"key":"EssenceOfSteel"},{"floor":47,"key":"AttackPotion"},{"floor":54,"key":"Weak Potion"}],"is_trial":false,"path_per_floor":["M","M","?","M","?","E","R","M","T","$","E","$","?","M","R","B",null,"M","M","M","$","M","R","M","E","T","?","R","$","?","$","R","B",null,"M","?","M","$","M","R","M","E","T","R","M","R","M","M","R","B",null,"R","$","E","B",null],"character_chosen":"DEFECT","items_purchased":["Membership Card","Glacier","Barrage","Steam","CaptainsWheel","PreservedInsect","Storm","DollysMirror","Static Discharge","Toxic Egg 2","Conserve Battery+1","ClockworkSouvenir","Capacitor","Bottled Tornado","Coolheaded+1","Buffer","Recycle+1"],"campfire_rested":2,"item_purchase_floors":[10,10,10,10,12,21,21,29,29,29,29,31,31,38,38,53,53],"current_hp_per_floor":[73,71,69,69,69,50,50,50,50,50,49,49,53,52,52,49,85,84,84,51,51,40,40,51,59,59,59,59,59,59,59,85,64,85,55,55,46,46,43,83,72,72,72,72,72,72,72,72,72,47,85,85,85,62,13],"gold":48,"neow_bonus":"RANDOM_COMMON_RELIC","is_daily":false,"chose_seed":false,"campfire_upgraded":7,"win_rate":0.0,"timestamp":1614141065,"path_taken":["M","M","?","M","?","E","R","?","T","$","E","$","?","M","R","BOSS","M","M","M","$","M","R","M","E","T","?","R","?","?","$","R","BOSS","M","?","M","$","M","R","M","E","T","R","M","R","M","?","R","BOSS","R","$","E","BOSS"],"items_purchased_type":["Relic","Card","Card","Card","Relic","Relic","Card","Relic","Card","Relic","Card","Relic","Card","Relic","Card","Card","Card"],"build_version":"2020-12-22","purchased_purges":1,"victory":true,"max_hp_per_floor":[75,75,85,85,85,85,85,85,85,85,85,85,85,85,85,85,85,85,85,85,85,85,85,85,85,85,85,85,85,85,85,85,85,85,85,85,85,85,85,85,85,85,85,85,85,85,85,85,85,85,85,85,85,85,85],"card_choices":[{"not_picked":["Auto Shields","Aggregate"],"picked":"Cold Snap","floor":1},{"not_picked":["Double Energy","Coolheaded"],"picked":"Streamline","floor":2},{"not_picked":["Ball Lightning","Redo"],"picked":"Conserve Battery","floor":4},{"not_picked":["Gash","Beam Cell"],"picked":"White Noise","floor":6},{"not_picked":["White Noise","Thunder Strike"],"picked":"Doom and Gloom","floor":8},{"not_picked":["Compile Driver","Leap"],"picked":"Ball Lightning","floor":11},{"not_picked":["Static Discharge","Cold Snap"],"picked":"Chill","floor":13},{"not_picked":["Recycle","Hyperbeam"],"picked":"Ball Lightning","floor":14},{"not_picked":["Core Surge","Thunder Strike"],"picked":"Biased Cognition","floor":16},{"not_picked":["Sweeping Beam","Rip and Tear"],"picked":"Steam+1","floor":18},{"not_picked":["Leap","Turbo"],"picked":"Barrage","floor":19},{"not_picked":["Rebound","Leap"],"picked":"Barrage+1","floor":20},{"not_picked":["Multi-Cast","Gash"],"picked":"Conserve Battery+1","floor":22},{"not_picked":["Go for the Eyes","Conserve Battery"],"picked":"Barrage","floor":24},{"not_picked":["Steam","Rebound"],"picked":"Streamline","floor":25},{"not_picked":["Thunder Strike","Hyperbeam"],"picked":"Buffer","floor":33},{"not_picked":["Scrape+1"],"picked":"SKIP","floor":35},{"not_picked":["Sweeping Beam"],"picked":"SKIP","floor":37},{"not_picked":[],"picked":"Storm","floor":39},{"not_picked":[],"picked":"Recycle+1","floor":41},{"not_picked":[],"picked":"Stack+1","floor":42},{"not_picked":["Conserve Battery+1"],"picked":"SKIP","floor":45},{"not_picked":[],"picked":"Hologram+1","floor":47},{"not_picked":[],"picked":"Streamline+1","floor":48},{"not_picked":["Rip and Tear"],"picked":"SKIP","floor":54}],"player_experience":117758,"relics_obtained":[{"floor":6,"key":"Smiling Mask"},{"floor":9,"key":"Old Coin"},{"floor":11,"key":"Meat on the Bone"},{"floor":13,"key":"Oddly Smooth Stone"},{"floor":25,"key":"Regal Pillow"},{"floor":42,"key":"Thread and Needle"},{"floor":43,"key":"Ornamental Fan"},{"floor":54,"key":"Lizard Tail"}],"event_choices":[{"damage_healed":0,"gold_gain":0,"player_choice":"Success","damage_taken":12,"relics_obtained":["Pear"],"max_hp_gain":0,"max_hp_loss":0,"event_name":"Scrap Ooze","floor":3,"gold_loss":0},{"damage_healed":0,"gold_gain":0,"player_choice":"Gave Potion","damage_taken":0,"relics_obtained":["Torii"],"max_hp_gain":0,"max_hp_loss":0,"event_name":"WeMeetAgain","floor":5,"gold_loss":0},{"damage_healed":0,"gold_gain":0,"player_choice":"Searched \u00271\u0027 times","damage_taken":0,"max_hp_gain":0,"max_hp_loss":0,"event_name":"Dead Adventurer","floor":13,"gold_loss":0},{"damage_healed":0,"gold_gain":99,"player_choice":"Stole From Cult","damage_taken":0,"max_hp_gain":0,"max_hp_loss":0,"event_name":"Nest","floor":27,"gold_loss":0},{"damage_healed":0,"gold_gain":0,"player_choice":"Stole Relic","damage_taken":0,"relics_obtained":["HornCleat"],"max_hp_gain":0,"max_hp_loss":0,"event_name":"Addict","floor":30,"gold_loss":0,"cards_obtained":["Shame"]},{"damage_healed":0,"gold_gain":0,"player_choice":"1 cards matched","damage_taken":0,"max_hp_gain":0,"max_hp_loss":0,"event_name":"Match and Keep!","floor":36,"gold_loss":0,"cards_obtained":["Zap"]}],"is_beta":false,"boss_relics":[{"not_picked":["Runic Dome","FrozenCore"],"picked":"Nuclear Battery"},{"not_picked":["Tiny House","SlaversCollar"],"picked":"Busted Crown"}],"items_purged_floors":[38],"is_endless":false,"potions_floor_spawned":[1,2,6,14,20,22,24,37,39,45,47,54],"ascension_level":2}}