{"host":"w2kjv12xyhtt0cv2","time":1614150438,"event":{"mods":["10 clothes from DAL","100% Spire Juice","Act Like it!","BaseMod","Colored Map","Friendly Minions","Gensokyo","GifTheSpireLib","Highlight Path","Hubris","Library of Ruina","Minty Spire (QoL Compilation)","Quick Restart","Relic Stats","Reliquary","Replay The Spire","Ring Of Destiny","Robot Space Explorer","Shop Mod","Spicy Shops","StSLib","The Dragon Tamer","UnlockEverythingMod","Waifu the Spire","[IsaacMod]以撒尖塔","[功能]功能增强和修复MOD","【功能Mod】Neow奖励","【功能Mod】聪明的最终Boss","【遗物卡牌】REMEMod","没有小屋子和绿帽子啦"],"gold_per_floor":[113,125,200,210,64,93,104,135,216,250,280,280,307,372,372,498,498,512,512,537,469,469,500,109,135,135,135,161,161,187,198,198,298,298,318,377,377,377,1376,1504,1504,1485,1485,1497,1530,1310,1336,824,824,843,843,362,362,362,488,272,297,297,297,87,116,116,142,142,167,167,167,83,116,16,16],"floor_reached":55,"language":"ZHS","playtime":3343,"items_purged":["RingOfDestiny:Strike_SU","RingOfDestiny:Strike_SU","Normality","Normality","RingOfDestiny:Strike_SU","RingOfDestiny:PowerOfGluttony","Shame"],"score":1751,"play_id":"c13ea1de-a2f8-408b-875a-b435b442064c","local_time":"20210224150718","is_ascension_mode":true,"campfire_choices":[{"data":"Demon Form","floor":12.0,"key":"SMITH"},{"floor":15.0,"key":"DIG"},{"data":"RingOfDestiny:Doomsday","floor":27.0,"key":"SMITH"},{"data":"BettingIsNotGood","floor":32.0,"key":"SMITH"},{"data":"RingOfDestiny:PowerOfWrath","floor":49.0,"key":"SMITH"},{"data":"RingOfDestiny:Doomsday","floor":44.0,"key":"SMITH"},{"data":"RingOfDestiny:Doomsday","floor":47.0,"key":"SMITH"},{"floor":49.0,"key":"RECALL"},{"data":"RingOfDestiny:HegemonyOfDevil","floor":52.0,"key":"SMITH"}],"circlet_count":0,"master_deck":["RingOfDestiny:Defend_SU+1","RingOfDestiny:Defend_SU+1","RingOfDestiny:Defend_SU+1","RingOfDestiny:MaliciousBarrier","RingOfDestiny:DoomsdayStrike","RingOfDestiny:PowerOfGreed","RingOfDestiny:PowerOfEnvy","BettingIsNotGood+1","Demon Form+1","RingOfDestiny:MaskOfSuffering","Paverschlev","RingOfDestiny:HegemonyOfDevil+1","RingOfDestiny:Doomsday+1","RingOfDestiny:DoomsdayLava+1","RingOfDestiny:ChainBlade","Necronomicurse","RingOfDestiny:PowerOfLaziness+1","RingOfDestiny:GripOfMaster+1","RingOfDestiny:PowerOfWrath+1","RingOfDestiny:Doomsday+1","RingOfDestiny:Doomsday+1","ReplayTheSpireMod:IOU"],"relics":["REME_ComplimentaryCards","HushsDoor","PokeGo","PageOfBlackSwan","reliquary:Sod","hubris:TinFlute","reliquary:NewFriend","hubris:TenFootPole","Odd Mushroom","reliquary:HotPoker","Sundial","BFFS","PageOfApocalypseBird","REME_ChargedStone","Succubus","hubris:Icosahedron","PageOfSingingMachine","Necronomicon","reliquary:SharkskinSheath","Calipers","Mummified Hand","Oddly Smooth Stone","PageOfPinocchio","Nunchaku","Replay:Bottled Eggs","hubris:Stopwatch","Incubus","The Courier","reliquary:PorcupineQuills","Medical Kit","PageOfBloodbath","hubris:GlazedTorus","Bag of Marbles","Guide Book","MoneyPower","BookOfRevelations","ReplayTheSpireMod:TigerMarble","ReplayTheSpireMod:Shallot","PageOfWizard","Strange Spoon","PageOfMercenary","hubris:Towel","Replay:Towering Pillar of Hats","HowToJump","REME_HandOfSuture","reliquary:QuartzCube","Smiling Mask","SteamSale","Vajra","PageOfMountain","hubris:SphereOfDissonance","ReplayTheSpireMod:CursedCoin","Replay:Wax Seal","EdensBlessing","PageOfPunishingBird"],"acts_visited":["Exordium","TheCity","TheBeyond","TheEnding"],"potions_floor_usage":[55],"damage_taken":[{"damage":0.0,"enemies":"Cultist","floor":1.0,"turns":3.0},{"damage":0.0,"enemies":"Jaw Worm","floor":2.0,"turns":3.0},{"damage":0.0,"enemies":"2 Louse","floor":4.0,"turns":3.0},{"damage":0.0,"enemies":"3 Sentries","floor":6.0,"turns":1.0},{"damage":0.0,"enemies":"Large Slime","floor":7.0,"turns":3.0},{"damage":0.0,"enemies":"Lagavulin","floor":8.0,"turns":2.0},{"damage":0.0,"enemies":"3 Sentries","floor":10.0,"turns":2.0},{"damage":6.0,"enemies":"The Mushroom Lair","floor":11.0,"turns":2.0},{"damage":5.0,"enemies":"Lagavulin","floor":13.0,"turns":3.0},{"damage":44.0,"enemies":"Hiden Room Battle","floor":14.0,"turns":4.0},{"damage":6.0,"enemies":"Fading Forest","floor":16.0,"turns":11.0},{"damage":0.0,"enemies":"Shell Parasite","floor":18.0,"turns":1.0},{"damage":0.0,"enemies":"Slavers","floor":23.0,"turns":1.0},{"damage":3.0,"enemies":"REME_1_Revenger","floor":25.0,"turns":2.0},{"damage":0.0,"enemies":"Slavers","floor":28.0,"turns":1.0},{"damage":0.0,"enemies":"Gremlin Leader","floor":30.0,"turns":2.0},{"damage":0.0,"enemies":"2 Thieves","floor":31.0,"turns":1.0},{"damage":0.0,"enemies":"Collector","floor":33.0,"turns":2.0},{"damage":0.0,"enemies":"3 Shapes","floor":35.0,"turns":1.0},{"damage":0.0,"enemies":"Reptomancer","floor":40.0,"turns":1.0},{"damage":0.0,"enemies":"Nemesis","floor":42.0,"turns":2.0},{"damage":0.0,"enemies":"3 Darklings","floor":44.0,"turns":1.0},{"damage":0.0,"enemies":"Reptomancer","floor":45.0,"turns":2.0},{"damage":0.0,"enemies":"Giant Head","floor":47.0,"turns":2.0},{"damage":0.0,"enemies":"3 Darklings","floor":35.0,"turns":1.0},{"damage":0.0,"enemies":"R_Hoarder","floor":40.0,"turns":1.0},{"damage":0.0,"enemies":"Giant Head","floor":42.0,"turns":1.0},{"damage":0.0,"enemies":"Nemesis","floor":46.0,"turns":1.0},{"damage":0.0,"enemies":"Reptomancer","floor":48.0,"turns":1.0},{"damage":30.0,"enemies":"Donu and Deca","floor":50.0,"turns":6.0},{"damage":0.0,"enemies":"Shield and Spear","floor":54.0,"turns":1.0},{"damage":0,"enemies":"LittleHush","floor":55,"turns":8}],"seed_played":"-998545804215386162","potions_obtained":[{"floor":1.0,"key":"Dexterity Potion"},{"floor":6.0,"key":"CultistPotion"},{"floor":7.0,"key":"LiquidBronze"},{"floor":18.0,"key":"Weak Potion"},{"floor":23.0,"key":"SpeedPotion"},{"floor":35.0,"key":"Venom Potion"}],"is_trial":false,"path_per_floor":["M","M","?","M","$","E","M","E","T","E","?","R","E","?","R_BF","B",null,"M","?","T","$","?","E","$","E","T","R","E","$","E","M","R","B",null,"M","?","?","?","?","E","$","E","T","M","E","$","E","$","R","M","?","$","?","T","E","$","E","T","R","$","E","R","E","R","B",null,"R","$","E","B"],"character_chosen":"Summoner","items_purchased":["Paverschlev","Succubus","Calipers","Mummified Hand","Incubus","Medical Kit","Guide Book","ForgetMeNow","BookOfRevelations","ReplayTheSpireMod:TigerMarble","ReplayTheSpireMod:Shallot","PageOfWizard","Strange Spoon","PageOfMercenary","HowToJump","REME_HandOfSuture","SteamSale","hubris:SphereOfDissonance","ReplayTheSpireMod:CursedCoin","Replay:Wax Seal","EdensBlessing"],"campfire_rested":0,"item_purchase_floors":[5,17,24,24,34,41,46,48,48,48,48,37,37,37,41,41,45,53,53,53,53],"current_hp_per_floor":[88,88,77,77,77,77,77,77,77,82,76,76,71,20,20,42,73,73,73,73,73,66,73,73,70,70,70,70,70,70,70,70,70,53,53,43,43,43,43,43,33,33,33,33,33,33,43,43,53,53,50,50,50,50,50,50,50,50,50,50,50,50,50,50,20,50,50,50,50,50,50],"gold":16,"neow_bonus":"BOSS_RELIC","is_daily":false,"chose_seed":false,"campfire_upgraded":7,"win_rate":0.0,"timestamp":1614150438,"path_taken":["M","M","?","?","$","E","M","E","T","E","?","R","E","?","R_BF","BOSS","M","?","?","$","?","E","?","E","T","R","E","$","E","?","R","BOSS","M","?","?","?","?","E","?","E","T","M","E","$","E","$","R","M","?","$","?","?","E","$","E","T","R","?","E","R","E","R","BOSS","R","$","E","BOSS"],"items_purchased_type":["Card","Relic","Relic","Relic","Relic","Relic","Relic","Relic","Relic","Relic","Relic","Relic","Relic","Relic","Relic","Relic","Relic","Relic","Relic","Relic","Relic"],"build_version":"2020-12-22","purchased_purges":7,"victory":false,"max_hp_per_floor":[88,88,88,88,88,88,88,88,88,88,88,88,88,88,88,88,73,73,73,73,73,73,73,73,73,73,73,73,73,73,73,73,73,53,53,53,53,53,53,53,53,53,53,53,53,53,53,53,53,53,50,50,50,50,50,50,50,50,50,50,50,50,50,50,50,50,50,50,50,50,50],"relic_stats":{"Strange Spoon":[8],"Nunchaku":[8],"counters":[32,76],"Sundial":[12],"Mummified Hand":[5],"Necronomicon":[19],"Medical Kit":[0],"Smiling Mask":330,"obtain_stats":[{"Calipers":24,"PageOfMountain":48,"Vajra":46,"PageOfSingingMachine":20,"reliquary:QuartzCube":42,"BFFS":14,"Sundial":14,"PageOfWizard":37,"Succubus":17,"Necronomicon":22,"PageOfApocalypseBird":15,"Replay:Wax Seal":53,"hubris:TinFlute":8,"reliquary:SharkskinSheath":23,"KeepersGift":0,"ReplayTheSpireMod:CursedCoin":53,"Oddly Smooth Stone":25,"BookOfRevelations":48,"hubris:SphereOfDissonance":53,"MoneyPower":47,"PageOfPunishingBird":54,"Incubus":34,"RingOfDestiny:DemonicContract":0,"SteamSale":45,"reliquary:PorcupineQuills":40,"ReplayTheSpireMod:Shallot":48,"ForgetMeNow":48,"hubris:TenFootPole":10,"ReplayTheSpireMod:TigerMarble":48,"EdensBlessing":53,"HushsDoor":0,"REME_ChargedStone":17,"Smiling Mask":43,"reliquary:HotPoker":13,"Nunchaku":28,"PokeGo":0,"hubris:Icosahedron":19,"PageOfMercenary":37,"Mummified Hand":24,"hubris:Stopwatch":34,"reliquary:NewFriend":9,"PageOfPinocchio":26,"Replay:Bottled Eggs":30,"hubris:GlazedTorus":43,"Replay:Towering Pillar of Hats":40,"HowToJump":41,"Guide Book":46,"PageOfBloodbath":42,"The Courier":36,"Odd Mushroom":11,"hubris:Towel":38,"Medical Kit":41,"reliquary:Sod":6,"Strange Spoon":37,"PageOfBlackSwan":0,"REME_HandOfSuture":41,"Bag of Marbles":45,"REME_ComplimentaryCards":0},{"Calipers":13,"PageOfMountain":29,"Vajra":28,"PageOfSingingMachine":12,"reliquary:QuartzCube":27,"BFFS":10,"Sundial":10,"PageOfWizard":25,"Succubus":11,"Necronomicon":12,"PageOfApocalypseBird":10,"Replay:Wax Seal":30,"hubris:TinFlute":6,"reliquary:SharkskinSheath":13,"KeepersGift":0,"ReplayTheSpireMod:CursedCoin":30,"Oddly Smooth Stone":14,"BookOfRevelations":24,"hubris:SphereOfDissonance":30,"MoneyPower":24,"PageOfPunishingBird":31,"Incubus":18,"RingOfDestiny:DemonicContract":0,"SteamSale":27,"reliquary:PorcupineQuills":20,"ReplayTheSpireMod:Shallot":24,"ForgetMeNow":24,"hubris:TenFootPole":7,"ReplayTheSpireMod:TigerMarble":24,"EdensBlessing":30,"HushsDoor":0,"REME_ChargedStone":11,"Smiling Mask":27,"reliquary:HotPoker":9,"Nunchaku":15,"PokeGo":0,"hubris:Icosahedron":12,"PageOfMercenary":25,"Mummified Hand":13,"hubris:Stopwatch":18,"reliquary:NewFriend":6,"PageOfPinocchio":14,"Replay:Bottled Eggs":16,"hubris:GlazedTorus":21,"Replay:Towering Pillar of Hats":26,"HowToJump":26,"Guide Book":23,"PageOfBloodbath":21,"The Courier":19,"Odd Mushroom":8,"hubris:Towel":25,"Medical Kit":20,"reliquary:Sod":4,"Strange Spoon":25,"PageOfBlackSwan":0,"REME_HandOfSuture":26,"Bag of Marbles":23,"REME_ComplimentaryCards":0},{"Calipers":39,"PageOfMountain":61,"Vajra":60,"PageOfSingingMachine":38,"reliquary:QuartzCube":59,"BFFS":26,"Sundial":26,"PageOfWizard":57,"Succubus":37,"Necronomicon":38,"PageOfApocalypseBird":26,"Replay:Wax Seal":67,"hubris:TinFlute":15,"reliquary:SharkskinSheath":39,"KeepersGift":0,"ReplayTheSpireMod:CursedCoin":67,"Oddly Smooth Stone":41,"BookOfRevelations":56,"hubris:SphereOfDissonance":67,"MoneyPower":56,"PageOfPunishingBird":68,"Incubus":47,"RingOfDestiny:DemonicContract":0,"SteamSale":59,"reliquary:PorcupineQuills":49,"ReplayTheSpireMod:Shallot":56,"ForgetMeNow":56,"hubris:TenFootPole":17,"ReplayTheSpireMod:TigerMarble":56,"EdensBlessing":67,"HushsDoor":0,"REME_ChargedStone":37,"Smiling Mask":59,"reliquary:HotPoker":22,"Nunchaku":42,"PokeGo":0,"hubris:Icosahedron":38,"PageOfMercenary":57,"Mummified Hand":39,"hubris:Stopwatch":47,"reliquary:NewFriend":15,"PageOfPinocchio":41,"Replay:Bottled Eggs":44,"hubris:GlazedTorus":51,"Replay:Towering Pillar of Hats":58,"HowToJump":58,"Guide Book":54,"PageOfBloodbath":51,"The Courier":48,"Odd Mushroom":19,"hubris:Towel":57,"Medical Kit":49,"reliquary:Sod":10,"Strange Spoon":57,"PageOfBlackSwan":0,"REME_HandOfSuture":58,"Bag of Marbles":54,"REME_ComplimentaryCards":0}]},"card_choices":[{"not_picked":[],"picked":"BettingIsNotGood","floor":0.0},{"not_picked":["RingOfDestiny:DemonVanguard","RingOfDestiny:DoomsdayMeteorite"],"picked":"RingOfDestiny:MaskOfSuffering","floor":1.0},{"not_picked":["RingOfDestiny:DoomsdayStrike","RingOfDestiny:MaliciousFang"],"picked":"RingOfDestiny:PowerOfGluttony","floor":2.0},{"not_picked":["RingOfDestiny:DoomsdayProtection","RingOfDestiny:DoomsdayStrike","RingOfDestiny:FeastOfDoomsday"],"picked":"SKIP","floor":4.0},{"not_picked":["RingOfDestiny:MaliciousErode","RingOfDestiny:PowerOfEnvy"],"picked":"RingOfDestiny:HegemonyOfDevil","floor":6.0},{"not_picked":["RingOfDestiny:DoomsdayMeteorite","RingOfDestiny:SoulAccumulation","RingOfDestiny:MaliciousFang"],"picked":"SKIP","floor":7.0},{"not_picked":["RingOfDestiny:MaliciousSword","RingOfDestiny:MaliciousRelease"],"picked":"RingOfDestiny:Doomsday","floor":8.0},{"not_picked":["RingOfDestiny:DoomsdayMeteorite","RingOfDestiny:SongOfDoomsday","RingOfDestiny:RingOfGreed"],"picked":"SKIP","floor":10.0},{"not_picked":["RingOfDestiny:CupOfDesire","RingOfDestiny:Demonic","RingOfDestiny:EnvyNecklace"],"picked":"SKIP","floor":13.0},{"not_picked":["RingOfDestiny:TortureBlade","RingOfDestiny:DoomsdayProtection"],"picked":"RingOfDestiny:DoomsdayLava","floor":14.0},{"not_picked":["RingOfDestiny:CrownOfPride","RingOfDestiny:ScepterOfGluttony"],"picked":"RingOfDestiny:ChainBlade","floor":16.0},{"not_picked":["RingOfDestiny:DemonSkin+1","RingOfDestiny:TortureBlade","RingOfDestiny:PowerOfArrogance+1"],"picked":"SKIP","floor":18.0},{"not_picked":["RingOfDestiny:SongOfDoomsday","RingOfDestiny:MaliciousErode","RingOfDestiny:PowerOfGreed+1"],"picked":"SKIP","floor":23.0},{"not_picked":["RingOfDestiny:EndlessDesire","RingOfDestiny:MemoryBlade"],"picked":"RingOfDestiny:PowerOfLaziness+1","floor":25.0},{"not_picked":["RingOfDestiny:EndlessDesire","RingOfDestiny:EnvyNecklace","RingOfDestiny:MaliciousFang"],"picked":"SKIP","floor":28.0},{"not_picked":["RingOfDestiny:EnvyNecklace","RingOfDestiny:DoomsdayBlade"],"picked":"RingOfDestiny:GripOfMaster+1","floor":30.0},{"not_picked":["RingOfDestiny:PowerOfGreed","RingOfDestiny:AbyssOfDesire+1","RingOfDestiny:TortureBlade"],"picked":"SKIP","floor":31.0},{"not_picked":["RingOfDestiny:ScepterOfGluttony","RingOfDestiny:CrownOfPride"],"picked":"RingOfDestiny:PowerOfWrath","floor":33.0},{"not_picked":["RingOfDestiny:CupOfDesire","RingOfDestiny:SongOfDoomsday","RingOfDestiny:DoomsdayEcho+1"],"picked":"SKIP","floor":35.0},{"not_picked":["RingOfDestiny:PowerOfGreed","RingOfDestiny:SongOfDoomsday+1"],"picked":"RingOfDestiny:Doomsday","floor":36.0},{"not_picked":["RingOfDestiny:EndlessDesire+1","RingOfDestiny:RingOfGreed+1","RingOfDestiny:EnvyNecklace+1"],"picked":"SKIP","floor":40.0},{"not_picked":["RingOfDestiny:SoulAccumulation","RingOfDestiny:RingOfGreed+1","RingOfDestiny:PowerOfGluttony+1"],"picked":"SKIP","floor":42.0},{"not_picked":["RingOfDestiny:EnvyNecklace+1","RingOfDestiny:TemptingFruits+1","RingOfDestiny:PowerOfEnvy+1"],"picked":"SKIP","floor":44.0},{"not_picked":["RingOfDestiny:EnvyNecklace+1","RingOfDestiny:Demonic+1","RingOfDestiny:DoomsdayProtection"],"picked":"SKIP","floor":45.0},{"not_picked":["RingOfDestiny:EndlessDesire","RingOfDestiny:LazyCloak+1","RingOfDestiny:DoomsdayEcho+1"],"picked":"SKIP","floor":47.0},{"not_picked":["RingOfDestiny:SongOfDoomsday","RingOfDestiny:FeastOfDoomsday+1","RingOfDestiny:AbyssOfDesire+1"],"picked":"SKIP","floor":35.0},{"not_picked":["RingOfDestiny:EnvyNecklace+1","RingOfDestiny:DoomsdayEcho","RingOfDestiny:Demonic+1"],"picked":"SKIP","floor":40.0},{"not_picked":["RingOfDestiny:DemonSkin+1","RingOfDestiny:SoulAccumulation+1","RingOfDestiny:DoomsdayStrike+1"],"picked":"SKIP","floor":42.0},{"not_picked":["RingOfDestiny:EndlessDesire+1","RingOfDestiny:MaliciousLeakage+1","RingOfDestiny:SongOfDoomsday"],"picked":"SKIP","floor":46.0},{"not_picked":["RingOfDestiny:Demonic+1","RingOfDestiny:DemonVanguard+1","RingOfDestiny:SoulAccumulation"],"picked":"SKIP","floor":48.0},{"not_picked":["RingOfDestiny:CrownOfPride+1","RingOfDestiny:MaliciousBarrier","RingOfDestiny:EndlessDesire"],"picked":"SKIP","floor":54.0}],"player_experience":36158,"relics_obtained":[{"floor":6.0,"key":"reliquary:Sod"},{"floor":8.0,"key":"hubris:TinFlute"},{"floor":9.0,"key":"reliquary:NewFriend"},{"floor":10.0,"key":"hubris:TenFootPole"},{"floor":11.0,"key":"Odd Mushroom"},{"floor":13.0,"key":"reliquary:HotPoker"},{"floor":14.0,"key":"Sundial"},{"floor":14.0,"key":"BFFS"},{"floor":15.0,"key":"PageOfApocalypseBird"},{"floor":20.0,"key":"PageOfSingingMachine"},{"floor":22.0,"key":"Necronomicon"},{"floor":23.0,"key":"reliquary:SharkskinSheath"},{"floor":25.0,"key":"Oddly Smooth Stone"},{"floor":26.0,"key":"PageOfPinocchio"},{"floor":28.0,"key":"Nunchaku"},{"floor":30.0,"key":"Replay:Bottled Eggs"},{"floor":36.0,"key":"The Courier"},{"floor":40.0,"key":"reliquary:PorcupineQuills"},{"floor":42.0,"key":"PageOfBloodbath"},{"floor":43.0,"key":"hubris:GlazedTorus"},{"floor":45.0,"key":"Bag of Marbles"},{"floor":47.0,"key":"MoneyPower"},{"floor":40.0,"key":"Replay:Towering Pillar of Hats"},{"floor":42.0,"key":"reliquary:QuartzCube"},{"floor":43.0,"key":"Smiling Mask"},{"floor":46.0,"key":"Vajra"},{"floor":48.0,"key":"PageOfMountain"},{"floor":54.0,"key":"PageOfPunishingBird"}],"event_choices":[{"damage_healed":0.0,"max_hp_gain":0.0,"max_hp_loss":0.0,"gold_gain":75.0,"event_name":"World of Goop","player_choice":"Gather Gold","floor":3.0,"gold_loss":0.0,"damage_taken":11.0},{"damage_healed":0.0,"max_hp_gain":0.0,"max_hp_loss":0.0,"gold_gain":0.0,"event_name":"Mushrooms","player_choice":"Fought Mushrooms","floor":11.0,"gold_loss":0.0,"damage_taken":0.0},{"damage_healed":0.0,"max_hp_gain":0.0,"max_hp_loss":0.0,"gold_gain":0.0,"event_name":"HidenRoomEvent","player_choice":"Fight","floor":14.0,"gold_loss":0.0,"damage_taken":0.0},{"damage_healed":0.0,"max_hp_gain":0.0,"max_hp_loss":0.0,"gold_gain":0.0,"event_name":"Cursed Tome","player_choice":"Obtained Book","floor":22.0,"gold_loss":0.0,"damage_taken":16.0},{"damage_healed":0.0,"max_hp_gain":0.0,"max_hp_loss":0.0,"gold_gain":0.0,"event_name":"Tomb of Lord Red Mask","player_choice":"Ignored","floor":38.0,"gold_loss":0.0,"damage_taken":0.0},{"damage_healed":0.0,"max_hp_gain":0.0,"max_hp_loss":0.0,"gold_gain":999.0,"event_name":"MindBloom","player_choice":"Gold","floor":39.0,"gold_loss":0.0,"damage_taken":0.0,"cards_obtained":["Normality","Normality"]},{"damage_healed":0.0,"max_hp_gain":0.0,"max_hp_loss":3.0,"gold_gain":0.0,"event_name":"Winding Halls","player_choice":"Max HP","floor":36.0,"gold_loss":0.0,"damage_taken":0.0}],"is_beta":false,"boss_relics":[{"not_picked":["Replay:Ancient Bell","Fusion Hammer"],"picked":"REME_ChargedStone"},{"not_picked":[]},{"not_picked":["SlaversCollar","Cursed Key"],"picked":"hubris:Stopwatch"},{"not_picked":[]}],"items_purged_floors":[21,24,46,48,45,45,53],"is_endless":false,"potions_floor_spawned":[1,6,7,11,18,23,30,33,35,42,44,42],"killed_by":"LittleHush","ascension_level":2}}