{"host":"y9t3brv5y5t41vuj","time":1614167000,"event":{"mods":["AchievementEnabler","BaseMod","BetterRewards","Block Reminder","Colored Map","Colored Powertips","Conspire","Highlight Path","Hubris","Infinite Spire","Minty Spire (QoL Compilation)","Quick Restart","Replay The Spire","Shop Mod","StSLib","SuperFastMode","Unceasing Turn Reminder"],"gold_per_floor":[119,119,119,133,233,258,275,275,326,356,2,21,40,40,40,137,137,153,164,164,181,181,181,208,208,208],"floor_reached":25,"language":"ENG","playtime":516,"items_purged":["Strike_G"],"score":289,"play_id":"6853aed8-f184-48c3-b8e8-a2f01823ae31","local_time":"20210224124320","is_ascension_mode":true,"campfire_choices":[{"data":"Bane","floor":8,"key":"SMITH"},{"floor":15,"key":"REST"},{"floor":23,"key":"REST"}],"circlet_count":0,"master_deck":["Deadly Poison+1","Strike_G","Strike_G","Strike_G","Strike_G","Defend_G","Defend_G","Defend_G","Defend_G","Defend_G","Survivor","Neutralize","Poisoned Stab","Prepared","Bane+1","Footwork","Dagger Spray","Deadly Poison+1","conspire:PoisonWeapons","Prepared","Burst","Deadly Poison","Replay:Poison Smokescreen+1","Well Laid Plans"],"relics":["Ring of the Serpent","hubris:ToyBattleship","MerchantsRug","DollysMirror","Happy Flower","SlaversCollar","Smiling Mask","Du-Vu Doll"],"acts_visited":["Exordium","TheCity"],"potions_floor_usage":[6,6,6,19,19],"damage_taken":[{"damage":2,"enemies":"2 Louse","floor":1,"turns":2},{"damage":0,"enemies":"Cultist","floor":4,"turns":3},{"damage":6,"enemies":"Gremlin Nob","floor":6,"turns":3},{"damage":3,"enemies":"Small Slimes","floor":7,"turns":4},{"damage":21,"enemies":"Lagavulin","floor":10,"turns":7},{"damage":10,"enemies":"Exordium Thugs","floor":12,"turns":4},{"damage":4,"enemies":"Blue Slaver","floor":13,"turns":4},{"damage":24,"enemies":"Hexaghost","floor":16,"turns":5},{"damage":34,"enemies":"2 Thieves","floor":18,"turns":4},{"damage":2,"enemies":"Chosen","floor":19,"turns":4},{"damage":15,"enemies":"conspire:HollyBat","floor":21,"turns":8},{"damage":8,"enemies":"conspire:SneckoGhost","floor":24,"turns":5},{"damage":26,"enemies":"Centurion and Healer","floor":25,"turns":4}],"seed_played":"-2250257860097949560","potions_obtained":[{"floor":3,"key":"Swift Potion"},{"floor":3,"key":"CunningPotion"},{"floor":3,"key":"EntropicBrew"},{"floor":12,"key":"ColorlessPotion"},{"floor":13,"key":"GamblersBrew"}],"is_trial":false,"path_per_floor":["M","?","?","M","?","E","M","R","T","E","$","M","M","$","R","B",null,"M","M","AVR","M","?","R","E","M"],"character_chosen":"THE_SILENT","items_purchased":["MerchantsRug","DollysMirror","Happy Flower"],"campfire_rested":2,"item_purchase_floors":[11,11,11],"current_hp_per_floor":[68,73,73,73,73,67,64,64,64,43,43,33,29,29,51,27,63,29,27,27,12,12,34,26,0,0],"gold":208,"neow_bonus":"THREE_CARDS","is_daily":false,"chose_seed":false,"campfire_upgraded":1,"win_rate":0.0,"timestamp":1614167000,"path_taken":["M","?","?","?","?","E","M","R","T","E","$","?","M","?","R","BOSS","M","M","AVR","M","?","R","E","M"],"items_purchased_type":["Relic","Relic","Relic"],"build_version":"2020-12-22","purchased_purges":1,"victory":false,"max_hp_per_floor":[70,75,75,75,75,75,75,75,75,75,75,75,75,75,75,75,75,75,75,75,75,75,75,75,75,75],"card_choices":[{"not_picked":["Concentrate","Prepared"],"picked":"Poisoned Stab","floor":0},{"not_picked":["Quick Slash","Sucker Punch"],"picked":"Prepared","floor":1},{"not_picked":["hubris:Sniper","Escape Plan"],"picked":"Bane","floor":4},{"not_picked":["Prepared","Quick Slash"],"picked":"Footwork","floor":6},{"not_picked":["Quick Slash","Masterful Stab"],"picked":"Dagger Spray","floor":7},{"not_picked":["Blade Dance","Die Die Die","Infinite Blades"],"picked":"SKIP","floor":10},{"not_picked":["Well Laid Plans","Dagger Spray"],"picked":"conspire:PoisonWeapons","floor":12},{"not_picked":["hubris:Counter","Fluid Movement"],"picked":"Prepared","floor":13},{"not_picked":["A Thousand Cuts","Wraith Form v2"],"picked":"Burst","floor":16},{"not_picked":["Acrobatics","ReplayTheSpireMod:Scrap Shanks"],"picked":"Deadly Poison","floor":18},{"not_picked":["Dagger Spray","Outmaneuver"],"picked":"Replay:Poison Smokescreen+1","floor":19},{"not_picked":["ReplayTheSpireMod:The Works","Accuracy"],"picked":"Well Laid Plans","floor":21},{"not_picked":["Sucker Punch","Outmaneuver","Flying Knee"],"picked":"SKIP","floor":24}],"player_experience":555688,"relics_obtained":[{"floor":6,"key":"hubris:SlimyHat"},{"floor":9,"key":"hubris:ToyBattleship"},{"floor":10,"key":"conspire:GlowingRock"},{"floor":24,"key":"Du-Vu Doll"}],"event_choices":[{"damage_healed":0,"gold_gain":0,"player_choice":"Donut","damage_taken":0,"max_hp_gain":5,"max_hp_loss":0,"event_name":"Big Fish","floor":2,"gold_loss":0},{"damage_healed":0,"gold_gain":0,"player_choice":"Got Potions","damage_taken":0,"max_hp_gain":0,"max_hp_loss":0,"event_name":"Lab","floor":3,"gold_loss":0},{"damage_healed":0,"gold_gain":100,"player_choice":"Pray","damage_taken":0,"max_hp_gain":0,"max_hp_loss":0,"event_name":"Golden Shrine","floor":5,"gold_loss":0}],"is_beta":false,"boss_relics":[{"not_picked":["Ring of Chaos","hubris:TerracottaHorce"],"picked":"Ring of the Serpent"}],"items_purged_floors":[11],"is_endless":false,"potions_floor_spawned":[7,12,13],"killed_by":"Centurion and Healer","ascension_level":5}}