{"host":"vld99k9l4elccfy8","time":1614143067,"event":{"mods":["AchievementEnabler","BaseMod","Bestiary","Block Reminder","Colored Map","Colored Powertips","Custom Start","Highlight Path","Minty Spire (QoL Compilation)","Permanent Neow","Rare Cards Sparkle"],"gold_per_floor":[115,40,40,40,61,97,97,116,141,141,155,176,176,197,197,328,328,347,371,25,25,25,25,25,25,105,126,126,126,126,139,139,264,264,289,89,103,0,20,44,44,69,69,69,69],"floor_reached":44,"language":"ENG","playtime":4059,"items_purged":["Normality"],"score":460,"play_id":"ff3eb8cc-792c-440b-bfeb-5c84aa9248b4","local_time":"20210223220427","is_ascension_mode":false,"campfire_choices":[{"floor":7.0,"key":"RECALL"},{"floor":15.0,"key":"REST"},{"floor":23.0,"key":"REST"},{"data":"Darkness","floor":25.0,"key":"SMITH"},{"floor":28.0,"key":"REST"},{"data":"Redo","floor":30.0,"key":"SMITH"},{"floor":32.0,"key":"REST"},{"floor":41,"key":"REST"}],"circlet_count":0,"master_deck":["Strike_B+1","Strike_B+1","Strike_B+1","Strike_B+1","Defend_B+1","Defend_B+1","Defend_B+1","Defend_B+1","Zap","Dualcast","Darkness+1","Injury","Doom and Gloom","Loop","Capacitor","Conserve Battery","Amplify","Beam Cell","Redo+1","Electrodynamics","Hologram","Turbo","Self Repair","Core Surge","Hologram","Leap","Aggregate+1","Chaos","Gash","Darkness+1","Creative AI","All For One","Defragment+1","Beam Cell","Turbo+1","Reinforced Body+1","Stack+1","Chaos+1"],"relics":["Cracked Core","Golden Idol","Dream Catcher","SlaversCollar","Membership Card","MealTicket","Nloth\u0027s Gift","Black Star","DataDisk","Pantograph","Lee\u0027s Waffle","White Beast Statue"],"acts_visited":["Exordium","TheCity","TheBeyond"],"potions_floor_usage":[42],"damage_taken":[{"damage":1.0,"enemies":"Jaw Worm","floor":1.0,"turns":4.0},{"damage":4.0,"enemies":"Cultist","floor":5.0,"turns":4.0},{"damage":34.0,"enemies":"3 Sentries","floor":6.0,"turns":8.0},{"damage":0.0,"enemies":"2 Louse","floor":8.0,"turns":1.0},{"damage":11.0,"enemies":"2 Fungi Beasts","floor":11.0,"turns":3.0},{"damage":16.0,"enemies":"Large Slime","floor":12.0,"turns":5.0},{"damage":5.0,"enemies":"Looter","floor":14.0,"turns":3.0},{"damage":23.0,"enemies":"Slime Boss","floor":16.0,"turns":10.0},{"damage":30.0,"enemies":"2 Thieves","floor":18.0,"turns":3.0},{"damage":24.0,"enemies":"Shell Parasite","floor":19.0,"turns":6.0},{"damage":41.0,"enemies":"3 Cultists","floor":27.0,"turns":6.0},{"damage":19.0,"enemies":"Centurion and Healer","floor":31.0,"turns":5.0},{"damage":50.0,"enemies":"Automaton","floor":33.0,"turns":9.0},{"damage":1.0,"enemies":"3 Shapes","floor":35.0,"turns":5.0},{"damage":17.0,"enemies":"Orb Walker","floor":37.0,"turns":3.0},{"damage":52.0,"enemies":"3 Darklings","floor":39.0,"turns":5.0},{"damage":64,"enemies":"4 Shapes","floor":40,"turns":7},{"damage":77,"enemies":"Spire Growth","floor":42,"turns":6},{"damage":9,"enemies":"Sphere and 2 Shapes","floor":44,"turns":1}],"seed_played":"-5849649639909857799","potions_obtained":[{"floor":6.0,"key":"EntropicBrew"},{"floor":8.0,"key":"Dexterity Potion"},{"floor":11.0,"key":"Dexterity Potion"},{"floor":16.0,"key":"LiquidBronze"},{"floor":18.0,"key":"FairyPotion"},{"floor":27.0,"key":"Block Potion"},{"floor":40,"key":"Regen Potion"}],"is_trial":false,"path_per_floor":["M","$","?","?","M","E","R","M","T","?","M","M","?","M","R","B",null,"M","M","$","?","$","R","?","R","T","M","R","?","R","M","R","B",null,"M","$","M","$","M","M","R","M","T","M"],"character_chosen":"DEFECT","items_purchased":["Membership Card","Self Repair","Core Surge","MealTicket","Hologram","DataDisk","Pantograph","Lee\u0027s Waffle","Beam Cell"],"campfire_rested":5,"item_purchase_floors":[20,20,20,20,20,36,36,38,38],"current_hp_per_floor":[88,88,88,88,84,50,50,50,50,50,39,23,28,23,51,28,94,64,40,40,40,55,83,83,83,83,49,77,77,77,65,93,50,94,94,94,84,101,56,35,65,2,2,0,0],"gold":69,"neow_bonus":"TWENTY_PERCENT_HP_BONUS","is_daily":false,"chose_seed":false,"campfire_upgraded":2,"win_rate":0.0,"timestamp":1614143067,"path_taken":["M","$","?","?","M","E","R","?","T","?","M","M","?","M","R","BOSS","M","M","$","?","$","R","?","R","T","M","R","?","R","M","R","BOSS","M","$","M","$","?","M","R","M","T","M"],"items_purchased_type":["Relic","Card","Card","Relic","Card","Relic","Relic","Relic","Card"],"build_version":"2020-12-22","purchased_purges":1,"victory":false,"max_hp_per_floor":[89,89,89,89,89,89,89,89,89,89,89,89,94,94,94,94,94,94,94,94,94,94,94,94,94,94,94,94,94,94,94,94,94,94,94,94,94,101,101,101,101,101,101,101,101],"card_choices":[{"not_picked":["Steam Power","Storm"],"picked":"Darkness","floor":1.0},{"not_picked":["Go for the Eyes","Heatsinks"],"picked":"Doom and Gloom","floor":5.0},{"not_picked":["Beam Cell","Cold Snap"],"picked":"Loop","floor":6.0},{"not_picked":["Coolheaded","Storm"],"picked":"Capacitor","floor":8.0},{"not_picked":["Sweeping Beam","Steam Power"],"picked":"Conserve Battery","floor":11.0},{"not_picked":["Sweeping Beam","Compile Driver"],"picked":"Amplify","floor":12.0},{"not_picked":["Compile Driver","Barrage"],"picked":"Beam Cell","floor":14.0},{"not_picked":["Cold Snap","Static Discharge"],"picked":"Redo","floor":15.0},{"not_picked":["Core Surge","Creative AI"],"picked":"Electrodynamics","floor":16.0},{"not_picked":["Darkness","Streamline"],"picked":"Hologram","floor":18.0},{"not_picked":["Rebound","Sweeping Beam"],"picked":"Turbo","floor":19.0},{"not_picked":["Compile Driver","Capacitor"],"picked":"Leap","floor":23.0},{"not_picked":["Streamline","Go for the Eyes"],"picked":"Aggregate+1","floor":27.0},{"not_picked":["Sweeping Beam","Glacier"],"picked":"Chaos","floor":28.0},{"not_picked":["Biased Cognition","Chaos"],"picked":"Gash","floor":31.0},{"not_picked":["Compile Driver","Genetic Algorithm"],"picked":"Darkness+1","floor":32.0},{"not_picked":["Electrodynamics","Meteor Strike"],"picked":"Creative AI","floor":33.0},{"not_picked":["Beam Cell+1","Go for the Eyes"],"picked":"All For One","floor":35.0},{"not_picked":["Redo","Hologram"],"picked":"Defragment+1","floor":37.0},{"not_picked":["Genetic Algorithm","Aggregate+1"],"picked":"Turbo+1","floor":39.0},{"not_picked":["BootSequence+1","Scrape"],"picked":"Reinforced Body+1","floor":40},{"not_picked":["Glacier","Steam+1"],"picked":"Stack+1","floor":41},{"not_picked":["White Noise","Auto Shields"],"picked":"Chaos+1","floor":42}],"player_experience":457204,"relics_obtained":[{"floor":6.0,"key":"Bag of Marbles"},{"floor":9.0,"key":"Dream Catcher"},{"floor":43,"key":"White Beast Statue"}],"event_choices":[{"damage_healed":0.0,"max_hp_gain":0.0,"max_hp_loss":0.0,"gold_gain":0.0,"event_name":"Golden Idol","player_choice":"Take Wound","floor":3.0,"gold_loss":0.0,"damage_taken":0.0,"relics_obtained":["Golden Idol"],"cards_obtained":["Injury"]},{"damage_healed":0.0,"max_hp_gain":0.0,"max_hp_loss":0.0,"gold_gain":0.0,"event_name":"WeMeetAgain","player_choice":"Ignored","floor":4.0,"gold_loss":0.0,"damage_taken":0.0},{"damage_healed":0.0,"max_hp_gain":0.0,"max_hp_loss":0.0,"gold_gain":0.0,"event_name":"Liars Game","player_choice":"Ignored","floor":10.0,"gold_loss":0.0,"damage_taken":0.0},{"damage_healed":0.0,"max_hp_gain":5.0,"max_hp_loss":0.0,"gold_gain":0.0,"event_name":"Big Fish","player_choice":"Donut","floor":13.0,"gold_loss":0.0,"damage_taken":0.0},{"damage_healed":0.0,"max_hp_gain":0.0,"max_hp_loss":0.0,"gold_gain":0.0,"event_name":"Back to Basics","player_choice":"Simplicity","floor":21.0,"gold_loss":0.0,"damage_taken":0.0,"cards_upgraded":["Strike_B","Strike_B","Strike_B","Strike_B","Defend_B","Defend_B","Defend_B","Defend_B"]},{"damage_healed":0.0,"max_hp_gain":0.0,"max_hp_loss":0.0,"gold_gain":0.0,"event_name":"Vampires","player_choice":"Ignored","floor":24.0,"gold_loss":0.0,"damage_taken":0.0},{"damage_healed":0.0,"max_hp_gain":0.0,"max_hp_loss":0.0,"gold_gain":0.0,"event_name":"N\u0027loth","player_choice":"Traded Relic","floor":29.0,"relics_lost":["Bag of Marbles"],"gold_loss":0.0,"damage_taken":0.0,"relics_obtained":["Nloth\u0027s Gift"]}],"is_beta":false,"boss_relics":[{"not_picked":["Fusion Hammer","Velvet Choker"],"picked":"SlaversCollar"},{"not_picked":["Coffee Dripper","Philosopher\u0027s Stone"],"picked":"Black Star"}],"items_purged_floors":[2],"is_endless":false,"potions_floor_spawned":[6,8,11,16,18,27,35,37,40],"killed_by":"Sphere and 2 Shapes","ascension_level":0}}