{"host":"3dgd3gfmqutz6web","time":1614158422,"event":{"mods":["Aspiration","BaseMod","BetterRewards","Downfall","Minty Spire (QoL Compilation)","Replay The Spire","Shop Mod","Spikes Relics","StSLib"],"gold_per_floor":[99,117,133,145,163,189,189,189,207,207,227,127,112,112,125,220,220,220,238,238,238,238,257,302,302,312,212,228,228,228,263,278,374,374,274,294,314,334,384,479,506,525,419,431,431,431,431],"floor_reached":45,"language":"ENG","playtime":1765,"items_purged":[],"score":466,"play_id":"485feb6b-f52e-4c67-b092-d729b56d23ef","local_time":"20210224012022","is_ascension_mode":false,"campfire_choices":[{"floor":1,"key":"RECALL"},{"floor":10,"key":"REST"},{"floor":12,"key":"REST"},{"floor":18,"key":"REST"},{"floor":27,"key":"REST"},{"floor":30,"key":"REST"},{"floor":35,"key":"DIG"}],"circlet_count":0,"master_deck":["champ:Strike","champ:Strike","champ:Strike+1","champ:Strike","champ:Defend","champ:Defend","champ:Defend","champ:Defend","champ:Execute","champ:Taunt","champ:Devastate","champ:AdrenalArmor","champ:GutPunch","champ:CrownThrow","champ:Duel","champ:RecklessLeap","champ:ShieldSlam","champ:BerserkersShout","champ:EnGarde","champ:Shatter","champ:TripleStrike","champ:PreciseThrust+1","champ:FanOfKnives","Necronomicurse","champ:BladeFlurry","champ:AdrenalArmor","champ:EndlessRage","RitualDagger+1","champ:BladeFlurry","champ:GladiatorForm","champ:CheapShot","champ:BladeFlurry+1","champ:CalledShot","champ:PreemptiveStrike+1","ReplayTheSpireMod:Splinters","champ:RapidStrikes","champ:Lariat+1","champ:GutPunch","champ:BerserkersShout","champ:PerfectedStrike"],"relics":["champ:ChampionCrown","aspiration:HatOfInfinitePower","Pet Ghost","downfall:HeartBlessingRed","Fusion Hammer","Necronomicon","downfall:HeartBlessingBlue","aspiration:Lifesprig","Busted Crown","downfall:HeartBlessingGreen","Eternal Feather","Torii","Juzu Bracelet","Potion Belt"],"acts_visited":["Exordium","TheCity","TheBeyond"],"potions_floor_usage":[23,23,25,28,33,33,42,45],"damage_taken":[{"damage":19,"enemies":"Cultist","floor":2,"turns":4},{"damage":12,"enemies":"2 Louse","floor":3,"turns":3},{"damage":30,"enemies":"Jaw Worm","floor":4,"turns":4},{"damage":27,"enemies":"Large Slime","floor":5,"turns":6},{"damage":61,"enemies":"Lagavulin","floor":6,"turns":7},{"damage":27,"enemies":"Blue Slaver","floor":9,"turns":3},{"damage":29,"enemies":"2 Fungi Beasts","floor":11,"turns":3},{"damage":25,"enemies":"downfall:FleeingMerchant","floor":13,"turns":4},{"damage":17,"enemies":"3 Louse","floor":15,"turns":3},{"damage":90,"enemies":"SI_SHIV_ARCHETYPE","floor":16,"turns":8},{"damage":30,"enemies":"Shell Parasite","floor":19,"turns":4},{"damage":0,"enemies":"Chosen","floor":20,"turns":1},{"damage":40,"enemies":"Snake Plant","floor":23,"turns":2},{"damage":68,"enemies":"3 Cultists","floor":25,"turns":3},{"damage":55,"enemies":"Snecko","floor":26,"turns":3},{"damage":20,"enemies":"Shelled Parasite and Fungi","floor":28,"turns":2},{"damage":68,"enemies":"Gremlin Leader","floor":31,"turns":5},{"damage":50,"enemies":"Snake Plant","floor":32,"turns":2},{"damage":52,"enemies":"IC_MUSHROOM_ARCHETYPE","floor":33,"turns":5},{"damage":10,"enemies":"Orb Walker","floor":36,"turns":2},{"damage":54,"enemies":"3 Darklings","floor":37,"turns":5},{"damage":53,"enemies":"Jaw Worm Horde","floor":38,"turns":4},{"damage":20,"enemies":"Jaw Worm Horde","floor":39,"turns":5},{"damage":47,"enemies":"Writhing Mass","floor":42,"turns":4},{"damage":21,"enemies":"downfall:FleeingMerchant","floor":43,"turns":6},{"damage":41,"enemies":"3 Darklings","floor":44,"turns":5},{"damage":29,"enemies":"Sphere and 2 Shapes","floor":45,"turns":2}],"seed_played":"-2333106726770440993","potions_obtained":[{"floor":5,"key":"SmokeBomb"},{"floor":6,"key":"Reflective Coating"},{"floor":9,"key":"Flashbang"},{"floor":23,"key":"SteroidPotion"},{"floor":26,"key":"ColorlessPotion"},{"floor":29,"key":"CultistPotion"},{"floor":31,"key":"EssenceOfSteel"},{"floor":33,"key":"Elixir"},{"floor":44,"key":"DuplicationPotion"}],"is_trial":false,"path_per_floor":["R","M","M","M","M","E","T","?","M","R","M","R","$","?","M","B",null,"R","M","M","?","?","M","T","M","M","R","M","?","R","E","M","B",null,"R","M","M","M","?","?","T","M","$","M","M"],"character_chosen":"THE_CHAMP","items_purchased":["champ:GutPunch","champ:BerserkersShout"],"campfire_rested":5,"item_purchase_floors":[43,43],"current_hp_per_floor":[90,81,79,69,62,46,46,46,39,66,57,84,84,84,77,47,90,90,90,90,90,74,74,74,61,61,100,100,100,100,97,97,70,100,100,100,81,48,48,48,48,22,22,21,0,0,0],"gold":431,"neow_bonus":"ONE_RANDOM_RARE_CARD","is_daily":false,"chose_seed":false,"campfire_upgraded":0,"win_rate":0.0,"timestamp":1614158422,"path_taken":["R","M","M","M","?","E","T","?","M","R","M","R","$","?","M","BOSS","R","M","M","?","?","M","T","M","M","R","M","?","R","E","M","BOSS","R","M","M","M","?","?","T","M","$","M","M"],"items_purchased_type":["Card","Card"],"build_version":"2020-12-22","purchased_purges":0,"victory":false,"max_hp_per_floor":[90,90,90,90,90,90,90,90,90,90,90,90,90,90,90,90,90,90,90,90,90,90,90,90,90,90,100,100,100,100,100,100,100,100,100,100,100,100,100,100,100,100,100,100,100,100,100],"card_choices":[{"not_picked":["champ:PreciseThrust","champ:PerfectedStrike"],"picked":"champ:AdrenalArmor","floor":2},{"not_picked":["champ:Duel","champ:GladiatorForm"],"picked":"champ:GutPunch","floor":3},{"not_picked":["champ:BringItOn","champ:EnGarde"],"picked":"champ:CrownThrow","floor":4},{"not_picked":["champ:BladeFlurry","champ:Circumvent"],"picked":"champ:Duel","floor":5},{"not_picked":["champ:SetATrap","champ:FancyFootwork"],"picked":"champ:RecklessLeap","floor":6},{"not_picked":["champ:FocusedDefense","champ:Lariat"],"picked":"champ:ShieldSlam","floor":9},{"not_picked":["champ:FlashCut","champ:Haymaker"],"picked":"champ:BerserkersShout","floor":11},{"not_picked":["champ:DancingMaster","champ:Haymaker"],"picked":"champ:EnGarde","floor":13},{"not_picked":["champ:FlashCut","champ:Backstep"],"picked":"champ:Shatter","floor":15},{"not_picked":["champ:HoldFirm","champ:ShieldThrow"],"picked":"champ:TripleStrike","floor":16},{"not_picked":["champ:TornadoPunch+1","champ:Shatter"],"picked":"champ:PreciseThrust+1","floor":19},{"not_picked":["champ:Backstep","champ:BerserkersShout"],"picked":"champ:FanOfKnives","floor":20},{"not_picked":["champ:Shatter","champ:FocusedDefense"],"picked":"champ:BladeFlurry","floor":23},{"not_picked":["champ:PreciseThrust","champ:FancyFootwork"],"picked":"champ:AdrenalArmor","floor":26},{"not_picked":["champ:Circumvent","champ:Shatter"],"picked":"champ:EndlessRage","floor":28},{"not_picked":["champ:RapidStrikes","champ:Haymaker"],"picked":"champ:BladeFlurry","floor":31},{"not_picked":["champ:Shatter","champ:Backstep"],"picked":"champ:GladiatorForm","floor":32},{"not_picked":["champ:MurderStrike","champ:GladiatorForm"],"picked":"champ:CheapShot","floor":33},{"not_picked":[],"picked":"champ:BladeFlurry+1","floor":36},{"not_picked":[],"picked":"champ:CalledShot","floor":37},{"not_picked":[],"picked":"champ:PreemptiveStrike+1","floor":38},{"not_picked":[],"picked":"champ:RapidStrikes","floor":40},{"not_picked":[],"picked":"champ:Lariat+1","floor":42},{"not_picked":["champ:SkillfulDodge+1"],"picked":"SKIP","floor":43},{"not_picked":[],"picked":"champ:PerfectedStrike","floor":44}],"player_experience":255007,"relics_obtained":[{"floor":6,"key":"aspiration:HatOfInfinitePower"},{"floor":7,"key":"Pet Ghost"},{"floor":22,"key":"Necronomicon"},{"floor":31,"key":"aspiration:Lifesprig"},{"floor":35,"key":"Eternal Feather"},{"floor":39,"key":"Torii"},{"floor":40,"key":"Juzu Bracelet"},{"floor":41,"key":"Potion Belt"}],"event_choices":[],"is_beta":false,"boss_relics":[{"not_picked":["Tiny House","aspiration:IroncladSkillbook"],"picked":"Fusion Hammer"},{"not_picked":["Ring of Chaos","Cursed Key"],"picked":"Busted Crown"}],"items_purged_floors":[],"is_endless":false,"potions_floor_spawned":[5,6,9,16,19,23,26,31,33,44],"killed_by":"Sphere and 2 Shapes","ascension_level":0}}