{"host":"pcv3ln7w6288nxz4","time":1614151053,"event":{"mods":["AchievementEnabler","Act Like it!","Aspiration","BaseMod","Better Third Choice","Clockwork Mod","Colored Map","Colored Powertips","Downfall","Energized Spire","Hallownest","Hermit","Hubris","Infinite Spire","Jorbs\u0027s Wanderer Trilogy","Library of Ruina","Library of Ruina Extra","Lobotomy","LobotomyExtend","Minty Spire (QoL Compilation)","Replay The Spire","Ruina","Shade Mod","StSLib","The Bug Knight","The Construct","The Cursed","The Disciple","The Forsaken","The Hierophant","The Judge","The Jungle","The Necromancer"],"gold_per_floor":[116,116,128,142,157,157,183,183,183,196,213,223,223,241,241,346,346,359,376,376,191,191,191,202,202,251,266,266,292,64,89,89,184,184,184,200,200,200,210,210,245,245,272,288,301,327,327,352,352,448,448,468,481,481,500,498,498,62,90,90,91,91,91,99,99,99,170,170,169,171,149,149,148,148,152,152,152,143,100,100,95,95,95,107,25,25,25,25,25,104,104,103,103,102,58,51,51,51,51,97,90,90,40,50,19,19,95,195,199,199,208,208,214,214,240,240,289,289,289,289,298,0,0,102,102,108,107,107,112,112,104,104],"floor_reached":58,"language":"ENG","playtime":11494,"items_purged":["Shade:Defend_Shade","Shade:Strike_Shade+1","Shame"],"score":2205,"play_id":"f18d655f-4ab0-42e0-884a-1066238e8e50","local_time":"20210223231733","is_ascension_mode":false,"campfire_choices":[{"data":"Shade:GreaterAnimation","floor":6.0,"key":"SMITH"},{"data":"Shade:Awaken","floor":8.0,"key":"SMITH"},{"data":"Shade:SensePrey","floor":13.0,"key":"SMITH"},{"floor":15.0,"key":"RECALL"},{"data":"Shade:OneIsEnough","floor":23.0,"key":"SMITH"},{"data":"Shade:Bite_Shade","floor":25.0,"key":"SMITH"},{"data":"ReplayTheSpireMod:Brewmster","floor":32.0,"key":"SMITH"},{"data":"Shade:TouchOfTheGrave","floor":40.0,"key":"SMITH"},{"data":"Shade:OminousRitual","floor":42.0,"key":"SMITH"},{"data":"Shade:Putrefaction","floor":49.0,"key":"SMITH"},{"data":"Shade:AnimateDead","floor":57.0,"key":"SMITH"},{"data":"infinitespire:UltimateForm","floor":66.0,"key":"SMITH"},{"data":"Pot Of Greed","floor":74.0,"key":"SMITH"},{"floor":6.0,"key":"REST"},{"data":"Pot Of Greed","floor":8.0,"key":"SMITH"},{"data":"Pot Of Greed","floor":15.0,"key":"SMITH"},{"data":"Pot Of Greed","floor":23.0,"key":"SMITH"},{"data":"ReplayTheSpireMod:Black Plague","floor":25.0,"key":"SMITH"},{"data":"Pot Of Greed","floor":28.0,"key":"SMITH"},{"data":"Pot Of Greed","floor":32.0,"key":"SMITH"},{"data":"Shade:SanguineRitual","floor":40.0,"key":"SMITH"},{"data":"Poison Darts","floor":42.0,"key":"SMITH"},{"data":"Backflip","floor":46.0,"key":"SMITH"},{"data":"Shade:OpenGraves","floor":49.0,"key":"SMITH"},{"data":"Pot Of Greed","floor":57,"key":"SMITH"}],"circlet_count":0,"master_deck":["Funeral","QueenOfHatred","BodiesMountain","BigBird","LongBird","ApocalypseBird","PunishingBird","WhiteNight","Shade:AnimateDead+1","Scorched","Shade:FuneraryJewels+1","Backflip+1","Poison Darts+1","SingingMachine","Shade:GoDigging+1","CherryBlossoms","Shade:OpenGraves+1","GreedKing","Shade:Awaken+1","UniverseFragment","Shade:Excise","CrumblingArmor","Shade:SensePrey+1","Shade:OminousRitual+1","SpiderBud","MHz","Shade:Putrefaction+1","BeautyBeast","Shade:Bite_Shade+1","WallGazer","theForsaken:PlagueCurse","Shade:GraveStillness+1","ReplayTheSpireMod:Brewmster+1","Shade:CallWraith+1","MeatLantern","Shade:LoseControl+1","Shade:SkeletonHug+1","Bloodbath","Shade:Bonestorm+1","Shade:TouchOfTheGrave+1","Murderer","Shade:AblativeArmor+1","Scarecrow","Shade:ScuttlingHand+1","NakedNest","Shade:CallWraith+1","LittleHelper","Shade:AblativeArmor+1","Porccubus","Shade:LichForm+1","LaLuna","Shade:Tombstone+1","DreamingCurrent","Shade:StitchTogether+1","Shade:Brains+1","WhitesApple","Shade:ExtraLimbs+1","BlackArmy","Shade:OfferingToTheBeyond+1","Pot Of Greed+1","Pot Of Greed+1","Pot Of Greed+1","Pot Of Greed+1","Pot Of Greed+1","Shade:ExtraLimbs+1","Parasite","Shade:CoffinDance+1","SnowQueen","Shade:AncientSpear+1","infinitespire:UltimateForm+1","Shade:Patience+1","Parasite","Pot Of Greed+1","BlackSwan","infinitespire:Punishment+1","RedShoes","Shade:Bonestorm+1","Rudolta","Shade:AuraOfUnlife+1","HeroicMonk","Shade:SoulToxin+1","Wellcheers","Pot Of Greed+1","Shade:ClawBack+1","OSAHOGD","Shade:Patience+1","Parasite","Shade:BoneShards+1","Freischutz","Shade:FleshToFlesh","Sickly","ShyLook","Pot Of Greed+1","Shade:ExtraLimbs+1","Burn","Spreading Infection","Parasite","BigBadWolf","Shade:LoseControl+1","Shade:Patience+1","Shade:Patience+1","ReplayTheSpireMod:Black Plague+1","Normality","Shade:ExtraLimbs+1","Parasite","Shade:CallOfTheGrave+1","Shade:Tombstone+1","SilentOrchestra","Alriune","Parasite","NothingThere","Pot Of Greed+1","Shade:LastGasp+1","Shade:Haruspicy+1","stsjorbsmod:Withering","FieryBird"],"relics":["Shade:YorickSkull","CogitoBucket","aspiration:Lifesprig","Lizard Tail","AspirationHeart","bronze:MakeshiftBattery","ChangeAnything","theForsaken:PlagueMask","theJungle:Creamberry","Replay:Bottled Eggs","Smiling Mask","Strawberry","Molten Egg 2","Philosopher\u0027s Stone","DeathAngel","hubris:Towel","HollowMod:PaleOreRelic","Potion Belt","Shade:Thing","War Paint","construct:ClawGrip","Grinning Jar","Chameleon Ring","Quantum Egg","HollowMod:LifeEnderRelic","Tiny Chest","Gambling Chip","Cursed Key","LetterFromLob","ReplayTheSpireMod:Ninjato","Twilight","Frozen Egg 2","Replay:Wax Seal","infinitespire:CheckeredPen","Busted Crown","HonorFeather","LaetitiaHeart","Moonlight_r","hubris:SlimyHat","Guardian:PocketSentry","Justitia_r","Lamp_r","TheSmile_r","InTheNameOfLoveAndHate_r","Replay:Grab Bag","energizedSpire:RedRose","Replay:Wanted Poster","Black Star","SolemnVow_r","Mirror","ReplayTheSpireMod:Lightbulb","Happy Flower","Frozen Eye","infinitespire:Lucky Rock","aspiration:PoetsPen_weak","hubris:Teleporter"],"acts_visited":["Exordium","Exordium","TheBeyond","Exordium","Exordium","Exordium","Hallownest:Greenpath","ruina:Briah"],"potions_floor_usage":[],"damage_taken":[{"damage":0.0,"enemies":"Small Slimes","floor":1.0,"turns":2.0},{"damage":22.0,"enemies":"infinitespire:Voidling","floor":3.0,"turns":3.0},{"damage":0.0,"enemies":"2 Louse","floor":4.0,"turns":1.0},{"damage":4.0,"enemies":"Large Slime","floor":5.0,"turns":4.0},{"damage":4.0,"enemies":"HollowMod:MossKnight","floor":7.0,"turns":5.0},{"damage":8.0,"enemies":"Gremlin Gang","floor":10.0,"turns":3.0},{"damage":0.0,"enemies":"2 Fungi Beasts","floor":11.0,"turns":4.0},{"damage":0.0,"enemies":"Large Slime","floor":12.0,"turns":4.0},{"damage":0.0,"enemies":"Blue Slaver","floor":14.0,"turns":3.0},{"damage":44.0,"enemies":"The Guardian","floor":16.0,"turns":9.0},{"damage":19.0,"enemies":"theJungle:Flameango_and_Byrd","floor":18.0,"turns":5.0},{"damage":10.0,"enemies":"Shell Parasite","floor":19.0,"turns":5.0},{"damage":4.0,"enemies":"theJungle:SlimyTreeVines","floor":24.0,"turns":3.0},{"damage":6.0,"enemies":"theJungle:JungleHuntersEncounter","floor":27.0,"turns":4.0},{"damage":8.0,"enemies":"Nightmare","floor":29.0,"turns":8.0},{"damage":4.0,"enemies":"theJungle:2_Phrogs","floor":31.0,"turns":8.0},{"damage":12.0,"enemies":"theJungle:TotemBoss","floor":33.0,"turns":5.0},{"damage":42.0,"enemies":"Orb Walker","floor":35.0,"turns":8.0},{"damage":2.0,"enemies":"Orb Walker","floor":36.0,"turns":5.0},{"damage":17.0,"enemies":"3 Darklings","floor":39.0,"turns":2.0},{"damage":7.0,"enemies":"Nemesis","floor":41.0,"turns":7.0},{"damage":5.0,"enemies":"4 Shapes","floor":44.0,"turns":3.0},{"damage":14.0,"enemies":"Maw","floor":45.0,"turns":7.0},{"damage":29.0,"enemies":"Reptomancer","floor":46.0,"turns":6.0},{"damage":71.0,"enemies":"infinitespire:MassOfShapes","floor":50.0,"turns":8.0},{"damage":6.0,"enemies":"Cultist","floor":52.0,"turns":3.0},{"damage":17.0,"enemies":"Jaw Worm","floor":53.0,"turns":2.0},{"damage":20.0,"enemies":"Small Slimes","floor":55.0,"turns":2.0},{"damage":0.0,"enemies":"Looter","floor":56.0,"turns":3.0},{"damage":15.0,"enemies":"Gremlin Nob","floor":59.0,"turns":1.0},{"damage":50.0,"enemies":"Red Slaver","floor":61.0,"turns":3.0},{"damage":5.0,"enemies":"Lots of Slimes","floor":62.0,"turns":3.0},{"damage":15.0,"enemies":"3 Louse","floor":64.0,"turns":1.0},{"damage":42.0,"enemies":"The Guardian","floor":67.0,"turns":4.0},{"damage":5.0,"enemies":"Shell Parasite","floor":69.0,"turns":1.0},{"damage":5.0,"enemies":"theJungle:GiantWrat","floor":70.0,"turns":2.0},{"damage":11.0,"enemies":"theJungle:SlimyTreeVines","floor":71.0,"turns":3.0},{"damage":15.0,"enemies":"theJungle:JungleHuntersEncounter","floor":73.0,"turns":2.0},{"damage":7.0,"enemies":"Small Slimes","floor":1.0,"turns":2.0},{"damage":0.0,"enemies":"Jaw Worm","floor":3.0,"turns":2.0},{"damage":14.0,"enemies":"Cultist","floor":4.0,"turns":2.0},{"damage":121.0,"enemies":"Exordium Thugs","floor":5.0,"turns":3.0},{"damage":25.0,"enemies":"Exordium Thugs","floor":7.0,"turns":2.0},{"damage":2.0,"enemies":"Gremlin Gang","floor":10.0,"turns":1.0},{"damage":31.0,"enemies":"Fading Forest","floor":16.0,"turns":4.0},{"damage":8.0,"enemies":"theJungle:GiantWrat","floor":18.0,"turns":2.0},{"damage":7.0,"enemies":"theJungle:MUSHROOMGANG","floor":20.0,"turns":2.0},{"damage":50.0,"enemies":"theJungle:Lyon","floor":21.0,"turns":2.0},{"damage":0.0,"enemies":"theJungle:Lyon","floor":21.0,"turns":1.0},{"damage":1.0,"enemies":"theJungle:Lyon","floor":21.0,"turns":1.0},{"damage":0.0,"enemies":"theJungle:Lyon","floor":22.0,"turns":2.0},{"damage":2.0,"enemies":"theJungle:Snecko_Cultist_And_Trap","floor":27.0,"turns":2.0},{"damage":10.0,"enemies":"theJungle:2_Phrogs","floor":30.0,"turns":2.0},{"damage":14.0,"enemies":"theJungle:2_Snecko_Cultists","floor":31.0,"turns":4.0},{"damage":60.0,"enemies":"theJungle:QueenSpyder","floor":33.0,"turns":2.0},{"damage":33.0,"enemies":"Hallownest:2_MossCreeps","floor":35.0,"turns":1.0},{"damage":24.0,"enemies":"Hallownest:monsterHuskGuard","floor":37.0,"turns":1.0},{"damage":0.0,"enemies":"Hallownest:2_Baldur","floor":38.0,"turns":1.0},{"damage":10.0,"enemies":"Hallownest:Wandering_and_Horned","floor":39.0,"turns":1.0},{"damage":0.0,"enemies":"Hallownest:eliteCrystalGuardian","floor":41.0,"turns":1.0},{"damage":0.0,"enemies":"Hallownest:monsterFoolEater","floor":47.0,"turns":2.0},{"damage":1.0,"enemies":"Hallownest:BossHornet","floor":50.0,"turns":1.0},{"damage":5.0,"enemies":"ruina:3_Bats","floor":52.0,"turns":1.0},{"damage":21.0,"enemies":"ruina:2_Scarecrows","floor":53.0,"turns":1.0},{"damage":0,"enemies":"ruina:Woodsman","floor":56,"turns":1},{"damage":57,"enemies":"Nightmare","floor":58,"turns":2}],"seed_played":"972652434202258376","potions_obtained":[{"floor":1.0,"key":"SpeedPotion"},{"floor":7.0,"key":"SteroidPotion"},{"floor":10.0,"key":"LifebloodPotion"},{"floor":19.0,"key":"BlessingOfTheForge"},{"floor":24.0,"key":"Swift Potion"},{"floor":27.0,"key":"PowerPotion"},{"floor":35.0,"key":"Regen Potion"},{"floor":41.0,"key":"EssenceOfSteel"},{"floor":45.0,"key":"EssenceOfSteel"},{"floor":50.0,"key":"champ:CounterPotion"},{"floor":52.0,"key":"Energy Potion"},{"floor":61.0,"key":"Reflective Coating"},{"floor":62.0,"key":"SpeedPotion"},{"floor":67.0,"key":"construct:ShiftPotion"},{"floor":69.0,"key":"Adrenaline Potion"},{"floor":70.0,"key":"FearPotion"},{"floor":73.0,"key":"SmokeBomb"},{"floor":4.0,"key":"sneckomod:MuddlingPotion"},{"floor":7.0,"key":"Energy Potion"},{"floor":27.0,"key":"FearPotion"},{"floor":31.0,"key":"champ:CounterPotion"},{"floor":33.0,"key":"EntropicBrew"},{"floor":37.0,"key":"bronze:BurnAndBuffPotion"},{"floor":38.0,"key":"PowerPotion"},{"floor":41.0,"key":"hexamod:SoulburnPotion"}],"is_trial":false,"path_per_floor":["M","?","M","M","M","R","E","R","T","M","M","M","R","M","R","B",null,"M","M","?","?","AVR","R","M","R","T","M","T","NM","$","E","R","B",null,"M","M","?","?","M","R","E","R","T","M","M","E","?","T","R","B",null,"M","M","?","M","M","R","$","E","T","M","M","AVR","M","?","R","B",null,"M","M","M","?","M","R","M","M","T","M","M","M","R","M","R","T","M","$","?","?","T","R","B",null,"M","?","M","M","M","R","AVR","R","T","M","R","$","E","M","R","B",null,"M","?","M","M","M","R","E","R","T","?","AVR","R","M","$","R","B",null,"M","M","T","M","R","NM"],"character_chosen":"SHADE","items_purchased":["ReplayTheSpireMod:Brewmster","Grinning Jar","Chameleon Ring","Replay:Wax Seal","Frozen Eye","infinitespire:Lucky Rock"],"campfire_rested":1,"item_purchase_floors":[30,58,58,11,48,48],"current_hp_per_floor":[65,65,43,43,39,39,38,38,38,43,46,46,46,46,46,2,75,56,48,48,48,48,48,47,47,47,44,44,50,50,58,58,68,82,43,68,68,68,73,73,82,82,82,82,82,82,82,82,82,80,80,81,80,80,71,82,82,82,68,68,39,71,71,71,71,71,40,40,51,77,82,82,82,82,82,82,82,82,19,19,23,23,23,36,36,36,29,29,29,82,82,82,82,82,79,82,82,82,82,82,82,82,82,82,82,82,59,59,41,41,21,47,60,60,73,73,73,73,73,73,82,82,82,41,41,41,35,35,41,41,0,0],"gold":104,"neow_bonus":"","is_daily":false,"chose_seed":false,"campfire_upgraded":23,"win_rate":0.0,"timestamp":1614151053,"path_taken":["M","?","?","M","M","R","E","R","T","M","M","M","R","M","R","BOSS","M","?","?","?","AVR","R","M","R","T","M","?","NM","?","E","R","BOSS","M","M","?","?","?","R","E","R","T","M","?","E","?","?","R","BOSS","M","M","?","M","M","R","?","E","T","M","M","AVR","M","?","R","BOSS","M","M","M","?","M","R","?","M","?","M","M","M","R","M","R","T","?","$","?","?","?","R","BOSS","M","?","M","M","M","R","AVR","R","T","M","R","$","E","M","R","BOSS","M","?","M","M","M","R","E","R","T","?","AVR","R","M","$","R","BOSS","M","M","?","?","R","NM"],"items_purchased_type":["Card","Relic","Relic","Relic","Relic","Relic"],"build_version":"2020-12-22","purchased_purges":3,"victory":false,"max_hp_per_floor":[65,65,65,65,65,65,65,65,65,75,75,75,75,75,75,75,75,75,75,75,75,75,75,75,75,75,75,75,82,82,82,82,82,82,82,82,82,82,82,82,82,82,82,82,82,82,82,82,82,82,82,82,82,82,82,82,82,82,82,82,82,82,82,82,82,82,82,82,82,82,82,82,82,82,82,82,82,82,82,82,82,82,82,82,82,82,82,82,82,82,82,82,82,82,82,82,82,82,82,82,82,82,82,82,82,82,82,82,82,82,82,82,82,82,82,82,82,82,82,82,82,82,82,41,41,41,41,41,41,41,41,41],"card_choices":[{"not_picked":["CrumblingArmor","PunishingBird"],"picked":"Scorched","floor":1.0},{"not_picked":["Shade:Bonestorm","Shade:FleshToFlesh"],"picked":"Shade:FuneraryJewels","floor":1.0},{"not_picked":["VoidDream","PunishingBird"],"picked":"SingingMachine","floor":3.0},{"not_picked":["Shade:FreshBones","Shade:Premonition"],"picked":"Shade:GoDigging","floor":3.0},{"not_picked":["QueenOfHatred","Alriune"],"picked":"CherryBlossoms","floor":4.0},{"not_picked":["Shade:FeralStrike","Shade:RavenousHorde"],"picked":"Shade:OpenGraves","floor":4.0},{"not_picked":["VoidDream","SpiderBud"],"picked":"Wellcheers","floor":5.0},{"not_picked":["Shade:GraveStillness","Shade:Brains"],"picked":"Shade:GreaterAnimation","floor":5.0},{"not_picked":["WallGazer","Freischutz"],"picked":"GreedKing","floor":7.0},{"not_picked":["Shade:GoDigging","Shade:Trample"],"picked":"Shade:Awaken","floor":7.0},{"not_picked":["SpiderBud","Yin"],"picked":"UniverseFragment","floor":10.0},{"not_picked":["Shade:Awaken","Shade:RitualOffering"],"picked":"Shade:Excise","floor":10.0},{"not_picked":["WallGazer","PunishingBird"],"picked":"CrumblingArmor","floor":11.0},{"not_picked":["Shade:AncientSpear","Shade:CoffinDance"],"picked":"Shade:SensePrey","floor":11.0},{"not_picked":["SpiderBud","ShyLook"],"picked":"OSAHOGD","floor":12.0},{"not_picked":["Shade:FeralStrike","Shade:GraveStillness"],"picked":"Shade:OminousRitual","floor":12.0},{"not_picked":["OldLady","Scarecrow","RedShoes"],"picked":"Singing Bowl","floor":14.0},{"not_picked":["BigBird","OldLady"],"picked":"SpiderBud","floor":14.0},{"not_picked":["Shade:Frenzy","Shade:CommandSoldier"],"picked":"Shade:SanguineRitual","floor":14.0},{"not_picked":["Porccubus","HeroicMonk"],"picked":"MHz","floor":16.0},{"not_picked":["Shade:Coordination","Shade:UnbarTheGrave"],"picked":"Shade:Putrefaction","floor":16.0},{"not_picked":["PunishingBird","Variant"],"picked":"BeautyBeast","floor":18.0},{"not_picked":["Shade:Trample","Shade:ExtraLimbs+1"],"picked":"Shade:Bite_Shade","floor":18.0},{"not_picked":["Laetitia","Woodsman"],"picked":"WallGazer","floor":19.0},{"not_picked":["Shade:OpenGraves","Shade:WallOfFlesh"],"picked":"Shade:OneIsEnough","floor":19.0},{"not_picked":["BigBird","PunishingBird"],"picked":"Funeral","floor":24.0},{"not_picked":["Shade:CloudOfShrapnel+1","Shade:GreyBargain"],"picked":"Shade:FuneraryArmor+1","floor":24.0},{"not_picked":["Mercenary","SnowQueen"],"picked":"MeltingLove","floor":27.0},{"not_picked":["Shade:Trample","Shade:WallOfFlesh"],"picked":"Shade:UnbarTheGrave+1","floor":27.0},{"not_picked":["NakedNest","OldLady"],"picked":"PlagueDoctor","floor":29.0},{"not_picked":["Shade:RavenousHorde+1","Shade:RitualOffering+1"],"picked":"Shade:GraveStillness","floor":29.0},{"not_picked":["PunishingBird","BigBird"],"picked":"Scarecrow","floor":31.0},{"not_picked":["Shade:RitualOffering+1","Shade:FleshOffering+1"],"picked":"Shade:CallWraith+1","floor":31.0},{"not_picked":["LittlePrince","WhitesApple"],"picked":"MeatLantern","floor":33.0},{"not_picked":["Shade:Coordination+1","Shade:DarkOfNight+1"],"picked":"Shade:LoseControl+1","floor":33.0},{"not_picked":["Rudolta","Variant"],"picked":"DespairKnight","floor":35.0},{"not_picked":["Shade:FreshBones","Shade:Brains+1"],"picked":"Shade:SkeletonHug+1","floor":35.0},{"not_picked":["LittlePrince","Variant"],"picked":"Bloodbath","floor":36.0},{"not_picked":["Shade:FleshLikeOak+1","Shade:Trample+1"],"picked":"Shade:Bonestorm+1","floor":36.0},{"not_picked":["BlackSwan","Funeral"],"picked":"Murderer","floor":39.0},{"not_picked":["Shade:RavenousHorde+1","Shade:SkeletonHug+1"],"picked":"Shade:AblativeArmor+1","floor":39.0},{"not_picked":["GalaxyChild","Variant"],"picked":"Scarecrow","floor":41.0},{"not_picked":["Shade:GraveStillness","Shade:Frenzy+1"],"picked":"Shade:ScuttlingHand+1","floor":41.0},{"not_picked":["BigBird","Woodsman"],"picked":"NakedNest","floor":44.0},{"not_picked":["Shade:Premonition","Shade:Trample+1"],"picked":"Shade:CallWraith+1","floor":44.0},{"not_picked":["Mercenary","HappyTeddy"],"picked":"LittleHelper","floor":45.0},{"not_picked":["Shade:FeralStrike+1","Shade:Brains+1"],"picked":"Shade:AblativeArmor+1","floor":45.0},{"not_picked":["ShyLook","Laetitia"],"picked":"Porccubus","floor":46.0},{"not_picked":["Shade:Carnophage+1","Shade:SensePrey+1"],"picked":"Shade:LichForm+1","floor":46.0},{"not_picked":["Freischutz","QueenBee"],"picked":"LaLuna","floor":50.0},{"not_picked":["Shade:LastGasp+1","Shade:MadHubris+1"],"picked":"Shade:Tombstone+1","floor":50.0},{"not_picked":["ShyLook","GalaxyChild"],"picked":"DreamingCurrent","floor":52.0},{"not_picked":["Shade:Doomsay+1","Shade:Bite_Shade+1"],"picked":"Shade:StitchTogether+1","floor":52.0},{"not_picked":["Variant","Woodsman"],"picked":"BodiesMountain","floor":53.0},{"not_picked":["Shade:FleshToFlesh","Shade:CommandSoldier"],"picked":"Shade:Brains","floor":53.0},{"not_picked":["Yin","Freischutz"],"picked":"WhitesApple","floor":55.0},{"not_picked":["Shade:GraveStillness","Shade:FreshBones"],"picked":"Shade:ExtraLimbs+1","floor":55.0},{"not_picked":["Funeral","Variant","HappyTeddy"],"picked":"Singing Bowl","floor":56.0},{"not_picked":["BigBadWolf","NothingThere"],"picked":"BlackArmy","floor":56.0},{"not_picked":["Shade:SpontaneousRitual+1","Shade:LyeBath+1"],"picked":"Shade:OfferingToTheBeyond+1","floor":56.0},{"not_picked":["Rudolta","Laetitia"],"picked":"BigBird","floor":59.0},{"not_picked":["Shade:FuneraryArmor","Shade:Premonition"],"picked":"Shade:ExtraLimbs+1","floor":59.0},{"not_picked":["Freischutz","Laetitia"],"picked":"BlueStar","floor":61.0},{"not_picked":["Shade:Premonition","Shade:Bonestorm+1"],"picked":"Shade:CoffinDance+1","floor":61.0},{"not_picked":["GalaxyChild","LittlePrince"],"picked":"SnowQueen","floor":62.0},{"not_picked":["Shade:Bonestorm+1","Shade:ClawBack+1"],"picked":"Shade:AncientSpear+1","floor":62.0},{"not_picked":["BlackSwan","Alriune"],"picked":"LongBird","floor":64.0},{"not_picked":["Shade:ClawBack+1","Shade:AncientSpear+1"],"picked":"Shade:Patience+1","floor":64.0},{"not_picked":["NothingThere","GalaxyChild","Funeral"],"picked":"Singing Bowl","floor":67.0},{"not_picked":["Woodsman","Variant"],"picked":"BlackSwan","floor":67.0},{"not_picked":["Shade:OneIsEnough+1","Shade:MadHubris+1"],"picked":"Shade:SoulPierce+1","floor":67.0},{"not_picked":["ReplayTheSpireMod:Haul","infinitespire:Execution"],"picked":"infinitespire:Punishment","floor":68.0},{"not_picked":["LittlePrince","HeroicMonk"],"picked":"RedShoes","floor":69.0},{"not_picked":["Shade:ClawBack+1","Shade:WallOfFlesh"],"picked":"Shade:Bonestorm+1","floor":69.0},{"not_picked":["SilentOrchestra","QueenBee","NothingThere"],"picked":"Singing Bowl","floor":70.0},{"not_picked":["Laetitia","CENSORED"],"picked":"Rudolta","floor":70.0},{"not_picked":["Shade:CoffinDance+1","Shade:ExtraLimbs+1"],"picked":"Shade:StitchTogether+1","floor":70.0},{"not_picked":["HappyTeddy","GalaxyChild","QueenBee"],"picked":"Singing Bowl","floor":71.0},{"not_picked":["NothingThere","GalaxyChild"],"picked":"QueenOfHatred","floor":71.0},{"not_picked":["Shade:Bonestorm+1","Shade:AncientSpear+1"],"picked":"Shade:AuraOfUnlife+1","floor":71.0},{"not_picked":["SilentOrchestra","NothingThere","Funeral"],"picked":"Singing Bowl","floor":73.0},{"not_picked":["SilentOrchestra","CENSORED"],"picked":"HeroicMonk","floor":73.0},{"not_picked":["Shade:Doomsay+1","Shade:ClawBack+1"],"picked":"Shade:SoulToxin+1","floor":73.0},{"not_picked":["Wellcheers","ShyLook","OldLady"],"picked":"Singing Bowl","floor":1.0},{"not_picked":["OldLady","BigBadWolf"],"picked":"Wellcheers","floor":1.0},{"not_picked":["Shade:FleshToFlesh","Shade:Premonition"],"picked":"Shade:ClawBack+1","floor":1.0},{"not_picked":["ShyLook","OldLady"],"picked":"OSAHOGD","floor":3.0},{"not_picked":["Shade:CoffinDance+1","Shade:FeralStrike+1"],"picked":"Shade:Patience+1","floor":3.0},{"not_picked":["OldLady","FairyFestival"],"picked":"PunishingBird","floor":4.0},{"not_picked":["Shade:FuneraryArmor","Shade:SensePrey+1"],"picked":"Shade:Carnophage+1","floor":4.0},{"not_picked":["QueenBee","OldLady","FairyFestival"],"picked":"Singing Bowl","floor":5.0},{"not_picked":["Shade:SoulToxin+1","Shade:FeralStrike+1"],"picked":"Shade:BoneShards+1","floor":5.0},{"not_picked":["ShyLook","VoidDream","OldLady"],"picked":"Singing Bowl","floor":7.0},{"not_picked":["Variant","OldLady"],"picked":"Freischutz","floor":7.0},{"not_picked":["Shade:PoundOfFlesh+1","Shade:Premonition"],"picked":"Shade:FleshToFlesh","floor":7.0},{"not_picked":["Yin","FairyFestival","ShyLook"],"picked":"Singing Bowl","floor":10.0},{"not_picked":["Laetitia","OldLady"],"picked":"ShyLook","floor":10.0},{"not_picked":["Shade:Bonestorm+1","Shade:FingerOfDeath+1"],"picked":"Shade:ExtraLimbs+1","floor":10.0},{"not_picked":["FairyFestival","FieryBird"],"picked":"BigBadWolf","floor":16.0},{"not_picked":["Shade:SelfBurial+1","Shade:SoulPierce+1"],"picked":"Shade:LoseControl+1","floor":16.0},{"not_picked":["OldLady","FairyFestival","VoidDream"],"picked":"Singing Bowl","floor":18.0},{"not_picked":[],"picked":"Shade:Patience+1","floor":18.0},{"not_picked":["HappyTeddy","VoidDream","FairyFestival"],"picked":"Singing Bowl","floor":20.0},{"not_picked":[],"picked":"Shade:Patience+1","floor":20.0},{"not_picked":["Woodsman","Laetitia","OldLady"],"picked":"Singing Bowl","floor":22.0},{"not_picked":["Shade:FingerOfDeath+1"],"picked":"SKIP","floor":22.0},{"not_picked":["VoidDream","FairyFestival","GalaxyChild"],"picked":"Singing Bowl","floor":27.0},{"not_picked":["Shade:FleshToFlesh"],"picked":"SKIP","floor":27.0},{"not_picked":["Funeral","Woodsman","OldLady"],"picked":"Singing Bowl","floor":30.0},{"not_picked":[],"picked":"Shade:ExtraLimbs+1","floor":30.0},{"not_picked":["FairyFestival","OldLady","VoidDream"],"picked":"Singing Bowl","floor":31.0},{"not_picked":[],"picked":"Shade:CallOfTheGrave+1","floor":31.0},{"not_picked":["VoidDream","LittlePrince"],"picked":"Woodsman","floor":33.0},{"not_picked":[],"picked":"Shade:Tombstone+1","floor":33.0},{"not_picked":["OldLady","Alriune"],"picked":"CENSORED","floor":35.0},{"not_picked":["Shade:FingerOfDeath+1"],"picked":"SKIP","floor":35.0},{"not_picked":["Alriune","FairyFestival"],"picked":"Funeral","floor":37.0},{"not_picked":["Shade:Trample+1"],"picked":"SKIP","floor":37.0},{"not_picked":["QueenBee","OldLady"],"picked":"SilentOrchestra","floor":38.0},{"not_picked":["Shade:Excise+1"],"picked":"SKIP","floor":38.0},{"not_picked":["OldLady","QueenBee"],"picked":"Alriune","floor":39.0},{"not_picked":["Shade:WallOfFlesh"],"picked":"SKIP","floor":39.0},{"not_picked":["OldLady","GalaxyChild","FairyFestival"],"picked":"Singing Bowl","floor":41.0},{"not_picked":["Shade:Bonestorm+1"],"picked":"SKIP","floor":41.0},{"not_picked":["Laetitia","FairyFestival"],"picked":"Mercenary","floor":47.0},{"not_picked":["Shade:BoneShards+1"],"picked":"SKIP","floor":47.0},{"not_picked":["Yin","VoidDream"],"picked":"NothingThere","floor":50.0},{"not_picked":[],"picked":"Shade:LastGasp+1","floor":50.0},{"not_picked":["Variant","GalaxyChild","FairyFestival"],"picked":"Singing Bowl","floor":52.0},{"not_picked":["GalaxyChild","FairyFestival"],"picked":"Mercenary","floor":52.0},{"not_picked":[],"picked":"Shade:Haruspicy+1","floor":52.0},{"not_picked":["Shade:Trample+1"],"picked":"SKIP","floor":53},{"not_picked":["DespairKnight","VoidDream","Yin"],"picked":"Singing Bowl","floor":56},{"not_picked":["Laetitia","LittlePrince"],"picked":"FieryBird","floor":56},{"not_picked":["Shade:ClawBack+1"],"picked":"SKIP","floor":56}],"player_experience":440305,"relics_obtained":[{"floor":1.0,"key":"LetterFromLob"},{"floor":7.0,"key":"aspiration:Lifesprig"},{"floor":9.0,"key":"Lizard Tail"},{"floor":26.0,"key":"Smiling Mask"},{"floor":29.0,"key":"Strawberry"},{"floor":31.0,"key":"Molten Egg 2"},{"floor":35.0,"key":"DeathAngel"},{"floor":41.0,"key":"HollowMod:PaleOreRelic"},{"floor":43.0,"key":"Potion Belt"},{"floor":46.0,"key":"Shade:Thing"},{"floor":48.0,"key":"War Paint"},{"floor":59.0,"key":"Quantum Egg"},{"floor":60.0,"key":"HollowMod:LifeEnderRelic"},{"floor":1.0,"key":"LetterFromLob"},{"floor":2.0,"key":"ReplayTheSpireMod:Ninjato"},{"floor":5.0,"key":"Twilight"},{"floor":9.0,"key":"Frozen Egg 2"},{"floor":14.0,"key":"infinitespire:CheckeredPen"},{"floor":26.0,"key":"hubris:SlimyHat"},{"floor":30.0,"key":"Guardian:PocketSentry"},{"floor":41.0,"key":"Mirror"},{"floor":41.0,"key":"ReplayTheSpireMod:Lightbulb"},{"floor":43.0,"key":"Happy Flower"},{"floor":54,"key":"hubris:Teleporter"}],"event_choices":[{"damage_healed":0.0,"max_hp_gain":0.0,"max_hp_loss":0.0,"gold_gain":0.0,"event_name":"Plague Doctor","player_choice":"Obtain Plague Curse","floor":20.0,"gold_loss":0.0,"damage_taken":0.0,"cards_obtained":["theForsaken:PlagueCurse"]},{"damage_healed":0.0,"max_hp_gain":0.0,"max_hp_loss":0.0,"gold_gain":0.0,"cards_transformed":["Shade:Defend_Shade"],"event_name":"Transmorgrifier","player_choice":"Transformed","floor":38.0,"gold_loss":0.0,"damage_taken":0.0,"cards_obtained":["Shade:TouchOfTheGrave"]},{"cards_removed":["Slice"],"damage_healed":0.0,"max_hp_gain":0.0,"max_hp_loss":0.0,"gold_gain":0.0,"event_name":"Falling","player_choice":"Removed Attack","floor":47.0,"gold_loss":0.0,"damage_taken":0.0},{"damage_healed":0.0,"max_hp_gain":0.0,"max_hp_loss":0.0,"gold_gain":0.0,"event_name":"Upgrade Shrine","player_choice":"Upgraded","floor":54.0,"gold_loss":0.0,"damage_taken":0.0,"cards_upgraded":["Shade:Brains"]},{"damage_healed":0.0,"max_hp_gain":0.0,"max_hp_loss":0.0,"gold_gain":0.0,"event_name":"Big Fish","player_choice":"Box","floor":65.0,"gold_loss":0.0,"damage_taken":0.0,"relics_obtained":["Gambling Chip"],"cards_obtained":["Regret"]},{"cards_removed":["Shade:Strike_Shade"],"damage_healed":0.0,"max_hp_gain":0.0,"max_hp_loss":0.0,"gold_gain":0.0,"event_name":"Wheel of Change","player_choice":"Card Removal","floor":72.0,"gold_loss":0.0,"damage_taken":0.0},{"damage_healed":36.0,"max_hp_gain":0.0,"max_hp_loss":82.0,"gold_gain":0.0,"event_name":"betterThird:BetterShining","player_choice":"Embrace Burn","floor":12.0,"gold_loss":0.0,"damage_taken":0.0},{"cards_removed":["Regret"],"damage_healed":0.0,"max_hp_gain":0.0,"max_hp_loss":0.0,"gold_gain":0.0,"event_name":"Golden Wing","player_choice":"Card Removal","floor":13.0,"gold_loss":0.0,"damage_taken":7.0}],"is_beta":false,"boss_relics":[{"not_picked":["hubris:Backtick","Replay:Fungal Core"],"picked":"bronze:MakeshiftBattery"},{"not_picked":["Snecko Eye","aspiration:RunicSpoon"],"picked":"Philosopher\u0027s Stone"},{"not_picked":["Sozu","hubris:RunicObelisk"],"picked":"construct:ClawGrip"},{"not_picked":["Velvet Choker","energizedSpire:StickyHand"],"picked":"Cursed Key"},{"not_picked":["Snecko Eye","aspiration:RunicSpoon"],"picked":"Busted Crown"},{"not_picked":["hubris:ScarierMask","ChewingGum"],"picked":"Replay:Grab Bag"},{"not_picked":["aspiration:FutureDiary","Replay:Fungal Core"],"picked":"energizedSpire:RedRose"},{"not_picked":["Fusion Hammer","energizedSpire:DeadBattery"],"picked":"Replay:Wanted Poster"},{"not_picked":["Ring of Chaos","aspiration:WatcherSkillbook"],"picked":"Black Star"},{"not_picked":["Replay:Ancient Bell","Runic Dome"],"picked":"aspiration:PoetsPen_weak"}],"items_purged_floors":[30,58,29],"is_endless":true,"potions_floor_spawned":[1,7,10,19,24,27,35,41,45,50,52,55,61,62,67,69,70,73,4,7,21,21,27,31,33,37,38,41,47],"killed_by":"Nightmare","ascension_level":0}}