{"host":"ox23fm69tlq6hrlz","time":1614187551,"event":{"mods":["AchievementEnabler","Aspiration","BaseMod","Colored Map","Colored Powertips","Conspire","Downfall","Minty Spire (QoL Compilation)","Rare Cards Sparkle","StSLib"],"gold_per_floor":[115,150,150,168,168,168,184,184,184,16,31,31,43,56,56,156,156,174,194,194,22,40,69,69,28,102,102,102,120,138,138,138,138,138],"floor_reached":33,"language":"ENG","playtime":2136,"items_purged":[],"score":282,"play_id":"f170d264-10fc-427c-9e1e-943ab2bbffa2","local_time":"20210224172551","is_ascension_mode":false,"campfire_choices":[{"floor":6,"key":"REST"},{"data":"Dualcast","floor":8,"key":"SMITH"},{"data":"Machine Learning","floor":15,"key":"SMITH"},{"data":"Defragment","floor":24,"key":"SMITH"},{"data":"Rainbow","floor":27,"key":"SMITH"},{"floor":32,"key":"REST"}],"circlet_count":0,"master_deck":["Strike_B+1","Strike_B","Strike_B","Strike_B","Defend_B","Defend_B","Defend_B","Defend_B","Zap+1","Dualcast+1","Reinforced Body","Leap","Gash+1","Ball Lightning","Leap","Go for the Eyes","Machine Learning+1","Ball Lightning","Rainbow+1","Leap+1","Barrage+1","Leap","Defragment+1","Leap","Beam Cell","Good Instincts","Beam Cell+1","Streamline","Writhe"],"relics":["Cracked Core","aspiration:Nostalgia","Burning Blood","Calipers","Regal Pillow","Membership Card","Matryoshka","conspire:SpecialSausage","Bottled Flame","conspire:BottledYoYo","MealTicket","conspire:DecoderRing","Meat on the Bone"],"acts_visited":["Exordium","TheCity"],"potions_floor_usage":[23,30,33,33],"damage_taken":[{"damage":1,"enemies":"conspire:RoseBush","floor":1,"turns":2},{"damage":25,"enemies":"conspire:MimicChest","floor":2,"turns":5},{"damage":7,"enemies":"Small Slimes","floor":4,"turns":2},{"damage":0,"enemies":"Jaw Worm","floor":7,"turns":3},{"damage":2,"enemies":"Blue Slaver","floor":11,"turns":4},{"damage":2,"enemies":"conspire:2 RoseBushes","floor":13,"turns":4},{"damage":0,"enemies":"Looter","floor":14,"turns":3},{"damage":23,"enemies":"Slime Boss","floor":16,"turns":11},{"damage":10,"enemies":"Chosen","floor":18,"turns":3},{"damage":5,"enemies":"conspire:FuzzyDice","floor":19,"turns":5},{"damage":14,"enemies":"Snake Plant","floor":22,"turns":4},{"damage":30,"enemies":"conspire:Head Lice","floor":23,"turns":10},{"damage":29,"enemies":"Shelled Parasite and Fungi","floor":29,"turns":6},{"damage":6,"enemies":"Chosen and Byrds","floor":30,"turns":4},{"damage":73,"enemies":"Automaton","floor":33,"turns":8}],"seed_played":"2945808348591737575","potions_obtained":[{"floor":1,"key":"GamblersBrew"},{"floor":11,"key":"Regen Potion"},{"floor":13,"key":"bronze:BurnAndBuffPotion"},{"floor":14,"key":"Strength Potion"},{"floor":29,"key":"ColorlessPotion"},{"floor":30,"key":"Block Potion"}],"is_trial":false,"path_per_floor":["M","?","?","M","?","R","M","R","T","$","M","T","M","M","R","B",null,"M","M","?","$","M","E","R","$","T","R","?","M","M","?","R","B"],"character_chosen":"DEFECT","items_purchased":["Membership Card","Leap","Bottled Flame","Leap","Defragment","Good Instincts"],"campfire_rested":2,"item_purchase_floors":[10,10,21,21,21,25],"current_hp_per_floor":[75,56,56,55,40,62,68,68,68,68,72,72,75,75,75,58,75,71,72,72,72,64,55,55,55,55,55,55,32,32,32,69,0,0],"gold":138,"neow_bonus":"NOSTALGIA","is_daily":false,"chose_seed":false,"campfire_upgraded":4,"win_rate":0.0,"timestamp":1614187551,"path_taken":["M","?","?","?","?","R","M","R","T","$","M","?","M","M","R","BOSS","M","M","?","$","M","E","R","$","T","R","?","M","M","?","R","BOSS"],"items_purchased_type":["Relic","Card","Relic","Card","Card","Card"],"build_version":"2020-12-22","purchased_purges":0,"victory":false,"max_hp_per_floor":[75,75,75,75,75,75,75,75,75,75,75,75,75,75,75,75,75,75,75,75,75,75,75,75,75,75,75,75,75,75,75,75,75,75],"card_choices":[{"not_picked":["Streamline","Turbo"],"picked":"Reinforced Body","floor":1},{"not_picked":["Fusion","Coolheaded"],"picked":"Leap","floor":2},{"not_picked":["Heatsinks","Fusion"],"picked":"Gash","floor":4},{"not_picked":["Barrage","Stack"],"picked":"Ball Lightning","floor":7},{"not_picked":["Melter","Chill"],"picked":"Go for the Eyes","floor":11},{"not_picked":["Coolheaded","Hologram"],"picked":"Machine Learning","floor":13},{"not_picked":["Coolheaded","Static Discharge"],"picked":"Ball Lightning","floor":14},{"not_picked":["Core Surge","Creative AI"],"picked":"Rainbow","floor":16},{"not_picked":["Fusion","Barrage"],"picked":"Leap+1","floor":18},{"not_picked":["Rebound+1","Go for the Eyes"],"picked":"Barrage+1","floor":19},{"not_picked":["Steam","Rebound"],"picked":"Leap","floor":22},{"not_picked":["Skim+1","Double Energy"],"picked":"Beam Cell","floor":23},{"not_picked":["Compile Driver","Coolheaded"],"picked":"Beam Cell+1","floor":29},{"not_picked":["Reprogram","Stack"],"picked":"Streamline","floor":30}],"player_experience":60143,"relics_obtained":[{"floor":2,"key":"Calipers"},{"floor":9,"key":"Regal Pillow"},{"floor":12,"key":"Matryoshka"},{"floor":23,"key":"conspire:BottledYoYo"},{"floor":26,"key":"MealTicket"},{"floor":26,"key":"conspire:DecoderRing"}],"event_choices":[{"damage_healed":0,"gold_gain":0,"player_choice":"Forge","damage_taken":0,"max_hp_gain":0,"max_hp_loss":0,"event_name":"Accursed Blacksmith","floor":3,"gold_loss":0,"cards_upgraded":["Zap"]},{"damage_healed":0,"gold_gain":0,"player_choice":"Entered Light","damage_taken":15,"max_hp_gain":0,"max_hp_loss":0,"event_name":"Shining Light","floor":5,"gold_loss":0,"cards_upgraded":["Strike_B","Gash"]},{"damage_healed":0,"gold_gain":0,"player_choice":"Ignored","damage_taken":0,"max_hp_gain":0,"max_hp_loss":0,"event_name":"Beggar","floor":20,"gold_loss":0},{"damage_healed":0,"gold_gain":0,"player_choice":"Ignored","damage_taken":0,"max_hp_gain":0,"max_hp_loss":0,"event_name":"Ghosts","floor":28,"gold_loss":0},{"damage_healed":0,"gold_gain":0,"player_choice":"Opened","damage_taken":0,"relics_obtained":["Meat on the Bone"],"max_hp_gain":0,"max_hp_loss":0,"event_name":"The Mausoleum","floor":31,"gold_loss":0,"cards_obtained":["Writhe"]}],"is_beta":false,"boss_relics":[{"not_picked":["Coffee Dripper","conspire:SlowCooker"],"picked":"conspire:SpecialSausage"}],"items_purged_floors":[],"is_endless":false,"potions_floor_spawned":[1,11,13,14,19,22,29,30],"killed_by":"Automaton","ascension_level":0}}