{"host":"u4pncpybdtxxvw4r","time":1614202050,"event":{"mods":["AchievementEnabler","BaseMod","Block Reminder","Colored Powertips","Downfall","Marisa£®ÏF”Í°°ƒß¿Ì…≥£©","Minty Spire (QoL Compilation)","Permanent Neow","Potion Indicator Mod","Rare Cards Sparkle","StSLib","SuperFastMode"],"gold_per_floor":[109,34,47,47,57,88,88,106,133,133,0,15,15,30,30,131,131,150,150,162,162,162],"floor_reached":21,"language":"ZHS","playtime":1057,"items_purged":["Strike_G","Strike_G"],"score":181,"play_id":"bd0ddabc-0274-4570-9cad-bf1012bf3467","local_time":"20210225052730","is_ascension_mode":false,"campfire_choices":[{"floor":7,"key":"RECALL"},{"floor":15,"key":"REST"}],"circlet_count":0,"master_deck":["Strike_G","Strike_G","Strike_G","Defend_G","Defend_G","Defend_G","Defend_G","Defend_G+1","Survivor","Neutralize","Unload","Sucker Punch","Acrobatics+1","Flying Knee","Flying Knee","Underhanded Strike","Well Laid Plans","Prepared","Tools of the Trade","Burst","All Out Attack+1","Underhanded Strike","Outmaneuver"],"relics":["Ring of the Snake","Strawberry","War Paint","GremlinMask","Black Star"],"acts_visited":["Exordium","TheCity"],"potions_floor_usage":[21],"damage_taken":[{"damage":1,"enemies":"Small Slimes","floor":1,"turns":3},{"damage":1,"enemies":"Cultist","floor":3,"turns":3},{"damage":0,"enemies":"2 Louse","floor":5,"turns":2},{"damage":21,"enemies":"Gremlin Nob","floor":6,"turns":5},{"damage":4,"enemies":"Blue Slaver","floor":8,"turns":4},{"damage":0,"enemies":"3 Louse","floor":12,"turns":3},{"damage":5,"enemies":"2 Fungi Beasts","floor":14,"turns":3},{"damage":43,"enemies":"Hexaghost","floor":16,"turns":12},{"damage":25,"enemies":"Spheric Guardian","floor":18,"turns":6},{"damage":18,"enemies":"Shell Parasite","floor":20,"turns":7},{"damage":15,"enemies":"Centurion and Healer","floor":21,"turns":3}],"seed_played":"1980119820434761562","potions_obtained":[{"floor":3,"key":"Weak Potion"},{"floor":10,"key":"DuplicationPotion"},{"floor":10,"key":"Dexterity Potion"}],"is_trial":false,"path_per_floor":["M","$","M","$","M","E","R","M","T","?","$","M","?","M","R","B",null,"M","?","M","M"],"character_chosen":"THE_SILENT","items_purchased":["Well Laid Plans"],"campfire_rested":1,"item_purchase_floors":[11],"current_hp_per_floor":[69,69,68,68,68,54,54,50,50,50,50,50,50,45,68,25,77,52,52,34,19,19],"gold":162,"neow_bonus":"ONE_RANDOM_RARE_CARD","is_daily":false,"chose_seed":false,"campfire_upgraded":0,"win_rate":0.0,"timestamp":1614202050,"path_taken":["M","$","M","$","M","E","R","M","T","?","?","M","?","M","R","BOSS","M","?","?","M"],"items_purchased_type":["Card"],"build_version":"2020-12-22","purchased_purges":2,"victory":false,"max_hp_per_floor":[70,70,70,70,70,77,77,77,77,77,77,77,77,77,77,77,77,77,77,77,77,77],"card_choices":[{"not_picked":["PiercingWail","Poisoned Stab"],"picked":"Sucker Punch","floor":1},{"not_picked":["Predator","Dagger Spray"],"picked":"Acrobatics","floor":3},{"not_picked":["Outmaneuver","PiercingWail"],"picked":"Flying Knee","floor":5},{"not_picked":["Choke","Catalyst"],"picked":"Flying Knee","floor":6},{"not_picked":["Escape Plan","Sucker Punch"],"picked":"Underhanded Strike","floor":8},{"not_picked":["Riddle With Holes","Bane"],"picked":"Prepared","floor":12},{"not_picked":["Bane","Infinite Blades"],"picked":"Tools of the Trade","floor":14},{"not_picked":["Envenom","Venomology"],"picked":"Burst","floor":16},{"not_picked":["Sucker Punch","Deadly Poison"],"picked":"All Out Attack+1","floor":18},{"not_picked":["Skewer","Prepared"],"picked":"Outmaneuver","floor":20}],"player_experience":63147,"relics_obtained":[{"floor":6,"key":"Strawberry"},{"floor":9,"key":"War Paint"}],"event_choices":[{"damage_healed":0,"gold_gain":0,"player_choice":"Got Potions","damage_taken":0,"max_hp_gain":0,"max_hp_loss":0,"event_name":"Lab","floor":10,"gold_loss":0},{"damage_healed":0,"gold_gain":0,"player_choice":"Trade","damage_taken":0,"relics_obtained":["GremlinMask"],"max_hp_gain":0,"max_hp_loss":0,"event_name":"FaceTrader","floor":13,"gold_loss":0},{"damage_healed":0,"gold_gain":0,"player_choice":"Copied","damage_taken":0,"max_hp_gain":0,"max_hp_loss":0,"event_name":"Duplicator","floor":19,"gold_loss":0,"cards_obtained":["Underhanded Strike"]}],"is_beta":false,"boss_relics":[{"not_picked":["Philosopher\u0027s Stone","Runic Dome"],"picked":"Black Star"}],"items_purged_floors":[2,11],"is_endless":false,"potions_floor_spawned":[3,12,14,16,18,20],"killed_by":"Centurion and Healer","ascension_level":0}}