{"host":"sum4dy402bbv9y4o","time":1614207183,"event":{"mods":["Aspiration","BaseMod","Conspire","Highlight Path","Minty Spire (QoL Compilation)","StSLib"],"gold_per_floor":[119,119,165,165,178,178,207,207,207,223,236,246,265,265,265,337,337,348,348,348,368,19,19,54,54,77,93,93,105,124,158,158,236,236,255,255,273,223,242,277,277,306,360,376,388,388,418,432,432,432,432],"floor_reached":52,"language":"ENG","playtime":1817,"items_purged":["Defend_P","Defend_P"],"score":2068,"play_id":"32d26ea2-19d1-438c-8a19-d1f3d6b7da6a","local_time":"20210225015303","is_ascension_mode":true,"campfire_choices":[{"data":"1","floor":6,"key":"LIFT"},{"data":"2","floor":8,"key":"LIFT"},{"data":"3","floor":15,"key":"LIFT"},{"data":"Eruption","floor":23,"key":"SMITH"},{"data":"FlurryOfBlows","floor":25,"key":"SMITH"},{"data":"Consecrate","floor":28,"key":"SMITH"},{"floor":32,"key":"REST"},{"data":"Vengeance","floor":41,"key":"SMITH"},{"floor":46,"key":"REST"},{"floor":49,"key":"REST"}],"circlet_count":0,"master_deck":["AscendersBane","Strike_P","Strike_P+1","Strike_P+1","Defend_P","Eruption+1","Vigilance","Conclude","Halt","Consecrate+1","Halt","FlurryOfBlows+1","FearNoEvil","LikeWater","Halt","WheelKick+1","Prostrate","LikeWater","FlurryOfBlows+1","Vengeance+1","Perseverance+1","EmptyBody","Sanctity+1","EmptyBody","SandsOfTime","JustLucky+1","Tantrum"],"relics":["PureWater","aspiration:Nostalgia","Burning Blood","Smiling Mask","Girya","aspiration:HummingbirdHeart","Pear","Letter Opener","aspiration:RitualStick","Yang","Omamori","Ancient Tea Set","StoneCalendar","Black Star","Whetstone","Nunchaku","StrikeDummy","Centennial Puzzle","Orichalcum","aspiration:ChemicalBlood","aspiration:StickyExplosives"],"acts_visited":["Exordium","TheCity","TheBeyond"],"potions_floor_usage":[16,21,31,31,39,50,50,50,51,51],"damage_taken":[{"damage":2,"enemies":"2 Louse","floor":1,"turns":4},{"damage":0,"enemies":"Jaw Worm","floor":5,"turns":3},{"damage":10,"enemies":"Gremlin Nob","floor":7,"turns":3},{"damage":0,"enemies":"Cultist","floor":10,"turns":3},{"damage":0,"enemies":"Exordium Thugs","floor":11,"turns":3},{"damage":0,"enemies":"2 Fungi Beasts","floor":12,"turns":2},{"damage":0,"enemies":"Blue Slaver","floor":13,"turns":2},{"damage":3,"enemies":"The Guardian","floor":16,"turns":6},{"damage":0,"enemies":"Spheric Guardian","floor":18,"turns":3},{"damage":0,"enemies":"Shell Parasite","floor":21,"turns":4},{"damage":11,"enemies":"Book of Stabbing","floor":24,"turns":4},{"damage":0,"enemies":"Snake Plant","floor":27,"turns":2},{"damage":0,"enemies":"Centurion and Healer","floor":29,"turns":3},{"damage":0,"enemies":"Snecko","floor":30,"turns":2},{"damage":33,"enemies":"Gremlin Leader","floor":31,"turns":4},{"damage":0,"enemies":"Automaton","floor":33,"turns":7},{"damage":1,"enemies":"3 Shapes","floor":35,"turns":5},{"damage":4,"enemies":"Orb Walker","floor":37,"turns":3},{"damage":1,"enemies":"4 Shapes","floor":39,"turns":7},{"damage":21,"enemies":"Reptomancer","floor":40,"turns":7},{"damage":7,"enemies":"Nemesis","floor":42,"turns":7},{"damage":20,"enemies":"Spire Growth","floor":44,"turns":4},{"damage":1,"enemies":"Maw","floor":45,"turns":5},{"damage":20,"enemies":"Giant Head","floor":47,"turns":6},{"damage":3,"enemies":"4 Shapes","floor":48,"turns":3},{"damage":56,"enemies":"Time Eater","floor":50,"turns":8},{"damage":6,"enemies":"Donu and Deca","floor":51,"turns":6}],"seed_played":"2627648871620354116","potions_obtained":[{"floor":7,"key":"FearPotion"},{"floor":12,"key":"SkillPotion"},{"floor":18,"key":"BottledMiracle"},{"floor":29,"key":"DuplicationPotion"},{"floor":33,"key":"Dexterity Potion"},{"floor":35,"key":"Explosive Potion"},{"floor":44,"key":"Strength Potion"}],"is_trial":false,"path_per_floor":["M","?","T","?","M","R","E","R","T","M","M","M","M","T","R","B",null,"M","?","?","M","$","R","E","R","T","M","R","M","M","E","R","B",null,"M","?","M","$","M","E","R","E","T","M","M","R","E","M","R","B","B",null],"character_chosen":"WATCHER","items_purchased":["Yang","Prostrate"],"campfire_rested":3,"item_purchase_floors":[22,22],"current_hp_per_floor":[65,58,58,58,64,64,60,60,70,76,78,78,78,78,78,78,78,78,58,54,60,60,60,55,55,55,61,61,67,73,46,69,75,77,78,78,78,78,78,63,63,62,62,48,53,76,62,65,78,28,28],"gold":432,"neow_bonus":"NOSTALGIA","is_daily":false,"chose_seed":false,"campfire_upgraded":4,"win_rate":0.0,"timestamp":1614207183,"path_taken":["M","?","?","?","M","R","E","R","T","M","?","M","M","?","R","BOSS","M","?","?","M","$","R","E","R","T","?","R","M","?","E","R","BOSS","M","?","M","$","?","E","R","E","T","M","M","R","E","M","R","BOSS","BOSS"],"items_purchased_type":["Relic","Card"],"build_version":"2020-12-22","purchased_purges":2,"victory":true,"max_hp_per_floor":[68,68,68,68,68,68,68,68,78,78,78,78,78,78,78,78,78,78,78,78,78,78,78,78,78,78,78,78,78,78,78,78,78,78,78,78,78,78,78,78,78,78,78,78,78,78,78,78,78,78,78],"card_choices":[{"not_picked":["Crescendo","FlyingSleeves"],"picked":"Conclude","floor":1},{"not_picked":["Swivel","ThirdEye"],"picked":"Halt","floor":5},{"not_picked":["CarveReality","PathToVictory"],"picked":"Consecrate","floor":7},{"not_picked":["ClearTheMind","Fasting2"],"picked":"Halt","floor":10},{"not_picked":["PathToVictory","Indignation"],"picked":"FlurryOfBlows","floor":11},{"not_picked":["Wireheading","Devotion"],"picked":"FearNoEvil","floor":12},{"not_picked":["CutThroughFate","Collect"],"picked":"LikeWater","floor":13},{"not_picked":["CutThroughFate","Protect"],"picked":"Halt","floor":18},{"not_picked":["CrushJoints","Indignation"],"picked":"WheelKick+1","floor":21},{"not_picked":["FearNoEvil","Consecrate"],"picked":"LikeWater","floor":24},{"not_picked":["Halt+1","Nirvana"],"picked":"FlurryOfBlows+1","floor":27},{"not_picked":["Consecrate","Wallop"],"picked":"Vengeance","floor":29},{"not_picked":["CutThroughFate","SandsOfTime"],"picked":"Perseverance+1","floor":30},{"not_picked":["Prostrate","ForeignInfluence"],"picked":"EmptyBody","floor":31},{"not_picked":["Wireheading","Conclude","FlyingSleeves"],"picked":"SKIP","floor":35},{"not_picked":["Protect","Prostrate"],"picked":"Sanctity+1","floor":37},{"not_picked":["BattleHymn","SashWhip+1"],"picked":"EmptyBody","floor":39},{"not_picked":["Consecrate","Wallop","Sanctity+1"],"picked":"SKIP","floor":40},{"not_picked":["ThirdEye","Halt"],"picked":"SandsOfTime","floor":42},{"not_picked":["ClearTheMind","FollowUp"],"picked":"JustLucky+1","floor":44},{"not_picked":["ThirdEye","Vengeance","SashWhip+1"],"picked":"SKIP","floor":45},{"not_picked":["BowlingBash","PathToVictory"],"picked":"Tantrum","floor":47},{"not_picked":["CutThroughFate","Meditate+1","Judgement"],"picked":"SKIP","floor":48}],"player_experience":3145748,"relics_obtained":[{"floor":3,"key":"Smiling Mask"},{"floor":4,"key":"Girya"},{"floor":7,"key":"aspiration:HummingbirdHeart"},{"floor":9,"key":"Pear"},{"floor":14,"key":"Letter Opener"},{"floor":24,"key":"Omamori"},{"floor":26,"key":"Ancient Tea Set"},{"floor":31,"key":"StoneCalendar"},{"floor":40,"key":"Whetstone"},{"floor":40,"key":"Nunchaku"},{"floor":42,"key":"StrikeDummy"},{"floor":42,"key":"Centennial Puzzle"},{"floor":43,"key":"Orichalcum"},{"floor":47,"key":"aspiration:ChemicalBlood"},{"floor":47,"key":"aspiration:StickyExplosives"}],"event_choices":[{"cards_removed":["Strike_P"],"damage_healed":0,"gold_gain":0,"player_choice":"Card Removal","damage_taken":7,"max_hp_gain":0,"max_hp_loss":0,"event_name":"Golden Wing","floor":2,"gold_loss":0},{"damage_healed":0,"gold_gain":0,"player_choice":"Relic","damage_taken":0,"max_hp_gain":0,"max_hp_loss":0,"event_name":"Wheel of Change","floor":4,"gold_loss":0},{"damage_healed":0,"gold_gain":0,"player_choice":"Leave","damage_taken":0,"max_hp_gain":0,"max_hp_loss":0,"event_name":"conspire:Investor","floor":20,"gold_loss":0},{"cards_removed":["Defend_P"],"damage_healed":0,"gold_gain":0,"player_choice":"Offered Basic","damage_taken":0,"max_hp_gain":0,"max_hp_loss":0,"event_name":"Bonfire Elementals","floor":36,"gold_loss":0}],"is_beta":false,"boss_relics":[{"not_picked":["Runic Dome","aspiration:PoetsPen","Snecko Eye"]},{"not_picked":["aspiration:SilentSkillbook","Calling Bell"],"picked":"Black Star"}],"items_purged_floors":[22,38],"is_endless":false,"potions_floor_spawned":[7,12,13,18,29,30,33,35,37,44,47],"ascension_level":20}}