{"host":"8vqkh0x3c7vpgzzm","time":1614206960,"event":{"mods":["AchievementEnabler","BaseMod","Colored Map","Colored Powertips","Curses Come First","DeckTracker","Highlight Path","Minty Spire (QoL Compilation)","Permanent Neow","Quick Restart","Random Character Mod","Rare Cards Sparkle","Relic Sorter","Relic Stats","StSLib","SuperFastMode","Unceasing Turn Reminder","egg","everything is the same but u backflip on backflip"],"gold_per_floor":[16,66,81,92,108,136,147,179,179,20,20,48,48,63,63,157,157,170,21,21,21,21,54,54,81,81,81,108,123,123,123,123,198,198,210,235,32,52,69,95,95,124,124,124,33,44,55,75,75,75,75],"floor_reached":52,"language":"ENG","playtime":2124,"items_purged":["Strike_R"],"score":2676,"play_id":"81322b9e-3835-4310-bfed-eb769bbf2754","local_time":"20210224234920","is_ascension_mode":true,"campfire_choices":[{"data":"Corruption","floor":11,"key":"SMITH"},{"data":"Armaments","floor":15,"key":"SMITH"},{"data":"Offering","floor":27,"key":"SMITH"},{"data":"Pommel Strike","floor":30,"key":"SMITH"},{"data":"Havoc","floor":32,"key":"SMITH"},{"floor":41,"key":"DIG"},{"floor":49,"key":"DIG"}],"circlet_count":0,"master_deck":["AscendersBane","Strike_R","Strike_R","Defend_R","Defend_R","Defend_R","Defend_R","Bash","Body Slam","Bludgeon","Clothesline","Shrug It Off","Havoc+1","Armaments+1","Corruption+1","Shrug It Off","Offering+1","Body Slam","Impervious","Shrug It Off","Pommel Strike+1","Juggernaut","Sentinel","Offering","Exhume","Master of Strategy","Sentinel"],"relics":["Burning Blood","TungstenRod","Dead Branch","Thread and Needle","MealTicket","Centennial Puzzle","Bloody Idol","SlaversCollar","Shuriken","Orichalcum","Bottled Lightning","InkBottle","MutagenicStrength","Cursed Key","Shovel","Membership Card","Blood Vial","Nunchaku","Mango","Bag of Marbles"],"acts_visited":["Exordium","TheCity","TheBeyond"],"potions_floor_usage":[6,8,18],"damage_taken":[{"damage":0,"enemies":"2 Louse","floor":1,"turns":4},{"damage":5,"enemies":"Cultist","floor":3,"turns":3},{"damage":0,"enemies":"Small Slimes","floor":4,"turns":3},{"damage":3,"enemies":"Blue Slaver","floor":5,"turns":3},{"damage":19,"enemies":"Gremlin Nob","floor":6,"turns":4},{"damage":6,"enemies":"2 Fungi Beasts","floor":7,"turns":3},{"damage":22,"enemies":"3 Sentries","floor":8,"turns":8},{"damage":0,"enemies":"Gremlin Nob","floor":12,"turns":2},{"damage":8,"enemies":"Exordium Wildlife","floor":14,"turns":2},{"damage":1,"enemies":"Slime Boss","floor":16,"turns":5},{"damage":5,"enemies":"Shell Parasite","floor":18,"turns":1},{"damage":5,"enemies":"Slavers","floor":23,"turns":2},{"damage":12,"enemies":"Gremlin Leader","floor":25,"turns":5},{"damage":5,"enemies":"Book of Stabbing","floor":28,"turns":3},{"damage":5,"enemies":"3 Byrds","floor":29,"turns":3},{"damage":6,"enemies":"Collector","floor":33,"turns":3},{"damage":5,"enemies":"3 Shapes","floor":35,"turns":1},{"damage":5,"enemies":"Mind Bloom Boss Battle","floor":36,"turns":1},{"damage":5,"enemies":"3 Darklings","floor":38,"turns":1},{"damage":5,"enemies":"Transient","floor":39,"turns":6},{"damage":10,"enemies":"Reptomancer","floor":40,"turns":1},{"damage":10,"enemies":"Giant Head","floor":42,"turns":2},{"damage":5,"enemies":"4 Shapes","floor":46,"turns":2},{"damage":5,"enemies":"Sphere and 2 Shapes","floor":47,"turns":2},{"damage":10,"enemies":"3 Darklings","floor":48,"turns":1},{"damage":5,"enemies":"Time Eater","floor":50,"turns":3},{"damage":15,"enemies":"Awakened One","floor":51,"turns":3}],"seed_played":"-2411696963711656941","potions_obtained":[{"floor":3,"key":"EssenceOfSteel"},{"floor":5,"key":"PowerPotion"},{"floor":7,"key":"Dexterity Potion"},{"floor":12,"key":"ElixirPotion"},{"floor":14,"key":"GamblersBrew"},{"floor":29,"key":"BloodPotion"},{"floor":38,"key":"Swift Potion"}],"is_trial":false,"path_per_floor":["M","?","M","M","M","E","M","E","T","$","R","E","?","M","R","B",null,"M","$","?","?","?","E","$","E","T","R","E","M","R","?","R","B",null,"M","?","$","M","M","E","R","E","T","?","$","M","M","M","R","B","B",null],"character_chosen":"IRONCLAD","items_purchased":["Corruption","Impervious","Membership Card","Sentinel","Master of Strategy"],"campfire_rested":0,"item_purchase_floors":[10,19,37,37,45],"current_hp_per_floor":[74,74,75,75,75,62,62,46,46,61,61,67,67,65,65,68,68,68,68,68,68,68,68,68,67,67,67,68,68,68,68,68,68,68,68,68,68,68,68,68,68,82,82,82,82,82,82,82,82,82,73],"gold":75,"neow_bonus":"ONE_RARE_RELIC","is_daily":false,"chose_seed":false,"campfire_upgraded":5,"win_rate":0.0,"timestamp":1614206960,"path_taken":["M","?","M","M","?","E","M","E","T","$","R","E","?","M","R","BOSS","M","$","?","?","?","E","?","E","T","R","E","M","R","?","R","BOSS","M","?","$","M","M","E","R","E","T","?","?","M","?","M","R","BOSS","BOSS"],"items_purchased_type":["Card","Card","Relic","Card","Card"],"build_version":"2020-12-22","purchased_purges":1,"victory":true,"max_hp_per_floor":[75,75,75,75,75,75,75,75,75,75,75,75,68,68,68,68,68,68,68,68,68,68,68,68,68,68,68,68,68,68,68,68,68,68,68,68,68,68,68,68,68,82,82,82,82,82,82,82,82,82,82],"relic_stats":{"counters":[27,77],"Dead Branch":[408],"Orichalcum":[0],"Cursed Key":0,"Burning Blood":141,"Blood Vial":0,"Centennial Puzzle":[57],"Nunchaku":[4],"Shovel":2,"Shuriken":[26],"Bloody Idol":17,"MealTicket":15,"obtain_stats":[{"Golden Idol":13,"Dead Branch":6,"Thread and Needle":8,"Mango":42,"Orichalcum":25,"Cursed Key":34,"Burning Blood":0,"Blood Vial":40,"SlaversCollar":17,"Centennial Puzzle":12,"Nunchaku":41,"Shovel":36,"Shuriken":23,"Bloody Idol":21,"MutagenicStrength":31,"MealTicket":9,"Bag of Marbles":49,"Bottled Lightning":26,"Membership Card":37,"TungstenRod":0,"InkBottle":28},{"Golden Idol":8,"Dead Branch":5,"Thread and Needle":7,"Mango":22,"Orichalcum":13,"Cursed Key":16,"Burning Blood":0,"Blood Vial":21,"SlaversCollar":10,"Centennial Puzzle":8,"Nunchaku":21,"Shovel":18,"Shuriken":12,"Bloody Idol":11,"MutagenicStrength":15,"MealTicket":7,"Bag of Marbles":25,"Bottled Lightning":13,"Membership Card":18,"TungstenRod":0,"InkBottle":14},{"Golden Idol":30,"Dead Branch":17,"Thread and Needle":28,"Mango":66,"Orichalcum":45,"Cursed Key":54,"Burning Blood":0,"Blood Vial":64,"SlaversCollar":37,"Centennial Puzzle":30,"Nunchaku":64,"Shovel":56,"Shuriken":40,"Bloody Idol":38,"MutagenicStrength":51,"MealTicket":28,"Bag of Marbles":71,"Bottled Lightning":45,"Membership Card":56,"TungstenRod":0,"InkBottle":48}],"TungstenRod":48,"InkBottle":[31]},"card_choices":[{"not_picked":["Havoc","Flex"],"picked":"Body Slam","floor":1},{"not_picked":["Headbutt","Clash"],"picked":"Bludgeon","floor":3},{"not_picked":["Shockwave","Armaments"],"picked":"Clothesline","floor":4},{"not_picked":["Dual Wield","Wild Strike"],"picked":"Shrug It Off","floor":5},{"not_picked":["Clothesline","Armaments"],"picked":"Havoc","floor":6},{"not_picked":["Blood for Blood","Cleave"],"picked":"Armaments","floor":7},{"not_picked":["Twin Strike","Clash","Sword Boomerang"],"picked":"SKIP","floor":8},{"not_picked":["Cleave","Rampage","Warcry"],"picked":"SKIP","floor":12},{"not_picked":["Demon Form","True Grit"],"picked":"Shrug It Off","floor":14},{"not_picked":["Juggernaut","Brutality"],"picked":"Offering","floor":16},{"not_picked":["Anger","Cleave"],"picked":"Body Slam","floor":18},{"not_picked":["Rampage","Cleave"],"picked":"Shrug It Off","floor":23},{"not_picked":["Whirlwind","Rage","Ghostly Armor"],"picked":"SKIP","floor":25},{"not_picked":["Entrench","Flex","Sword Boomerang"],"picked":"SKIP","floor":28},{"not_picked":["Pummel","Heavy Blade"],"picked":"Pommel Strike","floor":29},{"not_picked":["Berserk","Reaper"],"picked":"Juggernaut","floor":33},{"not_picked":["Anger+1","Heavy Blade+1","Body Slam+1"],"picked":"SKIP","floor":35},{"not_picked":["Pommel Strike","Sword Boomerang+1","Thunderclap"],"picked":"SKIP","floor":38},{"not_picked":["Armaments","Wild Strike"],"picked":"Offering","floor":39},{"not_picked":["Whirlwind","Flex","Exhume"],"picked":"SKIP","floor":40},{"not_picked":["Whirlwind","Flex"],"picked":"Exhume","floor":40},{"not_picked":["Clash+1","Rupture","Heavy Blade"],"picked":"SKIP","floor":42},{"not_picked":["Clash+1","Rupture","Heavy Blade"],"picked":"SKIP","floor":42},{"not_picked":["Shrug It Off","Armaments+1"],"picked":"Sentinel","floor":46},{"not_picked":["Hemokinesis+1","Sword Boomerang","Reckless Charge"],"picked":"SKIP","floor":47},{"not_picked":["Clothesline","Flex","Clash"],"picked":"SKIP","floor":48}],"player_experience":658846,"relics_obtained":[{"floor":6,"key":"Dead Branch"},{"floor":8,"key":"Thread and Needle"},{"floor":9,"key":"MealTicket"},{"floor":12,"key":"Centennial Puzzle"},{"floor":23,"key":"Shuriken"},{"floor":25,"key":"Orichalcum"},{"floor":26,"key":"Bottled Lightning"},{"floor":28,"key":"InkBottle"},{"floor":36,"key":"Shovel"},{"floor":40,"key":"Blood Vial"},{"floor":41,"key":"Nunchaku"},{"floor":42,"key":"Mango"},{"floor":49,"key":"Bag of Marbles"}],"event_choices":[{"damage_healed":0,"gold_gain":50,"player_choice":"Pray","damage_taken":0,"max_hp_gain":0,"max_hp_loss":0,"event_name":"Golden Shrine","floor":2,"gold_loss":0},{"damage_healed":0,"gold_gain":0,"player_choice":"Lose Max HP","damage_taken":0,"relics_obtained":["Golden Idol"],"max_hp_gain":0,"max_hp_loss":7,"event_name":"Golden Idol","floor":13,"gold_loss":0},{"cards_removed":["Strike_R"],"damage_healed":0,"gold_gain":0,"player_choice":"Elegance","damage_taken":0,"max_hp_gain":0,"max_hp_loss":0,"event_name":"Back to Basics","floor":20,"gold_loss":0},{"damage_healed":0,"gold_gain":0,"player_choice":"Gave Idol","damage_taken":0,"relics_obtained":["Bloody Idol"],"max_hp_gain":0,"max_hp_loss":0,"event_name":"Forgotten Altar","floor":21,"relics_lost":["Golden Idol"],"gold_loss":0},{"damage_healed":0,"gold_gain":0,"player_choice":"Ignored","damage_taken":0,"max_hp_gain":0,"max_hp_loss":0,"event_name":"The Mausoleum","floor":22,"gold_loss":0},{"damage_healed":0,"gold_gain":0,"player_choice":"Inject Mutagens","damage_taken":0,"relics_obtained":["MutagenicStrength"],"max_hp_gain":0,"max_hp_loss":0,"event_name":"Drug Dealer","floor":31,"gold_loss":0},{"damage_healed":0,"gold_gain":0,"player_choice":"Fight","damage_taken":0,"max_hp_gain":0,"max_hp_loss":0,"event_name":"MindBloom","floor":36,"gold_loss":0},{"cards_removed":["Strike_R"],"damage_healed":0,"gold_gain":0,"player_choice":"Removed Attack","damage_taken":0,"max_hp_gain":0,"max_hp_loss":0,"event_name":"Falling","floor":44,"gold_loss":0}],"is_beta":false,"boss_relics":[{"not_picked":["SacredBark","Fusion Hammer"],"picked":"SlaversCollar"},{"not_picked":["Black Star","Runic Cube"],"picked":"Cursed Key"}],"items_purged_floors":[10],"is_endless":false,"potions_floor_spawned":[3,5,7,12,14,29,33,38,39,42,47],"ascension_level":20}}