{"host":"dj20jyxj5yo6mk8a","time":1614205335,"event":{"mods":["AchievementEnabler","BaseMod","BetterRewards","Card Forge","Evolution","Gold Saver","Minty Spire (QoL Compilation)","Reliquary","Replay The Spire","StSLib","Uncapped"],"gold_per_floor":[114,133,147,147,1,1,32,47,47,79,96,131,131,141,141,244,244,264,264,264,275,287,317,317,351,351,364,389,389,403,428,428,523,523,540,287,306,325,340,369,385,385,464,464,493,493,507,265,265,265],"floor_reached":51,"language":"ENG","playtime":3165,"items_purged":[],"score":1723,"play_id":"6c1c76b3-eadd-4d0a-98d7-007cb0de5926","local_time":"20210224192215","is_ascension_mode":true,"campfire_choices":[{"floor":6,"key":"REST"},{"floor":13,"key":"REST"},{"floor":15,"key":"REST"},{"floor":24,"key":"REST"},{"floor":32,"key":"REST"},{"floor":46,"key":"REST"},{"floor":49,"key":"DIG"}],"circlet_count":0,"master_deck":["Strike_G+1","Strike_G+1","Strike_G+1","Strike_G+1","Strike_G+1","Defend_G+1","Defend_G+1","Defend_G+1","Defend_G+1","Defend_G+1","Survivor+1","Neutralize+1","White Noise+1","Dramatic Entrance+1","LiveForever+1","BecomeAlmighty+1","Blind+1","Swift Strike+1","White Noise+1","BecomeAlmighty+1","Dramatic Entrance+1","Discovery+1","LiveForever+1","White Noise+1","LiveForever+1","White Noise+1","LiveForever+1","Deadly Poison+1","Toxin Wave+1","A Thousand Cuts+1","Crippling Poison+1","Deflect+1","Draining Mist+1","Burst+1","Dagger Spray+1","Deflect+1","Glass Knife+1","Distraction+1","Deadly Poison+1","Slice+1"],"relics":["Ring of the Snake","Hammer of Thor","Seething Fire","Anvil of the Gods","EVO:Axolotl","reliquary:SilkGlove","Bag of Marbles","reliquary:Stiletto","Lizard Tail","Iron Hammer","Sozu","Orichalcum","Regal Pillow","reliquary:TridentHead","Replay:Bottled Snecko","reliquary:TatteredRug","Replay:Kaleidoscope","Singing Bowl","Tingsha","Ring of Chaos","Nunchaku","Divine Protection","reliquary:IridiumChain"],"acts_visited":["Exordium","TheCity","TheBeyond"],"potions_floor_usage":[],"damage_taken":[{"damage":0,"enemies":"Small Slimes","floor":1,"turns":1},{"damage":0,"enemies":"Jaw Worm","floor":2,"turns":1},{"damage":0,"enemies":"Cultist","floor":3,"turns":4},{"damage":0,"enemies":"Gremlin Nob","floor":7,"turns":5},{"damage":0,"enemies":"Exordium Thugs","floor":8,"turns":1},{"damage":2,"enemies":"3 Sentries","floor":10,"turns":2},{"damage":0,"enemies":"3 Louse","floor":11,"turns":1},{"damage":0,"enemies":"Gremlin Nob","floor":12,"turns":2},{"damage":0,"enemies":"Large Slime","floor":14,"turns":1},{"damage":12,"enemies":"Hexaghost","floor":16,"turns":6},{"damage":0,"enemies":"Shell Parasite","floor":18,"turns":4},{"damage":0,"enemies":"2 Thieves","floor":21,"turns":3},{"damage":4,"enemies":"Sentry and Sphere","floor":22,"turns":2},{"damage":0,"enemies":"Gremlin Leader","floor":23,"turns":4},{"damage":13,"enemies":"Slavers","floor":25,"turns":2},{"damage":0,"enemies":"Centurion and Healer","floor":27,"turns":3},{"damage":14,"enemies":"Replay:Snechameleon","floor":28,"turns":4},{"damage":0,"enemies":"3 Cultists","floor":30,"turns":2},{"damage":0,"enemies":"Gremlin Leader","floor":31,"turns":5},{"damage":6,"enemies":"Pondfish","floor":33,"turns":9},{"damage":0,"enemies":"3 Shapes","floor":35,"turns":1},{"damage":0,"enemies":"3 Darklings","floor":37,"turns":1},{"damage":2,"enemies":"Writhing Mass","floor":38,"turns":4},{"damage":0,"enemies":"Maw","floor":39,"turns":8},{"damage":0,"enemies":"Giant Head","floor":40,"turns":10},{"damage":0,"enemies":"Jaw Worm Horde","floor":41,"turns":1},{"damage":4,"enemies":"Nemesis","floor":45,"turns":5},{"damage":24,"enemies":"4 Shapes","floor":47,"turns":1},{"damage":3,"enemies":"Time Eater","floor":50,"turns":10}],"seed_played":"4399699407063641413","potions_obtained":[],"is_trial":false,"path_per_floor":["M","M","M","?","$","R","E","M","T","E","M","E","R","M","R","B",null,"M","?","?","M","M","E","R","E","T","M","E","$","M","E","R","B",null,"M","$","M","M","M","E","M","?","T","?","E","R","M","$","R","B",null],"character_chosen":"THE_SILENT","items_purchased":["Bag of Marbles","Singing Bowl","Divine Protection"],"campfire_rested":6,"item_purchase_floors":[5,36,48],"current_hp_per_floor":[70,70,70,45,45,68,68,68,68,66,66,66,77,77,77,65,74,74,74,74,74,70,70,77,64,64,64,50,50,50,50,77,71,76,76,76,78,78,80,80,82,82,82,82,80,87,63,63,63,60],"gold":265,"neow_bonus":"TEN_PERCENT_HP_BONUS","is_daily":false,"chose_seed":false,"campfire_upgraded":0,"win_rate":0.0,"timestamp":1614205335,"path_taken":["M","M","M","?","$","R","E","M","T","E","M","E","R","M","R","BOSS","M","?","?","M","?","E","R","E","T","M","E","$","M","E","R","BOSS","M","$","M","M","M","E","M","?","T","?","E","R","M","$","R","BOSS"],"items_purchased_type":["Relic","Relic","Relic"],"build_version":"2020-12-22","purchased_purges":0,"victory":true,"max_hp_per_floor":[77,77,77,77,77,77,77,77,77,77,77,77,77,77,77,77,77,77,77,77,77,77,77,77,77,77,77,77,77,77,77,77,77,77,77,77,79,81,83,83,85,85,85,85,87,87,87,87,87,87],"card_choices":[{"not_picked":["Escape Plan","ReplayTheSpireMod:Shiv Toss","Flying Knee"],"picked":"SKIP","floor":1},{"not_picked":["Catalyst","Dagger Throw"],"picked":"Deadly Poison","floor":2},{"not_picked":["Outmaneuver","Flying Knee"],"picked":"Toxin Wave","floor":3},{"not_picked":["Infinite Blades","Bane"],"picked":"A Thousand Cuts","floor":7},{"not_picked":["Bane","Heel Hook"],"picked":"Crippling Poison","floor":8},{"not_picked":["Flying Knee","Predator","Deadly Poison"],"picked":"SKIP","floor":10},{"not_picked":["Prepared","Dash","Deflect"],"picked":"SKIP","floor":11},{"not_picked":["Skewer","Backflip"],"picked":"Deflect","floor":12},{"not_picked":["Dodge and Roll","Dagger Spray"],"picked":"Draining Mist","floor":14},{"not_picked":["Storm of Steel","Venomology"],"picked":"Burst","floor":16},{"not_picked":["Underhanded Strike","Dodge and Roll","Poisoned Stab"],"picked":"SKIP","floor":18},{"not_picked":["Dagger Spray+1","Concentrate","Finisher"],"picked":"SKIP","floor":21},{"not_picked":["Hidden Blade","Dagger Throw"],"picked":"Dagger Spray","floor":22},{"not_picked":["Acrobatics","Finisher"],"picked":"Deflect","floor":23},{"not_picked":["Prepared","Blur","ReplayTheSpireMod:Shiv Toss"],"picked":"SKIP","floor":25},{"not_picked":["Deflect","Bouncing Flask","Poisoned Stab"],"picked":"SKIP","floor":27},{"not_picked":["Eviscerate","Fluid Movement","Acrobatics"],"picked":"SKIP","floor":28},{"not_picked":["Riddle With Holes","Prepared","Flying Knee"],"picked":"SKIP","floor":30},{"not_picked":["Deflect","Heel Hook","Dagger Throw+1"],"picked":"SKIP","floor":31},{"not_picked":["Wraith Form v2","Doppelganger"],"picked":"Glass Knife","floor":33},{"not_picked":["Dagger Spray+1","Deflect+1"],"picked":"Distraction+1","floor":35},{"not_picked":["Calculated Gamble+1","Reflex+1","Blade Dance+1"],"picked":"Singing Bowl","floor":37},{"not_picked":["Noxious Fumes","ReplayTheSpireMod:The Works","ReplayTheSpireMod:Tripwire"],"picked":"Singing Bowl","floor":38},{"not_picked":["ReplayTheSpireMod:Exploit Weakness","Catalyst+1","Choke"],"picked":"Singing Bowl","floor":39},{"not_picked":["Cloak And Dagger+1","Predator"],"picked":"Deadly Poison+1","floor":40},{"not_picked":["Outmaneuver","Sucker Punch","Setup"],"picked":"Singing Bowl","floor":41},{"not_picked":["Quick Slash","ReplayTheSpireMod:Scrap Shanks+1","ReplayTheSpireMod:Tripwire"],"picked":"Singing Bowl","floor":45},{"not_picked":["ReplayTheSpireMod:Speed Training","Grand Finale"],"picked":"Slice+1","floor":47}],"player_experience":136107,"relics_obtained":[{"floor":9,"key":"reliquary:Stiletto"},{"floor":10,"key":"Lizard Tail"},{"floor":12,"key":"Iron Hammer"},{"floor":23,"key":"Regal Pillow"},{"floor":25,"key":"reliquary:TridentHead"},{"floor":26,"key":"Replay:Bottled Snecko"},{"floor":28,"key":"reliquary:TatteredRug"},{"floor":31,"key":"Replay:Kaleidoscope"},{"floor":40,"key":"Tingsha"},{"floor":42,"key":"Ring of Chaos"},{"floor":45,"key":"Nunchaku"},{"floor":49,"key":"reliquary:IridiumChain"}],"event_choices":[{"damage_healed":0,"gold_gain":0,"player_choice":"Success","damage_taken":25,"relics_obtained":["reliquary:SilkGlove"],"max_hp_gain":0,"max_hp_loss":0,"event_name":"Scrap Ooze","floor":4,"gold_loss":0},{"damage_healed":0,"gold_gain":0,"player_choice":"Ignored","damage_taken":0,"max_hp_gain":0,"max_hp_loss":0,"event_name":"Beggar","floor":19,"gold_loss":0},{"damage_healed":0,"gold_gain":0,"player_choice":"Ignored","damage_taken":0,"max_hp_gain":0,"max_hp_loss":0,"event_name":"Tomb of Lord Red Mask","floor":44,"gold_loss":0}],"is_beta":false,"boss_relics":[{"not_picked":["reliquary:RedPaperclip","ReplayTheSpireMod:DimensionalGlitch"],"picked":"Sozu"},{"not_picked":[]}],"items_purged_floors":[],"is_endless":false,"potions_floor_spawned":[1,7,8,11,16,22,28,30,31,35,47],"ascension_level":7}}