{"host":"tzyzz5n7hg2ni9q2","time":1612364585,"event":{"mods":["BaseMod","Minty Spire (QoL Compilation)","Quick Restart"],"gold_per_floor":[117,132,93,107,107,147,163,163,187,222,141,141,106,144,144,269,269,287,141,165,127,127,127,127,127,127,147,172,204,604,621,621,621,621],"floor_reached":33,"language":"ENG","playtime":1237,"items_purged":[],"score":390,"play_id":"774cde34-8151-45cc-a8c9-ef714ec67bd6","local_time":"20210203160305","is_ascension_mode":true,"campfire_choices":[{"data":"Caltrops","floor":8,"key":"SMITH"},{"data":"Neutralize","floor":12,"key":"SMITH"},{"floor":15,"key":"REST"},{"data":"Blur","floor":23,"key":"SMITH"},{"data":"Backflip","floor":25,"key":"SMITH"},{"data":"Dodge and Roll","floor":32,"key":"SMITH"}],"circlet_count":0,"master_deck":["Strike_G","Strike_G","Strike_G","Strike_G","Strike_G","Defend_G","Defend_G","Defend_G","Defend_G","Defend_G","Survivor","Neutralize+1","Quick Slash","Flying Knee","Caltrops+1","Cloak And Dagger","Dodge and Roll+1","Blur+1","Backflip+1","Adrenaline","Escape Plan+1","Escape Plan","Leg Sweep"],"relics":["Ring of the Snake","Bloody Idol","Bronze Scales","Tiny Chest","Strawberry","HornCleat","Sozu","Oddly Smooth Stone","MutagenicStrength","Juzu Bracelet","Snake Skull","Pear","Old Coin","Question Card"],"acts_visited":["Exordium","TheCity"],"potions_floor_usage":[30],"damage_taken":[{"damage":2,"enemies":"Cultist","floor":1,"turns":4},{"damage":0,"enemies":"Small Slimes","floor":2,"turns":3},{"damage":0,"enemies":"2 Louse","floor":4,"turns":2},{"damage":18,"enemies":"3 Sentries","floor":6,"turns":9},{"damage":0,"enemies":"2 Fungi Beasts","floor":7,"turns":4},{"damage":17,"enemies":"Gremlin Nob","floor":10,"turns":4},{"damage":19,"enemies":"3 Sentries","floor":14,"turns":9},{"damage":16,"enemies":"Hexaghost","floor":16,"turns":9},{"damage":2,"enemies":"Chosen","floor":18,"turns":6},{"damage":0,"enemies":"Shell Parasite","floor":20,"turns":5},{"damage":5,"enemies":"Snecko","floor":27,"turns":6},{"damage":12,"enemies":"Slavers","floor":29,"turns":7},{"damage":0,"enemies":"Colosseum Slavers","floor":30,"turns":5},{"damage":0,"enemies":"Colosseum Nobs","floor":30,"turns":5},{"damage":17,"enemies":"Snake Plant","floor":31,"turns":5},{"damage":81,"enemies":"Automaton","floor":33,"turns":18}],"seed_played":"-8066277148153814260","potions_obtained":[{"floor":4,"key":"BlessingOfTheForge"},{"floor":7,"key":"SneckoOil"},{"floor":14,"key":"PowerPotion"},{"floor":16,"key":"Fire Potion"}],"is_trial":false,"path_per_floor":["M","M","$","M","?","E","M","R","T","E","$","R","?","E","R","B",null,"M","$","M","$","?","R","?","R","T","M","T","E","?","M","R","B"],"character_chosen":"THE_SILENT","items_purchased":["Caltrops","Blur","Oddly Smooth Stone","Leg Sweep"],"campfire_rested":1,"item_purchase_floors":[3,11,19,21],"current_hp_per_floor":[68,68,68,68,68,50,50,50,50,40,40,40,59,40,63,47,70,68,68,68,68,68,68,68,68,68,68,73,76,86,74,74,0,0],"gold":621,"neow_bonus":"TEN_PERCENT_HP_BONUS","is_daily":false,"chose_seed":false,"campfire_upgraded":5,"win_rate":0.0,"timestamp":1612364585,"path_taken":["M","?","$","M","?","E","M","R","T","E","$","R","?","E","R","BOSS","M","$","M","$","?","R","?","R","T","M","?","E","?","M","R","BOSS"],"items_purchased_type":["Card","Card","Relic","Card"],"build_version":"2020-12-22","purchased_purges":0,"victory":false,"max_hp_per_floor":[77,77,77,77,71,71,71,71,71,78,78,78,78,78,78,78,78,78,78,78,78,78,78,78,78,78,78,78,88,88,88,88,88,88],"card_choices":[{"not_picked":["Slice","Outmaneuver"],"picked":"Quick Slash","floor":1},{"not_picked":["Prepared","Masterful Stab"],"picked":"Flying Knee","floor":2},{"not_picked":["Crippling Poison","Quick Slash"],"picked":"Cloak And Dagger","floor":4},{"not_picked":["A Thousand Cuts","Dagger Throw","Deflect"],"picked":"SKIP","floor":6},{"not_picked":["Infinite Blades","Poisoned Stab"],"picked":"Dodge and Roll","floor":7},{"not_picked":["Cloak And Dagger","Bouncing Flask","Deflect"],"picked":"SKIP","floor":10},{"not_picked":["Deflect","Flying Knee"],"picked":"Backflip","floor":14},{"not_picked":["Malaise","Envenom"],"picked":"Adrenaline","floor":16},{"not_picked":["Well Laid Plans","Dagger Spray"],"picked":"Escape Plan+1","floor":18},{"not_picked":["Distraction+1","Caltrops"],"picked":"Escape Plan","floor":20},{"not_picked":["Concentrate","Sucker Punch","Deadly Poison"],"picked":"SKIP","floor":27},{"not_picked":["Tactician","Dash+1","Dodge and Roll"],"picked":"SKIP","floor":29},{"not_picked":["Endless Agony","Outmaneuver","Blade Dance","Bane"],"picked":"SKIP","floor":31}],"player_experience":300404,"relics_obtained":[{"floor":6,"key":"Bronze Scales"},{"floor":9,"key":"Tiny Chest"},{"floor":10,"key":"Strawberry"},{"floor":14,"key":"HornCleat"},{"floor":26,"key":"Juzu Bracelet"},{"floor":28,"key":"Snake Skull"},{"floor":29,"key":"Pear"},{"floor":30,"key":"Old Coin"},{"floor":30,"key":"Question Card"}],"event_choices":[{"damage_healed":0,"gold_gain":0,"player_choice":"Lose Max HP","damage_taken":0,"relics_obtained":["Golden Idol"],"max_hp_gain":0,"max_hp_loss":6,"event_name":"Golden Idol","floor":5,"gold_loss":0},{"damage_healed":19,"gold_gain":0,"player_choice":"Healed","damage_taken":0,"max_hp_gain":0,"max_hp_loss":0,"event_name":"The Cleric","floor":13,"gold_loss":35},{"damage_healed":0,"gold_gain":0,"player_choice":"Inject Mutagens","damage_taken":0,"relics_obtained":["MutagenicStrength"],"max_hp_gain":0,"max_hp_loss":0,"event_name":"Drug Dealer","floor":22,"gold_loss":0},{"damage_healed":0,"gold_gain":0,"player_choice":"Gave Idol","damage_taken":0,"relics_obtained":["Bloody Idol"],"max_hp_gain":0,"max_hp_loss":0,"event_name":"Forgotten Altar","floor":24,"relics_lost":["Golden Idol"],"gold_loss":0},{"damage_healed":0,"gold_gain":0,"player_choice":"Fight","damage_taken":0,"max_hp_gain":0,"max_hp_loss":0,"event_name":"Colosseum","floor":30,"gold_loss":0},{"damage_healed":0,"gold_gain":0,"player_choice":"Fought Nobs","damage_taken":0,"max_hp_gain":0,"max_hp_loss":0,"event_name":"Colosseum","floor":30,"gold_loss":0}],"is_beta":false,"boss_relics":[{"not_picked":["Empty Cage","Snecko Eye"],"picked":"Sozu"}],"items_purged_floors":[],"is_endless":false,"potions_floor_spawned":[4,7,14,16,18,30,30],"killed_by":"Automaton","ascension_level":6}}