{"host":"wghdsg8ym2wc7ov9","time":1612382927,"event":{"mods":["A Penny For Your Troubles","AchievementEnabler","Astrologer","BaseMod","Beaked The Cultist","Better Altar","Better Note","ChefMod","Colored Map","Evolution","Fox Events","Hermit","Highlight Path","Jorbs\u0027s Wanderer Trilogy","KinomotoSakuraMod(????)","Minty Spire (QoL Compilation)","Random Character Button","Relic Stats","SIMod","Shop Mod","StSLib","The Blackbeard","The Bladedancer","The Construct","The Cursed","The Death Knight","The Gatherer","The Hierophant","The Marked","The Mystic","The Necromancer","The Runesmith","The Senshi","The Servant 0.9.4","Weighted Paths"],"gold_per_floor":[117,131,150,169,169,200,200,219,243,269,269,269,288,314,314,410,410,422,435,435,448,17,17,43,43,67,67,67,67],"floor_reached":28,"language":"ENG","playtime":3242,"items_purged":[],"score":284,"play_id":"637d8893-550e-4c03-8223-0a42d2d9511a","local_time":"20210203120847","is_ascension_mode":true,"campfire_choices":[{"floor":7,"key":"REST"},{"floor":11,"key":"REST"},{"floor":15,"key":"REST"},{"floor":23,"key":"REST"},{"floor":27,"key":"REST"}],"circlet_count":0,"master_deck":["Strike_B","Strike_B","Strike_B","Strike_B","Defend_B","Defend_B","Defend_B","Defend_B","Zap","Dualcast","Loop","Gash","Hello World","Rip and Tear","Glacier","Defragment","Self Repair","Chaos","Streamline","Loop","Redo","All For One","Go for the Eyes","Rebound","Necronomicurse","Undo","Defragment","White Noise","Writhe","Stack"],"relics":["Cracked Core","EVO:Axolotl","Pyrelight","theSenshi:SailorFukuRelic","Dream Catcher","Centennial Puzzle","Happy Flower","Dead Branch","Sozu","Necronomicon","Orichalcum","Runesmith:Locket","Cables","Juzu Bracelet","Bag of Marbles"],"acts_visited":["Exordium","TheCity"],"potions_floor_usage":[4,14,16,16,21],"damage_taken":[{"damage":0,"enemies":"Cultist","floor":1,"turns":4},{"damage":12,"enemies":"Small Slimes","floor":2,"turns":4},{"damage":7,"enemies":"Jaw Worm","floor":3,"turns":2},{"damage":14,"enemies":"3 Louse","floor":4,"turns":2},{"damage":23,"enemies":"3 Sentries","floor":6,"turns":5},{"damage":1,"enemies":"2 Fungi Beasts","floor":8,"turns":4},{"damage":16,"enemies":"Gremlin Nob","floor":10,"turns":5},{"damage":2,"enemies":"Blue Slaver","floor":13,"turns":5},{"damage":31,"enemies":"3 Sentries","floor":14,"turns":9},{"damage":6,"enemies":"Hexaghost","floor":16,"turns":11},{"damage":12,"enemies":"3 Byrds","floor":18,"turns":5},{"damage":24,"enemies":"Spheric Guardian","floor":19,"turns":6},{"damage":19,"enemies":"Snake Plant","floor":21,"turns":3},{"damage":38,"enemies":"Gremlin Leader","floor":24,"turns":4},{"damage":42,"enemies":"Shelled Parasite and Fungi","floor":28,"turns":4}],"seed_played":"-4007810998883775094","potions_obtained":[{"floor":3,"key":"DuplicationPotion"},{"floor":6,"key":"Explosive Potion"},{"floor":13,"key":"DeathKnight:RimePotion"},{"floor":14,"key":"Block Potion"},{"floor":16,"key":"FearPotion"}],"is_trial":false,"path_per_floor":["M","M","M","M","?","E","R","M","T","E","R","?","M","E","R","B",null,"M","M","?","M","$","R","E","?","T","R","M"],"character_chosen":"DEFECT","items_purchased":["Orichalcum","Runesmith:Locket"],"campfire_rested":5,"item_purchase_floors":[22,22],"current_hp_per_floor":[82,70,63,49,49,26,50,49,49,33,57,50,55,31,55,56,82,77,60,44,25,25,49,18,18,18,42,0,0],"gold":67,"neow_bonus":"TEN_PERCENT_HP_BONUS","is_daily":false,"chose_seed":false,"campfire_upgraded":0,"win_rate":0.0,"timestamp":1612382927,"path_taken":["M","M","?","M","?","E","R","M","T","E","R","?","M","E","R","BOSS","M","M","?","M","$","R","E","?","T","R","M"],"items_purchased_type":["Relic","Relic"],"build_version":"2020-12-22","purchased_purges":0,"victory":false,"max_hp_per_floor":[82,82,82,82,82,82,82,82,82,82,82,82,82,82,82,82,82,82,82,82,82,82,82,82,82,82,82,82,82],"relic_stats":{"Sozu":2,"Dream Catcher":4,"Centennial Puzzle":[24],"Happy Flower":[15],"counters":[15,72],"Dead Branch":[0],"Necronomicon":[4],"Juzu Bracelet":0,"Orichalcum":[24],"obtain_stats":[{"Happy Flower":12,"Dead Branch":14,"Runesmith:Locket":22,"Pyrelight":5,"Juzu Bracelet":25,"EVO:Axolotl":0,"Orichalcum":22,"Cables":24,"Sozu":17,"Dream Catcher":9,"Centennial Puzzle":10,"Necronomicon":20,"Bag of Marbles":26,"theSenshi:SailorFukuRelic":6,"Cracked Core":0},{"Happy Flower":7,"Dead Branch":9,"Runesmith:Locket":13,"Pyrelight":4,"Juzu Bracelet":14,"EVO:Axolotl":0,"Orichalcum":13,"Cables":14,"Sozu":10,"Dream Catcher":6,"Centennial Puzzle":7,"Necronomicon":12,"Bag of Marbles":14,"theSenshi:SailorFukuRelic":5,"Cracked Core":0},{"Happy Flower":26,"Dead Branch":39,"Runesmith:Locket":64,"Pyrelight":12,"Juzu Bracelet":68,"EVO:Axolotl":0,"Orichalcum":64,"Cables":68,"Sozu":50,"Dream Catcher":21,"Centennial Puzzle":26,"Necronomicon":61,"Bag of Marbles":68,"theSenshi:SailorFukuRelic":17,"Cracked Core":0}],"Cables":[4,4,0,0,0]},"card_choices":[{"not_picked":["Beam Cell","Stack"],"picked":"Loop","floor":1},{"not_picked":["Cold Snap","Ball Lightning"],"picked":"Gash","floor":2},{"not_picked":["Self Repair","Recycle"],"picked":"Hello World","floor":3},{"not_picked":["Scrape","Barrage"],"picked":"Rip and Tear","floor":4},{"not_picked":["FTL","Scrape"],"picked":"Glacier","floor":6},{"not_picked":["FTL","Double Energy"],"picked":"Defragment","floor":8},{"not_picked":["Streamline","Gash"],"picked":"Self Repair","floor":10},{"not_picked":["Doom and Gloom","Sweeping Beam"],"picked":"Chaos","floor":11},{"not_picked":["Biased Cognition","Coolheaded"],"picked":"Streamline","floor":13},{"not_picked":["Gash","BootSequence"],"picked":"Loop","floor":14},{"not_picked":["Lockon","Barrage"],"picked":"Redo","floor":15},{"not_picked":["Biased Cognition","Seek"],"picked":"All For One","floor":16},{"not_picked":["Redo","Turbo"],"picked":"Go for the Eyes","floor":18},{"not_picked":["Steam Power+1","Redo"],"picked":"Rebound","floor":19},{"not_picked":["Streamline","Steam"],"picked":"Undo","floor":21},{"not_picked":["Go for the Eyes","Lockon"],"picked":"Defragment","floor":23},{"not_picked":["Auto Shields+1","Fission"],"picked":"White Noise","floor":24},{"not_picked":["Redo","Tempest"],"picked":"Stack","floor":27}],"player_experience":884740,"relics_obtained":[{"floor":6,"key":"theSenshi:SailorFukuRelic"},{"floor":9,"key":"Dream Catcher"},{"floor":10,"key":"Centennial Puzzle"},{"floor":14,"key":"Dead Branch"},{"floor":20,"key":"Necronomicon"},{"floor":24,"key":"Cables"},{"floor":26,"key":"Bag of Marbles"}],"event_choices":[{"damage_healed":0,"gold_gain":0,"player_choice":"Success","damage_taken":7,"relics_obtained":["Happy Flower"],"max_hp_gain":0,"max_hp_loss":0,"event_name":"Scrap Ooze","floor":12,"gold_loss":0},{"damage_healed":0,"gold_gain":0,"player_choice":"Obtained Book","damage_taken":16,"max_hp_gain":0,"max_hp_loss":0,"event_name":"Cursed Tome","floor":20,"gold_loss":0},{"damage_healed":0,"gold_gain":0,"player_choice":"Opened","damage_taken":0,"relics_obtained":["Juzu Bracelet"],"max_hp_gain":0,"max_hp_loss":0,"event_name":"The Mausoleum","floor":25,"gold_loss":0,"cards_obtained":["Writhe"]}],"is_beta":false,"boss_relics":[{"not_picked":["construct:WeddingRing","Philosopher\u0027s Stone"],"picked":"Sozu"}],"items_purged_floors":[],"is_endless":false,"potions_floor_spawned":[3,6,13,14,16,21,24],"killed_by":"Shelled Parasite and Fungi","ascension_level":2}}