{"host":"btk6hapgokl8j5e3","time":1612358717,"event":{"mods":["Act Like it!","BaseMod","BetterRewards","Colored Powertips","Friendly Minions","GifTheSpireLib","Hallownest","Minty Spire (QoL Compilation)","StSLib","The Bug Knight"],"gold_per_floor":[119,49,49,68,68,81,81,81,81,116,129,54,54,71,71,169,169,182,182,182,194,206,206,222,222,222,142,156,172,184,184,184,286,286,297,197,112,135,147,181,181,196,196,71,71,86,104,122,122,122,122,122,44,72,72],"floor_reached":56,"language":"ENG","playtime":4077,"items_purged":["HollowMod:NailStrikeStart","HollowMod:NailStrikeStart","Regret"],"score":1181,"play_id":"63fedfd5-2fbb-489f-b88a-961cbf380299","local_time":"20210203142517","is_ascension_mode":false,"campfire_choices":[{"data":"HollowMod:MonarchWings","floor":7,"key":"SMITH"},{"data":"HollowMod:ShadowDash","floor":15,"key":"SMITH"},{"data":"HollowMod:ShadowDash","floor":23,"key":"SMITH"},{"data":"HollowMod:ShapeofUnn","floor":25,"key":"SMITH"},{"data":"HollowMod:HerrahsAnger","floor":32,"key":"SMITH"},{"floor":41,"key":"RECALL"},{"data":"HollowMod:SoulMaster","floor":49,"key":"SMITH"},{"data":"HollowMod:MonarchWings","floor":52,"key":"SMITH"}],"circlet_count":0,"master_deck":["HollowMod:NailStrikeStart","HollowMod:QuickDashStart","HollowMod:QuickDashStart","HollowMod:QuickDashStart","HollowMod:PogoStrike","HollowMod:DescendingDark","HollowMod:AbyssShriek+1","HollowMod:WraithStrike","HollowMod:MonarchWings+1","HollowMod:MonarchWings+1","HollowMod:CloakDash","HollowMod:ShadowDash+1","HollowMod:SoulMaster+1","HollowMod:DescendingDark+1","HollowMod:PerfectDash","HollowMod:ShapeofUnn+1","HollowMod:ShadowDash+1","HollowMod:VengefulVoid","Hallownest:skillCityofTearsMap","HollowMod:SiblingsSouls+1","HollowMod:HerrahsAnger+1","HollowMod:CloakDash","HollowMod:VoidDash","Hallownest:skillKingdomsEdgeMap","HollowMod:BlackTendrils","HollowMod:ShadowDash"],"relics":["HollowMod:VesselMask","Prayer Wheel","Hallownest:StagBellRelic1","Bag of Marbles","FossilizedHelix","Cursed Key","SlaversCollar","HollowMod:MillibellesNoteRelic","Lizard Tail"],"acts_visited":["Hallownest:Greenpath","Hallownest:CityofTears","Hallownest:KingdomsEdge","TheEnding"],"potions_floor_usage":[14,16,16,16,16,22,28,48,55,55,55],"damage_taken":[{"damage":0,"enemies":"Hallownest:2_MossCreeps","floor":1,"turns":5},{"damage":7,"enemies":"Hallownest:monsterHuskWarrior","floor":4,"turns":3},{"damage":0,"enemies":"Hallownest:2_Tiktiks_and_1_Crawlid","floor":6,"turns":1},{"damage":16,"enemies":"Hallownest:eliteMossKnight","floor":10,"turns":9},{"damage":0,"enemies":"Hallownest:MossCreep_and_Mosskin","floor":11,"turns":2},{"damage":0,"enemies":"Hallownest:monsterAspidMother","floor":13,"turns":2},{"damage":0,"enemies":"Hallownest:Guard_and_Warrior","floor":14,"turns":4},{"damage":33,"enemies":"Hallownest:BossHornet","floor":16,"turns":12},{"damage":0,"enemies":"Hallownest:Guard_and_Sentry","floor":18,"turns":6},{"damage":0,"enemies":"Hallownest:2_Mistakes","floor":21,"turns":3},{"damage":17,"enemies":"Hallownest:2_Husk_Sentries","floor":22,"turns":4},{"damage":0,"enemies":"Hallownest:monsterMisterMushroom","floor":24,"turns":4},{"damage":1,"enemies":"Hallownest:Master_and_Novice","floor":28,"turns":4},{"damage":0,"enemies":"Hallownest:Warrior_and_Youth","floor":29,"turns":4},{"damage":0,"enemies":"Hallownest:2_Flukemon","floor":30,"turns":4},{"damage":17,"enemies":"Hallownest:BossMantisLord","floor":33,"turns":6},{"damage":9,"enemies":"Hallownest:2_Littles","floor":35,"turns":3},{"damage":2,"enemies":"Hallownest:3_Siblings","floor":39,"turns":6},{"damage":0,"enemies":"Hallownest:StalkingDevout","floor":40,"turns":5},{"damage":0,"enemies":"Hallownest:Shield_Sturdy","floor":42,"turns":3},{"damage":0,"enemies":"Hallownest:Xero_Hu_Marmu","floor":46,"turns":4},{"damage":0,"enemies":"Hallownest:2_Great","floor":47,"turns":3},{"damage":0,"enemies":"Hallownest:monsterPrimalAspid","floor":48,"turns":3},{"damage":13,"enemies":"Hallownest:BossHollowKnight","floor":50,"turns":10},{"damage":0,"enemies":"Shield and Spear","floor":54,"turns":6},{"damage":37,"enemies":"The Heart","floor":55,"turns":7}],"seed_played":"-4681561626973306239","potions_obtained":[{"floor":1,"key":"EntropicBrew"},{"floor":10,"key":"Block Potion"},{"floor":16,"key":"Ancient Potion"},{"floor":18,"key":"Regen Potion"},{"floor":21,"key":"ColorlessPotion"},{"floor":24,"key":"Fire Potion"},{"floor":30,"key":"PowerPotion"},{"floor":35,"key":"SkillPotion"}],"is_trial":false,"path_per_floor":["M","?","?","M","?","M","R","?","T","E","M","$","M","M","R","B",null,"M","?","?","M","M","R","M","R","T","?","M","M","M","?","R","B",null,"M","$","?","?","M","E","R","M","T","$","?","M","M","M","R","B",null,"R","$","E","B",null],"character_chosen":"THE_BUGKNIGHT","items_purchased":["DuplicationPotion"],"campfire_rested":0,"item_purchase_floors":[53],"current_hp_per_floor":[64,64,64,57,57,57,57,57,57,41,41,41,41,41,41,8,75,75,71,71,71,54,54,54,54,54,54,65,65,65,65,65,48,75,66,66,66,66,64,64,64,74,74,74,74,75,75,75,75,62,75,75,75,75,47],"gold":72,"neow_bonus":"ONE_RARE_RELIC","is_daily":false,"chose_seed":false,"campfire_upgraded":7,"win_rate":0.0,"timestamp":1612358717,"path_taken":["M","?","?","?","?","M","R","?","T","E","M","$","M","M","R","BOSS","M","?","?","?","M","R","M","R","T","?","M","M","M","?","R","BOSS","M","$","?","?","M","E","R","?","T","$","?","M","M","M","R","BOSS","R","$","E","BOSS"],"items_purchased_type":["Potion"],"build_version":"2020-12-22","purchased_purges":3,"victory":true,"max_hp_per_floor":[75,75,75,75,75,75,75,75,75,75,75,75,75,75,75,75,75,75,75,75,75,75,75,75,75,75,75,75,75,75,75,75,75,75,75,75,75,75,75,75,75,75,75,75,75,75,75,75,75,75,75,75,75,75,75],"card_choices":[{"not_picked":["HollowMod:MonarchWings","HollowMod:NewJinnsSoul"],"picked":"HollowMod:DescendingDark","floor":1},{"not_picked":["HollowMod:CrystalDash","HollowMod:ChannelNail"],"picked":"HollowMod:AbyssShriek","floor":1},{"not_picked":["HollowMod:SoulStrike","HollowMod:GoodIntentions"],"picked":"HollowMod:WraithStrike","floor":4},{"not_picked":["HollowMod:NewJinnsSoul","HollowMod:InfectedCysts","HollowMod:ShapeofUnn"],"picked":"SKIP","floor":4},{"not_picked":["HollowMod:MidwifesHunger","HollowMod:NewJinnsSoul"],"picked":"HollowMod:MonarchWings","floor":6},{"not_picked":["HollowMod:WraithStrike","HollowMod:MawleksShell"],"picked":"HollowMod:MonarchWings","floor":6},{"not_picked":["HollowMod:InfectedAttack","HollowMod:NewGlowingWomb"],"picked":"HollowMod:CloakDash","floor":10},{"not_picked":["HollowMod:PureNailStrike","HollowMod:MantisMark","HollowMod:LifebloodCocoon"],"picked":"SKIP","floor":11},{"not_picked":["HollowMod:SoulStrike","HollowMod:SharpenedNail","HollowMod:SoulMaster"],"picked":"SKIP","floor":11},{"not_picked":["HollowMod:PureNailStrike","HollowMod:MantisMark","HollowMod:LifebloodCocoon"],"picked":"SKIP","floor":11},{"not_picked":["HollowMod:SoulStrike","HollowMod:SharpenedNail","HollowMod:SoulMaster"],"picked":"SKIP","floor":11},{"not_picked":["HollowMod:PerfectDash","HollowMod:HuntersJournal"],"picked":"HollowMod:ShadowDash","floor":13},{"not_picked":["HollowMod:HowlingWraiths","HollowMod:SoulSplash","HollowMod:InfectedCysts"],"picked":"SKIP","floor":13},{"not_picked":["HollowMod:CrystalDash","HollowMod:InfectedAttack","HollowMod:GrimmsGift"],"picked":"SKIP","floor":14},{"not_picked":["HollowMod:CornifersMapStart","HollowMod:NewLittleFool","HollowMod:InfectedCysts"],"picked":"SKIP","floor":14},{"not_picked":["HollowMod:ZotesMagnificence","HollowMod:HornetsHelp"],"picked":"HollowMod:SoulMaster","floor":16},{"not_picked":["HollowMod:HowlingWraiths+1","HollowMod:DreamGate"],"picked":"HollowMod:DescendingDark+1","floor":18},{"not_picked":["HollowMod:NewJinnsSoul","HollowMod:HowlingWraiths+1"],"picked":"HollowMod:PerfectDash","floor":18},{"not_picked":["HollowMod:DesolateDive","HollowMod:GoodIntentions+1"],"picked":"HollowMod:ShapeofUnn","floor":21},{"not_picked":["HollowMod:CycloneSlash","HollowMod:CoiledNail"],"picked":"HollowMod:ShadowDash","floor":21},{"not_picked":["HollowMod:FallenFury+1","HollowMod:MidwifesHunger","HollowMod:SiblingsSouls"],"picked":"SKIP","floor":22},{"not_picked":["HollowMod:DoubleDash","HollowMod:MantisMark","HollowMod:VengefulSpirit"],"picked":"SKIP","floor":22},{"not_picked":["HollowMod:SiblingsSouls","HollowMod:MantisMark+1"],"picked":"HollowMod:VengefulVoid","floor":24},{"not_picked":["HollowMod:DreamGate","HollowMod:MantisMark","HollowMod:SoulSplash+1"],"picked":"SKIP","floor":24},{"not_picked":["HollowMod:ChannelNail","HollowMod:DoubleDash"],"picked":"HollowMod:SiblingsSouls+1","floor":28},{"not_picked":["HollowMod:SharpenedNail+1","HollowMod:DashSlash"],"picked":"HollowMod:HerrahsAnger","floor":28},{"not_picked":["HollowMod:BrokenVessel+1","HollowMod:NewJinnsSoul"],"picked":"HollowMod:CloakDash","floor":29},{"not_picked":["HollowMod:ChannelNail+1","HollowMod:DoubleDash+1","HollowMod:GrimmsGift"],"picked":"SKIP","floor":29},{"not_picked":["HollowMod:SiblingsSouls","HollowMod:BrokenVessel+1","HollowMod:VengefulVoid"],"picked":"SKIP","floor":30},{"not_picked":["HollowMod:ShapeofUnn","HollowMod:GreatSlash","HollowMod:FallenFury"],"picked":"SKIP","floor":30},{"not_picked":["HollowMod:SlysStrikes","HollowMod:Weaversong"],"picked":"HollowMod:VoidDash","floor":33},{"not_picked":["HollowMod:LifebloodCocoon","HollowMod:FastStrike+1","HollowMod:MonomonsArchive"],"picked":"SKIP","floor":35},{"not_picked":["HollowMod:CycloneSlash","HollowMod:NewLittleFool+1","HollowMod:MantisMark+1"],"picked":"SKIP","floor":35},{"not_picked":["HollowMod:SharpenedNail","HollowMod:HowlingWraiths","HollowMod:InfectedAttack"],"picked":"SKIP","floor":39},{"not_picked":["HollowMod:Hiveblood","HollowMod:BrokenVessel","HollowMod:GoodIntentions"],"picked":"SKIP","floor":39},{"not_picked":["HollowMod:SlysStrikes","HollowMod:SoulSplash+1"],"picked":"HollowMod:BlackTendrils","floor":40},{"not_picked":["HollowMod:InfectedCysts","HollowMod:SoulStrike","HollowMod:InfectedAttack+1"],"picked":"SKIP","floor":42},{"not_picked":["HollowMod:BrokenVessel+1","HollowMod:MonarchWings+1","HollowMod:VengefulSpirit+1"],"picked":"SKIP","floor":42},{"not_picked":["HollowMod:ChannelNail+1","HollowMod:VengefulSpirit","HollowMod:GrimmsGift+1"],"picked":"SKIP","floor":46},{"not_picked":["HollowMod:CrystalDash+1","HollowMod:BrokenVessel","HollowMod:AbyssShriek+1"],"picked":"SKIP","floor":46},{"not_picked":["HollowMod:CycloneSlash+1","HollowMod:VengefulVoid","HollowMod:ShadowDash"],"picked":"SKIP","floor":47},{"not_picked":["HollowMod:SoulSplash","HollowMod:LuriensSpire+1","HollowMod:NewLittleFool"],"picked":"SKIP","floor":47},{"not_picked":["HollowMod:NewJinnsSoul+1","HollowMod:NewInfectedGuardian","HollowMod:SoulStrike"],"picked":"SKIP","floor":48},{"not_picked":["HollowMod:ShadowDash","HollowMod:DoubleDash+1","HollowMod:DashSlash+1"],"picked":"SKIP","floor":48},{"not_picked":["HollowMod:SoulStrike","HollowMod:InfectionAssault"],"picked":"HollowMod:ShadowDash","floor":54}],"player_experience":209630,"relics_obtained":[{"floor":9,"key":"Bag of Marbles"},{"floor":10,"key":"FossilizedHelix"},{"floor":40,"key":"HollowMod:MillibellesNoteRelic"},{"floor":54,"key":"Lizard Tail"}],"event_choices":[],"is_beta":false,"boss_relics":[{"not_picked":["Fusion Hammer","Busted Crown"],"picked":"Cursed Key"},{"not_picked":["Philosopher\u0027s Stone","Coffee Dripper"],"picked":"SlaversCollar"}],"items_purged_floors":[12,36,44],"is_endless":false,"potions_floor_spawned":[1,10,16,18,21,24,30,35,40,42],"ascension_level":0}}