{"host":"j4nfyhit1dl35m08","time":1612337790,"event":{"mods":["BaseMod","Downfall","Highlight Path","Minty Spire (QoL Compilation)","StSLib"],"gold_per_floor":[99,112,131,145,155,155,155,175,210,225,258,258,258,16,32,128,128,128,141,161,161,161,176,176,126,138,138,149,181,81,43,59,157,157,157,167,18,36,47,47,128,156,256,282,182,194,194,194,211,211],"floor_reached":51,"language":"ENG","playtime":5935,"items_purged":[],"score":1073,"play_id":"25bc3941-dc7d-4019-9247-f807e4c93f30","local_time":"20210203013630","is_ascension_mode":true,"campfire_choices":[{"data":"bronze:Goto","floor":1,"key":"SMITH"},{"floor":13,"key":"REST"},{"data":"bronze:CloningBeam","floor":18,"key":"SMITH"},{"floor":30,"key":"REST"},{"data":"bronze:Assembly","floor":35,"key":"SMITH"},{"data":"bronze:ClassDefault","floor":40,"key":"SMITH"},{"data":"bronze:Verify","floor":45,"key":"SMITH"},{"floor":47,"key":"REST"}],"circlet_count":0,"master_deck":["bronze:Replicate","bronze:Goto+1","bronze:Constructor","bronze:Flail","bronze:ClassDefault","bronze:MaxOutput","bronze:Boost","bronze:Repulsor","bronze:Fortify","bronze:Mutator","bronze:CloningBeam+1","bronze:Optimize","bronze:HardenedForm","bronze:Safeguard","bronze:BronzeArmor","bronze:FineTuning","bronze:Optimize","bronze:AlphaBuild","bronze:HyperBeam","bronze:BuggyMess","bronze:BugBarrage+1","bronze:Shell","bronze:Overheat","bronze:FollowUp+1","bronze:Turbo+1","bronze:HardenedForm","bronze:Branch","bronze:DarkDash+1","bronze:Assembly+1","bronze:Verify+1","bronze:ClassDefault+1","Flash of Steel","bronze:ItsAFeature+1","bronze:FineTuning","bronze:ForceShield+1","bronze:Iterate+1"],"relics":["SlaversCollar","Kunai","Lantern","Lizard Tail","Mummified Hand","Bag of Preparation","Pandora\u0027s Box","Strawberry","Enchiridion","Singing Bowl","downfall:HeartBlessingBlue","Black Star","Frozen Egg 2","Torii","Nunchaku","Potion Belt","Bronze Scales","Incense Burner","downfall:HeartBlessingGreen"],"acts_visited":["Exordium","TheCity","TheBeyond"],"potions_floor_usage":[4,8,10,11,11,11,20,20,36,39,39,42,43,48,49,50],"damage_taken":[{"damage":4,"enemies":"Small Slimes","floor":2,"turns":6},{"damage":6,"enemies":"Cultist","floor":3,"turns":4},{"damage":7,"enemies":"Jaw Worm","floor":4,"turns":5},{"damage":6,"enemies":"Blue Slaver","floor":5,"turns":5},{"damage":2,"enemies":"Exordium Thugs","floor":8,"turns":6},{"damage":8,"enemies":"Lagavulin","floor":9,"turns":8},{"damage":1,"enemies":"Red Slaver","floor":10,"turns":5},{"damage":9,"enemies":"Gremlin Nob","floor":11,"turns":5},{"damage":0,"enemies":"downfall:FleeingMerchant","floor":14,"turns":4},{"damage":7,"enemies":"Large Slime","floor":15,"turns":6},{"damage":23,"enemies":"IC_STATUS_ARCHETYPE","floor":16,"turns":9},{"damage":0,"enemies":"Chosen","floor":19,"turns":3},{"damage":0,"enemies":"Shell Parasite","floor":20,"turns":5},{"damage":26,"enemies":"Shelled Parasite and Fungi","floor":23,"turns":5},{"damage":18,"enemies":"3 Cultists","floor":26,"turns":3},{"damage":4,"enemies":"Snake Plant","floor":28,"turns":5},{"damage":0,"enemies":"Slavers","floor":29,"turns":2},{"damage":0,"enemies":"downfall:FleeingMerchant","floor":31,"turns":4},{"damage":15,"enemies":"Shelled Parasite and Fungi","floor":32,"turns":3},{"damage":0,"enemies":"WA_ARCHETYPE_CALM","floor":33,"turns":8},{"damage":0,"enemies":"Orb Walker","floor":36,"turns":3},{"damage":0,"enemies":"downfall:FleeingMerchant","floor":37,"turns":4},{"damage":0,"enemies":"3 Darklings","floor":38,"turns":1},{"damage":2,"enemies":"Spire Growth","floor":39,"turns":3},{"damage":33,"enemies":"Reptomancer","floor":42,"turns":5},{"damage":1,"enemies":"downfall:LadyInBlue","floor":43,"turns":5},{"damage":0,"enemies":"Giant Head","floor":44,"turns":6},{"damage":2,"enemies":"4 Shapes","floor":46,"turns":2},{"damage":0,"enemies":"Transient","floor":48,"turns":2},{"damage":10,"enemies":"Spire Growth","floor":49,"turns":5},{"damage":30,"enemies":"SI_POISON_ARCHETYPE","floor":50,"turns":6}],"seed_played":"7764680199885462381","potions_obtained":[{"floor":3,"key":"Fruit Juice"},{"floor":5,"key":"sneckomod:MuddlingPotion"},{"floor":6,"key":"PowerPotion"},{"floor":6,"key":"Fire Potion"},{"floor":6,"key":"Guardian:BlockOnCardUsePotion"},{"floor":8,"key":"Block Potion"},{"floor":9,"key":"bronze:BurnAndBuffPotion"},{"floor":10,"key":"EntropicBrew"},{"floor":15,"key":"Explosive Potion"},{"floor":20,"key":"SpeedPotion"},{"floor":26,"key":"Weak Potion"},{"floor":28,"key":"ColorlessPotion"},{"floor":29,"key":"LiquidBronze"},{"floor":32,"key":"Slimebound:ThreeZeroPotion"},{"floor":36,"key":"DistilledChaos"},{"floor":39,"key":"bronze:BuildAFunctionPotion"},{"floor":42,"key":"Swift Potion"},{"floor":43,"key":"SmokeBomb"},{"floor":43,"key":"champ:CounterPotion"},{"floor":43,"key":"Block Potion"},{"floor":49,"key":"Explosive Potion"}],"is_trial":false,"path_per_floor":["R","M","M","M","M","?","T","M","E","M","E","T","R","$","M","B",null,"R","M","M","?","T","M","T","?","M","?","M","E","R","$","M","B",null,"R","M","$","M","M","R","T","E","?","E","R","M","R","M","M","B",null],"character_chosen":"THE_AUTOMATON","items_purchased":["Bag of Preparation","bronze:Optimize","bronze:Branch","bronze:ClassDefault","Flash of Steel"],"campfire_rested":3,"item_purchase_floors":[14,14,31,37,37],"current_hp_per_floor":[70,66,60,58,52,52,52,50,42,41,32,32,54,54,47,24,75,75,75,75,75,82,56,56,82,64,48,44,44,81,83,68,68,94,94,96,96,96,94,94,94,63,64,64,64,64,94,94,84,54],"gold":211,"neow_bonus":"BOSS_RELIC","is_daily":false,"chose_seed":false,"campfire_upgraded":5,"win_rate":0.0,"timestamp":1612337790,"path_taken":["R","M","M","M","M","?","T","M","E","?","E","?","R","?","M","BOSS","R","M","M","?","?","?","T","?","M","?","M","E","R","$","M","BOSS","R","M","$","M","M","R","T","E","?","E","R","M","R","M","M","BOSS"],"items_purchased_type":["Relic","Card","Card","Card","Card"],"build_version":"2020-12-22","purchased_purges":0,"victory":true,"max_hp_per_floor":[70,70,70,75,75,75,75,75,75,75,75,75,75,75,75,75,75,75,75,75,75,82,82,82,82,82,82,82,82,92,94,94,94,94,94,96,96,96,96,96,96,98,100,100,100,102,102,102,102,102],"card_choices":[{"not_picked":["bronze:BugBarrage","bronze:Frontload"],"picked":"bronze:Constructor","floor":2},{"not_picked":["bronze:DelayedGuard","bronze:Branch"],"picked":"bronze:Flail","floor":3},{"not_picked":["bronze:OilSpill","bronze:Overload"],"picked":"bronze:ClassDefault","floor":4},{"not_picked":["bronze:ItsAFeature","bronze:BugBarrage"],"picked":"bronze:MaxOutput","floor":5},{"not_picked":["bronze:Backtrace","bronze:Branch"],"picked":"bronze:Boost","floor":8},{"not_picked":["bronze:NullPointer","bronze:Overheat"],"picked":"bronze:Repulsor","floor":9},{"not_picked":["bronze:Invalidate","bronze:Safeguard"],"picked":"bronze:Fortify","floor":10},{"not_picked":["bronze:InfiniteBeams","bronze:ForLoop"],"picked":"bronze:Mutator","floor":11},{"not_picked":["bronze:OilSpill","bronze:BuggyMess"],"picked":"bronze:CloningBeam","floor":14},{"not_picked":["bronze:MaxOutput","bronze:Frontload","bronze:Repulsor"],"picked":"SKIP","floor":15},{"not_picked":["bronze:CleanCode","bronze:AlphaBuild"],"picked":"bronze:HardenedForm","floor":16},{"not_picked":["bronze:Constructor+1","bronze:Deprecate"],"picked":"bronze:BugBarrage+1","floor":19},{"not_picked":["bronze:Overload","bronze:Allocate+1"],"picked":"bronze:Shell","floor":20},{"not_picked":["bronze:DarkDash+1","bronze:Branch"],"picked":"bronze:Overheat","floor":23},{"not_picked":["bronze:Shell","bronze:CloningBeam"],"picked":"bronze:FollowUp+1","floor":26},{"not_picked":["bronze:DarkDash","bronze:WildBeam"],"picked":"bronze:Turbo+1","floor":28},{"not_picked":["bronze:Allocate","bronze:Shield"],"picked":"bronze:HardenedForm","floor":29},{"not_picked":["bronze:ChosenStrike","bronze:MaxOutput","bronze:WildBeam"],"picked":"Singing Bowl","floor":31},{"not_picked":["bronze:BitShift","bronze:Branch"],"picked":"bronze:DarkDash+1","floor":32},{"not_picked":["bronze:Virus","bronze:Library"],"picked":"bronze:Assembly","floor":33},{"not_picked":["bronze:Branch","bronze:CloningBeam","bronze:OilSpill+1"],"picked":"Singing Bowl","floor":36},{"not_picked":["bronze:BitShift","bronze:BuggyMess+1"],"picked":"bronze:Verify","floor":37},{"not_picked":["bronze:Optimize","bronze:Fortify"],"picked":"bronze:ItsAFeature+1","floor":38},{"not_picked":["bronze:GetLatest","bronze:Iterate"],"picked":"bronze:FineTuning","floor":39},{"not_picked":["bronze:FollowUp+1","bronze:DelayedGuard+1","bronze:CutThrough"],"picked":"Singing Bowl","floor":42},{"not_picked":["bronze:Invalidate","bronze:ChildClass","bronze:Overheat"],"picked":"Singing Bowl","floor":43},{"not_picked":["bronze:TinkerersToolbox","bronze:DarkDash"],"picked":"bronze:ForceShield+1","floor":44},{"not_picked":["bronze:Invalidate+1","bronze:CloningBeam","bronze:BitShift+1"],"picked":"Singing Bowl","floor":46},{"not_picked":["bronze:BitShift+1","bronze:Boost+1"],"picked":"bronze:Iterate+1","floor":49}],"player_experience":382300,"relics_obtained":[{"floor":7,"key":"Kunai"},{"floor":9,"key":"Lantern"},{"floor":11,"key":"Lizard Tail"},{"floor":12,"key":"Mummified Hand"},{"floor":22,"key":"Strawberry"},{"floor":27,"key":"Enchiridion"},{"floor":29,"key":"Singing Bowl"},{"floor":41,"key":"Frozen Egg 2"},{"floor":42,"key":"Torii"},{"floor":42,"key":"Nunchaku"},{"floor":43,"key":"Potion Belt"},{"floor":44,"key":"Bronze Scales"},{"floor":44,"key":"Incense Burner"}],"event_choices":[{"damage_healed":0,"gold_gain":0,"player_choice":"Got Potions","damage_taken":0,"max_hp_gain":0,"max_hp_loss":0,"event_name":"Lab","floor":6,"gold_loss":0}],"is_beta":false,"boss_relics":[{"not_picked":["Philosopher\u0027s Stone","SacredBark"],"picked":"Pandora\u0027s Box"},{"not_picked":["Runic Pyramid","Sozu"],"picked":"Black Star"}],"items_purged_floors":[],"is_endless":false,"potions_floor_spawned":[3,5,8,9,10,15,20,26,28,29,32,36,38,39,42,49],"ascension_level":3}}