{"host":"k5yjj86hwv5qv2gx","time":1612380964,"event":{"mods":["BaseMod","BetterRewards","Minty Spire (QoL Compilation)","StSLib"],"gold_per_floor":[115,115,115,265,225,260,60,86,160,186,204,204,236,251,251,326,326,343,883,902,917,80,80,114,129,175,191,216,234,234,234,234,311,311,327,341,341,358,381,381,407,407,407,447,477,510,530,565,565,565,565,565,565,133,167,167],"floor_reached":57,"language":"ENG","playtime":2828,"items_purged":["Strike_G","Strike_G","Strike_G","Strike_G","Strike_G","Neutralize","Defend_G"],"score":4401,"play_id":"36b52b16-1c25-4aa2-afb0-7243ea9bc0dd","local_time":"20210203113604","is_ascension_mode":true,"campfire_choices":[{"data":"Apotheosis","floor":12,"key":"SMITH"},{"floor":15,"key":"RECALL"},{"floor":23,"key":"REST"},{"data":"Crippling Poison","floor":30,"key":"SMITH"},{"data":"Malaise","floor":32,"key":"SMITH"},{"floor":40,"key":"REST"},{"data":"Adrenaline","floor":42,"key":"SMITH"},{"data":"Malaise","floor":49,"key":"SMITH"},{"data":"PiercingWail","floor":53,"key":"SMITH"}],"circlet_count":0,"master_deck":["AscendersBane","Defend_G","Defend_G","Defend_G","Survivor","Crippling Poison+1","Backflip","Noxious Fumes","Footwork","Leg Sweep","Apotheosis+1","Deadly Poison","Malaise+1","Deadly Poison","Footwork","Backflip","Malaise+1","PiercingWail+1","Blur","Adrenaline+1","Leg Sweep+1","Backflip","PiercingWail+1","Parasite","Bouncing Flask","After Image","Caltrops"],"relics":["Ring of the Snake","Calipers","Ice Cream","The Specimen","Omamori","Letter Opener","Bottled Lightning","Ginger","TwistedFunnel","HornCleat","Tough Bandages","Pantograph","Thread and Needle","Singing Bowl","Anchor","MealTicket","Velvet Choker","DollysMirror","Bird Faced Urn","Snake Skull","Bronze Scales","Meat on the Bone","Black Star","Regal Pillow","Vajra","CeramicFish","Eternal Feather","Akabeko","Blue Candle","Bag of Preparation","Happy Flower","Shuriken","Art of War","InkBottle","Pocketwatch","Oddly Smooth Stone"],"acts_visited":["Exordium","TheCity","TheBeyond","TheEnding"],"potions_floor_usage":[8,56],"damage_taken":[{"damage":0,"enemies":"2 Louse","floor":1,"turns":3},{"damage":11,"enemies":"Gremlin Nob","floor":6,"turns":5},{"damage":0,"enemies":"3 Sentries","floor":8,"turns":5},{"damage":6,"enemies":"Gremlin Nob","floor":10,"turns":5},{"damage":0,"enemies":"Cultist","floor":11,"turns":4},{"damage":0,"enemies":"3 Sentries","floor":13,"turns":8},{"damage":0,"enemies":"Jaw Worm","floor":14,"turns":4},{"damage":0,"enemies":"The Guardian","floor":16,"turns":8},{"damage":0,"enemies":"Spheric Guardian","floor":18,"turns":3},{"damage":0,"enemies":"2 Thieves","floor":20,"turns":4},{"damage":0,"enemies":"Snake Plant","floor":21,"turns":4},{"damage":0,"enemies":"Slavers","floor":24,"turns":4},{"damage":0,"enemies":"Shelled Parasite and Fungi","floor":25,"turns":4},{"damage":0,"enemies":"Cultist and Chosen","floor":27,"turns":4},{"damage":0,"enemies":"Book of Stabbing","floor":28,"turns":5},{"damage":0,"enemies":"Centurion and Healer","floor":29,"turns":4},{"damage":0,"enemies":"Collector","floor":33,"turns":7},{"damage":0,"enemies":"3 Darklings","floor":35,"turns":4},{"damage":0,"enemies":"Orb Walker","floor":36,"turns":4},{"damage":0,"enemies":"Jaw Worm Horde","floor":38,"turns":4},{"damage":0,"enemies":"Nemesis","floor":41,"turns":9},{"damage":0,"enemies":"Reptomancer","floor":44,"turns":5},{"damage":0,"enemies":"Writhing Mass","floor":45,"turns":6},{"damage":0,"enemies":"Nemesis","floor":46,"turns":7},{"damage":0,"enemies":"Transient","floor":47,"turns":6},{"damage":0,"enemies":"Reptomancer","floor":48,"turns":5},{"damage":1,"enemies":"Time Eater","floor":50,"turns":13},{"damage":0,"enemies":"Awakened One","floor":51,"turns":14},{"damage":0,"enemies":"Shield and Spear","floor":55,"turns":7},{"damage":5,"enemies":"The Heart","floor":56,"turns":10}],"seed_played":"-5699620098497527476","potions_obtained":[{"floor":5,"key":"FairyPotion"},{"floor":5,"key":"LiquidBronze"},{"floor":8,"key":"SpeedPotion"}],"is_trial":false,"path_per_floor":["M","?","?","?","?","E","$","E","T","E","M","R","E","M","R","B",null,"M","?","M","M","$","R","E","M","T","M","E","M","R","?","R","B",null,"M","M","?","M","T","R","E","R","T","E","M","E","M","E","R","B","B",null,"R","$","E","B",null],"character_chosen":"THE_SILENT","items_purchased":["Crippling Poison","Backflip","Noxious Fumes","Omamori","Footwork","Leg Sweep","Apotheosis","Letter Opener","Bottled Lightning","TwistedFunnel","Deadly Poison","HornCleat","Footwork","Backflip","DollysMirror","Bird Faced Urn","After Image","InkBottle"],"campfire_rested":2,"item_purchase_floors":[0,0,0,0,0,0,0,0,0,0,0,0,22,22,22,22,54,54],"current_hp_per_floor":[18,18,18,18,18,7,7,9,9,5,7,7,9,11,11,36,66,68,11,11,13,28,52,60,64,64,72,80,88,88,88,88,88,88,88,90,77,83,83,90,92,92,92,92,92,94,96,98,98,97,98,98,98,98,98,98],"gold":167,"neow_bonus":"","is_daily":false,"chose_seed":false,"campfire_upgraded":6,"win_rate":0.0,"timestamp":1612380964,"path_taken":["M","?","?","?","?","E","$","E","T","E","M","R","E","?","R","BOSS","M","?","M","?","$","R","E","M","T","M","E","M","R","?","R","BOSS","M","M","?","?","?","R","E","R","T","E","M","E","M","E","R","BOSS","BOSS","R","$","E","BOSS"],"items_purchased_type":["Card","Card","Card","Relic","Card","Card","Card","Relic","Relic","Relic","Card","Relic","Card","Card","Relic","Relic","Card","Relic"],"build_version":"2020-12-22","purchased_purges":7,"victory":true,"max_hp_per_floor":[66,66,66,66,66,66,66,68,68,70,72,72,74,76,76,76,76,78,78,78,80,80,80,82,82,82,84,86,88,88,88,88,88,88,88,90,90,90,90,90,92,92,92,92,92,94,96,98,98,98,98,98,98,98,98,98],"card_choices":[{"not_picked":["Blade Dance","Underhanded Strike","Quick Slash"],"picked":"SKIP","floor":1},{"not_picked":["Dagger Spray","Sucker Punch","Glass Knife"],"picked":"SKIP","floor":6},{"not_picked":["Poisoned Stab","Setup","Distraction"],"picked":"Singing Bowl","floor":8},{"not_picked":["Expertise","Well Laid Plans","Bane"],"picked":"Singing Bowl","floor":10},{"not_picked":["Eviscerate","Flechettes","Dodge and Roll"],"picked":"Singing Bowl","floor":11},{"not_picked":["Dagger Spray","Underhanded Strike","Caltrops"],"picked":"Singing Bowl","floor":13},{"not_picked":["Dagger Spray","Escape Plan","Quick Slash"],"picked":"Singing Bowl","floor":14},{"not_picked":["Doppelganger","Wraith Form v2"],"picked":"Malaise","floor":16},{"not_picked":["Sucker Punch","Outmaneuver","Distraction"],"picked":"Singing Bowl","floor":18},{"not_picked":["Acrobatics","Sucker Punch"],"picked":"Deadly Poison","floor":20},{"not_picked":["Prepared+1","Deflect","Sucker Punch"],"picked":"Singing Bowl","floor":21},{"not_picked":["Heel Hook","Poisoned Stab","Flying Knee"],"picked":"Singing Bowl","floor":24},{"not_picked":["Dodge and Roll","Bane+1"],"picked":"PiercingWail+1","floor":25},{"not_picked":["Wraith Form v2","Slice","Dagger Spray"],"picked":"Singing Bowl","floor":27},{"not_picked":["Choke","Doppelganger","Eviscerate+1"],"picked":"Singing Bowl","floor":28},{"not_picked":["Outmaneuver","Calculated Gamble","Infinite Blades"],"picked":"Singing Bowl","floor":29},{"not_picked":["Tools of the Trade","Grand Finale"],"picked":"Adrenaline","floor":33},{"not_picked":["Tactician","Riddle With Holes"],"picked":"Leg Sweep+1","floor":35},{"not_picked":["Underhanded Strike","Blade Dance","Escape Plan"],"picked":"Singing Bowl","floor":36},{"not_picked":["PiercingWail","Poisoned Stab"],"picked":"Backflip","floor":38},{"not_picked":["Die Die Die","Endless Agony+1","Sucker Punch"],"picked":"Singing Bowl","floor":41},{"not_picked":["Acrobatics","Prepared"],"picked":"PiercingWail","floor":44},{"not_picked":["Cloak And Dagger","Reflex"],"picked":"Bouncing Flask","floor":45},{"not_picked":["Cloak And Dagger","Finisher","Riddle With Holes"],"picked":"Singing Bowl","floor":46},{"not_picked":["Flying Knee","Deflect+1","Acrobatics"],"picked":"Singing Bowl","floor":47},{"not_picked":["Acrobatics+1","Quick Slash+1","Flying Knee"],"picked":"Singing Bowl","floor":48},{"not_picked":["Concentrate","Masterful Stab"],"picked":"Caltrops","floor":55}],"player_experience":1162584,"relics_obtained":[{"floor":6,"key":"Thread and Needle"},{"floor":8,"key":"Singing Bowl"},{"floor":10,"key":"Anchor"},{"floor":13,"key":"MealTicket"},{"floor":24,"key":"Snake Skull"},{"floor":26,"key":"Bronze Scales"},{"floor":28,"key":"Meat on the Bone"},{"floor":39,"key":"Regal Pillow"},{"floor":41,"key":"Vajra"},{"floor":41,"key":"CeramicFish"},{"floor":43,"key":"Eternal Feather"},{"floor":44,"key":"Akabeko"},{"floor":44,"key":"Blue Candle"},{"floor":46,"key":"Bag of Preparation"},{"floor":46,"key":"Happy Flower"},{"floor":48,"key":"Shuriken"},{"floor":48,"key":"Art of War"},{"floor":55,"key":"Pocketwatch"},{"floor":55,"key":"Oddly Smooth Stone"}],"event_choices":[{"damage_healed":0,"gold_gain":0,"player_choice":"Ignored","damage_taken":0,"max_hp_gain":0,"max_hp_loss":0,"event_name":"Shining Light","floor":2,"gold_loss":0},{"damage_healed":0,"gold_gain":0,"player_choice":"Box","damage_taken":0,"relics_obtained":["Pantograph"],"max_hp_gain":0,"max_hp_loss":0,"event_name":"Big Fish","floor":3,"gold_loss":0,"cards_obtained":["Regret"]},{"damage_healed":0,"gold_gain":150,"player_choice":"AGREE","damage_taken":0,"max_hp_gain":0,"max_hp_loss":0,"event_name":"Liars Game","floor":4,"gold_loss":0,"cards_obtained":["Doubt"]},{"damage_healed":0,"gold_gain":0,"player_choice":"Bought 3 Potions","damage_taken":0,"max_hp_gain":0,"max_hp_loss":0,"event_name":"The Woman in Blue","floor":5,"gold_loss":0},{"damage_healed":0,"gold_gain":540,"player_choice":"GOLD GOLD GOLD GOLD GOLD GOLD ","damage_taken":57,"max_hp_gain":0,"max_hp_loss":0,"event_name":"Knowing Skull","floor":19,"potions_obtained":[],"gold_loss":0,"cards_obtained":[]},{"damage_healed":0,"gold_gain":0,"player_choice":"Read","damage_taken":0,"max_hp_gain":0,"max_hp_loss":0,"event_name":"The Library","floor":31,"gold_loss":0,"cards_obtained":["Blur"]},{"damage_healed":0,"gold_gain":0,"player_choice":"Damaged","damage_taken":13,"max_hp_gain":0,"max_hp_loss":0,"event_name":"Wheel of Change","floor":37,"gold_loss":0}],"is_beta":false,"boss_relics":[{"not_picked":["Ring of the Serpent","Runic Dome"],"picked":"Velvet Choker"},{"not_picked":["Philosopher\u0027s Stone","Cursed Key"],"picked":"Black Star"}],"items_purged_floors":[0,0,0,0,0,7,22],"is_endless":false,"potions_floor_spawned":[8,14,16,21,24,27,28,29,33,36,41,45,46,48,55],"ascension_level":20}}