{"host":"5w7hw1ne5h7avrl9","time":1612335535,"event":{"mods":["AchievementEnabler","BaseMod","Colored Map","Colored Powertips","Displayed Cursed Tome","Googly Eyes","Minty Spire (QoL Compilation)","SuperFastMode"],"gold_per_floor":[113,113,128,142,58,58,91,91,91,106,106,23,0,0,0,0,0],"floor_reached":16,"language":"ENG","playtime":1556,"items_purged":[],"score":103,"play_id":"b0408ee7-f13b-4a05-bcd1-49129f9eac1a","local_time":"20210202225855","is_ascension_mode":true,"campfire_choices":[{"data":"Fasting2","floor":6,"key":"SMITH"},{"data":"LikeWater","floor":8,"key":"SMITH"},{"floor":15,"key":"REST"}],"circlet_count":0,"master_deck":["Strike_P","Strike_P","Strike_P","Strike_P","Defend_P","Defend_P","Defend_P","Eruption","Vigilance","Blasphemy","Sanctity+1","Fasting2+1","Wallop","Bandage Up","LikeWater+1","Discovery","Meditate"],"relics":["PureWater","Gambling Chip","Torii"],"acts_visited":["Exordium"],"potions_floor_usage":[7,10],"damage_taken":[{"damage":1,"enemies":"Jaw Worm","floor":1,"turns":4},{"damage":0,"enemies":"Cultist","floor":3,"turns":2},{"damage":0,"enemies":"2 Louse","floor":4,"turns":4},{"damage":42,"enemies":"Lagavulin","floor":7,"turns":15},{"damage":9,"enemies":"Exordium Wildlife","floor":10,"turns":14},{"damage":0,"enemies":"Looter","floor":13,"turns":5},{"damage":100043,"enemies":"The Guardian","floor":16,"turns":23}],"seed_played":"-4563477426640657391","potions_obtained":[{"floor":1,"key":"Dexterity Potion"},{"floor":7,"key":"Dexterity Potion"}],"is_trial":false,"path_per_floor":["M","?","M","M","$","R","E","R","T","M","?","$","M","$","R","B"],"character_chosen":"WATCHER","items_purchased":["Bandage Up","Discovery"],"campfire_rested":1,"item_purchase_floors":[5,12],"current_hp_per_floor":[71,71,71,71,71,71,32,32,32,27,20,20,24,24,45,0,0],"gold":0,"neow_bonus":"ONE_RANDOM_RARE_CARD","is_daily":false,"chose_seed":false,"campfire_upgraded":2,"win_rate":0.0,"timestamp":1612335535,"path_taken":["M","?","?","M","$","R","E","R","T","M","?","$","M","?","R","BOSS"],"items_purchased_type":["Card","Card"],"build_version":"2020-12-22","purchased_purges":0,"victory":false,"max_hp_per_floor":[72,72,72,72,72,72,72,72,72,72,72,72,72,72,72,72,72],"card_choices":[{"not_picked":["JustLucky","ClearTheMind"],"picked":"Sanctity","floor":1},{"not_picked":["FollowUp","Meditate"],"picked":"Fasting2","floor":3},{"not_picked":["BowlingBash","Crescendo"],"picked":"Wallop","floor":4},{"not_picked":["CrushJoints","Protect"],"picked":"LikeWater","floor":7},{"not_picked":["FollowUp","FlyingSleeves","Swivel"],"picked":"SKIP","floor":10},{"not_picked":["Halt","JustLucky"],"picked":"Meditate","floor":13}],"player_experience":166703,"relics_obtained":[{"floor":7,"key":"Gambling Chip"},{"floor":9,"key":"Torii"}],"event_choices":[{"damage_healed":0,"gold_gain":0,"player_choice":"Upgraded","damage_taken":0,"max_hp_gain":0,"max_hp_loss":0,"event_name":"Upgrade Shrine","floor":2,"gold_loss":0,"cards_upgraded":["Sanctity"]},{"cards_removed":["Defend_P"],"damage_healed":0,"gold_gain":0,"player_choice":"Card Removal","damage_taken":7,"max_hp_gain":0,"max_hp_loss":0,"event_name":"Golden Wing","floor":11,"gold_loss":0}],"is_beta":false,"boss_relics":[],"items_purged_floors":[],"is_endless":false,"potions_floor_spawned":[1,7],"killed_by":"The Guardian","ascension_level":1}}