{"host":"dvpvhz1t6etneyb3","time":1612379936,"event":{"mods":["AchievementEnabler","BaseMod","Colored Map","Highlight Path","Minty Spire (QoL Compilation)","Permanent Neow","Quick Restart"],"gold_per_floor":[111,24,24,40,52,79,79,79,79,105,105,119,119,132,132,206,206,216,216,226,245,245,245,276,276,328,361,174,189,189,206,206,281,281,299,299,313,313,26,26,37,37,37,69,89,122,122,68,68,68,68,68,68,14,42,42,42],"floor_reached":56,"language":"ENG","playtime":3268,"items_purged":["Strike_G"],"score":2231,"play_id":"32286d6d-d3a8-4988-8fe3-8f0c90e73c64","local_time":"20210203141856","is_ascension_mode":true,"campfire_choices":[{"floor":8.0,"key":"REST"},{"data":"A Thousand Cuts","floor":11.0,"key":"SMITH"},{"data":"Skewer","floor":13.0,"key":"SMITH"},{"data":"Crippling Poison","floor":15.0,"key":"SMITH"},{"floor":23.0,"key":"RECALL"},{"data":"Neutralize","floor":25.0,"key":"SMITH"},{"floor":32.0,"key":"REST"},{"data":"Bite","floor":40.0,"key":"SMITH"},{"data":"Bite","floor":42.0,"key":"SMITH"},{"data":"Well Laid Plans","floor":47.0,"key":"SMITH"},{"data":"Bite","floor":49.0,"key":"SMITH"},{"data":"Bite","floor":53.0,"key":"SMITH"}],"circlet_count":0,"master_deck":["AscendersBane","Defend_G","Defend_G","Defend_G","Defend_G","Defend_G","Survivor","Neutralize+1","Skewer+1","Crippling Poison+1","Blade Dance+1","Crippling Poison+1","Blade Dance+1","A Thousand Cuts+1","Blade Dance+1","Prepared+1","Acrobatics+1","Bullet Time+1","Endless Agony","PiercingWail+1","Blade Dance+1","Ghostly+1","Ghostly+1","Ghostly+1","Corpse Explosion+1","Terror+1","Dodge and Roll+1","Noxious Fumes","Dodge and Roll+1","Bite+1","Bite+1","Bite+1","Bite+1","Bite","Expertise+1","Adrenaline+1","Blade Dance+1","Calculated Gamble+1","Well Laid Plans+1","Escape Plan+1","Outmaneuver+1","Concentrate+1"],"relics":["Ring of the Snake","Toxic Egg 2","Kunai","White Beast Statue","SlaversCollar","FaceOfCleric","Snake Skull","Boot","WristBlade","Pear","Mummified Hand","Strawberry","Ancient Tea Set","Eternal Feather"],"acts_visited":["Exordium","TheCity","TheBeyond","TheEnding"],"potions_floor_usage":[56],"damage_taken":[{"damage":7.0,"enemies":"Small Slimes","floor":1.0,"turns":3.0},{"damage":0.0,"enemies":"Cultist","floor":4.0,"turns":4.0},{"damage":0.0,"enemies":"Jaw Worm","floor":5.0,"turns":4.0},{"damage":28.0,"enemies":"Gremlin Nob","floor":6.0,"turns":4.0},{"damage":15.0,"enemies":"Lagavulin","floor":10.0,"turns":7.0},{"damage":4.0,"enemies":"Gremlin Gang","floor":12.0,"turns":4.0},{"damage":6.0,"enemies":"Exordium Wildlife","floor":14.0,"turns":4.0},{"damage":0.0,"enemies":"Slime Boss","floor":16.0,"turns":4.0},{"damage":4.0,"enemies":"Shell Parasite","floor":18.0,"turns":3.0},{"damage":0.0,"enemies":"2 Thieves","floor":20.0,"turns":3.0},{"damage":0.0,"enemies":"Snake Plant","floor":21.0,"turns":3.0},{"damage":4.0,"enemies":"Book of Stabbing","floor":24.0,"turns":3.0},{"damage":4.0,"enemies":"Gremlin Leader","floor":27.0,"turns":7.0},{"damage":8.0,"enemies":"Shelled Parasite and Fungi","floor":29.0,"turns":5.0},{"damage":0.0,"enemies":"Centurion and Healer","floor":31.0,"turns":2.0},{"damage":33.0,"enemies":"Automaton","floor":33.0,"turns":8.0},{"damage":0.0,"enemies":"Orb Walker","floor":35.0,"turns":1.0},{"damage":0.0,"enemies":"3 Darklings","floor":37.0,"turns":2.0},{"damage":5.0,"enemies":"Maw","floor":41.0,"turns":5.0},{"damage":6.0,"enemies":"Giant Head","floor":44.0,"turns":6.0},{"damage":9.0,"enemies":"Transient","floor":45.0,"turns":6.0},{"damage":0.0,"enemies":"Nemesis","floor":46.0,"turns":7.0},{"damage":4.0,"enemies":"Donu and Deca","floor":50.0,"turns":11.0},{"damage":25.0,"enemies":"Awakened One","floor":51.0,"turns":13.0},{"damage":0.0,"enemies":"Shield and Spear","floor":55.0,"turns":3.0},{"damage":147,"enemies":"The Heart","floor":56,"turns":9}],"seed_played":"-7058429856194316129","potions_obtained":[{"floor":4.0,"key":"FearPotion"},{"floor":5.0,"key":"Regen Potion"},{"floor":6.0,"key":"CultistPotion"},{"floor":12.0,"key":"Strength Potion"},{"floor":14.0,"key":"Strength Potion"},{"floor":16.0,"key":"SteroidPotion"},{"floor":20.0,"key":"EntropicBrew"},{"floor":21.0,"key":"DuplicationPotion"},{"floor":24.0,"key":"Weak Potion"},{"floor":27.0,"key":"FairyPotion"},{"floor":29.0,"key":"Dexterity Potion"},{"floor":33.0,"key":"Explosive Potion"},{"floor":41.0,"key":"DistilledChaos"},{"floor":45.0,"key":"Explosive Potion"},{"floor":46.0,"key":"SteroidPotion"}],"is_trial":false,"path_per_floor":["M","?","$","M","M","E","?","R","T","E","R","M","R","M","R","B",null,"M","?","M","M","?","R","E","R","T","E","$","M","?","M","R","B",null,"M","?","M","?","$","R","M","R","T","E","M","E","R","$","R","B","B",null,"R","$","E","B"],"character_chosen":"THE_SILENT","items_purchased":["Dodge and Roll+1","Noxious Fumes","Pear","Outmaneuver+1","SpeedPotion"],"campfire_rested":2,"item_purchase_floors":[28,28,39,48,54],"current_hp_per_floor":[52,52,52,52,52,24,24,43,43,43,43,39,39,33,33,33,58,54,54,55,56,34,34,31,31,31,28,28,23,23,24,35,17,34,35,35,40,40,50,50,52,52,52,59,55,62,62,62,62,63,52,61,61,61,62,0,0],"gold":42,"neow_bonus":"TRANSFORM_CARD","is_daily":false,"chose_seed":false,"campfire_upgraded":9,"win_rate":0.0,"timestamp":1612379936,"path_taken":["M","?","?","M","M","E","?","R","T","E","R","?","R","?","R","BOSS","M","?","?","M","?","R","E","R","T","E","$","M","?","M","R","BOSS","BOSS","M","?","M","?","$","R","M","R","T","E","M","E","R","$","R","BOSS","BOSS","R","$","E","BOSS"],"items_purchased_type":["Card","Card","Relic","Card","Potion"],"build_version":"2020-12-22","purchased_purges":1,"victory":false,"max_hp_per_floor":[66,66,66,66,66,66,66,66,66,66,66,66,66,66,66,66,66,66,66,67,68,34,34,35,35,35,36,36,37,37,38,38,39,39,40,40,41,41,51,51,52,52,52,60,61,62,62,62,62,63,64,64,64,64,65,65,65],"card_choices":[{"not_picked":["Prepared","Dagger Throw"],"picked":"Crippling Poison","floor":1.0},{"not_picked":["Deflect+1","Setup+1"],"picked":"Blade Dance+1","floor":4.0},{"not_picked":["Caltrops","Cloak And Dagger+1"],"picked":"Crippling Poison+1","floor":5.0},{"not_picked":["Setup+1","Riddle With Holes"],"picked":"Blade Dance+1","floor":6.0},{"not_picked":["A Thousand Cuts","Deflect+1"],"picked":"Blade Dance+1","floor":10.0},{"not_picked":["Sucker Punch","Dagger Throw"],"picked":"Prepared+1","floor":12.0},{"not_picked":["Dagger Throw","Quick Slash"],"picked":"Acrobatics+1","floor":14.0},{"not_picked":["Unload","Grand Finale"],"picked":"Bullet Time+1","floor":16.0},{"not_picked":["Finisher","Flying Knee"],"picked":"Endless Agony","floor":18.0},{"not_picked":["Dagger Throw+1","Flying Knee"],"picked":"PiercingWail+1","floor":20.0},{"not_picked":["Escape Plan+1","Skewer"],"picked":"Blade Dance+1","floor":21.0},{"not_picked":["Well Laid Plans","Quick Slash"],"picked":"Corpse Explosion+1","floor":24.0},{"not_picked":["Reflex+1","Masterful Stab"],"picked":"Terror+1","floor":27.0},{"not_picked":["Sucker Punch","Concentrate+1"],"picked":"Dodge and Roll+1","floor":29.0},{"not_picked":["Flechettes+1","Sucker Punch"],"picked":"Expertise+1","floor":31.0},{"not_picked":["After Image","Tools of the Trade"],"picked":"Adrenaline+1","floor":33.0},{"not_picked":["Quick Slash","All Out Attack+1","Slice"],"picked":"SKIP","floor":35.0},{"not_picked":["Quick Slash","All Out Attack+1","Slice"],"picked":"SKIP","floor":35.0},{"not_picked":["Quick Slash+1","Dagger Spray"],"picked":"Blade Dance+1","floor":37.0},{"not_picked":["Distraction+1","Underhanded Strike"],"picked":"Calculated Gamble+1","floor":41.0},{"not_picked":["Die Die Die","Blade Dance+1"],"picked":"Well Laid Plans","floor":44.0},{"not_picked":["Deadly Poison+1","All Out Attack"],"picked":"Escape Plan+1","floor":45.0},{"not_picked":["Poisoned Stab+1","Die Die Die","Predator"],"picked":"SKIP","floor":46.0},{"not_picked":["Distraction+1","Acrobatics+1"],"picked":"Concentrate+1","floor":55.0}],"player_experience":2133998,"relics_obtained":[{"floor":6.0,"key":"Kunai"},{"floor":10.0,"key":"White Beast Statue"},{"floor":24.0,"key":"Snake Skull"},{"floor":26.0,"key":"Boot"},{"floor":27.0,"key":"Blood Vial"},{"floor":43.0,"key":"Mummified Hand"},{"floor":44.0,"key":"Strawberry"},{"floor":46.0,"key":"Ancient Tea Set"},{"floor":55.0,"key":"Eternal Feather"}],"event_choices":[{"damage_healed":0.0,"max_hp_gain":0.0,"max_hp_loss":0.0,"gold_gain":0.0,"event_name":"WeMeetAgain","player_choice":"Paid Gold","floor":2.0,"gold_loss":87.0,"damage_taken":0.0,"relics_obtained":["Toxic Egg 2"]},{"damage_healed":0.0,"max_hp_gain":0.0,"max_hp_loss":0.0,"gold_gain":0.0,"event_name":"Match and Keep!","player_choice":"1 cards matched","floor":7.0,"gold_loss":0.0,"damage_taken":0.0,"cards_obtained":["A Thousand Cuts"]},{"damage_healed":0.0,"max_hp_gain":0.0,"max_hp_loss":0.0,"gold_gain":0.0,"event_name":"FaceTrader","player_choice":"Trade","floor":19.0,"gold_loss":0.0,"damage_taken":0.0,"relics_obtained":["FaceOfCleric"]},{"damage_healed":0.0,"max_hp_gain":0.0,"max_hp_loss":34.0,"gold_gain":0.0,"event_name":"Ghosts","player_choice":"Became a Ghost","floor":22.0,"gold_loss":0.0,"damage_taken":0.0,"cards_obtained":["Ghostly","Ghostly","Ghostly"]},{"damage_healed":0.0,"max_hp_gain":0.0,"max_hp_loss":0.0,"gold_gain":0.0,"event_name":"Vampires","player_choice":"Became a vampire (Vial)","floor":30.0,"relics_lost":["Blood Vial"],"gold_loss":0.0,"damage_taken":0.0,"cards_obtained":["Bite","Bite","Bite","Bite","Bite"]},{"damage_healed":0.0,"max_hp_gain":0.0,"max_hp_loss":0.0,"gold_gain":0.0,"event_name":"SensoryStone","player_choice":"Memory 1","floor":36.0,"gold_loss":0.0,"damage_taken":0.0},{"damage_healed":0.0,"max_hp_gain":0.0,"max_hp_loss":0.0,"gold_gain":0.0,"event_name":"Tomb of Lord Red Mask","player_choice":"Ignored","floor":38.0,"gold_loss":0.0,"damage_taken":0.0}],"is_beta":false,"boss_relics":[{"not_picked":["Runic Dome","Velvet Choker"],"picked":"SlaversCollar"},{"not_picked":["Sozu","Ring of the Serpent"],"picked":"WristBlade"}],"items_purged_floors":[28],"is_endless":false,"potions_floor_spawned":[4,5,6,12,14,16,18,20,21,24,27,29,31,33,35,37,41,44,45,46,55],"killed_by":"The Heart","ascension_level":20}}