{"host":"ilhhjx796p2x2wmd","time":1612376621,"event":{"mods":["AchievementEnabler","BaseMod","BetterRewards","Colored Map","Colored Powertips","DeckTracker","Highlight Path","Minty Spire (QoL Compilation)","Permanent Neow","Rare Cards Sparkle","Shop Mod"],"gold_per_floor":[109,123,140,151,169,169,194,194,194,226,241,241,241,270,270,374,374,388,42,29,44,62,62,88,88,88],"floor_reached":25,"language":"KOR","playtime":725,"items_purged":["Defend_R"],"score":445,"play_id":"d23257ad-c375-49b0-aa59-fe7cd794145c","local_time":"20210204032341","is_ascension_mode":true,"campfire_choices":[{"data":"Demon Form","floor":6.0,"key":"SMITH"},{"floor":13,"key":"REST"},{"data":"Limit Break","floor":15,"key":"SMITH"},{"data":"Apotheosis","floor":23,"key":"SMITH"}],"circlet_count":0,"master_deck":["Strike_R","Strike_R","Strike_R","Strike_R","Strike_R","Defend_R+1","Defend_R","Defend_R","Bash","Demon Form+1","Heavy Blade","Clothesline","Armaments+1","Inflame","Limit Break+1","Perfected Strike","Fire Breathing","Limit Break","Apotheosis+1","Evolve","Heavy Blade","Ghostly Armor+1","Shrug It Off","Shrug It Off"],"relics":["Burning Blood","Incense Burner","Self Forming Clay","Sundial","Bottled Flame","Vajra","Coffee Dripper","Membership Card","War Paint"],"acts_visited":["Exordium","TheCity"],"potions_floor_usage":[10,10,10,10,10,10,16,16,21],"damage_taken":[{"damage":9.0,"enemies":"Jaw Worm","floor":1.0,"turns":5.0},{"damage":6.0,"enemies":"Cultist","floor":2.0,"turns":4.0},{"damage":0.0,"enemies":"2 Louse","floor":3.0,"turns":2.0},{"damage":34.0,"enemies":"Red Slaver","floor":4.0,"turns":6.0},{"damage":11.0,"enemies":"Looter","floor":5.0,"turns":3.0},{"damage":40.0,"enemies":"3 Sentries","floor":7.0,"turns":8.0},{"damage":3,"enemies":"Gremlin Nob","floor":10,"turns":3},{"damage":1,"enemies":"2 Fungi Beasts","floor":11,"turns":4},{"damage":12,"enemies":"Lagavulin","floor":14,"turns":5},{"damage":0,"enemies":"Slime Boss","floor":16,"turns":6},{"damage":6,"enemies":"Spheric Guardian","floor":18,"turns":3},{"damage":23,"enemies":"3 Byrds","floor":21,"turns":6},{"damage":29,"enemies":"Centurion and Healer","floor":22,"turns":7},{"damage":6,"enemies":"Gremlin Leader","floor":24,"turns":7},{"damage":30,"enemies":"Cultist and Chosen","floor":25,"turns":4}],"seed_played":"8556118293029446751","potions_obtained":[{"floor":2.0,"key":"Strength Potion"},{"floor":5.0,"key":"SteroidPotion"},{"floor":7.0,"key":"EntropicBrew"},{"floor":10,"key":"SteroidPotion"},{"floor":14,"key":"PowerPotion"}],"is_trial":false,"path_per_floor":["M","M","M","M","M","R","E","?","T","E","M","T","R","E","R","B",null,"M","$","$","M","M","R","E","M"],"character_chosen":"IRONCLAD","items_purchased":["Membership Card","Apotheosis","Evolve","Block Potion","Heavy Blade"],"campfire_rested":1,"item_purchase_floors":[19,19,19,19,20],"current_hp_per_floor":[69,69,75,47,42,42,8,8,8,11,16,16,40,34,34,40,70,70,70,70,53,30,30,30,0,0],"gold":88,"neow_bonus":"ONE_RANDOM_RARE_CARD","is_daily":false,"chose_seed":false,"campfire_upgraded":3,"win_rate":0.0,"timestamp":1612376621,"path_taken":["M","M","M","M","M","R","E","?","T","E","M","?","R","E","R","BOSS","M","?","$","M","M","R","E","M"],"items_purchased_type":["Relic","Card","Card","Potion","Card"],"build_version":"2020-12-22","purchased_purges":1,"victory":false,"max_hp_per_floor":[80,80,80,80,80,80,80,80,80,80,80,80,80,80,80,80,80,80,80,80,80,80,80,80,80,80],"card_choices":[{"not_picked":["Thunderclap","Wild Strike"],"picked":"Heavy Blade","floor":1.0},{"not_picked":["Power Through","Rupture"],"picked":"Clothesline","floor":2.0},{"not_picked":["Thunderclap","Havoc","Shockwave"],"picked":"SKIP","floor":3.0},{"not_picked":["Iron Wave","Combust"],"picked":"Armaments","floor":4.0},{"not_picked":["Havoc","Sever Soul"],"picked":"Inflame","floor":5.0},{"not_picked":["Havoc","Hemokinesis"],"picked":"Limit Break","floor":7.0},{"not_picked":["Reckless Charge","Second Wind","Feel No Pain"],"picked":"SKIP","floor":10},{"not_picked":["Havoc","Pommel Strike"],"picked":"Perfected Strike","floor":11},{"not_picked":["Cleave","Rage"],"picked":"Fire Breathing","floor":14},{"not_picked":["Corruption","Brutality"],"picked":"Limit Break","floor":16},{"not_picked":["Flex","Twin Strike","Pommel Strike"],"picked":"SKIP","floor":18},{"not_picked":["Perfected Strike+1","Headbutt"],"picked":"Ghostly Armor","floor":21},{"not_picked":["Havoc","Twin Strike"],"picked":"Shrug It Off","floor":22},{"not_picked":["Clothesline","Sword Boomerang"],"picked":"Shrug It Off","floor":24}],"player_experience":324918,"relics_obtained":[{"floor":7.0,"key":"Incense Burner"},{"floor":9.0,"key":"Self Forming Clay"},{"floor":10,"key":"Sundial"},{"floor":12,"key":"Bottled Flame"},{"floor":14,"key":"Vajra"},{"floor":24,"key":"War Paint"}],"event_choices":[{"damage_healed":0.0,"max_hp_gain":0.0,"max_hp_loss":0.0,"gold_gain":0.0,"event_name":"Living Wall","player_choice":"Grow","floor":8.0,"gold_loss":0.0,"damage_taken":0.0,"cards_upgraded":["Armaments"]}],"is_beta":false,"boss_relics":[{"not_picked":["Velvet Choker","Snecko Eye"],"picked":"Coffee Dripper"}],"items_purged_floors":[19],"is_endless":false,"potions_floor_spawned":[2,5,7,10,14],"killed_by":"Cultist and Chosen","ascension_level":8}}