{"host":"vhvubw4jk4f204qs","time":1612383876,"event":{"mods":["AchievementEnabler","BaseMod","DeckTracker","GifTheSpireLib","Googly Eyes","Minty Spire (QoL Compilation)","Permanent Neow","Quick Restart","StSLib","SuperFastMode","The IronCluck","slay the spire mod where everything is the same but ironclad has a cowboy hat"],"gold_per_floor":[117,117,132,132,151,185,185,185,185,5,23,356,376,401,401,497,497,508,527,59,79,91,91,104,139,163,196,209,209,235,235,235,335,335,352,370,370,370,295,325,325,358,358,387,387,387,29,29,29,29],"floor_reached":51,"language":"ENG","playtime":2809,"items_purged":["Writhe"],"score":1215,"play_id":"a2437745-48b7-4030-905a-866762dc83e2","local_time":"20210203152436","is_ascension_mode":true,"campfire_choices":[{"data":"Hemokinesis","floor":7.0,"key":"SMITH"},{"data":"Barricade","floor":15.0,"key":"SMITH"},{"data":"Dark Embrace","floor":23.0,"key":"SMITH"},{"floor":32.0,"key":"REST"},{"data":"Body Slam","floor":41.0,"key":"SMITH"},{"data":"Demon Form","floor":49,"key":"SMITH"}],"circlet_count":0,"master_deck":["Bash","Hemokinesis+1","Second Wind","Shockwave","Barricade+1","Reaper","Dark Embrace+1","Havoc","Body Slam+1","Feed","Burning Pact+1","Shockwave","Immolate","Wild Strike+1","Cleave+1","Demon Form+1","Sentinel","Shrug It Off+1","Pommel Strike+1","Doubt","Shrug It Off","Burning Pact+1","Bite","Bite","Bite","Bite","Impervious","Reaper","Carnage","Impervious","Hemokinesis","Uppercut","Feel No Pain+1","Fire Breathing","Warcry","Dark Embrace+1","Infernal Blade+1","Transmutation","Madness","Finesse","Juggernaut"],"relics":["Philosopher\u0027s Stone","Sundial","Charon\u0027s Ashes","Anchor","Old Coin","Vajra","Cursed Key","Mummified Hand","Orrery","Mango","Akabeko","Toy Ornithopter","Bronze Scales","HornCleat","Pandora\u0027s Box","Shovel","Blood Vial","Bottled Flame","Blue Candle"],"acts_visited":["Exordium","TheCity","TheBeyond"],"potions_floor_usage":[50,50],"damage_taken":[{"damage":8.0,"enemies":"Small Slimes","floor":1.0,"turns":4.0},{"damage":5.0,"enemies":"Jaw Worm","floor":3.0,"turns":2.0},{"damage":2.0,"enemies":"Cultist","floor":5.0,"turns":1.0},{"damage":17.0,"enemies":"Gremlin Nob","floor":6.0,"turns":3.0},{"damage":6.0,"enemies":"Gremlin Gang","floor":11.0,"turns":2.0},{"damage":6.0,"enemies":"3 Sentries","floor":12.0,"turns":5.0},{"damage":9.0,"enemies":"Looter","floor":13.0,"turns":3.0},{"damage":46.0,"enemies":"The Guardian","floor":16.0,"turns":12.0},{"damage":22.0,"enemies":"2 Thieves","floor":18.0,"turns":4.0},{"damage":2.0,"enemies":"Chosen","floor":19.0,"turns":4.0},{"damage":28.0,"enemies":"Centurion and Healer","floor":21.0,"turns":5.0},{"damage":23.0,"enemies":"Sentry and Sphere","floor":22.0,"turns":6.0},{"damage":0.0,"enemies":"Cultist and Chosen","floor":24.0,"turns":4.0},{"damage":21.0,"enemies":"Gremlin Leader","floor":25.0,"turns":4.0},{"damage":9.0,"enemies":"Book of Stabbing","floor":27.0,"turns":4.0},{"damage":21.0,"enemies":"Snecko","floor":28.0,"turns":3.0},{"damage":2.0,"enemies":"Slavers","floor":30.0,"turns":3.0},{"damage":14.0,"enemies":"Champ","floor":33.0,"turns":11.0},{"damage":0.0,"enemies":"3 Darklings","floor":35.0,"turns":3.0},{"damage":2.0,"enemies":"3 Shapes","floor":36.0,"turns":3.0},{"damage":2.0,"enemies":"Reptomancer","floor":40.0,"turns":6.0},{"damage":0.0,"enemies":"Giant Head","floor":42.0,"turns":7.0},{"damage":37.0,"enemies":"Nemesis","floor":44.0,"turns":5.0},{"damage":61,"enemies":"Time Eater","floor":50,"turns":8}],"seed_played":"-1192027862598325694","potions_obtained":[{"floor":5.0,"key":"AttackPotion"},{"floor":11.0,"key":"SkillPotion"},{"floor":12.0,"key":"PowerPotion"},{"floor":21.0,"key":"SkillPotion"},{"floor":22.0,"key":"SkillPotion"},{"floor":30.0,"key":"Weak Potion"},{"floor":33.0,"key":"Regen Potion"},{"floor":40.0,"key":"EssenceOfSteel"},{"floor":42.0,"key":"Fire Potion"}],"is_trial":false,"path_per_floor":["M","?","M","?","M","E","R","?","T","$","M","E","M","T","R","B",null,"M","M","$","M","M","R","M","E","T","E","M","?","E","?","R","B",null,"M","M","?","?","$","E","R","E","T","E","T","?","$","$","R","B",null],"character_chosen":"IRONCLAD","items_purchased":["Reaper","Dark Embrace","Mummified Hand","Orrery","Sentinel","Juggernaut","Blue Candle","SkillPotion"],"campfire_rested":1,"item_purchase_floors":[10,10,20,20,20,47,47,47],"current_hp_per_floor":[64,64,59,52,50,33,33,33,33,33,51,63,60,60,60,21,65,60,68,68,54,34,34,42,42,42,33,12,12,32,32,54,74,74,74,74,74,74,74,74,74,74,74,50,50,40,40,40,40,34],"gold":29,"neow_bonus":"BOSS_RELIC","is_daily":false,"chose_seed":false,"campfire_upgraded":5,"win_rate":0.0,"timestamp":1612383876,"path_taken":["M","?","M","?","M","E","R","?","T","?","?","E","M","?","R","BOSS","M","M","$","M","M","R","?","E","T","E","M","?","E","?","R","BOSS","M","M","?","?","$","E","R","E","T","E","?","?","?","$","R","BOSS"],"items_purchased_type":["Card","Card","Relic","Relic","Card","Card","Relic","Potion"],"build_version":"2020-12-22","purchased_purges":1,"victory":true,"max_hp_per_floor":[80,80,80,80,80,80,80,80,80,80,80,80,80,80,80,80,80,83,86,86,86,89,89,92,106,106,106,106,74,74,74,74,74,74,74,74,74,74,74,74,74,74,74,74,74,74,74,74,74,74],"card_choices":[{"not_picked":["Anger","Ghostly Armor"],"picked":"Hemokinesis","floor":1.0},{"not_picked":["Evolve","Dark Embrace"],"picked":"Clash","floor":3.0},{"not_picked":["Uppercut","Twin Strike"],"picked":"Second Wind","floor":5.0},{"not_picked":["Reckless Charge","Body Slam"],"picked":"Shockwave","floor":6.0},{"not_picked":["Bloodletting","Armaments"],"picked":"Havoc","floor":11.0},{"not_picked":["Flex","Perfected Strike"],"picked":"Body Slam","floor":12.0},{"not_picked":["Havoc","Dropkick","Combust"],"picked":"SKIP","floor":13.0},{"not_picked":["Immolate","Berserk"],"picked":"Feed","floor":16.0},{"not_picked":["Anger+1","Rage+1","Havoc"],"picked":"SKIP","floor":18.0},{"not_picked":["Power Through","Shrug It Off"],"picked":"Burning Pact+1","floor":19.0},{"not_picked":["Twin Strike+1","Dual Wield"],"picked":"Shockwave","floor":20.0},{"not_picked":["Cleave+1","Pommel Strike"],"picked":"Immolate","floor":20.0},{"not_picked":["Sever Soul","Warcry"],"picked":"Wild Strike+1","floor":20.0},{"not_picked":["Pummel","Carnage+1"],"picked":"Cleave+1","floor":20.0},{"not_picked":["Hemokinesis+1","Headbutt"],"picked":"Demon Form","floor":20.0},{"not_picked":["Clothesline","Uppercut+1","Flex"],"picked":"SKIP","floor":21.0},{"not_picked":["Rampage+1","Twin Strike"],"picked":"Shrug It Off+1","floor":22.0},{"not_picked":["Clash","Anger"],"picked":"Pommel Strike+1","floor":24.0},{"not_picked":["Dropkick","Bloodletting","Metallicize"],"picked":"SKIP","floor":25.0},{"not_picked":["Sever Soul","Pommel Strike"],"picked":"Shrug It Off","floor":27.0},{"not_picked":["Thunderclap","Havoc"],"picked":"Burning Pact+1","floor":28.0},{"not_picked":["Iron Wave","Twin Strike"],"picked":"Impervious","floor":30.0},{"not_picked":["Double Tap","Exhume"],"picked":"Reaper","floor":33.0},{"not_picked":["Power Through","Shrug It Off+1"],"picked":"Feel No Pain+1","floor":35.0},{"not_picked":["Intimidate","Body Slam"],"picked":"Fire Breathing","floor":36.0},{"not_picked":["Anger","Sword Boomerang"],"picked":"Warcry","floor":40.0},{"not_picked":["Intimidate","Clothesline"],"picked":"Dark Embrace+1","floor":42.0},{"not_picked":["Heavy Blade","Double Tap"],"picked":"Infernal Blade+1","floor":44.0},{"not_picked":["Jack Of All Trades","Bandage Up"],"picked":"Transmutation","floor":46},{"not_picked":["Impatience","Blind"],"picked":"Madness","floor":46},{"not_picked":["Jack Of All Trades","Flash of Steel"],"picked":"Finesse","floor":46}],"player_experience":765422,"relics_obtained":[{"floor":6.0,"key":"Charon\u0027s Ashes"},{"floor":9.0,"key":"Anchor"},{"floor":12.0,"key":"Old Coin"},{"floor":14.0,"key":"Vajra"},{"floor":25.0,"key":"Mango"},{"floor":26.0,"key":"Akabeko"},{"floor":27.0,"key":"Toy Ornithopter"},{"floor":30.0,"key":"Bronze Scales"},{"floor":40.0,"key":"Shovel"},{"floor":42.0,"key":"Blood Vial"},{"floor":44.0,"key":"Bottled Flame"}],"event_choices":[{"damage_healed":0.0,"max_hp_gain":0.0,"max_hp_loss":0.0,"gold_gain":0.0,"event_name":"Liars Game","player_choice":"Ignored","floor":2.0,"gold_loss":0.0,"damage_taken":0.0},{"damage_healed":0.0,"max_hp_gain":0.0,"max_hp_loss":0.0,"gold_gain":0.0,"event_name":"Scrap Ooze","player_choice":"Success","floor":4.0,"gold_loss":0.0,"damage_taken":7.0,"relics_obtained":["Sundial"]},{"damage_healed":0.0,"max_hp_gain":0.0,"max_hp_loss":0.0,"gold_gain":0.0,"cards_transformed":["Clash"],"event_name":"Living Wall","player_choice":"Change","floor":8.0,"gold_loss":0.0,"damage_taken":0.0,"cards_obtained":["Barricade"]},{"damage_healed":0.0,"max_hp_gain":0.0,"max_hp_loss":32.0,"gold_gain":0.0,"event_name":"Vampires","player_choice":"Became a vampire","floor":29.0,"gold_loss":0.0,"damage_taken":0.0,"cards_obtained":["Bite","Bite","Bite","Bite","Bite"]},{"damage_healed":0.0,"max_hp_gain":0.0,"max_hp_loss":0.0,"gold_gain":0.0,"event_name":"The Mausoleum","player_choice":"Opened","floor":31.0,"gold_loss":0.0,"damage_taken":0.0,"relics_obtained":["HornCleat"],"cards_obtained":["Writhe"]},{"cards_removed":["Bite"],"damage_healed":0.0,"max_hp_gain":0.0,"max_hp_loss":0.0,"gold_gain":0.0,"event_name":"Falling","player_choice":"Removed Attack","floor":37.0,"gold_loss":0.0,"damage_taken":0.0},{"damage_healed":0.0,"max_hp_gain":0.0,"max_hp_loss":0.0,"gold_gain":0.0,"event_name":"Tomb of Lord Red Mask","player_choice":"Ignored","floor":38.0,"gold_loss":0.0,"damage_taken":0.0},{"damage_healed":0,"gold_gain":0,"player_choice":"Memory 3","damage_taken":10,"max_hp_gain":0,"max_hp_loss":0,"event_name":"SensoryStone","floor":46,"gold_loss":0}],"is_beta":false,"boss_relics":[{"not_picked":["Runic Pyramid","Coffee Dripper"],"picked":"Cursed Key"},{"not_picked":["Velvet Choker","Fusion Hammer"],"picked":"Pandora\u0027s Box"}],"items_purged_floors":[39],"is_endless":false,"potions_floor_spawned":[5,11,12,21,22,30,33,40,42],"ascension_level":7}}