{"host":"j4nfyhit1dl35m08","time":1612325839,"event":{"mods":["BaseMod","Downfall","Highlight Path","Minty Spire (QoL Compilation)","StSLib"],"gold_per_floor":[99,112,129,187,187,199,199,199,7,7,23,23,96,81,96,196,196,196,214,514,527,527,557,607,638,379,379,395,408,419,419,437,532,532,532,532,532,415,415,442,475,475,495,58,58,86,100,116,116],"floor_reached":50,"language":"ENG","playtime":5721,"items_purged":["bronze:Strike","bronze:Strike"],"score":788,"play_id":"a88602bb-ab11-467b-85fd-a2636202b197","local_time":"20210202221719","is_ascension_mode":true,"campfire_choices":[{"data":"bronze:Replicate","floor":1.0,"key":"SMITH"},{"data":"bronze:Optimize","floor":10.0,"key":"SMITH"},{"data":"bronze:Fortify","floor":12.0,"key":"SMITH"},{"data":"bronze:Fortify","floor":18.0,"key":"SMITH"},{"data":"bronze:ClassDefault","floor":27,"key":"SMITH"},{"data":"bronze:CloningBeam","floor":35,"key":"SMITH"},{"data":"expansioncontent:DashGenerateEvil","floor":39,"key":"SMITH"},{"data":"bronze:Goto","floor":42,"key":"SMITH"}],"circlet_count":0,"master_deck":["bronze:Defend","bronze:Defend","bronze:Defend","bronze:Defend","bronze:Replicate+1","bronze:Goto+1","bronze:DelayedGuard","bronze:Optimize+1","bronze:ChosenStrike","bronze:Fortify+1","bronze:CutThrough","bronze:Repair","bronze:Fortify+1","bronze:Terminator","bronze:DarkDash","bronze:Flail","bronze:Overheat","bronze:ThunderWave","bronze:Flail","bronze:Deprecate","bronze:ClassDefault+1","bronze:Constructor+1","expansioncontent:YouAreMine","bronze:Overheat","bronze:MaxOutput","Necronomicurse","bronze:CloningBeam+1","bronze:AlphaBuild","bronze:ItsAFeature+1","expansioncontent:DashGenerateEvil+1","bronze:ClassDefault+1","bronze:DelayedGuard+1","Metamorphosis","expansioncontent:Hexaburn","bronze:Fortify+1","bronze:CutThrough+1"],"relics":["Philosopher\u0027s Stone","Blood Vial","Bird Faced Urn","Letter Opener","Snecko Eye","Old Coin","Art of War","Dream Catcher","Necronomicon","bronze:MakeshiftBattery","downfall:TeleportStone","Oddly Smooth Stone","Anchor","Boot","Thread and Needle","Frozen Eye","Peace Pipe"],"acts_visited":["Exordium","TheCity","TheBeyond"],"potions_floor_usage":[21,48,49,49,49],"damage_taken":[{"damage":3.0,"enemies":"Jaw Worm","floor":2.0,"turns":4.0},{"damage":0.0,"enemies":"Small Slimes","floor":3.0,"turns":3.0},{"damage":37.0,"enemies":"Lagavulin Event","floor":4.0,"turns":8.0},{"damage":0.0,"enemies":"2 Louse","floor":6.0,"turns":5.0},{"damage":1.0,"enemies":"downfall:FleeingMerchant","floor":9.0,"turns":4.0},{"damage":0.0,"enemies":"3 Louse","floor":11.0,"turns":3.0},{"damage":3.0,"enemies":"downfall:FleeingMerchant","floor":14.0,"turns":4.0},{"damage":13.0,"enemies":"Blue Slaver","floor":15.0,"turns":3.0},{"damage":36.0,"enemies":"DF_ARCHETYPE_STREAMLINE","floor":16.0,"turns":12.0},{"damage":10.0,"enemies":"3 Byrds","floor":19.0,"turns":4.0},{"damage":7,"enemies":"Shell Parasite","floor":21,"turns":4},{"damage":33,"enemies":"Slavers","floor":23,"turns":4},{"damage":14,"enemies":"Gremlin Leader","floor":25,"turns":6},{"damage":0,"enemies":"downfall:FleeingMerchant","floor":26,"turns":4},{"damage":0,"enemies":"Snecko","floor":28,"turns":3},{"damage":35,"enemies":"Snake Plant","floor":29,"turns":6},{"damage":4,"enemies":"Cultist and Chosen","floor":30,"turns":7},{"damage":10,"enemies":"Centurion and Healer","floor":32,"turns":8},{"damage":34,"enemies":"IC_MUSHROOM_ARCHETYPE","floor":33,"turns":7},{"damage":3,"enemies":"downfall:FleeingMerchant","floor":38,"turns":4},{"damage":16,"enemies":"Giant Head","floor":41,"turns":7},{"damage":1,"enemies":"3 Shapes","floor":43,"turns":4},{"damage":0,"enemies":"Reptomancer","floor":46,"turns":5},{"damage":0,"enemies":"3 Darklings","floor":47,"turns":3},{"damage":16,"enemies":"Jaw Worm Horde","floor":48,"turns":3},{"damage":74,"enemies":"SI_POISON_ARCHETYPE","floor":49,"turns":7}],"seed_played":"899839774840257863","potions_obtained":[{"floor":11.0,"key":"bronze:CleanCodePotion"},{"floor":15.0,"key":"SmokeBomb"},{"floor":16.0,"key":"SkillPotion"},{"floor":21,"key":"Strength Potion"},{"floor":32,"key":"CultistPotion"},{"floor":41,"key":"bronze:BuildAFunctionPotion"},{"floor":48,"key":"bronze:BuildAFunctionPotion"}],"is_trial":false,"path_per_floor":["R","M","M","?","?","M","T","?","$","R","M","R","T","$","M","B",null,"R","M","?","M","?","E","T","E","$","R","M","M","M","?","M","B",null,"R","?","?","$","R","T","E","R","M","$","?","E","M","M","B",null],"character_chosen":"THE_AUTOMATON","items_purchased":["bronze:Fortify","bronze:Terminator","expansioncontent:YouAreMine","bronze:Overheat","Oddly Smooth Stone","Anchor","expansioncontent:DashGenerateEvil","Frozen Eye","Metamorphosis","expansioncontent:Hexaburn"],"campfire_rested":0,"item_purchase_floors":[9,9,26,26,38,38,38,44,44,44],"current_hp_per_floor":[70,67,67,30,30,32,32,32,35,35,49,49,49,60,51,26,70,70,70,70,64,64,46,46,50,60,60,70,43,56,40,49,34,70,70,70,70,67,67,67,60,60,69,69,69,70,70,58,4],"gold":116,"neow_bonus":"BOSS_RELIC","is_daily":false,"chose_seed":false,"campfire_upgraded":8,"win_rate":0.0,"timestamp":1612325839,"path_taken":["R","M","M","?","?","M","T","?","$","R","M","R","?","?","M","BOSS","R","M","?","M","?","E","T","E","$","R","M","M","?","?","M","BOSS","R","?","?","$","R","T","E","R","?","$","?","E","M","M","BOSS"],"items_purchased_type":["Card","Card","Card","Card","Relic","Relic","Card","Relic","Card","Card"],"build_version":"2020-12-22","purchased_purges":2,"victory":true,"max_hp_per_floor":[70,70,70,70,70,70,70,70,70,70,70,70,70,70,70,70,70,70,70,70,70,70,70,70,70,70,70,70,70,70,70,70,70,70,70,70,70,70,70,70,70,70,70,70,70,70,70,70,70],"card_choices":[{"not_picked":["bronze:BuggyMess","bronze:Turbo"],"picked":"bronze:DelayedGuard","floor":2.0},{"not_picked":["bronze:Branch","bronze:Separator"],"picked":"bronze:Optimize","floor":3.0},{"not_picked":["bronze:Fortify","bronze:NullPointer"],"picked":"bronze:ChosenStrike","floor":4.0},{"not_picked":["bronze:DelayedGuard","bronze:Shield"],"picked":"bronze:Fortify","floor":6.0},{"not_picked":["bronze:BuggyMess","bronze:Separator"],"picked":"bronze:Repair","floor":9.0},{"not_picked":["bronze:Overheat","bronze:BurnOut"],"picked":"bronze:DarkDash","floor":11.0},{"not_picked":["bronze:Shield","bronze:Overload"],"picked":"bronze:Flail","floor":14.0},{"not_picked":["bronze:OilSpill","bronze:GetLatest"],"picked":"bronze:Overheat","floor":15.0},{"not_picked":["bronze:FindAndReplace","bronze:HyperBeam"],"picked":"bronze:ThunderWave","floor":16.0},{"not_picked":["bronze:Iterate","bronze:NullPointer+1"],"picked":"bronze:Flail","floor":19.0},{"not_picked":["bronze:DelayedSlice","bronze:Backtrace+1"],"picked":"bronze:Deprecate","floor":21},{"not_picked":["bronze:Refactor","bronze:Constructor","bronze:ForLoop"],"picked":"SKIP","floor":23},{"not_picked":["bronze:Optimize","bronze:DelayedGuard"],"picked":"bronze:ClassDefault","floor":25},{"not_picked":["bronze:Frontload","bronze:Shield+1"],"picked":"bronze:Constructor+1","floor":26},{"not_picked":["bronze:Refactor+1","bronze:BuggyMess+1"],"picked":"bronze:MaxOutput","floor":28},{"not_picked":["bronze:Safeguard","bronze:BronzeArmor+1","bronze:Turbo"],"picked":"SKIP","floor":29},{"not_picked":["bronze:Overheat","bronze:ForLoop","bronze:Shield"],"picked":"SKIP","floor":30},{"not_picked":["bronze:BuggyMess+1","bronze:DelayedSlice"],"picked":"bronze:CloningBeam","floor":32},{"not_picked":["bronze:InfiniteLoop","bronze:Assembly"],"picked":"bronze:AlphaBuild","floor":33},{"not_picked":["bronze:ChosenStrike","bronze:CutThrough"],"picked":"bronze:ItsAFeature+1","floor":38},{"not_picked":["bronze:BronzeArmor+1","bronze:Deprecate+1"],"picked":"bronze:ClassDefault+1","floor":41},{"not_picked":["bronze:Iterate","bronze:Shield"],"picked":"bronze:DelayedGuard+1","floor":43},{"not_picked":["bronze:DelayedSlice+1","bronze:InfiniteBeams+1"],"picked":"bronze:Fortify+1","floor":46},{"not_picked":["bronze:Safeguard","bronze:DarkDash"],"picked":"bronze:CutThrough+1","floor":47},{"not_picked":["bronze:BitShift","bronze:FollowUp","bronze:Frontload"],"picked":"SKIP","floor":48}],"player_experience":370700,"relics_obtained":[{"floor":4.0,"key":"Blood Vial"},{"floor":7.0,"key":"Bird Faced Urn"},{"floor":13.0,"key":"Letter Opener"},{"floor":23,"key":"Art of War"},{"floor":25,"key":"Dream Catcher"},{"floor":31,"key":"Necronomicon"},{"floor":40,"key":"Boot"},{"floor":41,"key":"Thread and Needle"},{"floor":46,"key":"Peace Pipe"}],"event_choices":[{"cards_removed":["bronze:Strike"],"damage_healed":0.0,"max_hp_gain":0.0,"max_hp_loss":0.0,"gold_gain":0.0,"event_name":"The Cleric","player_choice":"Card Removal","floor":5.0,"gold_loss":0.0,"damage_taken":0.0},{"cards_removed":["Bandage Up"],"damage_healed":0,"gold_gain":0,"player_choice":"Removed Skill","damage_taken":0,"max_hp_gain":0,"max_hp_loss":0,"event_name":"Falling","floor":45,"gold_loss":0}],"is_beta":false,"boss_relics":[{"not_picked":["Busted Crown","Runic Dome"],"picked":"Snecko Eye"},{"not_picked":["Runic Pyramid","Fusion Hammer"],"picked":"bronze:MakeshiftBattery"}],"items_purged_floors":[9,26],"is_endless":false,"potions_floor_spawned":[11,15,16,21,25,29,30,32,33,41,43,47,48],"ascension_level":1}}