{"host":"czyddnh1ekzxzhp2","time":1612382561,"event":{"mods":["BaseMod","Better Third Choice","BetterRewards","Hermit","Minty Spire (QoL Compilation)","StSLib"],"gold_per_floor":[109,127,127,127,152,152,152,152,230,230,230,201,201,239,239,364,427,447,468,147,162,162,162,201,220,220,68,84,84,84,84,84,203,203,217,217,243,243,257,293,293,293,368,215,215,215,230,269,269,269],"floor_reached":51,"language":"ENG","playtime":4605,"items_purged":["hermit:Defend_Hermit"],"score":909,"play_id":"039a2bf8-a5d6-4579-b967-519b84eac4f9","local_time":"20210203150241","is_ascension_mode":true,"campfire_choices":[{"floor":6,"key":"REST"},{"floor":8,"key":"REST"},{"floor":13,"key":"REST"},{"floor":15,"key":"REST"},{"data":"hermit:HighNoon","floor":23,"key":"SMITH"},{"data":"hermit:Covet","floor":29,"key":"SMITH"},{"data":"hermit:Snapshot","floor":32,"key":"SMITH"},{"data":"hermit:Shortfuse","floor":41,"key":"SMITH"},{"floor":49,"key":"REST"}],"circlet_count":0,"master_deck":["hermit:Strike_Hermit","hermit:Strike_Hermit","hermit:Strike_Hermit","hermit:Defend_Hermit+1","hermit:Defend_Hermit","hermit:Defend_Hermit","hermit:Snapshot+1","hermit:Covet+1","hermit:Shortfuse+1","Regret","Self Repair+1","hermit:HighNoon+1","hermit:ShadowCloak+1","hermit:Snipe+1","hermit:Coalescence+1","hermit:Quickdraw+1","hermit:Maintenance+1"],"relics":["hermit:Momento","Torii","Juzu Bracelet","StoneCalendar","betterThird:SlimedRelic","Golden Idol","PreservedInsect","Darkstone Periapt","WingedGreaves","Mercury Hourglass","betterThird:SlimedRelic","HornCleat","Tiny House","Gremlin Horn","Matryoshka","Oddly Smooth Stone","Ancient Tea Set","Tiny Chest","Runic Pyramid","Blood Vial","Omamori","hermit:RyeStalk","hermit:Horseshoe","TheAbacus","InkBottle","Mummified Hand"],"acts_visited":["Exordium","TheCity","TheBeyond"],"potions_floor_usage":[17,21,24,28,50],"damage_taken":[{"damage":0,"enemies":"2 Louse","floor":1,"turns":2},{"damage":0,"enemies":"Cultist","floor":2,"turns":2},{"damage":20,"enemies":"Small Slimes","floor":5,"turns":6},{"damage":31,"enemies":"Lagavulin","floor":14,"turns":7},{"damage":14,"enemies":"The Guardian","floor":16,"turns":13},{"damage":14,"enemies":"3 Byrds","floor":18,"turns":7},{"damage":19,"enemies":"Spheric Guardian","floor":19,"turns":7},{"damage":15,"enemies":"Snake Plant","floor":21,"turns":7},{"damage":1,"enemies":"Gremlin Leader","floor":24,"turns":7},{"damage":15,"enemies":"3 Cultists","floor":25,"turns":7},{"damage":19,"enemies":"Cultist and Chosen","floor":28,"turns":7},{"damage":55,"enemies":"Automaton","floor":33,"turns":11},{"damage":1,"enemies":"3 Darklings","floor":35,"turns":5},{"damage":33,"enemies":"Orb Walker","floor":39,"turns":5},{"damage":21,"enemies":"Nemesis","floor":40,"turns":7},{"damage":60,"enemies":"Transient","floor":47,"turns":5},{"damage":1,"enemies":"Giant Head","floor":48,"turns":7},{"damage":1,"enemies":"Awakened One","floor":50,"turns":21}],"seed_played":"-967969158873624991","potions_obtained":[{"floor":1,"key":"ColorlessPotion"},{"floor":2,"key":"FairyPotion"},{"floor":16,"key":"Strength Potion"},{"floor":17,"key":"Fruit Juice"},{"floor":21,"key":"Fruit Juice"},{"floor":25,"key":"DistilledChaos"},{"floor":28,"key":"hermit:Eclipse"},{"floor":39,"key":"Ancient Potion"}],"is_trial":false,"path_per_floor":["M","M","?","?","M","R","$","R","T","?","?","?","R","E","R","B",null,"M","M","$","M","?","R","E","M","T","$","M","R","?","?","R","B",null,"M","?","T","$","M","E","R","?","T","$","T","?","M","E","R","B",null],"character_chosen":"HERMIT","items_purchased":["hermit:Shortfuse","Torii","Juzu Bracelet","StoneCalendar","Gremlin Horn","Tiny Chest","TheAbacus"],"campfire_rested":5,"item_purchase_floors":[0,0,0,0,20,27,44],"current_hp_per_floor":[40,40,22,22,2,24,24,46,46,52,40,29,53,32,56,52,91,87,78,78,78,78,78,87,82,82,82,73,73,73,73,73,28,96,96,91,91,91,68,59,59,59,59,59,59,59,11,22,49,60],"gold":269,"neow_bonus":"","is_daily":false,"chose_seed":false,"campfire_upgraded":4,"win_rate":0.0,"timestamp":1612382561,"path_taken":["M","M","?","?","M","R","$","R","T","?","?","?","R","E","R","BOSS","M","M","$","M","?","R","E","M","T","$","M","R","?","?","R","BOSS","M","?","?","$","M","E","R","?","T","$","?","?","M","E","R","BOSS"],"items_purchased_type":["Card","Relic","Relic","Relic","Relic","Relic","Relic"],"build_version":"2020-12-22","purchased_purges":1,"victory":true,"max_hp_per_floor":[75,75,75,75,75,75,75,75,75,81,81,81,81,81,81,81,91,91,91,91,96,96,96,96,96,96,96,96,96,96,96,96,96,96,96,91,91,91,91,91,91,91,91,91,91,91,91,91,91,91],"card_choices":[{"not_picked":["hermit:Dive","hermit:Feint"],"picked":"hermit:Grudge","floor":1},{"not_picked":["hermit:Gestalt","hermit:Horror","hermit:Cheat"],"picked":"SKIP","floor":2},{"not_picked":["hermit:Ricochet","hermit:GhostlyPresence","hermit:ItchyTrigger"],"picked":"SKIP","floor":5},{"not_picked":["hermit:Dive","hermit:Malice","hermit:LoneWolf"],"picked":"SKIP","floor":14},{"not_picked":["hermit:Purgatory","hermit:HeroicBravado"],"picked":"hermit:HighNoon","floor":16},{"not_picked":["hermit:TrackingShot","hermit:BigShot"],"picked":"hermit:ShadowCloak+1","floor":18},{"not_picked":["hermit:SprayPray","hermit:Grudge","hermit:Cheat"],"picked":"SKIP","floor":19},{"not_picked":["hermit:Midnight","hermit:Manifest+1","hermit:Roulette"],"picked":"SKIP","floor":21},{"not_picked":["hermit:CalledShot","hermit:Quickdraw","hermit:Scavenge"],"picked":"SKIP","floor":24},{"not_picked":["hermit:CalledShot","hermit:Quickdraw","hermit:Scavenge"],"picked":"SKIP","floor":24},{"not_picked":["hermit:Glare","hermit:Quickdraw","hermit:CalledShot"],"picked":"SKIP","floor":25},{"not_picked":["hermit:WideOpen","hermit:PistolWhip","hermit:HoleUp"],"picked":"SKIP","floor":28},{"not_picked":["hermit:TrackingShot+1","hermit:Manifest"],"picked":"hermit:Snipe+1","floor":35},{"not_picked":["hermit:Scavenge+1","hermit:Showdown+1"],"picked":"hermit:Coalescence+1","floor":39},{"not_picked":["hermit:TakeAim","hermit:Vantage+1","hermit:Desperado+1"],"picked":"SKIP","floor":40},{"not_picked":["hermit:Showdown","hermit:HighCaliber+1"],"picked":"hermit:Quickdraw+1","floor":47},{"not_picked":["hermit:ItchyTrigger+1","hermit:SprayPray"],"picked":"hermit:Maintenance+1","floor":48}],"player_experience":906472,"relics_obtained":[{"floor":9,"key":"Darkstone Periapt"},{"floor":14,"key":"HornCleat"},{"floor":24,"key":"Matryoshka"},{"floor":26,"key":"Oddly Smooth Stone"},{"floor":26,"key":"Ancient Tea Set"},{"floor":37,"key":"Blood Vial"},{"floor":37,"key":"Omamori"},{"floor":40,"key":"hermit:RyeStalk"},{"floor":43,"key":"hermit:Horseshoe"},{"floor":45,"key":"InkBottle"},{"floor":48,"key":"Mummified Hand"}],"event_choices":[{"damage_healed":0,"gold_gain":0,"player_choice":"Take Damage","damage_taken":18,"relics_obtained":["Golden Idol"],"max_hp_gain":0,"max_hp_loss":0,"event_name":"Golden Idol","floor":3,"gold_loss":0},{"cards_removed":["hermit:Grudge"],"damage_healed":0,"gold_gain":0,"player_choice":"Gave Card","damage_taken":0,"relics_obtained":["PreservedInsect"],"max_hp_gain":0,"max_hp_loss":0,"event_name":"WeMeetAgain","floor":4,"gold_loss":0},{"damage_healed":0,"gold_gain":0,"player_choice":"Box","damage_taken":0,"relics_obtained":["WingedGreaves"],"max_hp_gain":0,"max_hp_loss":0,"event_name":"Big Fish","floor":10,"gold_loss":0,"cards_obtained":["Regret"]},{"damage_healed":0,"gold_gain":0,"player_choice":"Slimed","damage_taken":11,"max_hp_gain":0,"max_hp_loss":0,"event_name":"betterThird:BetterGoop","floor":12,"gold_loss":29},{"damage_healed":0,"gold_gain":0,"player_choice":"Ignored","damage_taken":0,"max_hp_gain":0,"max_hp_loss":0,"event_name":"Cursed Tome","floor":22,"gold_loss":0},{"damage_healed":0,"gold_gain":0,"player_choice":"0 cards matched","damage_taken":0,"max_hp_gain":0,"max_hp_loss":0,"event_name":"Match and Keep!","floor":30,"gold_loss":0,"cards_obtained":[]},{"damage_healed":0,"gold_gain":0,"player_choice":"Ignored","damage_taken":0,"max_hp_gain":0,"max_hp_loss":0,"event_name":"Ghosts","floor":31,"gold_loss":0},{"damage_healed":0,"gold_gain":0,"player_choice":"Max HP","damage_taken":0,"max_hp_gain":0,"max_hp_loss":5,"event_name":"Winding Halls","floor":36,"gold_loss":0},{"damage_healed":0,"gold_gain":0,"player_choice":"Ignored","damage_taken":0,"max_hp_gain":0,"max_hp_loss":0,"event_name":"Tomb of Lord Red Mask","floor":42,"gold_loss":0},{"cards_removed":["hermit:Strike_Hermit"],"damage_healed":0,"gold_gain":0,"player_choice":"Removed Attack","damage_taken":0,"max_hp_gain":0,"max_hp_loss":0,"event_name":"Falling","floor":46,"gold_loss":0}],"is_beta":false,"boss_relics":[{"not_picked":["SacredBark","Astrolabe"],"picked":"Tiny House"},{"not_picked":["Busted Crown","Sozu"],"picked":"Runic Pyramid"}],"items_purged_floors":[20],"is_endless":false,"potions_floor_spawned":[1,2,16,21,25,28,39],"ascension_level":2}}