{"host":"nwd160me4iqdtr8u","time":1612376865,"event":{"mods":["AchievementEnabler","Act Like it!","BaseMod","Colored Map","DeckTracker","Hallownest","Keyboard Shortcuts","Minty Spire (QoL Compilation)","Quick Restart","Rare Cards Sparkle","Smile Girya","StSLib","SuperFastMode","The Bug Knight","everything is the same but u backflip on backflip"],"gold_per_floor":[116,128,163,180,190,190,223,233,257,288,288,303,228,228,228,326,326,345,345,357,171,641,666,680,706,706,724,147,159,159,170,170,270,270,288,306,318,77,94,94,128,128,128,138,138,150,167,197,197,197,197,197,38,63,63,63],"floor_reached":55,"language":"KOR","playtime":4167,"items_purged":["HollowMod:QuickDashStart","HollowMod:NailStrikeStart","HollowMod:NailStrikeStart","HollowMod:HowlingWraiths"],"score":956,"play_id":"4f0bb292-b2a7-4465-9359-fe8d84ab450c","local_time":"20210204032745","is_ascension_mode":true,"campfire_choices":[{"data":"HollowMod:HuntersJournal","floor":6.0,"key":"SMITH"},{"data":"HollowMod:DescendingDark","floor":11.0,"key":"SMITH"},{"data":"HollowMod:FocusHealStart","floor":15.0,"key":"SMITH"},{"data":"HollowMod:BlackTendrils","floor":32.0,"key":"SMITH"},{"data":"HollowMod:SlysStrikes","floor":40.0,"key":"SMITH"},{"data":"HollowMod:DoubleDash","floor":45.0,"key":"SMITH"},{"data":"HollowMod:RecoilStrike","floor":49.0,"key":"SMITH"},{"data":"HollowMod:DescendingDark","floor":52.0,"key":"SMITH"}],"circlet_count":0,"master_deck":["HollowMod:NailStrikeStart+1","HollowMod:QuickDashStart","HollowMod:QuickDashStart","HollowMod:QuickDashStart","HollowMod:FocusHealStart+1","HollowMod:PogoStrike","HollowMod:DescendingDark+1","HollowMod:LifebloodCore+1","HollowMod:NewJinnsSoul","HollowMod:SoulStrike+1","HollowMod:HuntersJournal+1","HollowMod:DoubleDash+1","HollowMod:VengefulVoid","HollowMod:CycloneSlash","HollowMod:VoidDash+1","HollowMod:CloakDash+1","HollowMod:LifebloodCocoon+1","HollowMod:DescendingDark+1","HollowMod:DoubleDash+1","Thinking Ahead","Hallownest:attackAdjustingAction","HollowMod:BlackTendrils+1","HollowMod:SiblingsSouls+1","HollowMod:SlysStrikes+1","HollowMod:SiblingsShadow+1","HollowMod:ShapeofUnn+1","HollowMod:QuirrelsAssistance+1","HollowMod:RecoilStrike+1"],"relics":["HollowMod:KingsSoulRelic","PreservedInsect","Whetstone","Anchor","HollowMod:PaleOreRelic","Hallownest:BankAccountRelic","TheAbacus","Art of War","Sundial","TungstenRod","Strange Spoon","Centennial Puzzle","Cursed Key","War Paint","Kunai","CeramicFish","HollowMod:StagPassRelic"],"acts_visited":["Hallownest:Greenpath","Hallownest:CityofTears","Hallownest:KingdomsEdge","TheEnding"],"potions_floor_usage":[55,55],"damage_taken":[{"damage":0.0,"enemies":"Hallownest:monsterHuskWarrior","floor":1.0,"turns":1.0},{"damage":1.0,"enemies":"Hallownest:2_Tiktiks_and_1_Crawlid","floor":2.0,"turns":2.0},{"damage":0.0,"enemies":"Hallownest:eliteCrystalGuardian","floor":3.0,"turns":1.0},{"damage":3.0,"enemies":"2_ Uuma","floor":4.0,"turns":5.0},{"damage":15.0,"enemies":"Hallownest:Guard_and_Warrior","floor":5.0,"turns":11.0},{"damage":3.0,"enemies":"Hallownest:eliteVengeflyKing","floor":7.0,"turns":4.0},{"damage":1.0,"enemies":"Hallownest:2_Tiktiks_1_Baldur_1_Crawlid","floor":8.0,"turns":3.0},{"damage":10.0,"enemies":"Hallownest:eliteMossKnight","floor":10.0,"turns":8.0},{"damage":0.0,"enemies":"Hallownest:monsterFoolEater","floor":12.0,"turns":3.0},{"damage":64.0,"enemies":"Hallownest:BossBrokenVessel","floor":16.0,"turns":16.0},{"damage":4.0,"enemies":"Hallownest:Guard_and_Sentry","floor":18.0,"turns":4.0},{"damage":0.0,"enemies":"Hallownest:2_Mistakes","floor":20.0,"turns":6.0},{"damage":8.0,"enemies":"Hallownest:eliteSoulWarrior","floor":23.0,"turns":8.0},{"damage":0.0,"enemies":"Hallownest:Warrior_and_Youth","floor":24.0,"turns":6.0},{"damage":0.0,"enemies":"Hallownest:Nosk","floor":25.0,"turns":10.0},{"damage":9.0,"enemies":"Hallownest:2_Husk_Sentries","floor":27.0,"turns":5.0},{"damage":0.0,"enemies":"Hallownest:monsterShrumalOgre","floor":29.0,"turns":6.0},{"damage":0.0,"enemies":"Hallownest:monsterMisterMushroom","floor":30.0,"turns":9.0},{"damage":0.0,"enemies":"Hallownest:2_Flukemon","floor":31.0,"turns":4.0},{"damage":0.0,"enemies":"Hallownest:BossSoulMaster","floor":33.0,"turns":14.0},{"damage":4.0,"enemies":"Hallownest:2_Littles","floor":35.0,"turns":4.0},{"damage":0.0,"enemies":"Hallownest:Shield_Heavy","floor":36.0,"turns":4.0},{"damage":0.0,"enemies":"Hallownest:2_Wing_and_1_Kings","floor":37.0,"turns":6.0},{"damage":0.0,"enemies":"Hallownest:2_Great","floor":39.0,"turns":5.0},{"damage":0.0,"enemies":"Hallownest:eliteHiveKnight","floor":41.0,"turns":8.0},{"damage":19.0,"enemies":"Hallownest:monsterPrimalAspid","floor":44.0,"turns":4.0},{"damage":0.0,"enemies":"Hallownest:2_Wing_and_1_Kings","floor":46.0,"turns":5.0},{"damage":0.0,"enemies":"Hallownest:2_Soldiers_and_1_Guardian","floor":47.0,"turns":5.0},{"damage":0.0,"enemies":"Hallownest:StalkingDevout","floor":48.0,"turns":6.0},{"damage":13.0,"enemies":"Hallownest:BossHollowKnight","floor":50.0,"turns":14.0},{"damage":13.0,"enemies":"Shield and Spear","floor":54.0,"turns":4.0},{"damage":93,"enemies":"The Heart","floor":55,"turns":9}],"seed_played":"-5793161110770861296","potions_obtained":[{"floor":3.0,"key":"AttackPotion"},{"floor":4.0,"key":"PowerPotion"},{"floor":8.0,"key":"DuplicationPotion"},{"floor":12.0,"key":"Dexterity Potion"},{"floor":20.0,"key":"Dexterity Potion"},{"floor":24.0,"key":"FearPotion"},{"floor":25.0,"key":"Weak Potion"},{"floor":29.0,"key":"CultistPotion"},{"floor":33.0,"key":"Weak Potion"},{"floor":36.0,"key":"BlessingOfTheForge"},{"floor":37.0,"key":"FearPotion"},{"floor":41.0,"key":"Strength Potion"}],"is_trial":false,"path_per_floor":["M","M","?","M","M","R","E","M","T","E","R","M","?","?","R","B",null,"M","?","M","$","?","E","M","E","T","M","$","M","M","M","R","B",null,"M","M","M","$","M","R","E","?","T","M","R","M","M","E","R","B",null,"R","$","E","B"],"character_chosen":"THE_BUGKNIGHT","items_purchased":["TheAbacus","Strange Spoon","Centennial Puzzle","Thinking Ahead","FearPotion","War Paint","SkillPotion"],"campfire_rested":0,"item_purchase_floors":[21,28,28,28,28,38,53],"current_hp_per_floor":[75,74,74,75,70,70,73,72,72,65,65,65,65,65,65,13,75,75,75,75,75,75,73,73,73,73,64,64,64,64,73,73,75,75,75,75,75,75,75,75,75,75,75,71,71,75,75,75,75,75,75,75,75,62,0,0],"gold":63,"neow_bonus":"THREE_ENEMY_KILL","is_daily":false,"chose_seed":false,"campfire_upgraded":8,"win_rate":0.0,"timestamp":1612376865,"path_taken":["M","M","?","M","M","R","E","M","T","E","R","M","?","?","R","BOSS","M","?","M","$","?","E","M","E","T","M","$","M","M","M","R","BOSS","M","M","M","$","M","R","E","?","T","?","R","M","M","E","R","BOSS","R","$","E","BOSS"],"items_purchased_type":["Relic","Relic","Relic","Card","Potion","Relic","Potion"],"build_version":"2020-12-22","purchased_purges":4,"victory":false,"max_hp_per_floor":[75,75,75,75,75,75,75,75,75,75,75,75,75,75,75,75,75,75,75,75,75,75,75,75,75,75,75,75,75,75,75,75,75,75,75,75,75,75,75,75,75,75,75,75,75,75,75,75,75,75,75,75,75,75,75,75],"card_choices":[{"not_picked":["HollowMod:GoodIntentions","HollowMod:SoulSplash"],"picked":"HollowMod:DescendingDark","floor":1.0},{"not_picked":["HollowMod:TaintedHusks","HollowMod:FastStrike"],"picked":"HollowMod:LifebloodCore","floor":2.0},{"not_picked":["HollowMod:VengefulVoid","HollowMod:DashSlash"],"picked":"HollowMod:NewJinnsSoul","floor":3.0},{"not_picked":["HollowMod:SoulVessel","HollowMod:GoodIntentions"],"picked":"HollowMod:SoulStrike","floor":4.0},{"not_picked":["HollowMod:VengefulSpirit","HollowMod:InfectionAssault"],"picked":"HollowMod:HuntersJournal","floor":5.0},{"not_picked":["HollowMod:SoulStrike","HollowMod:SiblingsSouls"],"picked":"HollowMod:DoubleDash","floor":7.0},{"not_picked":["HollowMod:WraithStrike","HollowMod:ShadowDash"],"picked":"HollowMod:VengefulVoid","floor":8.0},{"not_picked":["HollowMod:CoiledNail","HollowMod:CornifersMapStart"],"picked":"HollowMod:CycloneSlash","floor":10.0},{"not_picked":["HollowMod:VengefulSpirit","HollowMod:ShadowDash","HollowMod:SoulEater"],"picked":"SKIP","floor":12.0},{"not_picked":["HollowMod:Weaversong","HollowMod:HerrahsAnger"],"picked":"HollowMod:VoidDash","floor":16.0},{"not_picked":["HollowMod:NewJinnsSoul","HollowMod:DescendingDark"],"picked":"HollowMod:CloakDash+1","floor":18.0},{"not_picked":["HollowMod:SoulStrike","HollowMod:GoodIntentions+1"],"picked":"HollowMod:LifebloodCocoon+1","floor":20.0},{"not_picked":["HollowMod:LifebloodCocoon+1","HollowMod:NewLittleFool+1"],"picked":"HollowMod:HowlingWraiths","floor":23.0},{"not_picked":["HollowMod:SoulVessel","HollowMod:CrystalDash"],"picked":"HollowMod:DescendingDark","floor":24.0},{"not_picked":["HollowMod:GoodIntentions","HollowMod:FallenFury+1","HollowMod:ElderbugsWisdom"],"picked":"SKIP","floor":25.0},{"not_picked":["HollowMod:HeavyBlow","HollowMod:VengefulVoid"],"picked":"HollowMod:DoubleDash+1","floor":27.0},{"not_picked":["HollowMod:VengefulSpirit","HollowMod:ChannelNail","HollowMod:TaintedHusks"],"picked":"SKIP","floor":29.0},{"not_picked":["HollowMod:WraithStrike","HollowMod:DreamGate"],"picked":"HollowMod:BlackTendrils","floor":30.0},{"not_picked":["HollowMod:LifebloodCocoon+1","HollowMod:DashSlash"],"picked":"HollowMod:SiblingsSouls+1","floor":31.0},{"not_picked":["HollowMod:NewInfectedGuardian","HollowMod:HerrahsAnger"],"picked":"HollowMod:SlysStrikes","floor":33.0},{"not_picked":["HollowMod:QuirrelsAssistance","HollowMod:HeavyBlow"],"picked":"HollowMod:SiblingsShadow","floor":35.0},{"not_picked":["HollowMod:VengefulSpirit+1","HollowMod:TaintedHusks+1"],"picked":"HollowMod:ShapeofUnn+1","floor":36.0},{"not_picked":["HollowMod:TaintedHusks","HollowMod:CloakDash","HollowMod:VengefulVoid"],"picked":"SKIP","floor":37.0},{"not_picked":["HollowMod:LuriensSpire+1","HollowMod:DescendingDark","HollowMod:InfectionAssault+1"],"picked":"SKIP","floor":39.0},{"not_picked":["HollowMod:HowlingWraiths+1","HollowMod:TaintedHusks","HollowMod:DreamGate+1"],"picked":"SKIP","floor":41.0},{"not_picked":["HollowMod:WraithStrike+1","HollowMod:DesolateDive+1"],"picked":"HollowMod:QuirrelsAssistance+1","floor":44.0},{"not_picked":["HollowMod:CornifersMapStart","HollowMod:DesolateDive+1","HollowMod:theNailsmith"],"picked":"SKIP","floor":46.0},{"not_picked":["HollowMod:TaintedHusks+1","HollowMod:DesolateDive"],"picked":"HollowMod:RecoilStrike","floor":47.0},{"not_picked":["HollowMod:NewJinnsSoul+1","HollowMod:FastStrike+1","HollowMod:Grubsong+1"],"picked":"SKIP","floor":48.0},{"not_picked":["HollowMod:Grubsong","HollowMod:SoulStrike+1","HollowMod:DoubleDash+1"],"picked":"SKIP","floor":54.0}],"player_experience":405443,"relics_obtained":[{"floor":3.0,"key":"PreservedInsect"},{"floor":7.0,"key":"Whetstone"},{"floor":9.0,"key":"Anchor"},{"floor":10.0,"key":"HollowMod:PaleOreRelic"},{"floor":23.0,"key":"Art of War"},{"floor":25.0,"key":"Sundial"},{"floor":26.0,"key":"TungstenRod"},{"floor":41.0,"key":"Kunai"},{"floor":48.0,"key":"CeramicFish"},{"floor":54.0,"key":"HollowMod:StagPassRelic"}],"event_choices":[],"is_beta":false,"boss_relics":[{"not_picked":["Ectoplasm","Empty Cage"],"picked":"HollowMod:KingsSoulRelic"},{"not_picked":["Velvet Choker","Philosopher\u0027s Stone"],"picked":"Cursed Key"}],"items_purged_floors":[21,28,38,53],"is_endless":false,"potions_floor_spawned":[3,4,8,12,20,24,25,29,33,36,37,41,54],"killed_by":"The Heart","ascension_level":1}}