{"host":"rb2p2z6v6vieend5","time":1612386310,"event":{"mods":["BaseMod","Block Reminder","Colored Map","DeckTracker","Highlight Path","Minty Spire (QoL Compilation)","Random Character Button","Relic Stats"],"gold_per_floor":[116,116,45,45,60,101,125,125,125,125,141,162,162,197,197,317,317,336,435,435,448,34,34,57,57,57,57,74,74,92,92,92,189,189,201,213,288,301,312,104,0,0,0,17,17,36,49,49,49],"floor_reached":48,"language":"ENG","playtime":6245,"items_purged":["Strike_B"],"score":633,"play_id":"f81c5dc3-7caa-426d-8474-47a52a931f27","local_time":"20210203220510","is_ascension_mode":true,"campfire_choices":[{"data":"Defragment","floor":8,"key":"SMITH"},{"data":"Zap","floor":10,"key":"SMITH"},{"data":"Zap","floor":15,"key":"SMITH"},{"data":"Thunder Strike","floor":23,"key":"SMITH"},{"data":"White Noise","floor":25,"key":"SMITH"},{"data":"Coolheaded","floor":29,"key":"SMITH"},{"floor":32,"key":"REST"},{"floor":42,"key":"REST"},{"data":"Force Field","floor":45,"key":"SMITH"}],"circlet_count":0,"master_deck":["Strike_B","Strike_B","Defend_B","Defend_B","Defend_B","Defend_B","Zap+1","Dualcast","FTL","Zap+1","Defragment+1","White Noise+1","BootSequence","Self Repair","Leap","Coolheaded+1","Thunder Strike+1","Gash+1","Force Field+1","Stack+1","Electrodynamics","Stack+1","Loop","Static Discharge","Storm+1"],"relics":["Cracked Core","NeowsBlessing","Bloody Idol","Blood Vial","InkBottle","Pantograph","SlaversCollar","Letter Opener","Runic Capacitor","Nunchaku","FaceOfCleric","Black Star","HornCleat","Membership Card","Red Mask","Bronze Scales"],"acts_visited":["Exordium","TheCity","TheBeyond"],"potions_floor_usage":[16,18,33,38,38,38,46,46,48,48],"damage_taken":[{"damage":0,"enemies":"2 Louse","floor":1,"turns":1},{"damage":0,"enemies":"Cultist","floor":5,"turns":1},{"damage":0,"enemies":"Gremlin Nob","floor":6,"turns":1},{"damage":4,"enemies":"Jaw Worm","floor":7,"turns":4},{"damage":12,"enemies":"Large Slime","floor":11,"turns":5},{"damage":17,"enemies":"Exordium Thugs","floor":12,"turns":4},{"damage":5,"enemies":"Lagavulin","floor":14,"turns":6},{"damage":26,"enemies":"Hexaghost","floor":16,"turns":8},{"damage":28,"enemies":"3 Byrds","floor":18,"turns":5},{"damage":2,"enemies":"Shell Parasite","floor":21,"turns":5},{"damage":12,"enemies":"Chosen and Byrds","floor":24,"turns":5},{"damage":15,"enemies":"Snecko","floor":28,"turns":5},{"damage":38,"enemies":"3 Cultists","floor":30,"turns":6},{"damage":40,"enemies":"Automaton","floor":33,"turns":11},{"damage":62,"enemies":"3 Darklings","floor":35,"turns":4},{"damage":11,"enemies":"Orb Walker","floor":36,"turns":5},{"damage":9,"enemies":"Writhing Mass","floor":38,"turns":7},{"damage":23,"enemies":"3 Darklings","floor":39,"turns":3},{"damage":16,"enemies":"Jaw Worm Horde","floor":44,"turns":3},{"damage":38,"enemies":"Transient","floor":46,"turns":5},{"damage":12,"enemies":"4 Shapes","floor":47,"turns":4},{"damage":38,"enemies":"Writhing Mass","floor":48,"turns":3}],"seed_played":"-2563119306323099589","potions_obtained":[{"floor":5,"key":"ColorlessPotion"},{"floor":6,"key":"Strength Potion"},{"floor":12,"key":"Energy Potion"},{"floor":14,"key":"SpeedPotion"},{"floor":18,"key":"Explosive Potion"},{"floor":20,"key":"Energy Potion"},{"floor":24,"key":"EntropicBrew"},{"floor":38,"key":"BlessingOfTheForge"},{"floor":46,"key":"Block Potion"},{"floor":47,"key":"FocusPotion"}],"is_trial":false,"path_per_floor":["M","?","$","?","M","E","M","R","T","R","M","M","?","E","R","B",null,"M","?","?","M","$","R","M","R","T","?","M","R","M","?","R","B",null,"M","M","T","M","M","$","?","R","T","M","R","M","M","M"],"character_chosen":"DEFECT","items_purchased":["Defragment","Letter Opener","Runic Capacitor","Membership Card","Static Discharge"],"campfire_rested":2,"item_purchase_floors":[3,22,22,40,40],"current_hp_per_floor":[68,68,68,50,50,50,48,48,48,48,45,37,30,34,34,42,67,48,48,48,55,55,55,52,52,52,52,51,51,27,27,49,48,69,22,19,24,30,15,15,15,39,39,38,38,15,11,0,0],"gold":49,"neow_bonus":"THREE_ENEMY_KILL","is_daily":false,"chose_seed":false,"campfire_upgraded":7,"win_rate":0.0,"timestamp":1612386310,"path_taken":["M","?","?","?","M","E","M","R","T","R","M","M","?","E","R","BOSS","M","?","?","?","$","R","M","R","T","?","M","R","M","?","R","BOSS","M","M","?","?","M","?","?","R","T","M","R","M","?","M"],"items_purchased_type":["Card","Relic","Relic","Relic","Card"],"build_version":"2020-12-22","purchased_purges":1,"victory":false,"max_hp_per_floor":[75,75,75,75,75,75,75,75,75,75,75,75,75,75,75,75,75,75,75,75,75,75,75,75,75,75,75,75,75,75,75,75,76,76,77,78,78,79,80,80,80,80,80,81,81,82,83,83,83],"relic_stats":{"Blood Vial":37,"Nunchaku":[5],"FaceOfCleric":8,"counters":[22,101],"Bloody Idol":55,"Pantograph":50,"Bronze Scales":[39],"Black Star":0,"Letter Opener":[215],"obtain_stats":[{"NeowsBlessing":0,"Golden Idol":4,"Runic Capacitor":22,"Letter Opener":22,"Blood Vial":6,"SlaversCollar":17,"Nunchaku":26,"HornCleat":37,"FaceOfCleric":31,"Pantograph":14,"Bloody Idol":27,"Bronze Scales":43,"Black Star":34,"Red Mask":41,"Membership Card":40,"Cracked Core":0,"InkBottle":9},{"NeowsBlessing":0,"Golden Idol":1,"Runic Capacitor":10,"Letter Opener":10,"Blood Vial":3,"SlaversCollar":8,"Nunchaku":11,"HornCleat":16,"FaceOfCleric":13,"Pantograph":7,"Bloody Idol":11,"Bronze Scales":18,"Black Star":14,"Red Mask":18,"Membership Card":18,"Cracked Core":0,"InkBottle":4},{"NeowsBlessing":0,"Golden Idol":1,"Runic Capacitor":40,"Letter Opener":40,"Blood Vial":3,"SlaversCollar":30,"Nunchaku":45,"HornCleat":76,"FaceOfCleric":56,"Pantograph":22,"Bloody Idol":45,"Bronze Scales":86,"Black Star":67,"Red Mask":86,"Membership Card":86,"Cracked Core":0,"InkBottle":7}],"InkBottle":[35]},"card_choices":[{"not_picked":["Redo","Barrage"],"picked":"FTL","floor":1},{"not_picked":["Streamline","Hello World"],"picked":"White Noise","floor":5},{"not_picked":["Coolheaded","Lockon"],"picked":"BootSequence","floor":6},{"not_picked":["Steam","Rebound"],"picked":"Self Repair","floor":7},{"not_picked":["Streamline","Redo"],"picked":"Leap","floor":11},{"not_picked":["Cold Snap","Barrage"],"picked":"Coolheaded","floor":12},{"not_picked":["Turbo","Steam Power","Go for the Eyes"],"picked":"SKIP","floor":14},{"not_picked":["Fission","Seek"],"picked":"Thunder Strike","floor":16},{"not_picked":["FTL","Rip and Tear"],"picked":"Gash+1","floor":18},{"not_picked":["Steam","Stack","Consume"],"picked":"SKIP","floor":21},{"not_picked":["Skim","Rip and Tear"],"picked":"Force Field","floor":24},{"not_picked":["Aggregate","Ball Lightning","Scrape"],"picked":"SKIP","floor":28},{"not_picked":["Rebound","All For One"],"picked":"Stack+1","floor":30},{"not_picked":["Fission","Machine Learning"],"picked":"Electrodynamics","floor":33},{"not_picked":["Streamline","Beam Cell+1"],"picked":"Stack+1","floor":35},{"not_picked":["Lockon+1","Sweeping Beam+1","Chill+1"],"picked":"SKIP","floor":36},{"not_picked":["Steam","Fusion+1","Leap"],"picked":"SKIP","floor":38},{"not_picked":["Compile Driver","Rebound+1"],"picked":"Loop","floor":39},{"not_picked":["Recycle","Leap+1","Coolheaded+1"],"picked":"SKIP","floor":44},{"not_picked":["Chaos","Ball Lightning+1"],"picked":"Storm+1","floor":46},{"not_picked":["Blizzard","Steam+1","Beam Cell+1"],"picked":"SKIP","floor":47}],"player_experience":683990,"relics_obtained":[{"floor":6,"key":"Blood Vial"},{"floor":9,"key":"InkBottle"},{"floor":14,"key":"Pantograph"},{"floor":26,"key":"Nunchaku"},{"floor":37,"key":"HornCleat"},{"floor":43,"key":"Bronze Scales"}],"event_choices":[{"damage_healed":0,"gold_gain":0,"player_choice":"1 cards matched","damage_taken":0,"max_hp_gain":0,"max_hp_loss":0,"event_name":"Match and Keep!","floor":2,"gold_loss":0,"cards_obtained":["Zap"]},{"damage_healed":0,"gold_gain":0,"player_choice":"Take Damage","damage_taken":18,"relics_obtained":["Golden Idol"],"max_hp_gain":0,"max_hp_loss":0,"event_name":"Golden Idol","floor":4,"gold_loss":0},{"cards_removed":["Strike_B"],"damage_healed":0,"gold_gain":0,"player_choice":"Card Removal","damage_taken":7,"max_hp_gain":0,"max_hp_loss":0,"event_name":"Golden Wing","floor":13,"gold_loss":0},{"damage_healed":0,"gold_gain":99,"player_choice":"Stole From Cult","damage_taken":0,"max_hp_gain":0,"max_hp_loss":0,"event_name":"Nest","floor":19,"gold_loss":0},{"damage_healed":0,"gold_gain":0,"player_choice":"Got Potions","damage_taken":0,"max_hp_gain":0,"max_hp_loss":0,"event_name":"Lab","floor":20,"gold_loss":0},{"damage_healed":0,"gold_gain":0,"player_choice":"Gave Idol","damage_taken":0,"relics_obtained":["Bloody Idol"],"max_hp_gain":0,"max_hp_loss":0,"event_name":"Forgotten Altar","floor":27,"relics_lost":["Golden Idol"],"gold_loss":0},{"damage_healed":0,"gold_gain":0,"player_choice":"Trade","damage_taken":0,"relics_obtained":["FaceOfCleric"],"max_hp_gain":0,"max_hp_loss":0,"event_name":"FaceTrader","floor":31,"gold_loss":0},{"damage_healed":0,"gold_gain":0,"player_choice":"Paid","damage_taken":0,"relics_obtained":["Red Mask"],"max_hp_gain":0,"max_hp_loss":0,"event_name":"Tomb of Lord Red Mask","floor":41,"gold_loss":104}],"is_beta":false,"boss_relics":[{"not_picked":["Busted Crown","Calling Bell"],"picked":"SlaversCollar"},{"not_picked":["Pandora\u0027s Box","Snecko Eye"],"picked":"Black Star"}],"items_purged_floors":[40],"is_endless":false,"potions_floor_spawned":[5,6,12,14,18,24,38,44,46,47],"killed_by":"Writhing Mass","ascension_level":7}}