{"host":"4gr5irrdjh39ysed","time":1612372269,"event":{"mods":["AchievementEnabler","BaseMod","Colored Map","Downfall","Hermit","Minty Spire (QoL Compilation)","Random Character Button","StSLib","The Construct","The Cursed","The Disciple","The Hierophant","The Mystic","The Necromancer","The Runesmith"],"gold_per_floor":[109,109,126,16,16,45,5,5,5],"floor_reached":8,"language":"ENG","playtime":253,"items_purged":["Defend_P"],"score":118,"play_id":"a5680a59-2c5b-457b-9383-1dab339f7e35","local_time":"20210203101109","is_ascension_mode":true,"campfire_choices":[],"circlet_count":0,"master_deck":["Strike_P","Strike_P","Strike_P","Strike_P","Defend_P","Defend_P","Eruption","Vigilance","DevaForm","MentalFortress","Tantrum","BattleHymn","MasterReality","WreathOfFlame"],"relics":["PureWater","Blue Candle"],"acts_visited":["Exordium"],"potions_floor_usage":[8,8],"damage_taken":[{"damage":21,"enemies":"Jaw Worm","floor":1,"turns":5},{"damage":11,"enemies":"2 Louse","floor":3,"turns":2},{"damage":75,"enemies":"Lagavulin","floor":6,"turns":4},{"damage":100014,"enemies":"3 Sentries","floor":8,"turns":3}],"seed_played":"-8242746846911275508","potions_obtained":[{"floor":3,"key":"Fire Potion"},{"floor":6,"key":"SkillPotion"}],"is_trial":false,"path_per_floor":["M","?","M","$","?","E","$","E"],"character_chosen":"WATCHER","items_purchased":["BattleHymn","WreathOfFlame"],"campfire_rested":0,"item_purchase_floors":[4,7],"current_hp_per_floor":[2051,2051,2040,2040,2033,1958,1958,0,0],"gold":5,"neow_bonus":"ONE_RANDOM_RARE_CARD","is_daily":false,"chose_seed":false,"campfire_upgraded":0,"win_rate":0.0,"timestamp":1612372269,"path_taken":["M","?","M","$","?","E","?","E"],"items_purchased_type":["Card","Card"],"build_version":"2020-12-22","purchased_purges":1,"victory":false,"max_hp_per_floor":[2072,2072,2072,2072,2072,2072,2072,2072,2072],"card_choices":[{"not_picked":["JustLucky","ClearTheMind"],"picked":"MentalFortress","floor":1},{"not_picked":["WaveOfTheHand","Protect"],"picked":"Tantrum","floor":3},{"not_picked":["WaveOfTheHand","Consecrate"],"picked":"MasterReality","floor":6}],"player_experience":297766,"relics_obtained":[{"floor":6,"key":"Blue Candle"}],"event_choices":[{"damage_healed":0,"gold_gain":0,"player_choice":"Ignored","damage_taken":0,"max_hp_gain":0,"max_hp_loss":0,"event_name":"Liars Game","floor":2,"gold_loss":0},{"cards_removed":["Defend_P"],"damage_healed":0,"gold_gain":0,"player_choice":"Card Removal","damage_taken":7,"max_hp_gain":0,"max_hp_loss":0,"event_name":"Golden Wing","floor":5,"gold_loss":0}],"is_beta":false,"boss_relics":[],"items_purged_floors":[4],"is_endless":false,"potions_floor_spawned":[3,6],"killed_by":"3 Sentries","ascension_level":5}}