{"host":"3twtdwjpiqhvvn5s","time":1612380211,"event":{"mods":["AchievementEnabler","Act Like it!","Aspiration","BaseMod","BetterRewards","Colored Map","Colored Powertips","Downfall","Duelist Mod","Friendly Minions","GifTheSpireLib","Hallownest","Hermit","Hubris","Infinite Spire","Jorbs\u0027s Wanderer Trilogy","Koishi","KomeijiMod","Marisa????????","Minty Spire (QoL Compilation)","Quick Restart","Rare Cards Sparkle","Replay The Spire","Shop Mod","StSLib","Td1madao Mod","The Administrix","The Animator","The Bug Knight","The Caster","The Cursed","The Disciple","The Hierophant","The Necromancer","The Poker Player","The Runesmith","The Servant 0.9.4"],"gold_per_floor":[119,139,155,173,185,185,213,230,311,326,326,340,340,353,353,453,553,573,560,578,595,608,635,647,647,647],"floor_reached":25,"language":"ENG","playtime":31522,"items_purged":[],"score":335,"play_id":"3c3f8bf5-ee99-4f9c-a1bf-01a9753cbba5","local_time":"20210203132331","daily_mods":["Hoarder","Terminal"],"is_ascension_mode":false,"campfire_choices":[{"data":"Fire Up","floor":6.0,"key":"SMITH"},{"floor":11.0,"key":"REST"},{"floor":13.0,"key":"REST"},{"floor":15.0,"key":"REST"}],"circlet_count":0,"master_deck":["Strike_C","Strike_C","Strike_C","Strike_C","Defend_C","Defend_C","Defend_C","Defend_C","Knight Kick","Chip","Fire Up+1","Fire Up","Fire Up","Fire Blade","Fire Blade","Fire Blade","New Defend Magic","New Defend Magic","New Defend Magic","Black Spear","Black Spear","Black Spear","Format All Data","Format All Data","Format All Data","E MP","E MP","E MP","Preloading","Preloading","Preloading","Optimization","Optimization","Optimization","Fixing+1","Fixing+1","Fixing+1","Fire Up+1","Fire Up+1","Fire Up+1","Load Balancing+1","Load Balancing+1","Load Balancing+1","Defend System+1","Defend System+1","Defend System+1","Fire Blade+1","Fire Blade+1","Fire Blade+1"],"relics":["Apod","bronze:AnalyticalCore","PreservedInsect","Cut Hand","Replay:Wanted Poster","hubris:MedicalManual"],"acts_visited":["Exordium","TheCity"],"potions_floor_usage":[19,20,23,24,24],"damage_taken":[{"damage":0.0,"enemies":"Cultist","floor":1.0,"turns":9.0},{"damage":4.0,"enemies":"Jaw Worm","floor":2.0,"turns":4.0},{"damage":0.0,"enemies":"Small Slimes","floor":3.0,"turns":4.0},{"damage":0.0,"enemies":"Blue Slaver","floor":4.0,"turns":3.0},{"damage":0.0,"enemies":"Looter","floor":5.0,"turns":4.0},{"damage":17.0,"enemies":"Gremlin Nob","floor":7.0,"turns":4.0},{"damage":7.0,"enemies":"2 Fungi Beasts","floor":8.0,"turns":4.0},{"damage":8.0,"enemies":"3 Louse","floor":10.0,"turns":4.0},{"damage":27.0,"enemies":"Exordium Thugs","floor":12.0,"turns":4.0},{"damage":6.0,"enemies":"Looter","floor":14.0,"turns":3.0},{"damage":41.0,"enemies":"The Guardian","floor":16.0,"turns":10.0},{"damage":7.0,"enemies":"3 Byrds","floor":18.0,"turns":5.0},{"damage":8,"enemies":"2 Thieves","floor":19,"turns":4},{"damage":6,"enemies":"Snecko","floor":20,"turns":4},{"damage":15,"enemies":"Centurion and Healer","floor":21,"turns":5},{"damage":10,"enemies":"Snake Plant","floor":22,"turns":4},{"damage":0,"enemies":"Gremlin Leader","floor":23,"turns":5},{"damage":4,"enemies":"Sentry and Sphere","floor":24,"turns":6},{"damage":3,"enemies":"Centurion and Healer","floor":25,"turns":1}],"seed_played":"-8159363083512412601","potions_obtained":[{"floor":3.0,"key":"Toxic Potion"},{"floor":7.0,"key":"sneckomod:MuddlingPotion"},{"floor":8.0,"key":"CalmPotion"},{"floor":14.0,"key":"ExcitationPotion"},{"floor":16.0,"key":"CalmPotion"},{"floor":18.0,"key":"BlessingOfTheForge"},{"floor":22,"key":"Explosive Potion"},{"floor":23,"key":"EntropicBrew"}],"is_trial":true,"path_per_floor":["M","M","M","M","M","R","E","M","T","M","R","M","R","M","R","B",null,"M","M","M","M","M","E","M","M"],"character_chosen":"TD1MADAO_CLASS","items_purchased":[],"campfire_rested":3,"item_purchase_floors":[],"current_hp_per_floor":[68,64,64,64,64,63,46,39,39,31,48,21,38,32,48,7,52,45,37,31,16,6,6,2,0,0],"gold":647,"neow_bonus":"","is_daily":false,"chose_seed":false,"campfire_upgraded":1,"win_rate":0.0,"timestamp":1612380211,"path_taken":["M","M","M","M","M","R","E","M","T","M","R","M","R","M","R","BOSS","M","M","M","M","M","E","M","M"],"items_purchased_type":[],"build_version":"2020-12-22","purchased_purges":0,"victory":false,"max_hp_per_floor":[68,67,66,65,64,63,62,61,60,59,58,57,56,55,54,53,52,51,50,49,48,47,46,45,45,45],"card_choices":[{"not_picked":["Twin Teeth","Weapon Shift"],"picked":"Fire Up","floor":1.0},{"not_picked":["Resistance","Afterwards","Floating Swing Kick"],"picked":"SKIP","floor":2.0},{"not_picked":["Machining","Provocative"],"picked":"Fire Blade","floor":3.0},{"not_picked":["Twin Teeth","Thunder Jump","Judgment"],"picked":"SKIP","floor":4.0},{"not_picked":["Reflection Mechanism","Three Hit"],"picked":"New Defend Magic","floor":5.0},{"not_picked":["Light Attack","Afterwards"],"picked":"Black Spear","floor":7.0},{"not_picked":["Three Hit","Revenge","Lunge"],"picked":"SKIP","floor":8.0},{"not_picked":["Pod Fire","Light Attack"],"picked":"Format All Data","floor":10.0},{"not_picked":["Fire Up","Black Hand"],"picked":"E MP","floor":12.0},{"not_picked":["Sudden Beat","Black Execution"],"picked":"Preloading","floor":14.0},{"not_picked":["Data Freezing","Overclocking"],"picked":"Optimization","floor":16.0},{"not_picked":["Sub Weapons","Black Shadow"],"picked":"Fixing+1","floor":18.0},{"not_picked":["Oblique Hack+1","Black Shadow","Twin Teeth"],"picked":"SKIP","floor":19},{"not_picked":["Perfect Defend","Sudden Beat+1"],"picked":"Fire Up+1","floor":20},{"not_picked":["Afterwards","Lunge","Oblique Hack"],"picked":"SKIP","floor":21},{"not_picked":["De Ware Chip","Black Spear"],"picked":"Load Balancing+1","floor":22},{"not_picked":["Ruin Defend","Lunge"],"picked":"Defend System+1","floor":23},{"not_picked":["Thunder Jump+1","Machining+1"],"picked":"Fire Blade+1","floor":24}],"player_experience":2515304,"relics_obtained":[{"floor":7.0,"key":"PreservedInsect"},{"floor":9.0,"key":"Cut Hand"},{"floor":23,"key":"hubris:MedicalManual"}],"event_choices":[],"is_beta":false,"boss_relics":[{"not_picked":["aspiration:SecretTechniqueScroll","Cursed Key"],"picked":"Replay:Wanted Poster"}],"items_purged_floors":[],"is_endless":false,"potions_floor_spawned":[3,7,8,14,16,18,22,23],"killed_by":"Centurion and Healer","ascension_level":0}}