{"host":"sxnl403xm2xmiyj1","time":1612350924,"event":{"mods":["AchievementEnabler","BaseMod","Colored Map","Keyboard Shortcuts","Minty Spire (QoL Compilation)","Quick Restart","StSLib","SuperFastMode"],"gold_per_floor":[118,12,187,187,16,54,54,72,72,147,186,205,226,260,260,389,389,409,427,445,470,484,484,522,522,522,553,576,612,612,379,379,499,499,523,548,51,51,13,47,47,47,47,61,61,84,84,97,97,97,97],"floor_reached":50,"language":"KOR","playtime":940,"items_purged":["Doubt","Strike_R","Strike_R"],"score":773,"play_id":"d87d765b-5552-40c8-b5c0-88dd10128afd","local_time":"20210203201524","is_ascension_mode":true,"campfire_choices":[{"data":"Metallicize","floor":7.0,"key":"SMITH"},{"data":"Shockwave","floor":15.0,"key":"SMITH"},{"data":"Inflame","floor":23.0,"key":"SMITH"},{"data":"Metallicize","floor":25.0,"key":"SMITH"},{"data":"Double Tap","floor":30,"key":"SMITH"},{"data":"Shockwave","floor":32,"key":"SMITH"},{"data":"Limit Break","floor":41,"key":"SMITH"},{"floor":45,"key":"REST"},{"floor":47,"key":"RECALL"},{"data":"Flex","floor":49,"key":"SMITH"}],"circlet_count":0,"master_deck":["Strike_R","Strike_R","Strike_R","Defend_R","Defend_R","Defend_R","Defend_R","Bash","Pommel Strike","Flex+1","Metallicize+1","Finesse","Shrug It Off","Pummel","Twin Strike","Pommel Strike","Shockwave+1","Double Tap+1","Thunderclap+1","Pummel+1","Inflame+1","Metallicize+1","Feel No Pain","Sword Boomerang","Uppercut","Pummel","Shockwave+1","Limit Break+1","Shrug It Off+1","Spot Weakness","Spot Weakness+1","Pommel Strike+1","Inflame+1"],"relics":["Burning Blood","NeowsBlessing","Golden Idol","Nunchaku","Self Forming Clay","Centennial Puzzle","Paper Frog","Velvet Choker","Akabeko","Smiling Mask","Art of War","Lee\u0027s Waffle","Sozu","Ice Cream","Medical Kit","Calipers","Toy Ornithopter"],"acts_visited":["Exordium","TheCity","TheBeyond"],"potions_floor_usage":[29],"damage_taken":[{"damage":0.0,"enemies":"Jaw Worm","floor":1.0,"turns":1.0},{"damage":0.0,"enemies":"3 Sentries","floor":6.0,"turns":1.0},{"damage":0.0,"enemies":"2 Louse","floor":8.0,"turns":1.0},{"damage":9.0,"enemies":"Gremlin Nob","floor":11.0,"turns":4.0},{"damage":10.0,"enemies":"Small Slimes","floor":12.0,"turns":3.0},{"damage":16.0,"enemies":"Exordium Thugs","floor":13.0,"turns":6.0},{"damage":17.0,"enemies":"3 Sentries","floor":14.0,"turns":8.0},{"damage":7.0,"enemies":"The Guardian","floor":16.0,"turns":11.0},{"damage":7.0,"enemies":"Shell Parasite","floor":18.0,"turns":4.0},{"damage":4.0,"enemies":"3 Byrds","floor":19.0,"turns":4.0},{"damage":10.0,"enemies":"3 Cultists","floor":20.0,"turns":4.0},{"damage":22.0,"enemies":"Sentry and Sphere","floor":21.0,"turns":6.0},{"damage":17.0,"enemies":"Snake Plant","floor":22.0,"turns":4.0},{"damage":22.0,"enemies":"Book of Stabbing","floor":24.0,"turns":4.0},{"damage":13.0,"enemies":"Slavers","floor":27.0,"turns":4.0},{"damage":19.0,"enemies":"Centurion and Healer","floor":28.0,"turns":4.0},{"damage":20,"enemies":"Book of Stabbing","floor":29,"turns":5},{"damage":44,"enemies":"Collector","floor":33,"turns":8},{"damage":13,"enemies":"3 Shapes","floor":35,"turns":4},{"damage":0,"enemies":"3 Darklings","floor":36,"turns":2},{"damage":45,"enemies":"Nemesis","floor":40,"turns":7},{"damage":23,"enemies":"4 Shapes","floor":44,"turns":4},{"damage":16,"enemies":"Sphere and 2 Shapes","floor":46,"turns":3},{"damage":8,"enemies":"Jaw Worm Horde","floor":48,"turns":2},{"damage":35,"enemies":"Donu and Deca","floor":50,"turns":5}],"seed_played":"603976503775928160","potions_obtained":[{"floor":8.0,"key":"Strength Potion"},{"floor":12.0,"key":"BloodPotion"},{"floor":16.0,"key":"Fire Potion"},{"floor":19.0,"key":"Block Potion"},{"floor":20.0,"key":"BloodPotion"},{"floor":21.0,"key":"Weak Potion"},{"floor":22.0,"key":"EntropicBrew"}],"is_trial":false,"path_per_floor":["M","$","?","?","$","E","R","M","T","?","E","M","M","E","R","B",null,"M","M","M","M","M","R","E","R","T","E","M","E","R","$","R","B",null,"M","M","$","?","$","E","R","$","T","M","R","M","R","M","R","B"],"character_chosen":"IRONCLAD","items_purchased":["Flex","Metallicize","Finesse","Shockwave","Lee\u0027s Waffle","Ice Cream","Medical Kit","Spot Weakness"],"campfire_rested":1,"item_purchase_floors":[2,2,5,31,31,37,37,39],"current_hp_per_floor":[78,78,78,58,58,64,64,70,70,59,56,52,42,31,31,30,68,67,69,65,49,38,38,38,38,38,47,34,20,20,87,87,49,78,71,77,77,77,77,38,38,38,38,21,47,37,37,35,35,0,0],"gold":97,"neow_bonus":"THREE_ENEMY_KILL","is_daily":false,"chose_seed":false,"campfire_upgraded":8,"win_rate":0.0,"timestamp":1612350924,"path_taken":["M","$","?","?","$","E","R","M","T","?","E","M","?","E","R","BOSS","M","M","M","M","M","R","E","R","T","E","M","E","R","$","R","BOSS","M","M","$","?","?","E","R","$","T","M","R","M","R","M","R","BOSS"],"items_purchased_type":["Card","Card","Card","Card","Relic","Relic","Relic","Card"],"build_version":"2020-12-22","purchased_purges":3,"victory":false,"max_hp_per_floor":[80,80,80,80,80,80,80,80,80,80,80,80,80,80,80,80,80,80,80,80,80,80,80,80,80,80,80,80,80,80,87,87,87,87,87,87,87,87,87,87,87,87,87,87,87,87,87,87,87,87,87],"card_choices":[{"not_picked":["Headbutt","Cleave"],"picked":"Pommel Strike","floor":1.0},{"not_picked":["Intimidate","Clash"],"picked":"Shrug It Off","floor":6.0},{"not_picked":["Rupture","Clash"],"picked":"Pummel","floor":8.0},{"not_picked":["Berserk","Havoc"],"picked":"Twin Strike","floor":11.0},{"not_picked":["Searing Blow","Thunderclap"],"picked":"Pommel Strike","floor":12.0},{"not_picked":["Cleave","Havoc","Rage"],"picked":"SKIP","floor":13.0},{"not_picked":["Wild Strike","True Grit"],"picked":"Shockwave","floor":14.0},{"not_picked":["Impervious","Feed"],"picked":"Double Tap","floor":16.0},{"not_picked":["Dual Wield","Rage"],"picked":"Thunderclap+1","floor":18.0},{"not_picked":["Dropkick","Carnage"],"picked":"Pummel+1","floor":19.0},{"not_picked":["Warcry","Rampage"],"picked":"Inflame","floor":20.0},{"not_picked":["Warcry","Heavy Blade","Thunderclap+1"],"picked":"SKIP","floor":21.0},{"not_picked":["Disarm","Anger+1"],"picked":"Metallicize","floor":22.0},{"not_picked":["Warcry","Heavy Blade"],"picked":"Feel No Pain","floor":24.0},{"not_picked":["Twin Strike","Thunderclap"],"picked":"Sword Boomerang","floor":27.0},{"not_picked":["Rage","Sword Boomerang"],"picked":"Uppercut","floor":28.0},{"not_picked":["Thunderclap","Perfected Strike"],"picked":"Pummel","floor":29},{"not_picked":["Offering","Feed"],"picked":"Limit Break","floor":33},{"not_picked":["Sever Soul+1","Whirlwind"],"picked":"Shrug It Off+1","floor":35},{"not_picked":["Anger+1","Havoc+1","Body Slam"],"picked":"SKIP","floor":36},{"not_picked":["Rampage","Whirlwind"],"picked":"Spot Weakness+1","floor":40},{"not_picked":["Headbutt","Warcry"],"picked":"Pommel Strike+1","floor":44},{"not_picked":["Clash+1","Rupture+1"],"picked":"Inflame+1","floor":46},{"not_picked":["Perfected Strike","Clash+1","Pommel Strike"],"picked":"SKIP","floor":48}],"player_experience":184356,"relics_obtained":[{"floor":6.0,"key":"Nunchaku"},{"floor":9.0,"key":"Self Forming Clay"},{"floor":11.0,"key":"Centennial Puzzle"},{"floor":14.0,"key":"Paper Frog"},{"floor":24.0,"key":"Akabeko"},{"floor":27.0,"key":"Smiling Mask"},{"floor":29,"key":"Art of War"},{"floor":40,"key":"Calipers"},{"floor":43,"key":"Toy Ornithopter"}],"event_choices":[{"damage_healed":0.0,"max_hp_gain":0.0,"max_hp_loss":0.0,"gold_gain":175.0,"event_name":"Liars Game","player_choice":"AGREE","floor":3.0,"gold_loss":0.0,"damage_taken":0.0,"cards_obtained":["Doubt"]},{"damage_healed":0.0,"max_hp_gain":0.0,"max_hp_loss":0.0,"gold_gain":0.0,"event_name":"Golden Idol","player_choice":"Take Damage","floor":4.0,"gold_loss":0.0,"damage_taken":20.0,"relics_obtained":["Golden Idol"]},{"damage_healed":0.0,"max_hp_gain":0.0,"max_hp_loss":0.0,"gold_gain":75.0,"event_name":"World of Goop","player_choice":"Gather Gold","floor":10.0,"gold_loss":0.0,"damage_taken":11.0},{"damage_healed":0,"gold_gain":0,"player_choice":"Got Potions","damage_taken":0,"max_hp_gain":0,"max_hp_loss":0,"event_name":"Lab","floor":38,"gold_loss":0}],"is_beta":false,"boss_relics":[{"not_picked":["Snecko Eye","Pandora\u0027s Box"],"picked":"Velvet Choker"},{"not_picked":["Busted Crown","Mark of Pain"],"picked":"Sozu"}],"items_purged_floors":[5,31,37],"is_endless":false,"potions_floor_spawned":[8,12,16,19,20,21,22,36,40,44,48],"killed_by":"Donu and Deca","ascension_level":6}}