{"host":"nju1fqcs4pk1qpy6","time":1612322954,"event":{"mods":["BaseMod","Better Altar","Better Match","Better Note","Better Sensory Stone","Better Skull","Better Third Choice","Downfall","Highlight Path","Minty Spire (QoL Compilation)","Morshu Shopkeeper - ENHANCED","Reorder Act Four","SacredBarkPlus","Spire Arcade","StSLib","Synergy Search","The Alterego","Unceasing Turn Reminder","Waifu the Spire","egg"],"gold_per_floor":[99,99,111,111,111,138,186,86,98,111,160,191,210,210,226,327,327,227,243,243,243,243,243,315,215,84,112,130,142,142,176,187,292,292,292,292,310,310,322,322,322,351,401,401,412,273,273,273,289,289,289,289,289,289],"floor_reached":52,"language":"ENG","playtime":4338,"items_purged":["Pride","Slimebound:Strike_Slimebound"],"score":801,"play_id":"4ebc076d-b44f-4ed5-9621-5282d112db01","local_time":"20210202222914","is_ascension_mode":false,"campfire_choices":[{"data":"Slimebound:Split","floor":1,"key":"SMITH"},{"data":"Slimebound:Teamwork","floor":8,"key":"SMITH"},{"data":"Slimebound:MassFeed","floor":18,"key":"SMITH"},{"floor":23,"key":"RECALL"},{"data":"1","floor":25,"key":"LIFT"},{"data":"Slimebound:SlimeBarrage","floor":30,"key":"SMITH"},{"data":"Slimebound:MassRepurpose","floor":35,"key":"SMITH"},{"data":"Slimebound:DouseInSlime","floor":40,"key":"SMITH"},{"data":"Slimebound:MassFeed+1","floor":44,"key":"PURGE"},{"data":"expansioncontent:StudyTheSpire","floor":47,"key":"SMITH"}],"circlet_count":0,"master_deck":["Slimebound:Strike_Slimebound+1","Slimebound:Strike_Slimebound","Slimebound:Tackle","Slimebound:Defend_Slimebound+1","Slimebound:Defend_Slimebound","Slimebound:Defend_Slimebound","Slimebound:Defend_Slimebound","Slimebound:Split+1","Slimebound:CorrosiveSpit+1","Slimebound:SplitBruiser","Slimebound:Teamwork+1","Slimebound:FormOfPuddle","Slimebound:MegaLick","Slimebound:LevelUp+1","Slimebound:GoopSpray","Slimebound:Nibble","Slimebound:LeechingTouch+1","Slimebound:SlimeBarrage+1","Slimebound:Prepare","Slimebound:Prepare","Slimebound:Gluttony+1","Slimebound:DouseInSlime+1","Slimebound:MassRepurpose+1","Panacea","Slimebound:ProtectTheBoss","Slimebound:TongueLash+1","Slimebound:SamplingLick+1","expansioncontent:StudyTheSpire+1","Slimebound:SlimeTap","Slimebound:ItLooksTasty+1"],"relics":["Slimebound:AbsorbEndCombatUpgraded","Girya","downfall:HeartBlessingBlue","PreservedInsect","Slimebound:ScrapOozeRelic","downfall:HeartBlessingGreen","Singing Bowl","Eternal Feather","Darkstone Periapt","downfall:HeartBlessingRed","Juzu Bracelet","Lantern","Molten Egg 2","Centennial Puzzle","Mango","Chemical X"],"acts_visited":["Exordium","TheCity","TheBeyond","TheEnding"],"potions_floor_usage":[6,16,16,28,29,33,33,46,50],"damage_taken":[{"damage":7,"enemies":"Small Slimes","floor":3,"turns":4},{"damage":10,"enemies":"Gremlin Nob","floor":6,"turns":4},{"damage":5,"enemies":"2 Louse","floor":9,"turns":3},{"damage":0,"enemies":"Cultist","floor":10,"turns":3},{"damage":9,"enemies":"Lagavulin","floor":12,"turns":7},{"damage":8,"enemies":"Exordium Wildlife","floor":13,"turns":2},{"damage":0,"enemies":"3 Louse","floor":15,"turns":2},{"damage":26,"enemies":"DF_ARCHETYPE_STREAMLINE","floor":16,"turns":7},{"damage":4,"enemies":"Chosen","floor":19,"turns":4},{"damage":0,"enemies":"downfall:FleeingMerchant","floor":26,"turns":4},{"damage":9,"enemies":"Gremlin Leader","floor":27,"turns":4},{"damage":4,"enemies":"Snecko","floor":28,"turns":4},{"damage":5,"enemies":"Snake Plant","floor":29,"turns":4},{"damage":0,"enemies":"Slavers","floor":31,"turns":3},{"damage":15,"enemies":"Chosen and Byrds","floor":32,"turns":4},{"damage":11,"enemies":"WA_ARCHETYPE_CALM","floor":33,"turns":7},{"damage":1,"enemies":"3 Shapes","floor":37,"turns":5},{"damage":27,"enemies":"3 Darklings","floor":39,"turns":4},{"damage":8,"enemies":"Nemesis","floor":42,"turns":9},{"damage":0,"enemies":"Nemesis","floor":43,"turns":4},{"damage":0,"enemies":"Sphere and 2 Shapes","floor":45,"turns":4},{"damage":6,"enemies":"downfall:FleeingMerchant","floor":46,"turns":4},{"damage":18,"enemies":"Jaw Worm Horde","floor":49,"turns":4},{"damage":32,"enemies":"IC_BLOCK_ARCHETYPE","floor":50,"turns":11},{"damage":169,"enemies":"downfall:CharBossMerchant","floor":52,"turns":8}],"seed_played":"-2320976370822993184","potions_obtained":[{"floor":5,"key":"sneckomod:MuddlingPotion"},{"floor":5,"key":"Block Potion"},{"floor":5,"key":"LiquidBronze"},{"floor":10,"key":"PowerPotion"},{"floor":16,"key":"Ancient Potion"},{"floor":19,"key":"SteroidPotion"},{"floor":27,"key":"Fruit Juice"},{"floor":28,"key":"sneckomod:MuddlingPotion"},{"floor":29,"key":"ColorlessPotion"},{"floor":37,"key":"Swift Potion"},{"floor":49,"key":"SpeedPotion"}],"is_trial":false,"path_per_floor":["R","?","M","?","?","E","T","R","M","M","T","E","M","?","M","B",null,"R","M","?","?","T","R","T","R","$","E","M","M","R","E","M","B",null,"R","?","M","?","M","R","T","E","?","R","M","$","R","?","M","B",null,"E"],"character_chosen":"SLIMEBOUND","items_purchased":["Slimebound:SlimeBarrage","expansioncontent:StudyTheSpire","Chemical X","Slimebound:SlimeTap"],"campfire_rested":0,"item_purchase_floors":[26,46,46,46],"current_hp_per_floor":[71,71,64,64,64,58,58,68,65,67,67,66,62,62,66,48,81,81,81,81,81,81,81,81,81,83,80,83,88,88,94,82,86,94,94,96,102,102,88,103,103,104,120,120,120,120,120,122,110,93,122,0,0,0],"gold":289,"neow_bonus":"TEN_PERCENT_HP_BONUS","is_daily":false,"chose_seed":false,"campfire_upgraded":7,"win_rate":0.0,"timestamp":1612322954,"path_taken":["R","?","M","?","?","E","T","R","?","M","?","E","M","?","M","BOSS","R","M","?","?","?","R","T","R","$","E","M","M","R","E","M","BOSS","R","?","M","?","M","R","T","E","?","R","M","$","R","?","M","BOSS","E"],"items_purchased_type":["Card","Card","Relic","Card"],"build_version":"2020-12-22","purchased_purges":2,"victory":false,"max_hp_per_floor":[71,71,71,71,71,71,71,81,81,81,81,81,81,81,81,81,81,81,81,81,81,81,81,81,81,83,83,83,88,88,94,94,94,94,94,96,102,102,104,104,104,104,120,120,120,120,120,122,122,122,122,122,122,122],"card_choices":[{"not_picked":["Slimebound:LivingWall","Slimebound:SplitMire"],"picked":"Slimebound:SplitBruiser","floor":3},{"not_picked":["Slimebound:RollThrough","Slimebound:SplitAcid"],"picked":"Slimebound:Teamwork","floor":6},{"not_picked":["Slimebound:DisruptingSlam","Slimebound:PressTheAttack"],"picked":"Slimebound:FormOfPuddle","floor":9},{"not_picked":["Slimebound:SplitBruiser","Slimebound:SamplingLick"],"picked":"Slimebound:MegaLick","floor":10},{"not_picked":["Slimebound:LeechEnergy","Slimebound:GrowthPunch"],"picked":"Slimebound:LevelUp","floor":12},{"not_picked":["Slimebound:SplitMire","Slimebound:LeechEnergy"],"picked":"Slimebound:GoopSpray","floor":13},{"not_picked":["Slimebound:RollThrough","Slimebound:DuplicatedForm"],"picked":"Slimebound:Nibble","floor":15},{"not_picked":["Slimebound:FirmFortitude","Slimebound:DouseInSlime"],"picked":"Slimebound:MassFeed","floor":16},{"not_picked":["Slimebound:SlimeSpikes+1","Slimebound:RollThrough+1"],"picked":"Slimebound:LeechingTouch+1","floor":19},{"not_picked":["Slimebound:MassFeed","Slimebound:SamplingLick","Slimebound:Replication+1"],"picked":"Singing Bowl","floor":26},{"not_picked":["Slimebound:ItLooksTasty","Slimebound:RollThrough+1"],"picked":"Slimebound:Prepare","floor":27},{"not_picked":["Slimebound:ComboTackle","Slimebound:SlimeBrawl"],"picked":"Slimebound:Prepare","floor":28},{"not_picked":["Slimebound:SlimeSpikes+1","Slimebound:GoopSpray"],"picked":"Slimebound:Gluttony+1","floor":29},{"not_picked":["Slimebound:PressTheAttack","Slimebound:SlimeSpikes","Slimebound:FormOfPuddle"],"picked":"Singing Bowl","floor":31},{"not_picked":["Slimebound:RainOfGoop","Slimebound:FinishingTackle+1"],"picked":"Slimebound:DouseInSlime","floor":32},{"not_picked":["Slimebound:PrepareCrush","Slimebound:SlimeSlap"],"picked":"Slimebound:MassRepurpose","floor":33},{"not_picked":["Metamorphosis","Chrysalis","PanicButton"],"picked":"Singing Bowl","floor":36},{"not_picked":["Good Instincts","Blind"],"picked":"Panacea","floor":36},{"not_picked":["Slimebound:SplitMire","Slimebound:SlimeSpikes","Slimebound:ForwardTackle"],"picked":"Singing Bowl","floor":37},{"not_picked":["Slimebound:SamplingLick","Slimebound:GoopTackle+1","Slimebound:SplitLeeching"],"picked":"Singing Bowl","floor":39},{"not_picked":["Slimebound:DisruptingSlam+1","Slimebound:OneTwoCombo+1"],"picked":"Slimebound:ProtectTheBoss","floor":42},{"not_picked":["Slimebound:Replication+1","Slimebound:SplitLeeching","Slimebound:DisruptingSlam+1"],"picked":"Singing Bowl","floor":43},{"not_picked":["Slimebound:FinishingTackle+1","Slimebound:SamplingLick"],"picked":"Slimebound:TongueLash+1","floor":45},{"not_picked":["Slimebound:ComboTackle+1","Slimebound:OneTwoCombo+1"],"picked":"Slimebound:SamplingLick+1","floor":46},{"not_picked":["expansioncontent:AwakenDeath","expansioncontent:HyperBeam","expansioncontent:YouAreMine"],"picked":"Singing Bowl","floor":48},{"not_picked":["Slimebound:Chomp+1","Slimebound:PressTheAttack+1"],"picked":"Slimebound:ItLooksTasty+1","floor":49}],"player_experience":329683,"relics_obtained":[{"floor":6,"key":"Girya"},{"floor":11,"key":"Toy Ornithopter"},{"floor":12,"key":"PreservedInsect"},{"floor":22,"key":"Eternal Feather"},{"floor":24,"key":"Darkstone Periapt"},{"floor":27,"key":"Juzu Bracelet"},{"floor":31,"key":"Lantern"},{"floor":41,"key":"Molten Egg 2"},{"floor":42,"key":"Centennial Puzzle"},{"floor":43,"key":"Mango"}],"event_choices":[{"cards_removed":["downfall:Malfunctioning"],"damage_healed":0,"gold_gain":0,"player_choice":"Card Removal","damage_taken":0,"max_hp_gain":0,"max_hp_loss":0,"event_name":"The Cleric","floor":4,"gold_loss":0},{"damage_healed":0,"gold_gain":0,"player_choice":"Got Potions","damage_taken":0,"max_hp_gain":0,"max_hp_loss":0,"event_name":"Lab","floor":5,"gold_loss":0},{"cards_removed":["Slimebound:Strike_Slimebound"],"damage_healed":0,"gold_gain":0,"player_choice":"Give","damage_taken":0,"max_hp_gain":0,"max_hp_loss":0,"event_name":"betterNote:BetterNote","floor":20,"gold_loss":0,"cards_obtained":["None"]},{"damage_healed":0,"gold_gain":0,"player_choice":"Stole Relic","damage_taken":0,"relics_obtained":["Singing Bowl"],"max_hp_gain":0,"max_hp_loss":0,"event_name":"Addict","floor":21,"gold_loss":0,"cards_obtained":["Pride"]},{"damage_healed":0,"gold_gain":3,"player_choice":"1","damage_taken":0,"max_hp_gain":0,"max_hp_loss":0,"event_name":"betterStone:BetterStone","floor":36,"gold_loss":0}],"is_beta":false,"boss_relics":[{"not_picked":["Cursed Key","Tiny House"],"picked":"Slimebound:AbsorbEndCombatUpgraded"},{"not_picked":["Astrolabe","Snecko Eye","Pandora\u0027s Box"]}],"items_purged_floors":[26,46],"is_endless":false,"potions_floor_spawned":[10,12,15,16,19,27,28,29,32,37,49],"killed_by":"downfall:CharBossMerchant","ascension_level":0}}