{"host":"rgy6n2eoa9ji6d0c","time":1612345758,"event":{"mods":["BaseMod","Downfall","Minty Spire (QoL Compilation)","Quick Restart","StSLib"],"gold_per_floor":[99,116,128,139,49,62,134,160,160,160],"floor_reached":8,"language":"ENG","playtime":584,"items_purged":["Slimebound:Strike_Slimebound"],"score":86,"play_id":"b783ddf1-0721-4dcf-b264-7ed0deb9afc8","local_time":"20210203104918","is_ascension_mode":true,"campfire_choices":[{"data":"Slimebound:Split","floor":1,"key":"SMITH"}],"circlet_count":0,"master_deck":["Slimebound:Strike_Slimebound","Slimebound:Strike_Slimebound","Slimebound:Tackle","Slimebound:Defend_Slimebound","Slimebound:Defend_Slimebound","Slimebound:Defend_Slimebound","Slimebound:Defend_Slimebound","Slimebound:Split+1","Slimebound:CorrosiveSpit","Slimebound:SlimeSpikes","Slimebound:HauntingLick","Slimebound:SplitAcid","Slimebound:Replication"],"relics":["Slimebound:AbsorbEndCombat","Pear","Regal Pillow"],"acts_visited":["Exordium"],"potions_floor_usage":[],"damage_taken":[{"damage":0,"enemies":"Small Slimes","floor":2,"turns":3},{"damage":3,"enemies":"Cultist","floor":3,"turns":4},{"damage":2,"enemies":"2 Louse","floor":4,"turns":3},{"damage":8,"enemies":"downfall:FleeingMerchant","floor":5,"turns":4},{"damage":3,"enemies":"2 Fungi Beasts","floor":6,"turns":2},{"damage":36,"enemies":"Gremlin Nob","floor":8,"turns":4}],"seed_played":"4937997839522882777","potions_obtained":[{"floor":2,"key":"champ:CounterPotion"},{"floor":3,"key":"Slimebound:SlimyTonguePotion"},{"floor":6,"key":"champ:CounterPotion"}],"is_trial":false,"path_per_floor":["R","M","M","M","$","M","T","E"],"character_chosen":"SLIMEBOUND","items_purchased":[],"campfire_rested":0,"item_purchase_floors":[],"current_hp_per_floor":[71,71,71,71,67,66,76,42,42,42],"gold":160,"neow_bonus":"TEN_PERCENT_HP_BONUS","is_daily":false,"chose_seed":false,"campfire_upgraded":1,"win_rate":0.0,"timestamp":1612345758,"path_taken":["R","M","M","M","$","M","T","E"],"items_purchased_type":[],"build_version":"2020-12-22","purchased_purges":1,"victory":false,"max_hp_per_floor":[71,71,71,71,71,71,81,81,81,81],"card_choices":[{"not_picked":["Slimebound:Dissolve","Slimebound:SlimeBrawl"],"picked":"Slimebound:SlimeSpikes","floor":2},{"not_picked":["Slimebound:SamplingLick","Slimebound:ComboTackle"],"picked":"Slimebound:HauntingLick","floor":3},{"not_picked":["Slimebound:SlimeBrawl","Slimebound:BestDefense"],"picked":"Slimebound:SplitAcid","floor":4},{"not_picked":["Slimebound:AcidTongue","Slimebound:SlimeSpikes","Slimebound:ViciousTackle"],"picked":"SKIP","floor":5},{"not_picked":["Slimebound:Chomp","Slimebound:SamplingLick"],"picked":"Slimebound:Replication","floor":6}],"player_experience":1495563,"relics_obtained":[{"floor":7,"key":"Pear"},{"floor":8,"key":"Regal Pillow"}],"event_choices":[],"is_beta":false,"boss_relics":[],"items_purged_floors":[5],"is_endless":false,"potions_floor_spawned":[2,3,6],"killed_by":"Gremlin Nob","ascension_level":1}}