{"host":"c97twqu0op5dg8i4","time":1612393935,"event":{"mods":["AchievementEnabler","BaseMod","Colored Map","Minty Spire (QoL Compilation)","Permanent Neow"],"gold_per_floor":[112,112,125,125,44,44,58,86,111,111,129,149,11,25,25,122,122,139,139,40,57,72,72,99,118,118,118,118,118,134,34,34,135,135,147,167,1166,240,262,292,311,311,311,320,320,338,378,406,406,406,406,406,53,78,78],"floor_reached":56,"language":"ENG","playtime":2504,"items_purged":["Strike_G","Strike_G","Strike_G"],"score":1719,"play_id":"b23bcbcb-39f7-49ae-a53f-2292e29c2eea","local_time":"20210203181215","is_ascension_mode":true,"campfire_choices":[{"data":"Cloak And Dagger","floor":6,"key":"SMITH"},{"floor":10,"key":"REST"},{"data":"Infinite Blades","floor":15,"key":"SMITH"},{"data":"Dodge and Roll","floor":23,"key":"SMITH"},{"floor":28,"key":"REST"},{"data":"Accuracy","floor":32,"key":"SMITH"},{"floor":45,"key":"RECALL"},{"floor":49,"key":"REST"},{"data":"After Image","floor":52,"key":"SMITH"}],"circlet_count":0,"master_deck":["AscendersBane","Defend_G","Defend_G+1","Defend_G+1","Defend_G","Defend_G","Survivor","Neutralize+1","Die Die Die","Finisher+1","Blade Dance+1","Infinite Blades+1","Cloak And Dagger+1","Prepared","Deflect","Dodge and Roll+1","Acrobatics","Footwork","Calculated Gamble","Backflip","Envenom+1","Deflect","Accuracy+1","Cloak And Dagger","Distraction","Envenom","After Image+1","PiercingWail","Accuracy+1","Panache","Footwork+1","Concentrate","Slice+1","Blade Dance+1"],"relics":["Ring of the Snake","Omamori","Anchor","WristBlade","The Specimen","Ornamental Fan","SacredBark","Whetstone","OrangePellets","CeramicFish","Dream Catcher","Question Card","Lantern","Gremlin Horn"],"acts_visited":["Exordium","TheCity","TheBeyond","TheEnding"],"potions_floor_usage":[18,24,33,38,40,46,50,50,55],"damage_taken":[{"damage":0,"enemies":"2 Louse","floor":1,"turns":1},{"damage":4,"enemies":"Small Slimes","floor":3,"turns":4},{"damage":0,"enemies":"Cultist","floor":7,"turns":2},{"damage":29,"enemies":"3 Sentries","floor":8,"turns":6},{"damage":6,"enemies":"Exordium Wildlife","floor":11,"turns":3},{"damage":0,"enemies":"Lots of Slimes","floor":12,"turns":1},{"damage":0,"enemies":"3 Louse","floor":14,"turns":3},{"damage":34,"enemies":"The Guardian","floor":16,"turns":18},{"damage":6,"enemies":"Shell Parasite","floor":18,"turns":4},{"damage":0,"enemies":"Chosen","floor":21,"turns":3},{"damage":1,"enemies":"Centurion and Healer","floor":22,"turns":7},{"damage":7,"enemies":"Book of Stabbing","floor":24,"turns":7},{"damage":20,"enemies":"Snake Plant","floor":25,"turns":4},{"damage":1,"enemies":"Cultist and Chosen","floor":30,"turns":6},{"damage":15,"enemies":"Champ","floor":33,"turns":9},{"damage":9,"enemies":"3 Shapes","floor":35,"turns":6},{"damage":0,"enemies":"3 Darklings","floor":36,"turns":7},{"damage":5,"enemies":"Maw","floor":39,"turns":7},{"damage":26,"enemies":"Reptomancer","floor":40,"turns":6},{"damage":0,"enemies":"Spire Growth","floor":41,"turns":5},{"damage":0,"enemies":"Jaw Worm Horde","floor":46,"turns":4},{"damage":27,"enemies":"Giant Head","floor":47,"turns":7},{"damage":0,"enemies":"Maw","floor":48,"turns":6},{"damage":78,"enemies":"Donu and Deca","floor":50,"turns":7},{"damage":126,"enemies":"Shield and Spear","floor":54,"turns":8},{"damage":150,"enemies":"The Heart","floor":55,"turns":8}],"seed_played":"-5135040096440797465","potions_obtained":[{"floor":1,"key":"FairyPotion"},{"floor":7,"key":"Energy Potion"},{"floor":14,"key":"EntropicBrew"},{"floor":30,"key":"Regen Potion"},{"floor":35,"key":"Poison Potion"},{"floor":46,"key":"Strength Potion"}],"is_trial":false,"path_per_floor":["M","?","M","?","$","R","M","E","T","R","M","M","$","M","R","B",null,"M","?","$","M","M","R","E","M","T","?","R","?","M","$","R","B",null,"M","M","?","$","M","E","M","?","T","?","R","M","E","M","R","B",null,"R","$","E","B",null],"character_chosen":"THE_SILENT","items_purchased":["Infinite Blades","Cloak And Dagger","Footwork","Calculated Gamble","Deflect","Whetstone","OrangePellets","Panache","Fruit Juice","CeramicFish","Poison Potion","FairyPotion","Lantern","CultistPotion"],"campfire_rested":3,"item_purchase_floors":[5,5,13,13,20,38,38,38,38,38,38,53,53,53],"current_hp_per_floor":[63,49,45,45,45,45,45,16,16,37,31,31,31,31,31,18,57,51,51,51,51,50,50,43,23,23,23,44,44,43,43,43,42,63,54,54,54,64,59,33,33,33,33,33,33,33,6,6,30,30,68,68,68,68,50],"gold":78,"neow_bonus":"ONE_RANDOM_RARE_CARD","is_daily":false,"chose_seed":false,"campfire_upgraded":5,"win_rate":0.0,"timestamp":1612393935,"path_taken":["M","?","M","?","$","R","M","E","T","R","M","M","$","?","R","BOSS","M","?","$","?","M","R","E","M","T","?","R","?","?","?","R","BOSS","M","M","?","$","M","E","M","?","T","?","R","M","E","M","R","BOSS","R","$","E","BOSS"],"items_purchased_type":["Card","Card","Card","Card","Card","Relic","Relic","Card","Potion","Relic","Potion","Potion","Relic","Potion"],"build_version":"2020-12-22","purchased_purges":3,"victory":true,"max_hp_per_floor":[70,70,70,70,70,70,70,70,70,70,70,70,70,70,70,70,70,70,70,70,70,70,70,70,70,70,70,70,70,70,70,70,70,70,70,70,70,80,80,80,80,80,80,80,80,80,80,80,80,80,80,80,80,80,80],"card_choices":[{"not_picked":["Backflip","Expertise"],"picked":"Finisher","floor":1},{"not_picked":["PiercingWail","Deadly Poison"],"picked":"Blade Dance","floor":3},{"not_picked":["Deadly Poison","Concentrate"],"picked":"Prepared","floor":7},{"not_picked":["Acrobatics","Outmaneuver"],"picked":"Deflect","floor":8},{"not_picked":["Venomology","Tactician"],"picked":"Dodge and Roll","floor":11},{"not_picked":["PiercingWail","Bouncing Flask"],"picked":"Acrobatics","floor":12},{"not_picked":["Deadly Poison","Sucker Punch"],"picked":"Backflip","floor":14},{"not_picked":["Adrenaline","Tools of the Trade"],"picked":"Envenom","floor":16},{"not_picked":["Flying Knee","Choke","Outmaneuver"],"picked":"SKIP","floor":18},{"not_picked":["Underhanded Strike","Quick Slash","Predator"],"picked":"SKIP","floor":21},{"not_picked":["Outmaneuver","Masterful Stab","Expertise+1"],"picked":"SKIP","floor":22},{"not_picked":["All Out Attack","Escape Plan"],"picked":"Accuracy","floor":24},{"not_picked":["Backflip","Dagger Spray"],"picked":"Cloak And Dagger","floor":25},{"not_picked":["Dash+1","Dodge and Roll"],"picked":"Envenom","floor":30},{"not_picked":["Tools of the Trade","Envenom"],"picked":"After Image","floor":33},{"not_picked":["Outmaneuver","Sucker Punch+1"],"picked":"PiercingWail","floor":35},{"not_picked":["Dagger Throw+1","Bane+1"],"picked":"Accuracy+1","floor":36},{"not_picked":["Acrobatics+1","Bane+1"],"picked":"Footwork+1","floor":39},{"not_picked":["Dagger Spray+1","Heel Hook+1","Skewer"],"picked":"SKIP","floor":40},{"not_picked":["Sucker Punch","Reflex+1","Deflect"],"picked":"SKIP","floor":41},{"not_picked":["Distraction+1","Concentrate","Endless Agony"],"picked":"SKIP","floor":46},{"not_picked":["Riddle With Holes+1","Heel Hook"],"picked":"Slice+1","floor":47},{"not_picked":["Outmaneuver+1","Prepared","Phantasmal Killer"],"picked":"Blade Dance+1","floor":48},{"not_picked":["Skewer+1","Quick Slash+1","Prepared+1","Deflect"],"picked":"SKIP","floor":54}],"player_experience":339497,"relics_obtained":[{"floor":8,"key":"Omamori"},{"floor":9,"key":"Anchor"},{"floor":24,"key":"The Specimen"},{"floor":26,"key":"Ornamental Fan"},{"floor":40,"key":"Dream Catcher"},{"floor":47,"key":"Question Card"},{"floor":54,"key":"Gremlin Horn"}],"event_choices":[{"damage_healed":0,"gold_gain":0,"player_choice":"Entered Light","damage_taken":14,"max_hp_gain":0,"max_hp_loss":0,"event_name":"Shining Light","floor":2,"gold_loss":0,"cards_upgraded":["Defend_G","Defend_G"]},{"damage_healed":0,"gold_gain":0,"player_choice":"Upgraded","damage_taken":0,"max_hp_gain":0,"max_hp_loss":0,"event_name":"Upgrade Shrine","floor":4,"gold_loss":0,"cards_upgraded":["Blade Dance"]},{"damage_healed":0,"gold_gain":0,"player_choice":"Upgraded","damage_taken":0,"max_hp_gain":0,"max_hp_loss":0,"event_name":"Upgrade Shrine","floor":19,"gold_loss":0,"cards_upgraded":["Envenom"]},{"damage_healed":0,"gold_gain":0,"player_choice":"Ignored","damage_taken":0,"max_hp_gain":0,"max_hp_loss":0,"event_name":"Cursed Tome","floor":27,"gold_loss":0},{"damage_healed":0,"gold_gain":0,"cards_transformed":["Strike_G","Strike_G"],"player_choice":"Became Test Subject","damage_taken":0,"max_hp_gain":0,"max_hp_loss":0,"event_name":"Drug Dealer","floor":29,"gold_loss":0,"cards_obtained":["Distraction","Prepared"]},{"damage_healed":0,"gold_gain":999,"player_choice":"Gold","damage_taken":0,"max_hp_gain":0,"max_hp_loss":0,"event_name":"MindBloom","floor":37,"gold_loss":0,"cards_obtained":["Normality","Normality"]},{"damage_healed":0,"gold_gain":0,"player_choice":"Ignored","damage_taken":0,"max_hp_gain":0,"max_hp_loss":0,"event_name":"Tomb of Lord Red Mask","floor":42,"gold_loss":0},{"damage_healed":0,"gold_gain":0,"cards_transformed":["Prepared"],"player_choice":"Transformed","damage_taken":0,"max_hp_gain":0,"max_hp_loss":0,"event_name":"Transmorgrifier","floor":44,"gold_loss":0,"cards_obtained":["Concentrate"]}],"is_beta":false,"boss_relics":[{"not_picked":["Runic Pyramid","Astrolabe"],"picked":"WristBlade"},{"not_picked":["Velvet Choker","Snecko Eye"],"picked":"SacredBark"}],"items_purged_floors":[20,31,38],"is_endless":false,"potions_floor_spawned":[1,7,14,25,30,35,39,46],"ascension_level":10}}