{"host":"tzwuiju9jhaz8xpk","time":1612388486,"event":{"mods":["AchievementEnabler","Act Like it!","Ascension Unlocker","BaseMod","Better Altar","Better Match","Better Sensory Stone","Displayed Cursed Tome","Duelist Mod","Evolution","GungeonMod","Highlight Path","Infinite Spire","Minty Spire (QoL Compilation)","Permanent Neow","RNG Fix","Reliquary","Replay The Spire","Spicy Shops","StSLib","The Animator","Uncapped"],"gold_per_floor":[119,136,136,136,27,57,57,77,77,77,104,121,140,140,140,239,239,251,166,185,185,195,195,223,233,259,273,372,372,372,384,384,486,486,498,498,270,284,183,0,75,88,88,113,131,131,142,158,158,158],"floor_reached":51,"language":"ENG","playtime":2528,"items_purged":["Defend_G"],"score":759,"play_id":"1013c8f7-8951-4bd6-b022-614622b795b7","local_time":"20210203164126","is_ascension_mode":false,"campfire_choices":[{"data":"Bouncing Flask","floor":7.0,"key":"SMITH"},{"data":"Calculated Gamble","floor":15.0,"key":"SMITH"},{"data":"Bane","floor":23,"key":"SMITH"},{"floor":30,"key":"REST"},{"floor":32,"key":"REST"},{"floor":49,"key":"REST"}],"circlet_count":0,"master_deck":["Strike_G","Strike_G","Strike_G","Defend_G","Defend_G","Defend_G","Defend_G","Survivor","Neutralize","Slice","Terror","All Out Attack+1","Bouncing Flask+1","Blur","Sucker Punch","Calculated Gamble+1","Bane+1","Corpse Explosion","Deflect","Prepared","Bane","Noxious Fumes","Poisoned Stab+1","ReplayTheSpireMod:Uncanny Aura","Envenom+1","Acrobatics+1","Poisoned Stab","Toxin Wave","Toxin Wave","Dagger Throw","Dodge and Roll+1","Acrobatics+1","Dodge and Roll+1"],"relics":["Ring of the Snake","EVO:Axolotl","NeowsBlessing","infinitespire:Beetle Shell","ReplayTheSpireMod:Ninjato","reliquary:SilkGlove","ChewingGum","infinitespire:BottledMercury","WingedGreaves","reliquary:RedCape","infinitespire:Eraser","Toy Ornithopter","Runic Pyramid","reliquary:Aerogel","Red Mask","Durian","Ancient Tea Set"],"acts_visited":["Exordium","TheCity","TheBeyond"],"potions_floor_usage":[24,24,27,45,50,50,50],"damage_taken":[{"damage":0.0,"enemies":"Jaw Worm","floor":1.0,"turns":1.0},{"damage":0.0,"enemies":"Cultist","floor":2.0,"turns":1.0},{"damage":0.0,"enemies":"3 Sentries","floor":6.0,"turns":1.0},{"damage":7.0,"enemies":"infinitespire:Voidling","floor":8.0,"turns":3.0},{"damage":8.0,"enemies":"Lagavulin","floor":11.0,"turns":4.0},{"damage":0.0,"enemies":"Looter","floor":12.0,"turns":3.0},{"damage":0.0,"enemies":"Lots of Slimes","floor":13.0,"turns":1.0},{"damage":12,"enemies":"Slime Boss","floor":16,"turns":8},{"damage":0,"enemies":"Shell Parasite","floor":18,"turns":4},{"damage":9,"enemies":"2 Thieves","floor":20,"turns":3},{"damage":9,"enemies":"Snake Plant","floor":22,"turns":3},{"damage":7,"enemies":"Replay:Snechameleon","floor":24,"turns":5},{"damage":16,"enemies":"Sentry and Sphere","floor":25,"turns":5},{"damage":20,"enemies":"Snecko","floor":27,"turns":4},{"damage":2,"enemies":"Chosen and Byrds","floor":31,"turns":4},{"damage":51,"enemies":"Collector","floor":33,"turns":5},{"damage":9,"enemies":"3 Darklings","floor":35,"turns":4},{"damage":6,"enemies":"3 Shapes","floor":38,"turns":3},{"damage":0,"enemies":"Sphere and 2 Shapes","floor":42,"turns":4},{"damage":17,"enemies":"Reptomancer","floor":44,"turns":5},{"damage":13,"enemies":"Maw","floor":45,"turns":5},{"damage":19,"enemies":"Jaw Worm Horde","floor":47,"turns":3},{"damage":4,"enemies":"3 Darklings","floor":48,"turns":4},{"damage":26,"enemies":"infinitespire:MassOfShapes","floor":50,"turns":9}],"seed_played":"-4030294921914421944","potions_obtained":[{"floor":1.0,"key":"ColorlessPotion"},{"floor":12.0,"key":"SteroidPotion"},{"floor":13.0,"key":"Elixir"},{"floor":20,"key":"AttackPotion"},{"floor":22,"key":"Block Potion"},{"floor":24,"key":"AttackPotion"},{"floor":31,"key":"Elixir"},{"floor":35,"key":"Fire Potion"},{"floor":38,"key":"Doom Potion"},{"floor":47,"key":"SkillPotion"},{"floor":48,"key":"Fire Potion"}],"is_trial":false,"path_per_floor":["M","M","?","?","$","E","R","M","T","?","E","M","M","?","R","B",null,"M","?","M","AVR","M","R","E","M","T","M","?","?","R","M","R","B",null,"M","?","$","M","$","?","T","M","T","E","M","?","M","M","R","B",null],"character_chosen":"THE_SILENT","items_purchased":["Bouncing Flask","reliquary:Aerogel","Toxin Wave","Dagger Throw"],"campfire_rested":3,"item_purchase_floors":[5,37,39,39],"current_hp_per_floor":[70,70,70,70,70,70,70,67,67,67,59,59,59,59,59,47,70,70,70,61,61,52,52,45,29,29,14,14,14,35,33,54,3,70,61,61,61,55,55,55,55,55,60,43,35,35,16,12,34,23],"gold":158,"neow_bonus":"THREE_ENEMY_KILL","is_daily":false,"chose_seed":false,"campfire_upgraded":3,"win_rate":0.0,"timestamp":1612388486,"path_taken":["M","M","?","?","$","E","R","M","T","?","E","M","?","?","R","BOSS","M","?","?","AVR","M","R","E","M","T","M","?","?","R","?","R","BOSS","M","?","$","?","?","?","?","M","T","E","?","?","M","M","R","BOSS"],"items_purchased_type":["Card","Relic","Card","Card"],"build_version":"2020-12-22","purchased_purges":1,"victory":true,"max_hp_per_floor":[70,70,70,70,70,70,70,70,70,70,70,70,70,70,70,70,70,70,70,70,70,70,70,70,70,70,70,70,70,70,70,70,70,70,70,70,70,70,70,70,70,70,75,75,75,75,75,75,75,75],"card_choices":[{"not_picked":["Dash","Sucker Punch"],"picked":"Slice","floor":1.0},{"not_picked":["Choke","ReplayTheSpireMod:The Works"],"picked":"Terror","floor":2.0},{"not_picked":["Dodge and Roll","Finisher"],"picked":"Blur","floor":6.0},{"not_picked":["Leg Sweep","Acrobatics"],"picked":"Sucker Punch","floor":8.0},{"not_picked":["Underhanded Strike","Fluid Movement"],"picked":"Calculated Gamble","floor":11.0},{"not_picked":["Underhanded Strike","Flying Knee"],"picked":"Bane","floor":12.0},{"not_picked":["Footwork","Dodge and Roll","Venomology"],"picked":"SKIP","floor":13.0},{"not_picked":["Unload","Phantasmal Killer"],"picked":"Corpse Explosion","floor":16},{"not_picked":["Hidden Blade","Footwork+1"],"picked":"Deflect","floor":18},{"not_picked":["Dodge and Roll","Dagger Spray"],"picked":"Prepared","floor":20},{"not_picked":["Underhanded Strike","Dodge and Roll"],"picked":"Bane","floor":22},{"not_picked":["Hidden Blade","Blade Dance"],"picked":"Noxious Fumes","floor":24},{"not_picked":["Slice","Cloak And Dagger+1","Dodge and Roll"],"picked":"SKIP","floor":25},{"not_picked":["Fluid Movement+1","Setup"],"picked":"Poisoned Stab+1","floor":27},{"not_picked":["ReplayTheSpireMod:Trickstab","Good Instincts"],"picked":"ReplayTheSpireMod:Uncanny Aura","floor":29},{"not_picked":["Blade Dance","A Thousand Cuts","Acrobatics+1"],"picked":"SKIP","floor":31},{"not_picked":["Glass Knife","Replay:Bag of Tricks"],"picked":"Envenom","floor":33},{"not_picked":["Choke","Cloak And Dagger"],"picked":"Acrobatics+1","floor":35},{"not_picked":["Deflect","Outmaneuver+1"],"picked":"Poisoned Stab","floor":38},{"not_picked":["Dodge and Roll+1","Sneak Up","Envenom"],"picked":"SKIP","floor":42},{"not_picked":["Adrenaline","Dodge and Roll","ReplayTheSpireMod:Exploit Weakness+1"],"picked":"SKIP","floor":44},{"not_picked":["Sucker Punch+1","ReplayTheSpireMod:Scrap Shanks+1"],"picked":"Dodge and Roll+1","floor":45},{"not_picked":["Blade Dance","Backflip+1"],"picked":"Acrobatics+1","floor":47},{"not_picked":["Expertise","Acrobatics"],"picked":"Dodge and Roll+1","floor":48}],"player_experience":76013,"relics_obtained":[{"floor":6.0,"key":"infinitespire:Beetle Shell"},{"floor":9.0,"key":"ReplayTheSpireMod:Ninjato"},{"floor":11.0,"key":"reliquary:SilkGlove"},{"floor":24,"key":"infinitespire:Eraser"},{"floor":26,"key":"Toy Ornithopter"},{"floor":43,"key":"Durian"},{"floor":44,"key":"Ancient Tea Set"}],"event_choices":[{"damage_healed":0.0,"max_hp_gain":0.0,"max_hp_loss":0.0,"gold_gain":0.0,"cards_transformed":["Strike_G"],"event_name":"Transmorgrifier","player_choice":"Transformed","floor":3.0,"gold_loss":0.0,"damage_taken":0.0,"cards_obtained":["All Out Attack"]},{"cards_removed":["Strike_G"],"damage_healed":0.0,"max_hp_gain":0.0,"max_hp_loss":0.0,"gold_gain":0.0,"event_name":"Purifier","player_choice":"Purged","floor":10.0,"gold_loss":0.0,"damage_taken":0.0},{"damage_healed":0.0,"max_hp_gain":0.0,"max_hp_loss":0.0,"gold_gain":0.0,"event_name":"Liars Game","player_choice":"Ignored","floor":14.0,"gold_loss":0.0,"damage_taken":0.0},{"damage_healed":0,"gold_gain":0,"player_choice":"Obtained Relic","damage_taken":0,"relics_obtained":["infinitespire:BottledMercury"],"max_hp_gain":0,"max_hp_loss":0,"event_name":"Addict","floor":19,"gold_loss":85},{"damage_healed":0,"gold_gain":99,"player_choice":"Stole From Cult","damage_taken":0,"max_hp_gain":0,"max_hp_loss":0,"event_name":"Nest","floor":28,"gold_loss":0},{"damage_healed":0,"gold_gain":2,"player_choice":"1","damage_taken":0,"max_hp_gain":0,"max_hp_loss":0,"event_name":"betterStone:BetterStone","floor":29,"gold_loss":0},{"damage_healed":0,"gold_gain":0,"player_choice":"Upgraded","damage_taken":0,"max_hp_gain":0,"max_hp_loss":0,"event_name":"Upgrade Shrine","floor":36,"gold_loss":0,"cards_upgraded":["Envenom"]},{"damage_healed":0,"gold_gain":0,"player_choice":"Paid","damage_taken":0,"relics_obtained":["Red Mask"],"max_hp_gain":0,"max_hp_loss":0,"event_name":"Tomb of Lord Red Mask","floor":40,"gold_loss":183}],"is_beta":false,"boss_relics":[{"not_picked":["Snecko Eye","Replay:Drink Me"],"picked":"ChewingGum"},{"not_picked":["reliquary:Ember","Coffee Dripper"],"picked":"Runic Pyramid"}],"items_purged_floors":[37],"is_endless":false,"potions_floor_spawned":[1,12,13,20,22,24,31,35,38,47,48],"ascension_level":0}}