{"host":"vp4kanoy3sgrizh7","time":1612354039,"event":{"mods":["100% Spire Juice","Act Like it!","Arknights","BaseMod","Downfall","Gensokyo","GungeonMod","Hermit","HumanHunterMod(怪物杀人mod)","Lobotomy","LobotomyExtend","Minty Spire (QoL Compilation)","MostiFishMod","Replay The Spire","RumiaBox-露米娅的神秘盒子","Shop Mod","StSLib","[IsaacMod]以撒尖塔","noobMod","【功能Mod】聪明的最终Boss"],"gold_per_floor":[111,122,136,35,-1365,-1365,-1350,-1315,-1289,-1289,-1254,-1236,-1219,-1203,-1203,-1102,-1102,-1082,-1066,-1066,-1066],"floor_reached":20,"language":"ZHS","playtime":1549,"items_purged":[],"score":240,"play_id":"2e377f5b-6bf0-438a-89eb-62c7d880dd63","local_time":"20210203200718","is_ascension_mode":false,"campfire_choices":[{"data":"MostiFishMod:WinterMarkForm","floor":6.0,"key":"SMITH"},{"data":"Moonworks:RocketCannon","floor":10.0,"key":"SMITH"},{"data":"Moonworks:NicePresent","floor":15.0,"key":"SMITH"}],"circlet_count":0,"master_deck":["BodiesMountain","BigBird","Funeral","MostiFishMod:FrostNova","MostiFishMod:WinterMarkForm+1","Moonworks:WindyEnchantment","Moonworks:LuckyCharm","Moonworks:JonathanRush","Moonworks:JonathanRush","Moonworks:LeapThroughSpace","Moonworks:Encore","Moonworks:CrystalBarrier","Moonworks:FinalBattle","Moonworks:Encore","Moonworks:PlushieMaster","Moonworks:ShieldCounter","Moonworks:RocketCannon+1","Moonworks:PlushieMaster","Moonworks:Accelerator","Moonworks:LeapThroughSpace","Moonworks:AnotherUltimateWeapon","Moonworks:WindyEnchantment","Moonworks:NicePresent","LongBird","Moonworks:Gamble"],"relics":["Moonworks:BrokenBomb","Moonworks:Homemark","DaveBox","ice","FrostBlade","CogitoBucket","RabbitCall","SynthV:TestCard","LetterFromLob","SolemnVow_r","SynthV:MejaisSoulstealer","Lamp_r","SumBook","Counterbalance","SkinProphecy","TheSmile_r","RhineFirstAidKit","HellTrain"],"acts_visited":["Gensokyo:Gensokyo","Gensokyo:Gensokyoer"],"potions_floor_usage":[],"damage_taken":[{"damage":0.0,"enemies":"Gensokyo:Python","floor":1.0,"turns":2.0},{"damage":6.0,"enemies":"Gensokyo:Gryphon","floor":2.0,"turns":2.0},{"damage":14.0,"enemies":"Gensokyo:2_Kodama","floor":3.0,"turns":4.0},{"damage":4.0,"enemies":"Gensokyo:CorruptedTreant","floor":4.0,"turns":3.0},{"damage":0.0,"enemies":"Gensokyo:VengefulSpirit","floor":7.0,"turns":2.0},{"damage":0.0,"enemies":"Gensokyo:Cirno","floor":8.0,"turns":5.0},{"damage":8.0,"enemies":"Gensokyo:Aya","floor":11.0,"turns":3.0},{"damage":33.0,"enemies":"Gensokyo:Kitsune","floor":12.0,"turns":3.0},{"damage":0.0,"enemies":"Gensokyo:LivingMonolith","floor":13.0,"turns":3.0},{"damage":5.0,"enemies":"Gensokyo:3_Kodama","floor":14.0,"turns":4.0},{"damage":4.0,"enemies":"Gensokyo:Reimu","floor":16.0,"turns":3.0},{"damage":0.0,"enemies":"Gensokyo:3_Dogs","floor":18.0,"turns":3.0},{"damage":58,"enemies":"Gensokyo:AngelMirror","floor":19,"turns":4},{"damage":1,"enemies":"Gensokyo:Wraith","floor":20,"turns":1}],"seed_played":"-3924692341107768509","potions_obtained":[{"floor":1.0,"key":"Milkshake"},{"floor":7.0,"key":"SteroidPotion"},{"floor":14.0,"key":"Fire Potion"}],"is_trial":false,"path_per_floor":["M","M","M","M","$","R","M","E","T","R","E","M","M","M","R","B",null,"M","M","M"],"character_chosen":"THE_STARBREAKER","items_purchased":["SynthV:MejaisSoulstealer"],"campfire_rested":0,"item_purchase_floors":[5],"current_hp_per_floor":[60,54,53,50,50,50,51,59,59,59,52,20,16,11,11,11,66,68,6,0,0],"gold":-1066,"neow_bonus":"","is_daily":false,"chose_seed":false,"campfire_upgraded":3,"win_rate":0.0,"timestamp":1612354038,"path_taken":["M","M","M","M","$","R","M","E","T","R","E","M","M","M","R","BOSS","M","M","M"],"items_purchased_type":["Relic"],"build_version":"2020-12-22","purchased_purges":0,"victory":false,"max_hp_per_floor":[60,60,60,60,60,60,60,60,60,60,60,60,62,64,64,66,66,68,72,74,74],"card_choices":[{"not_picked":["CrumblingArmor","PunishingBird"],"picked":"QueenOfHatred","floor":1.0},{"not_picked":["Moonworks:JonathanRush","Moonworks:DeployBits"],"picked":"Moonworks:WindyEnchantment","floor":1.0},{"not_picked":["MeatLantern","UniverseFragment"],"picked":"Funeral","floor":2.0},{"not_picked":["Moonworks:JonathanRush","Moonworks:WindyEnchantment","Moonworks:EvilSpyWorkPreparation","Moonworks:FullSpeedAlicianrone"],"picked":"Moonworks:LuckyCharm","floor":2.0},{"not_picked":["Murderer","CherryBlossoms","FairyFestival"],"picked":"Singing Bowl","floor":3.0},{"not_picked":["Moonworks:TacticalRetreat","Moonworks:JonathanRush","Moonworks:EvilSpyWorkPreparation","Moonworks:LulusLuckyEgg"],"picked":"Moonworks:NicePresent","floor":3.0},{"not_picked":["PunishingBird","SpiderBud"],"picked":"BigBird","floor":4.0},{"not_picked":["Moonworks:EvilSpyWorkPreparation","Moonworks:WindyEnchantment","Moonworks:BeyondHell","Moonworks:TreasureThief"],"picked":"Moonworks:JonathanRush","floor":4.0},{"not_picked":["SingingMachine","ShyLook","Scarecrow"],"picked":"Singing Bowl","floor":7.0},{"not_picked":["MeatLantern","Alriune"],"picked":"DespairKnight","floor":7.0},{"not_picked":["Moonworks:DeployBits","Moonworks:FinalSurgery","Moonworks:BigMagnum","Moonworks:IndiscriminateFireSupport"],"picked":"Moonworks:JonathanRush","floor":7.0},{"not_picked":["Rudolta","ShyLook","MeatLantern"],"picked":"Singing Bowl","floor":8.0},{"not_picked":["Moonworks:BigMagnum","Moonworks:OutOfAmmo","Moonworks:MiracleRedBeanIceCream","Moonworks:CookingTime"],"picked":"Moonworks:LeapThroughSpace","floor":8.0},{"not_picked":["Moonworks:SealedMemories","Moonworks:MixPhenomenon","Moonworks:BindingChains","Moonworks:WindyEnchantment"],"picked":"Moonworks:AnotherUltimateWeapon","floor":11.0},{"not_picked":["HeroicMonk","Scorched","BlackSwan"],"picked":"Singing Bowl","floor":11.0},{"not_picked":["WallGazer","MeatLantern","Bloodbath"],"picked":"Singing Bowl","floor":12.0},{"not_picked":["Moonworks:EvilSpyWorkPreparation","Moonworks:Heat300Percent","Moonworks:IndiscriminateFireSupport","Moonworks:FinalBattle"],"picked":"Moonworks:NicePresent","floor":12.0},{"not_picked":["LaLuna","Bloodbath"],"picked":"BodiesMountain","floor":13.0},{"not_picked":["Moonworks:CloudOfSeagulls","Moonworks:x16BigRocket","Moonworks:SweetBattle","Moonworks:ImOnFire"],"picked":"Moonworks:SakisCookie","floor":13.0},{"not_picked":["CrumblingArmor","SingingMachine","MHz"],"picked":"Singing Bowl","floor":14.0},{"not_picked":["Moonworks:JonathanRush","Moonworks:CookingTime","Moonworks:CloudOfSeagulls","Moonworks:Assault"],"picked":"Moonworks:WindyEnchantment","floor":14.0},{"not_picked":["WallGazer","Murderer","FairyFestival"],"picked":"Singing Bowl","floor":16.0},{"not_picked":["SpiderBud","SingingMachine"],"picked":"LongBird","floor":16.0},{"not_picked":["Moonworks:WeAreWaruda","Moonworks:AnotherUltimateWeapon","Moonworks:EvilMastermind","Moonworks:StarBlastingFuse"],"picked":"Moonworks:ShieldCounter","floor":16.0},{"not_picked":["Moonworks:EvilSpyWorkPreparation","Moonworks:BackdoorTrade+1","Moonworks:Assault","Moonworks:ScrambledEve+1"],"picked":"Moonworks:NicePresent","floor":18},{"not_picked":["Wellcheers","MeatLantern","GreedKing"],"picked":"Singing Bowl","floor":19},{"not_picked":["MHz","Murderer"],"picked":"LongBird","floor":19},{"not_picked":["Moonworks:Assault","Moonworks:Dinner","Moonworks:FinalSurgery+1","Moonworks:AngelHand"],"picked":"Moonworks:Gamble","floor":19}],"player_experience":35229,"relics_obtained":[{"floor":1.0,"key":"SynthV:TestCard"},{"floor":1.0,"key":"LetterFromLob"},{"floor":8.0,"key":"SumBook"},{"floor":11.0,"key":"Counterbalance"}],"event_choices":[],"is_beta":false,"boss_relics":[{"not_picked":["ChewingGum","Cursed Key"],"picked":"RhineFirstAidKit"}],"items_purged_floors":[],"is_endless":false,"potions_floor_spawned":[1,7,14,16,18],"killed_by":"Gensokyo:Wraith","ascension_level":0}}