{"host":"fj5i6t4nkss7815d","time":1612395357,"event":{"mods":["AchievementEnabler","BaseMod","Minty Spire (QoL Compilation)","Quick Restart","Relic Stats"],"gold_per_floor":[115,126,145,159,173,173,193,222,222,222,235,261,281,281,281],"floor_reached":14,"language":"ENG","playtime":857,"items_purged":[],"score":212,"play_id":"53e72a20-21d0-4af3-ab48-6c228595a035","local_time":"20210203153557","is_ascension_mode":true,"campfire_choices":[{"floor":6.0,"key":"REST"},{"floor":10,"key":"REST"}],"circlet_count":0,"master_deck":["AscendersBane","Strike_P","Strike_P","Strike_P","Strike_P","Defend_P+1","Defend_P","Defend_P","Defend_P","Eruption","Vigilance","Protect+1","FlyingSleeves","ThirdEye","BowlingBash"],"relics":["Busted Crown","Bronze Scales","War Paint","Shuriken"],"acts_visited":["Exordium"],"potions_floor_usage":[8,12,12,14],"damage_taken":[{"damage":1.0,"enemies":"2 Louse","floor":1.0,"turns":3.0},{"damage":7.0,"enemies":"Jaw Worm","floor":2.0,"turns":3.0},{"damage":0.0,"enemies":"Cultist","floor":3.0,"turns":3.0},{"damage":7.0,"enemies":"Exordium Wildlife","floor":4.0,"turns":6.0},{"damage":13.0,"enemies":"Large Slime","floor":5.0,"turns":9.0},{"damage":7.0,"enemies":"2 Fungi Beasts","floor":7.0,"turns":3.0},{"damage":10,"enemies":"Lagavulin","floor":8,"turns":7},{"damage":0,"enemies":"Looter","floor":11,"turns":3},{"damage":6,"enemies":"Gremlin Nob","floor":12,"turns":3},{"damage":20,"enemies":"Exordium Thugs","floor":13,"turns":5},{"damage":28,"enemies":"Lagavulin","floor":14,"turns":4}],"seed_played":"2162454108989369754","potions_obtained":[{"floor":1.0,"key":"Ancient Potion"},{"floor":4.0,"key":"PowerPotion"},{"floor":5.0,"key":"Weak Potion"},{"floor":8,"key":"SneckoOil"},{"floor":11,"key":"LiquidMemories"},{"floor":13,"key":"Block Potion"}],"is_trial":false,"path_per_floor":["M","M","M","M","M","R","M","E","T","R","M","E","M","E"],"character_chosen":"WATCHER","items_purchased":[],"campfire_rested":2,"item_purchase_floors":[],"current_hp_per_floor":[60,53,53,46,33,53,46,36,36,56,56,50,30,2,2],"gold":281,"neow_bonus":"BOSS_RELIC","is_daily":false,"chose_seed":false,"campfire_upgraded":0,"win_rate":0.0,"timestamp":1612395357,"path_taken":["M","M","M","M","M","R","M","E","T","R","M","E","M","E"],"items_purchased_type":[],"build_version":"2020-12-22","purchased_purges":0,"victory":false,"max_hp_per_floor":[68,68,68,68,68,68,68,68,68,68,68,68,68,68,68],"relic_stats":{"Busted Crown":20,"counters":[11,49],"Shuriken":[2],"Bronze Scales":[24],"War Paint":["Defend_P","Protect"],"obtain_stats":[{"Busted Crown":0,"Shuriken":12,"Bronze Scales":8,"PureWater":0,"War Paint":9},{"Busted Crown":0,"Shuriken":9,"Bronze Scales":7,"PureWater":0,"War Paint":7},{"Busted Crown":0,"Shuriken":40,"Bronze Scales":34,"PureWater":0,"War Paint":34}]},"card_choices":[{"not_picked":["WreathOfFlame"],"picked":"SKIP","floor":1.0},{"not_picked":[],"picked":"Protect","floor":2.0},{"not_picked":[],"picked":"FlyingSleeves","floor":3.0},{"not_picked":["Study"],"picked":"SKIP","floor":4.0},{"not_picked":["Evaluate"],"picked":"SKIP","floor":5.0},{"not_picked":["ClearTheMind"],"picked":"SKIP","floor":7.0},{"not_picked":[],"picked":"ThirdEye","floor":8},{"not_picked":["Scrawl"],"picked":"SKIP","floor":11},{"not_picked":["WheelKick"],"picked":"SKIP","floor":12},{"not_picked":[],"picked":"BowlingBash","floor":13}],"player_experience":1008756,"relics_obtained":[{"floor":8,"key":"Bronze Scales"},{"floor":9,"key":"War Paint"},{"floor":12,"key":"Shuriken"}],"event_choices":[],"is_beta":false,"boss_relics":[],"items_purged_floors":[],"is_endless":false,"potions_floor_spawned":[1,4,5,8,11,13],"killed_by":"Lagavulin","ascension_level":20}}