{"host":"zsnmfqgcm92hlreo","time":1612322756,"event":{"mods":["AchievementEnabler","Act Like it!","BaseMod","Bestiary","Block Reminder","Colored Map","Colored Powertips","Hermit","Jorbs\u0027s Wanderer Trilogy","Minty Spire (QoL Compilation)","Permanent Neow","Quick Restart","Relic Stats","StSLib","Weighted Paths"],"gold_per_floor":[118,193,213,227,247,247,278,278,278,288,288,288,288],"floor_reached":12,"language":"ENG","playtime":524,"items_purged":[],"score":160,"play_id":"c976a440-a241-4d2b-9836-cf9268088a48","local_time":"20210202212556","is_ascension_mode":true,"campfire_choices":[{"data":"After Image","floor":6.0,"key":"SMITH"},{"floor":8.0,"key":"REST"}],"circlet_count":0,"master_deck":["AscendersBane","Strike_G","Strike_G","Strike_G","Strike_G","Defend_G","Defend_G","Defend_G","Defend_G","Defend_G","Survivor","Neutralize","stsjorbsmod:Procrastination","After Image+1","Dash","Dagger Spray","All Out Attack","Crippling Poison","Dodge and Roll","Poisoned Stab"],"relics":["Ring of the Snake","Ornamental Fan","Sundial"],"acts_visited":["Exordium"],"potions_floor_usage":[12],"damage_taken":[{"damage":0.0,"enemies":"Jaw Worm","floor":1.0,"turns":6.0},{"damage":3.0,"enemies":"Small Slimes","floor":3.0,"turns":4.0},{"damage":0.0,"enemies":"2 Louse","floor":4.0,"turns":3.0},{"damage":0.0,"enemies":"Exordium Wildlife","floor":5.0,"turns":2.0},{"damage":28.0,"enemies":"Lagavulin","floor":7.0,"turns":9.0},{"damage":5.0,"enemies":"Blue Slaver","floor":10.0,"turns":5.0},{"damage":31,"enemies":"Gremlin Nob","floor":12,"turns":4}],"seed_played":"-5601914322251280707","potions_obtained":[{"floor":1.0,"key":"CunningPotion"},{"floor":4.0,"key":"Dexterity Potion"},{"floor":10.0,"key":"SkillPotion"}],"is_trial":false,"path_per_floor":["M","?","M","M","M","R","E","R","T","M","?","E"],"character_chosen":"THE_SILENT","items_purchased":[],"campfire_rested":1,"item_purchase_floors":[],"current_hp_per_floor":[59,48,45,45,45,45,17,36,36,31,31,0,0],"gold":288,"neow_bonus":"THREE_RARE_CARDS","is_daily":false,"chose_seed":false,"campfire_upgraded":1,"win_rate":0.0,"timestamp":1612322756,"path_taken":["M","?","M","M","M","R","E","R","T","M","?","E"],"items_purchased_type":[],"build_version":"2020-12-22","purchased_purges":0,"victory":false,"max_hp_per_floor":[66,66,66,66,66,66,66,66,66,66,66,66,66],"relic_stats":{"counters":[7,33],"Ornamental Fan":[16],"Sundial":[0],"obtain_stats":[{"Ornamental Fan":7,"Sundial":9,"Ring of the Snake":0},{"Ornamental Fan":5,"Sundial":5,"Ring of the Snake":0},{"Ornamental Fan":24,"Sundial":24,"Ring of the Snake":0}],"Ring of the Snake":[14]},"card_choices":[{"not_picked":["Bullet Time","Grand Finale"],"picked":"After Image","floor":0.0},{"not_picked":["Acrobatics","Underhanded Strike"],"picked":"Dash","floor":1.0},{"not_picked":["Poisoned Stab","Bane"],"picked":"Dagger Spray","floor":3.0},{"not_picked":["Dagger Spray","Bane"],"picked":"All Out Attack","floor":4.0},{"not_picked":["Deadly Poison","Quick Slash","Prepared"],"picked":"SKIP","floor":5.0},{"not_picked":["Flechettes","Predator"],"picked":"Crippling Poison","floor":7.0},{"not_picked":["Deflect","Dash"],"picked":"Dodge and Roll","floor":10.0}],"player_experience":995233,"relics_obtained":[{"floor":7.0,"key":"Ornamental Fan"},{"floor":9.0,"key":"Sundial"}],"event_choices":[{"damage_healed":0.0,"max_hp_gain":0.0,"max_hp_loss":0.0,"gold_gain":75.0,"event_name":"World of Goop","player_choice":"Gather Gold","floor":2.0,"gold_loss":0.0,"damage_taken":11.0},{"damage_healed":0,"gold_gain":0,"cards_transformed":["Strike_G"],"player_choice":"Change","damage_taken":0,"max_hp_gain":0,"max_hp_loss":0,"event_name":"Living Wall","floor":11,"gold_loss":0,"cards_obtained":["Poisoned Stab"]}],"is_beta":false,"boss_relics":[],"items_purged_floors":[],"is_endless":false,"potions_floor_spawned":[1,4,10],"killed_by":"Gremlin Nob","ascension_level":20}}