{"host":"c3lc60y5x60jlt1y","time":1612338428,"event":{"mods":["AchievementEnabler","BaseMod","Bestiary","Colored Map","Minty Spire (QoL Compilation)","Quick Restart","StSLib","ojb\u0027s Info Mod"],"gold_per_floor":[34,34,67,99,132,159,159,193,193,193,34,34,59,134,134,211,211,241,261,261,261,261,261],"floor_reached":22,"language":"ENG","playtime":35504,"items_purged":["Strike_P"],"score":403,"play_id":"8607b831-7664-4f0c-a008-ca81e73f698a","local_time":"20210203094708","is_ascension_mode":true,"campfire_choices":[{"floor":7.0,"key":"REST"},{"floor":12.0,"key":"REST"},{"data":"Alpha","floor":15.0,"key":"SMITH"}],"circlet_count":0,"master_deck":["AscendersBane","Strike_P","Strike_P","Strike_P","Defend_P","Defend_P","Defend_P","Eruption","Vigilance","HandOfGreed","CrushJoints","ClearTheMind","WindmillStrike","Alpha+1","InnerPeace","Crescendo","EmptyMind","MentalFortress","Ragnarok","CrushJoints+1","Swivel+1"],"relics":["PureWater","Regal Pillow","Peace Pipe","Prayer Wheel","Pear","Potion Belt","Fusion Hammer","Spirit Poop"],"acts_visited":["Exordium","TheCity"],"potions_floor_usage":[22,22],"damage_taken":[{"damage":0.0,"enemies":"2 Louse","floor":1.0,"turns":3.0},{"damage":2.0,"enemies":"Jaw Worm","floor":3.0,"turns":4.0},{"damage":8.0,"enemies":"Small Slimes","floor":4.0,"turns":4.0},{"damage":15.0,"enemies":"Exordium Thugs","floor":5.0,"turns":4.0},{"damage":27.0,"enemies":"Lagavulin","floor":6.0,"turns":7.0},{"damage":27.0,"enemies":"3 Sentries","floor":8.0,"turns":6.0},{"damage":20.0,"enemies":"Lagavulin","floor":13.0,"turns":5.0},{"damage":33.0,"enemies":"Slime Boss","floor":16.0,"turns":5.0},{"damage":0.0,"enemies":"Chosen","floor":18.0,"turns":2.0},{"damage":28.0,"enemies":"2 Thieves","floor":19.0,"turns":4.0},{"damage":31,"enemies":"Snake Plant","floor":22,"turns":3}],"seed_played":"-7849207466917152969","potions_obtained":[{"floor":3.0,"key":"Ancient Potion"},{"floor":6.0,"key":"SpeedPotion"},{"floor":8.0,"key":"BottledMiracle"},{"floor":19.0,"key":"Dexterity Potion"}],"is_trial":false,"path_per_floor":["M","?","M","M","M","E","R","E","T","?","$","R","E","?","R","B",null,"M","M","?","?","M"],"character_chosen":"WATCHER","items_purchased":["MentalFortress"],"campfire_rested":2,"item_purchase_floors":[11],"current_hp_per_floor":[61,61,59,51,36,9,44,17,17,27,27,65,45,34,34,1,59,59,31,31,31,0,0],"gold":261,"neow_bonus":"RANDOM_COLORLESS_2","is_daily":false,"chose_seed":false,"campfire_upgraded":1,"win_rate":0.0,"timestamp":1612338428,"path_taken":["M","?","M","M","M","E","R","E","T","?","$","R","E","?","R","BOSS","M","M","?","?","?"],"items_purchased_type":["Card"],"build_version":"2020-12-22","purchased_purges":1,"victory":false,"max_hp_per_floor":[68,68,68,68,68,68,68,68,68,78,78,78,78,78,78,78,78,78,78,78,78,78,78],"card_choices":[{"not_picked":["Apotheosis","Thinking Ahead"],"picked":"HandOfGreed","floor":0.0},{"not_picked":["EmptyFist","FollowUp"],"picked":"CrushJoints","floor":1.0},{"not_picked":["Study","FollowUp"],"picked":"WindmillStrike","floor":3.0},{"not_picked":["Prostrate","Consecrate"],"picked":"Alpha","floor":4.0},{"not_picked":["FlurryOfBlows","PathToVictory"],"picked":"InnerPeace","floor":5.0},{"not_picked":["FollowUp","Evaluate"],"picked":"Crescendo","floor":6.0},{"not_picked":["FlurryOfBlows","Wish"],"picked":"EmptyMind","floor":8.0},{"not_picked":["Prostrate","JustLucky","EmptyBody"],"picked":"SKIP","floor":13.0},{"not_picked":["DeusExMachina","Alpha"],"picked":"Ragnarok","floor":16.0},{"not_picked":["PathToVictory","ThirdEye"],"picked":"CrushJoints+1","floor":18.0},{"not_picked":["Protect","ForeignInfluence","FlyingSleeves"],"picked":"SKIP","floor":18.0},{"not_picked":["Indignation","ThirdEye"],"picked":"Swivel+1","floor":19.0},{"not_picked":["Swivel","WaveOfTheHand","BattleHymn"],"picked":"SKIP","floor":19.0}],"player_experience":8950436,"relics_obtained":[{"floor":6.0,"key":"Regal Pillow"},{"floor":8.0,"key":"Peace Pipe"},{"floor":9.0,"key":"Prayer Wheel"},{"floor":13.0,"key":"Potion Belt"}],"event_choices":[{"damage_healed":0.0,"max_hp_gain":0.0,"max_hp_loss":0.0,"gold_gain":0.0,"cards_transformed":["Defend_P"],"event_name":"Living Wall","player_choice":"Change","floor":2.0,"gold_loss":0.0,"damage_taken":0.0,"cards_obtained":["ClearTheMind"]},{"damage_healed":0.0,"max_hp_gain":0.0,"max_hp_loss":0.0,"gold_gain":0.0,"event_name":"Dead Adventurer","player_choice":"Searched \u00271\u0027 times","floor":10.0,"gold_loss":0.0,"damage_taken":0.0,"relics_obtained":["Pear"]},{"damage_healed":0.0,"max_hp_gain":0.0,"max_hp_loss":0.0,"gold_gain":75.0,"event_name":"World of Goop","player_choice":"Gather Gold","floor":14.0,"gold_loss":0.0,"damage_taken":11.0},{"damage_healed":0.0,"max_hp_gain":0.0,"max_hp_loss":0.0,"gold_gain":0.0,"event_name":"Forgotten Altar","player_choice":"Smashed Altar","floor":20.0,"gold_loss":0.0,"damage_taken":0.0,"cards_obtained":["Decay"]},{"cards_removed":["Decay"],"damage_healed":0.0,"max_hp_gain":0.0,"max_hp_loss":0.0,"gold_gain":0.0,"event_name":"Bonfire Elementals","player_choice":"Offered Curse","floor":21.0,"gold_loss":0.0,"damage_taken":0.0,"relics_obtained":["Spirit Poop"]}],"is_beta":false,"boss_relics":[{"not_picked":["Sozu","Runic Pyramid"],"picked":"Fusion Hammer"}],"items_purged_floors":[11],"is_endless":false,"potions_floor_spawned":[3,6,8,19],"killed_by":"Snake Plant","ascension_level":20}}