{"host":"q8o6l8eqnoevndy4","time":1612396030,"event":{"mods":["AchievementEnabler","Act Like it!","AlwaysNeverKeys","Bard","BaseMod","Bestiary","Better Altar","Better Match","Better Note","Better Sensory Stone","Better Skull","Better Third Choice","Better Vampires","Better-Laid Plans","Booster Modes","Colored Map","Colored Powertips","Custom Start","Disable Question Mark Monsters","Displayed Cursed Tome","Friendly Minions","GifTheSpireLib","Hermit","Highlight Path","Infinite Spire","Keyboard Shortcuts","Minty Spire (QoL Compilation)","Permanent Neow","Quick Restart","Random Character Button","Random Character Mod","Rare Cards Sparkle","Relic Filter Mod","Relic Sorter","Relic Stats","Reliquary","Reorder Act Four","Spicy Shops","Spire Arcade","StSLib","The Blackbeard","The Gatherer","Transform Curses","Virulent Crown"],"gold_per_floor":[113,128,128,138,152,152,185,195,219,270,51,84,84,94,124,144,144,144,247,247,257,272,17,27,27,54,84,96,108,120,132,155,167,197,209,221,338,350,378,390,402,91,103,103,138,188,188,261,281,281,281],"floor_reached":50,"language":"ENG","playtime":3135,"items_purged":["Strike_G","Sucker Punch"],"score":741,"play_id":"d1849619-d1a7-4ff6-b962-055b6fab52fe","local_time":"20210203174710","is_ascension_mode":true,"campfire_choices":[{"data":"Neutralize","floor":6,"key":"SMITH"},{"floor":13,"key":"REST"},{"floor":17,"key":"REST"},{"data":"Footwork","floor":18,"key":"SMITH"},{"floor":31,"key":"REST"},{"floor":33,"key":"REST"},{"data":"Mayhem","floor":35,"key":"SMITH"},{"data":"Sadistic Nature","floor":36,"key":"SMITH"},{"data":"Madness","floor":44,"key":"SMITH"}],"circlet_count":0,"master_deck":["Survivor","Neutralize+1","Skewer","Flying Knee","Dagger Spray","Cloak And Dagger","Escape Plan","Footwork+1","Flying Knee","Glass Knife","Flying Knee+1","PiercingWail","Mayhem+1","infinitespire:Menacing","Dodge and Roll+1","Dodge and Roll+1","Flash of Steel","Sadistic Nature+1","Deflect+1","Flying Knee","Glass Knife","Footwork+1","Swift Strike","Madness+1","Blade Dance","Glass Knife","Blur+1"],"relics":["Ring of the Snake","NeowsBlessing","PreservedInsect","Juzu Bracelet","Sling","Blood Vial","reliquary:WeakTea","Pandora\u0027s Box","reliquary:Firecrackers","MawBank","reliquary:IridiumChain","reliquary:RedCape","Chemical X","WristBlade","Lantern","Eternal Feather","Oddly Smooth Stone","Peace Pipe","reliquary:Sideboard","Bottled Flame"],"acts_visited":["Exordium","TheCity","TheBeyond"],"potions_floor_usage":[15,19,19,27,50],"damage_taken":[{"damage":0,"enemies":"Jaw Worm","floor":1,"turns":1},{"damage":0,"enemies":"Small Slimes","floor":2,"turns":1},{"damage":0,"enemies":"Cultist","floor":4,"turns":1},{"damage":6,"enemies":"2 Fungi Beasts","floor":5,"turns":3},{"damage":20,"enemies":"Gremlin Nob","floor":7,"turns":4},{"damage":10,"enemies":"Red Slaver","floor":8,"turns":4},{"damage":20,"enemies":"Lagavulin","floor":12,"turns":3},{"damage":18,"enemies":"Exordium Wildlife","floor":14,"turns":5},{"damage":3,"enemies":"3 Sentries","floor":15,"turns":3},{"damage":0,"enemies":"Looter","floor":16,"turns":2},{"damage":39,"enemies":"Hexaghost","floor":19,"turns":16},{"damage":18,"enemies":"2 Thieves","floor":21,"turns":4},{"damage":11,"enemies":"Spheric Guardian","floor":22,"turns":3},{"damage":3,"enemies":"Centurion and Healer","floor":24,"turns":6},{"damage":24,"enemies":"Book of Stabbing","floor":26,"turns":4},{"damage":3,"enemies":"Shelled Parasite and Fungi","floor":27,"turns":5},{"damage":4,"enemies":"Chosen and Byrds","floor":32,"turns":4},{"damage":1,"enemies":"Centurion and Healer","floor":34,"turns":3},{"damage":33,"enemies":"Collector","floor":37,"turns":11},{"damage":12,"enemies":"3 Darklings","floor":39,"turns":4},{"damage":1,"enemies":"Orb Walker","floor":43,"turns":3},{"damage":32,"enemies":"Reptomancer","floor":45,"turns":3},{"damage":5,"enemies":"Mind Bloom Boss Battle","floor":46,"turns":6},{"damage":30,"enemies":"Maw","floor":49,"turns":6},{"damage":13,"enemies":"Spire Growth","floor":50,"turns":3}],"seed_played":"2803878480025707812","potions_obtained":[{"floor":2,"key":"BlessingOfTheForge"},{"floor":5,"key":"PowerPotion"},{"floor":12,"key":"Explosive Potion"},{"floor":15,"key":"PowerPotion"},{"floor":16,"key":"Explosive Potion"},{"floor":24,"key":"Fire Potion"},{"floor":34,"key":"Fire Potion"}],"is_trial":false,"path_per_floor":["M","M","?","M","M","R","E","M","T","T","$","E","R","M","E","M","R","R","B",null,"M","M","$","M","AVR","E","M","?","T","?","R","M","R","M","R","R","B",null,"M","AVR","?","$","M","R","E","?","T","T","M","M"],"character_chosen":"THE_SILENT","items_purchased":["Sling","Footwork","DistilledChaos","Mayhem","Lantern","Eternal Feather"],"campfire_rested":4,"item_purchase_floors":[11,11,23,23,42,42],"current_hp_per_floor":[63,63,68,68,62,62,42,32,32,32,32,12,34,18,17,19,41,41,4,57,41,32,32,31,31,9,8,8,8,8,30,28,50,51,51,51,20,61,51,51,51,51,52,67,37,34,34,34,6,0,0],"gold":281,"neow_bonus":"THREE_ENEMY_KILL","is_daily":false,"chose_seed":false,"campfire_upgraded":5,"win_rate":0.0,"timestamp":1612396030,"path_taken":["M","M","?","M","M","R","E","M","T","T","$","E","R","M","E","M","R","R","BOSS","M","M","$","M","AVR","E","M","?","T","?","R","M","R","M","R","R","BOSS","M","AVR","?","$","M","R","E","?","T","T","M","M"],"items_purchased_type":["Relic","Card","Potion","Card","Relic","Relic"],"build_version":"2020-12-22","purchased_purges":2,"victory":false,"max_hp_per_floor":[70,70,75,75,75,75,75,75,75,75,75,75,75,75,75,75,75,75,75,75,75,75,75,75,75,75,75,75,75,75,75,75,75,75,75,75,75,75,75,75,75,75,75,75,75,75,75,75,75,75,75],"relic_stats":{"Blood Vial":36,"Peace Pipe":0,"counters":[25,108],"Pandora\u0027s Box":["Leg Sweep","Predator","Distraction","Sucker Punch","Eviscerate","Bane","Catalyst","Skewer","Noxious Fumes"],"Eternal Feather":15,"PreservedInsect":160,"Juzu Bracelet":1,"Chemical X":[6],"MawBank":192,"obtain_stats":[{"Lantern":42,"NeowsBlessing":0,"reliquary:Sideboard":47,"reliquary:Firecrackers":25,"Oddly Smooth Stone":45,"Eternal Feather":42,"PreservedInsect":7,"Juzu Bracelet":9,"reliquary:WeakTea":15,"reliquary:RedCape":38,"Sling":11,"MawBank":26,"reliquary:IridiumChain":29,"Blood Vial":12,"Peace Pipe":46,"Bottled Flame":48,"WristBlade":40,"Pandora\u0027s Box":20,"Chemical X":40,"Ring of the Snake":0},{"Lantern":20,"NeowsBlessing":0,"reliquary:Sideboard":23,"reliquary:Firecrackers":14,"Oddly Smooth Stone":22,"Eternal Feather":20,"PreservedInsect":5,"Juzu Bracelet":6,"reliquary:WeakTea":9,"reliquary:RedCape":19,"Sling":6,"MawBank":15,"reliquary:IridiumChain":16,"Blood Vial":7,"Peace Pipe":23,"Bottled Flame":23,"WristBlade":20,"Pandora\u0027s Box":11,"Chemical X":20,"Ring of the Snake":0},{"Lantern":87,"NeowsBlessing":0,"reliquary:Sideboard":99,"reliquary:Firecrackers":56,"Oddly Smooth Stone":93,"Eternal Feather":87,"PreservedInsect":10,"Juzu Bracelet":14,"reliquary:WeakTea":25,"reliquary:RedCape":83,"Sling":14,"MawBank":60,"reliquary:IridiumChain":65,"Blood Vial":17,"Peace Pipe":99,"Bottled Flame":99,"WristBlade":87,"Pandora\u0027s Box":43,"Chemical X":87,"Ring of the Snake":0}],"Ring of the Snake":[50]},"card_choices":[{"not_picked":["Eviscerate","Bane"],"picked":"Skewer","floor":1},{"not_picked":["Terror","Eviscerate"],"picked":"Flying Knee","floor":2},{"not_picked":["Catalyst","Flechettes","Underhanded Strike"],"picked":"SKIP","floor":4},{"not_picked":["Endless Agony","Catalyst"],"picked":"Dagger Spray","floor":5},{"not_picked":["Blade Dance","Finisher"],"picked":"Cloak And Dagger","floor":7},{"not_picked":["Blade Dance","Bane"],"picked":"Escape Plan","floor":8},{"not_picked":["Infinite Blades","Cloak And Dagger"],"picked":"Flying Knee","floor":12},{"not_picked":["Reflex","Phantasmal Killer","Expertise"],"picked":"SKIP","floor":14},{"not_picked":["Bane","Deflect"],"picked":"Sucker Punch","floor":15},{"not_picked":["Acrobatics","Sucker Punch","Well Laid Plans"],"picked":"SKIP","floor":16},{"not_picked":["Adrenaline","A Thousand Cuts"],"picked":"Glass Knife","floor":19},{"not_picked":["Prepared+1","Accuracy"],"picked":"Flying Knee+1","floor":21},{"not_picked":["Dagger Spray","Prepared"],"picked":"PiercingWail","floor":22},{"not_picked":["Outmaneuver","Bouncing Flask","Setup"],"picked":"SKIP","floor":24},{"not_picked":["Slice","Sucker Punch"],"picked":"Dodge and Roll+1","floor":26},{"not_picked":["Quick Slash+1","Bane"],"picked":"Dodge and Roll+1","floor":27},{"not_picked":["Forethought","Deep Breath"],"picked":"Flash of Steel","floor":30},{"not_picked":["Blind","Transmutation"],"picked":"Sadistic Nature","floor":30},{"not_picked":["Well Laid Plans","Bouncing Flask"],"picked":"Deflect+1","floor":32},{"not_picked":["Caltrops","Malaise"],"picked":"Flying Knee","floor":34},{"not_picked":["Venomology","Storm of Steel"],"picked":"Glass Knife","floor":37},{"not_picked":["Reflex+1","Acrobatics"],"picked":"Footwork+1","floor":39},{"not_picked":["Mayhem","Impatience"],"picked":"Swift Strike","floor":41},{"not_picked":["Violence","PanicButton"],"picked":"Madness","floor":41},{"not_picked":["Underhanded Strike","Flechettes+1"],"picked":"Blade Dance","floor":43},{"not_picked":["Prepared+1","Calculated Gamble"],"picked":"Glass Knife","floor":45},{"not_picked":["PiercingWail+1","Caltrops+1"],"picked":"Blur+1","floor":46},{"not_picked":["Prepared","Deflect+1"],"picked":"Dodge and Roll+1","floor":49}],"player_experience":1146810,"relics_obtained":[{"floor":7,"key":"PreservedInsect"},{"floor":9,"key":"Juzu Bracelet"},{"floor":12,"key":"Blood Vial"},{"floor":15,"key":"reliquary:WeakTea"},{"floor":26,"key":"MawBank"},{"floor":29,"key":"reliquary:IridiumChain"},{"floor":45,"key":"Oddly Smooth Stone"},{"floor":46,"key":"Peace Pipe"},{"floor":47,"key":"reliquary:Sideboard"},{"floor":48,"key":"Bottled Flame"}],"event_choices":[{"damage_healed":0,"gold_gain":0,"player_choice":"Donut","damage_taken":0,"max_hp_gain":5,"max_hp_loss":0,"event_name":"Big Fish","floor":3,"gold_loss":0},{"cards_removed":["infinitespire:Menacing"],"damage_healed":0,"gold_gain":0,"player_choice":"Give","damage_taken":0,"max_hp_gain":0,"max_hp_loss":0,"event_name":"betterNote:BetterNote","floor":28,"gold_loss":0,"cards_obtained":["None"]},{"damage_healed":0,"gold_gain":2,"player_choice":"1","damage_taken":0,"max_hp_gain":0,"max_hp_loss":0,"event_name":"betterStone:BetterStone","floor":30,"gold_loss":0},{"damage_healed":0,"gold_gain":0,"player_choice":"Random: Blue","damage_taken":0,"max_hp_gain":0,"max_hp_loss":0,"event_name":"betterThird:BetterPortal","floor":41,"gold_loss":0},{"damage_healed":0,"gold_gain":3,"player_choice":"1","damage_taken":0,"max_hp_gain":0,"max_hp_loss":0,"event_name":"betterStone:BetterStone","floor":41,"gold_loss":0},{"damage_healed":0,"gold_gain":0,"player_choice":"Fight","damage_taken":0,"max_hp_gain":0,"max_hp_loss":0,"event_name":"MindBloom","floor":46,"gold_loss":0}],"is_beta":false,"boss_relics":[{"not_picked":["reliquary:WritOfMandamus","reliquary:Craggleroot"],"picked":"Pandora\u0027s Box"},{"not_picked":["reliquary:KinkedSpring","reliquary:Ember"],"picked":"reliquary:RedCape"}],"items_purged_floors":[11,25],"is_endless":false,"potions_floor_spawned":[2,5,12,15,16,24,34,37,46,49],"killed_by":"Spire Growth","ascension_level":7}}