{"host":"klrvvo16pazy794l","time":1612382443,"event":{"mods":["BaseMod","Minty Spire (QoL Compilation)"],"gold_per_floor":[18,18,193,118,118,118,154,179,179,222,222,257,257,282,282,413,413,429,37,37,51,76,116,116,116,169,169,212,212,236,255,255,375,375,398,398,43,62,75,75,113,113,137,137,153,191,247,274,274,274,274],"floor_reached":50,"language":"ENG","playtime":2907,"items_purged":["Doubt","Strike_G"],"score":659,"play_id":"4feae401-611d-48b7-9b71-e5c3968b7dd6","local_time":"20210203140043","is_ascension_mode":true,"campfire_choices":[{"data":"Dagger Throw","floor":6,"key":"SMITH"},{"floor":11,"key":"REST"},{"data":"Dodge and Roll","floor":15,"key":"SMITH"},{"data":"Blade Dance","floor":25,"key":"SMITH"},{"data":"Venomology","floor":27,"key":"SMITH"},{"data":"Calculated Gamble","floor":29,"key":"SMITH"},{"floor":32,"key":"RECALL"},{"data":"Blade Dance","floor":40,"key":"SMITH"},{"data":"Leg Sweep","floor":44,"key":"SMITH"},{"floor":49,"key":"REST"}],"circlet_count":0,"master_deck":["Strike_G","Strike_G","Strike_G+1","Defend_G+1","Defend_G","Defend_G","Defend_G","Defend_G","Survivor","Neutralize+1","Dagger Throw+1","Leg Sweep+1","Flying Knee","Heel Hook+1","Slice","Dodge and Roll+1","Venomology+1","Blade Dance+1","Blade Dance+1","Cloak And Dagger+1","Calculated Gamble+1","Sucker Punch","Corpse Explosion","Parasite","Storm of Steel","Tools of the Trade+1"],"relics":["Ring of the Snake","Pocketwatch","Golden Idol","Whetstone","Mercury Hourglass","Gremlin Horn","Bottled Lightning","HoveringKite","Tiny Chest","TwistedFunnel","Dead Branch","Bag of Marbles","StrikeDummy","SacredBark","FossilizedHelix","Membership Card","PreservedInsect","Ornamental Fan","Juzu Bracelet","Regal Pillow","Frozen Egg 2","StoneCalendar","Oddly Smooth Stone"],"acts_visited":["Exordium","TheCity","TheBeyond"],"potions_floor_usage":[16,16,21,22,22,23,23,28,31,31,33,33,33,33,33,39,41,45,46,46,46,46,47,50],"damage_taken":[{"damage":2,"enemies":"Small Slimes","floor":1,"turns":4},{"damage":20,"enemies":"3 Sentries","floor":7,"turns":12},{"damage":0,"enemies":"2 Louse","floor":8,"turns":2},{"damage":3,"enemies":"Lagavulin","floor":10,"turns":6},{"damage":13,"enemies":"3 Sentries","floor":12,"turns":5},{"damage":0,"enemies":"Jaw Worm","floor":14,"turns":2},{"damage":14,"enemies":"Slime Boss","floor":16,"turns":8},{"damage":6,"enemies":"Shell Parasite","floor":18,"turns":6},{"damage":0,"enemies":"3 Byrds","floor":21,"turns":3},{"damage":12,"enemies":"Centurion and Healer","floor":22,"turns":4},{"damage":27,"enemies":"Book of Stabbing","floor":23,"turns":6},{"damage":0,"enemies":"Slavers","floor":28,"turns":1},{"damage":0,"enemies":"Sentry and Sphere","floor":30,"turns":2},{"damage":0,"enemies":"Cultist and Chosen","floor":31,"turns":4},{"damage":17,"enemies":"Collector","floor":33,"turns":6},{"damage":7,"enemies":"3 Darklings","floor":35,"turns":3},{"damage":0,"enemies":"Orb Walker","floor":38,"turns":4},{"damage":0,"enemies":"Writhing Mass","floor":39,"turns":5},{"damage":12,"enemies":"Nemesis","floor":41,"turns":5},{"damage":11,"enemies":"Spire Growth","floor":45,"turns":4},{"damage":27,"enemies":"Giant Head","floor":46,"turns":9},{"damage":0,"enemies":"2 Orb Walkers","floor":47,"turns":3},{"damage":49,"enemies":"Awakened One","floor":50,"turns":13}],"seed_played":"-42798341341916781","potions_obtained":[{"floor":1,"key":"Swift Potion"},{"floor":10,"key":"Weak Potion"},{"floor":14,"key":"PowerPotion"},{"floor":16,"key":"Block Potion"},{"floor":23,"key":"Strength Potion"},{"floor":41,"key":"Poison Potion"},{"floor":45,"key":"GamblersBrew"}],"is_trial":false,"path_per_floor":["M","?","?","$","?","R","E","M","T","E","R","E","?","M","R","B",null,"M","$","?","M","M","E","?","R","T","R","E","R","M","M","R","B",null,"M","T","$","M","M","R","E","T","T","R","M","E","?","T","R","B"],"character_chosen":"THE_SILENT","items_purchased":["Tiny Chest","TwistedFunnel","Membership Card","PreservedInsect","Ornamental Fan"],"campfire_rested":2,"item_purchase_floors":[19,19,37,37,37],"current_hp_per_floor":[68,51,51,51,51,51,31,31,31,28,49,36,22,22,22,8,70,64,64,64,64,52,40,40,40,40,40,40,40,40,40,40,23,70,63,63,63,63,63,63,51,51,51,51,40,13,13,13,49,0,0],"gold":274,"neow_bonus":"ONE_RARE_RELIC","is_daily":false,"chose_seed":false,"campfire_upgraded":7,"win_rate":0.0,"timestamp":1612382443,"path_taken":["M","?","?","$","?","R","E","?","T","E","R","E","?","M","R","BOSS","M","$","?","?","M","E","?","R","T","R","E","R","M","M","R","BOSS","M","?","$","?","M","R","E","?","T","R","M","E","?","?","R","BOSS"],"items_purchased_type":["Relic","Relic","Relic","Relic","Relic"],"build_version":"2020-12-22","purchased_purges":2,"victory":false,"max_hp_per_floor":[70,70,70,70,70,70,70,70,70,70,70,70,70,70,70,70,70,70,70,70,70,70,70,70,70,70,70,70,70,70,70,70,70,70,70,70,70,70,70,70,70,70,70,70,70,70,70,70,70,70,70],"card_choices":[{"not_picked":["Expertise","Sucker Punch"],"picked":"Dagger Throw","floor":1},{"not_picked":["Riddle With Holes","Quick Slash"],"picked":"Flying Knee","floor":7},{"not_picked":["Endless Agony","All Out Attack","Poisoned Stab"],"picked":"SKIP","floor":8},{"not_picked":["Flechettes","Finisher"],"picked":"Heel Hook","floor":10},{"not_picked":["Choke","All Out Attack"],"picked":"Slice","floor":12},{"not_picked":["Caltrops","Blur"],"picked":"Dodge and Roll","floor":14},{"not_picked":["Malaise","After Image"],"picked":"Venomology","floor":16},{"not_picked":["Calculated Gamble","Dagger Throw+1"],"picked":"Blade Dance","floor":18},{"not_picked":["Leg Sweep","All Out Attack"],"picked":"Cloak And Dagger+1","floor":21},{"not_picked":["Deflect","Reflex+1","Dash"],"picked":"SKIP","floor":22},{"not_picked":["Caltrops+1","Expertise","Calculated Gamble"],"picked":"SKIP","floor":23},{"not_picked":["Caltrops+1","Expertise"],"picked":"Calculated Gamble","floor":23},{"not_picked":["Finisher","Dagger Spray","Doppelganger"],"picked":"SKIP","floor":28},{"not_picked":["Catalyst+1","Sucker Punch","Quick Slash"],"picked":"SKIP","floor":30},{"not_picked":["Cloak And Dagger","Finisher","PiercingWail"],"picked":"SKIP","floor":31},{"not_picked":["Doppelganger","After Image"],"picked":"Corpse Explosion","floor":33},{"not_picked":["Blur","Backflip","Flying Knee"],"picked":"SKIP","floor":35},{"not_picked":["Blade Dance","Slice+1","Cloak And Dagger"],"picked":"SKIP","floor":38},{"not_picked":["Quick Slash+1","PiercingWail+1","Leg Sweep"],"picked":"SKIP","floor":39},{"not_picked":["Flying Knee","Blade Dance+1","Predator+1"],"picked":"SKIP","floor":41},{"not_picked":["Dodge and Roll","Flechettes+1"],"picked":"Storm of Steel","floor":45},{"not_picked":["Poisoned Stab","Phantasmal Killer"],"picked":"Tools of the Trade+1","floor":46}],"player_experience":516447,"relics_obtained":[{"floor":7,"key":"Whetstone"},{"floor":9,"key":"Mercury Hourglass"},{"floor":10,"key":"Gremlin Horn"},{"floor":12,"key":"Bottled Lightning"},{"floor":23,"key":"Dead Branch"},{"floor":26,"key":"Bag of Marbles"},{"floor":28,"key":"StrikeDummy"},{"floor":36,"key":"FossilizedHelix"},{"floor":41,"key":"Juzu Bracelet"},{"floor":43,"key":"Regal Pillow"},{"floor":46,"key":"Frozen Egg 2"},{"floor":47,"key":"StoneCalendar"},{"floor":48,"key":"Oddly Smooth Stone"}],"event_choices":[{"damage_healed":0,"gold_gain":0,"player_choice":"Take Damage","damage_taken":17,"relics_obtained":["Golden Idol"],"max_hp_gain":0,"max_hp_loss":0,"event_name":"Golden Idol","floor":2,"gold_loss":0},{"damage_healed":0,"gold_gain":175,"player_choice":"AGREE","damage_taken":0,"max_hp_gain":0,"max_hp_loss":0,"event_name":"Liars Game","floor":3,"gold_loss":0,"cards_obtained":["Doubt"]},{"damage_healed":0,"gold_gain":0,"cards_transformed":["Strike_G"],"player_choice":"Change","damage_taken":0,"max_hp_gain":0,"max_hp_loss":0,"event_name":"Living Wall","floor":5,"gold_loss":0,"cards_obtained":["Leg Sweep"]},{"damage_healed":0,"gold_gain":0,"player_choice":"Entered Light","damage_taken":14,"max_hp_gain":0,"max_hp_loss":0,"event_name":"Shining Light","floor":13,"gold_loss":0,"cards_upgraded":["Defend_G","Heel Hook"]},{"damage_healed":0,"gold_gain":0,"player_choice":"Copied","damage_taken":0,"max_hp_gain":0,"max_hp_loss":0,"event_name":"Duplicator","floor":20,"gold_loss":0,"cards_obtained":["Blade Dance"]},{"damage_healed":0,"gold_gain":0,"player_choice":"1 cards matched","damage_taken":0,"max_hp_gain":0,"max_hp_loss":0,"event_name":"Match and Keep!","floor":24,"gold_loss":0,"cards_obtained":["Sucker Punch"]},{"damage_healed":0,"gold_gain":0,"player_choice":"Fight","damage_taken":0,"max_hp_gain":0,"max_hp_loss":0,"event_name":"Mysterious Sphere","floor":47,"gold_loss":0}],"is_beta":false,"boss_relics":[{"not_picked":["Ring of the Serpent","Cursed Key"],"picked":"HoveringKite"},{"not_picked":["Tiny House","Fusion Hammer"],"picked":"SacredBark"}],"items_purged_floors":[4,19],"is_endless":false,"potions_floor_spawned":[1,10,14,16,21,23,30,38,41,45],"killed_by":"Awakened One","ascension_level":1}}