{"host":"q6r63elxu27obe7v","time":1612313888,"event":{"mods":["2.2 Compatiblity","AchievementEnabler","BaseMod","CapriCore","Colored Map","DeckTracker","KOR Keyword Fix","Keyboard Shortcuts","Minty Spire (QoL Compilation)","Permanent Neow","Quick Restart","Replay The Spire","StSLib","SuperFastMode","everything is the same but u backflip on backflip","¡¼?Úª?ø«¡½REMEMod"],"gold_per_floor":[109,123,140,90,101,101,101,101],"floor_reached":7,"language":"KOR","playtime":200,"items_purged":[],"score":49,"play_id":"03815453-633f-4e87-938f-ba2724d9f6a5","local_time":"20210203095808","is_ascension_mode":true,"campfire_choices":[{"data":"Bash","floor":6.0,"key":"SMITH"}],"circlet_count":0,"master_deck":["Strike_R","Strike_R","Strike_R","Strike_R","Defend_R","Defend_R","Defend_R","Defend_R","Bash+1","Dark Embrace","Headbutt","Dropkick","Whirlwind"],"relics":["Burning Blood","REME_ComplimentaryCards"],"acts_visited":[],"potions_floor_usage":[],"damage_taken":[{"damage":14.0,"enemies":"Jaw Worm","floor":1.0,"turns":3.0},{"damage":9.0,"enemies":"2 Louse","floor":2.0,"turns":2.0},{"damage":3.0,"enemies":"Small Slimes","floor":3.0,"turns":3.0},{"damage":9.0,"enemies":"3 Louse","floor":5.0,"turns":4.0},{"damage":45,"enemies":"3 Sentries","floor":7,"turns":7}],"seed_played":"5240951687601052860","potions_obtained":[{"floor":2.0,"key":"ElixirPotion"}],"is_trial":false,"path_per_floor":["M","M","M","?","M","R","E"],"character_chosen":"IRONCLAD","items_purchased":[],"campfire_rested":0,"item_purchase_floors":[],"current_hp_per_floor":[72,69,72,72,69,69,24,24],"gold":101,"neow_bonus":"THREE_CARDS","is_daily":false,"chose_seed":false,"campfire_upgraded":1,"win_rate":0.0,"timestamp":1612313888,"path_taken":["M","M","M","?","M","R","E"],"items_purchased_type":[],"build_version":"2020-12-22","purchased_purges":0,"victory":false,"max_hp_per_floor":[80,80,80,80,80,80,80,80],"card_choices":[{"not_picked":["REME_Scribble","Headbutt"],"picked":"Dark Embrace","floor":0.0},{"not_picked":["Wild Strike","Spot Weakness"],"picked":"Headbutt","floor":1.0},{"not_picked":["Life Link","Hemokinesis","Replay:Undeath\u0027s Touch"],"picked":"SKIP","floor":2.0},{"not_picked":["ReplayTheSpireMod:Strike From Hell","REME_ACTH"],"picked":"Dropkick","floor":3.0},{"not_picked":["True Grit","Second Wind"],"picked":"Whirlwind","floor":5.0}],"player_experience":109971,"relics_obtained":[],"event_choices":[{"cards_removed":["Strike_R"],"damage_healed":0.0,"max_hp_gain":0.0,"max_hp_loss":0.0,"gold_gain":0.0,"event_name":"The Cleric","player_choice":"Card Removal","floor":4.0,"gold_loss":50.0,"damage_taken":0.0}],"is_beta":false,"boss_relics":[],"items_purged_floors":[],"is_endless":false,"potions_floor_spawned":[2],"killed_by":"3 Sentries","ascension_level":3}}