{"host":"ul3z8ex5o8l5j7mh","time":1612379637,"event":{"mods":["AchievementEnabler","BaseMod","Colored Map","Colored Powertips","DeckTracker","Minty Spire (QoL Compilation)","SuperFastMode"],"gold_per_floor":[116,133,133,208,65,65,80,94,94,34,70,245,245,210,210,210,210],"floor_reached":16,"language":"ENG","playtime":550,"items_purged":["Strike_R"],"score":98,"play_id":"878ee1ae-165b-485b-8458-89097c4bfce3","local_time":"20210203201357","is_ascension_mode":false,"campfire_choices":[{"data":"Uppercut","floor":6,"key":"SMITH"},{"floor":13,"key":"REST"},{"floor":15,"key":"RECALL"}],"circlet_count":0,"master_deck":["Strike_R","Strike_R","Strike_R","Strike_R","Defend_R","Defend_R","Defend_R","Defend_R","Bash","Pommel Strike","Uppercut+1","Iron Wave","Body Slam","Cleave","Shrug It Off","Doubt"],"relics":["Burning Blood","Golden Idol","HandDrill","The Courier","Prayer Wheel"],"acts_visited":["Exordium"],"potions_floor_usage":[8,11,16],"damage_taken":[{"damage":5,"enemies":"2 Louse","floor":1,"turns":2},{"damage":19,"enemies":"Small Slimes","floor":2,"turns":3},{"damage":6,"enemies":"Jaw Worm","floor":7,"turns":3},{"damage":20,"enemies":"Lots of Slimes","floor":8,"turns":4},{"damage":21,"enemies":"Gremlin Nob","floor":11,"turns":5},{"damage":73,"enemies":"The Guardian","floor":16,"turns":17}],"seed_played":"-5035728793824333821","potions_obtained":[{"floor":1,"key":"Swift Potion"},{"floor":2,"key":"FearPotion"},{"floor":7,"key":"Strength Potion"}],"is_trial":false,"path_per_floor":["M","M","?","?","$","R","M","M","T","$","E","?","R","?","R","B"],"character_chosen":"IRONCLAD","items_purchased":["HandDrill"],"campfire_rested":1,"item_purchase_floors":[5],"current_hp_per_floor":[80,67,47,36,36,36,36,22,22,22,7,7,31,51,51,0,0],"gold":210,"neow_bonus":"THREE_CARDS","is_daily":false,"chose_seed":false,"campfire_upgraded":1,"win_rate":0.0,"timestamp":1612379637,"path_taken":["M","M","?","?","$","R","M","M","T","$","E","?","R","?","R","BOSS"],"items_purchased_type":["Relic"],"build_version":"2020-12-22","purchased_purges":1,"victory":false,"max_hp_per_floor":[80,80,80,80,80,80,80,80,80,80,80,80,80,80,80,80,80],"card_choices":[{"not_picked":["Metallicize","Twin Strike"],"picked":"Pommel Strike","floor":0},{"not_picked":["Entrench","Flame Barrier"],"picked":"Uppercut","floor":1},{"not_picked":["Dark Embrace","Feel No Pain"],"picked":"Iron Wave","floor":2},{"not_picked":["Perfected Strike","Thunderclap"],"picked":"Body Slam","floor":7},{"not_picked":["Twin Strike","Headbutt"],"picked":"Cleave","floor":8},{"not_picked":["Anger","Searing Blow"],"picked":"Shrug It Off","floor":11}],"player_experience":305856,"relics_obtained":[{"floor":9,"key":"The Courier"},{"floor":11,"key":"Prayer Wheel"}],"event_choices":[{"damage_healed":0,"gold_gain":0,"player_choice":"Take Damage","damage_taken":20,"relics_obtained":["Golden Idol"],"max_hp_gain":0,"max_hp_loss":0,"event_name":"Golden Idol","floor":3,"gold_loss":0},{"damage_healed":0,"gold_gain":75,"player_choice":"Gather Gold","damage_taken":11,"max_hp_gain":0,"max_hp_loss":0,"event_name":"World of Goop","floor":4,"gold_loss":0},{"damage_healed":0,"gold_gain":175,"player_choice":"AGREE","damage_taken":0,"max_hp_gain":0,"max_hp_loss":0,"event_name":"Liars Game","floor":12,"gold_loss":0,"cards_obtained":["Doubt"]},{"damage_healed":20,"gold_gain":0,"player_choice":"Healed","damage_taken":0,"max_hp_gain":0,"max_hp_loss":0,"event_name":"The Cleric","floor":14,"gold_loss":35}],"is_beta":false,"boss_relics":[],"items_purged_floors":[10],"is_endless":false,"potions_floor_spawned":[1,2,7],"killed_by":"The Guardian","ascension_level":0}}