{"host":"mnpd8gh7cwxsn5kh","time":1612393071,"event":{"mods":["BaseMod","Bestiary","Block Reminder","Colored Map","Colored Powertips","Highlight Path","Minty Spire (QoL Compilation)","Relic Sorter","Relic Stats"],"gold_per_floor":[118,43,56,69,69,69,101,112,112,143,162,187,262,212,212,310,310,320,353,371,385,10,39,39,72,72,106,106,117,135,170,170,268,268,287,298,17,17,17,17,45,45,69,82,114,91,102,112,112,112,112,112,62,95,95],"floor_reached":56,"language":"ENG","playtime":5728,"items_purged":["Strike_R","Strike_R","Strike_R"],"score":1847,"play_id":"62c8b5b4-bf6a-44cd-9cff-0807f7504b6d","local_time":"20210203235751","is_ascension_mode":true,"campfire_choices":[{"data":"Iron Wave","floor":6,"key":"SMITH"},{"data":"Body Slam","floor":15,"key":"SMITH"},{"data":"Feed","floor":24,"key":"SMITH"},{"data":"Metallicize","floor":28,"key":"SMITH"},{"data":"Body Slam","floor":32,"key":"SMITH"},{"floor":40,"key":"RECALL"},{"data":"Clothesline","floor":42,"key":"SMITH"},{"data":"Bash","floor":49,"key":"SMITH"},{"data":"Defend_R","floor":52,"key":"SMITH"}],"circlet_count":0,"master_deck":["Defend_R","Defend_R","Defend_R+1","Bash+1","Headbutt","Cleave","Iron Wave+1","Feed+1","Body Slam+1","Armaments+1","Battle Trance+1","Impervious+1","Iron Wave+1","Entrench+1","True Grit+1","Clothesline+1","Shrug It Off+1","Metallicize+1","True Grit+1","Flame Barrier+1","Impervious+1","Sentinel+1","Body Slam+1","Feed+1","Burning Pact+1","Pommel Strike+1","Power Through+1","Shrug It Off+1","Flame Barrier+1","Shrug It Off+1","Impervious+1"],"relics":["Burning Blood","Gremlin Horn","ClockworkSouvenir","Ice Cream","Dream Catcher","Bronze Scales","Self Forming Clay","Red Mask","Bag of Preparation","Toxic Egg 2","Bottled Flame","Akabeko","Nunchaku","Velvet Choker","Coffee Dripper","Oddly Smooth Stone","White Beast Statue","Calipers","Vajra"],"acts_visited":["Exordium","TheCity","TheBeyond","TheEnding"],"potions_floor_usage":[10,12,21,27,33,50,55,55,55],"damage_taken":[{"damage":0,"enemies":"Cultist","floor":1,"turns":2},{"damage":0,"enemies":"Small Slimes","floor":3,"turns":3},{"damage":7,"enemies":"Jaw Worm","floor":4,"turns":4},{"damage":13,"enemies":"3 Sentries","floor":7,"turns":5},{"damage":2,"enemies":"2 Fungi Beasts","floor":8,"turns":3},{"damage":26,"enemies":"Lagavulin","floor":10,"turns":7},{"damage":0,"enemies":"Exordium Wildlife","floor":11,"turns":1},{"damage":8,"enemies":"Gremlin Nob","floor":12,"turns":3},{"damage":5,"enemies":"The Guardian","floor":16,"turns":12},{"damage":10,"enemies":"Spheric Guardian","floor":18,"turns":5},{"damage":0,"enemies":"Masked Bandits","floor":19,"turns":3},{"damage":4,"enemies":"3 Byrds","floor":20,"turns":6},{"damage":0,"enemies":"Snake Plant","floor":21,"turns":2},{"damage":6,"enemies":"Slavers","floor":23,"turns":5},{"damage":8,"enemies":"Gremlin Leader","floor":25,"turns":9},{"damage":0,"enemies":"Slavers","floor":27,"turns":4},{"damage":4,"enemies":"Shelled Parasite and Fungi","floor":29,"turns":6},{"damage":0,"enemies":"Snecko","floor":30,"turns":2},{"damage":0,"enemies":"Gremlin Leader","floor":31,"turns":4},{"damage":20,"enemies":"Champ","floor":33,"turns":17},{"damage":2,"enemies":"Orb Walker","floor":35,"turns":4},{"damage":0,"enemies":"3 Shapes","floor":36,"turns":4},{"damage":12,"enemies":"Giant Head","floor":41,"turns":9},{"damage":0,"enemies":"Sphere and 2 Shapes","floor":44,"turns":4},{"damage":0,"enemies":"Reptomancer","floor":45,"turns":7},{"damage":0,"enemies":"Spire Growth","floor":47,"turns":5},{"damage":0,"enemies":"4 Shapes","floor":48,"turns":5},{"damage":13,"enemies":"Donu and Deca","floor":50,"turns":11},{"damage":0,"enemies":"Shield and Spear","floor":54,"turns":16},{"damage":33,"enemies":"The Heart","floor":55,"turns":6}],"seed_played":"705262426274620478","potions_obtained":[{"floor":1,"key":"Block Potion"},{"floor":10,"key":"Energy Potion"},{"floor":11,"key":"GamblersBrew"},{"floor":16,"key":"SpeedPotion"},{"floor":20,"key":"DistilledChaos"},{"floor":23,"key":"SkillPotion"},{"floor":27,"key":"FearPotion"},{"floor":33,"key":"SkillPotion"},{"floor":35,"key":"DistilledChaos"},{"floor":41,"key":"PowerPotion"}],"is_trial":false,"path_per_floor":["M","$","M","M","?","R","E","M","T","E","M","E","?","?","R","B",null,"M","?","M","M","$","E","R","E","T","E","R","M","M","E","R","B",null,"M","M","$","?","?","R","E","R","T","M","E","$","M","M","R","B",null,"R","$","E","B",null],"character_chosen":"IRONCLAD","items_purchased":["Shrug It Off+1","ClockworkSouvenir","Metallicize","Oddly Smooth Stone","Shrug It Off+1","PowerPotion"],"campfire_rested":0,"item_purchase_floors":[22,22,22,37,46,53],"current_hp_per_floor":[78,78,80,79,79,79,72,76,76,59,68,70,59,59,59,60,83,82,91,97,100,100,104,104,102,102,104,104,108,112,116,116,106,117,124,131,131,131,131,131,125,125,125,139,143,143,147,151,151,148,153,153,153,155,128],"gold":95,"neow_bonus":"RANDOM_COMMON_RELIC","is_daily":false,"chose_seed":false,"campfire_upgraded":8,"win_rate":0.0,"timestamp":1612393071,"path_taken":["M","$","M","?","?","R","E","M","T","E","M","E","?","?","R","BOSS","M","?","M","M","$","E","R","E","T","E","R","M","M","E","R","BOSS","M","M","$","?","?","R","E","R","T","?","E","$","M","M","R","BOSS","R","$","E","BOSS"],"items_purchased_type":["Card","Relic","Card","Relic","Card","Potion"],"build_version":"2020-12-22","purchased_purges":3,"victory":true,"max_hp_per_floor":[80,80,80,80,80,80,80,80,80,83,86,90,90,90,90,90,90,93,96,100,100,100,104,104,104,104,104,104,108,112,116,116,120,120,124,131,131,131,131,131,131,131,131,139,143,143,147,151,151,155,155,155,155,155,155],"relic_stats":{"Dream Catcher":0,"Nunchaku":[18],"Gremlin Horn":[12,15],"counters":[30,174],"Self Forming Clay":[60],"Bronze Scales":[374],"Bag of Preparation":[44],"obtain_stats":[{"Ice Cream":27,"Calipers":45,"Gremlin Horn":31,"Self Forming Clay":7,"Velvet Choker":17,"Oddly Smooth Stone":37,"Vajra":54,"Bag of Preparation":12,"Burning Blood":0,"Akabeko":0,"White Beast Statue":41,"ClockworkSouvenir":22,"Bottled Flame":9,"Dream Catcher":25,"Nunchaku":26,"Bronze Scales":23,"Red Mask":19,"Coffee Dripper":34,"Toxic Egg 2":10},{"Ice Cream":16,"Calipers":25,"Gremlin Horn":19,"Self Forming Clay":4,"Velvet Choker":9,"Oddly Smooth Stone":22,"Vajra":29,"Bag of Preparation":8,"Burning Blood":0,"Akabeko":0,"White Beast Statue":23,"ClockworkSouvenir":13,"Bottled Flame":5,"Dream Catcher":15,"Nunchaku":15,"Bronze Scales":14,"Red Mask":11,"Coffee Dripper":20,"Toxic Egg 2":6},{"Ice Cream":74,"Calipers":131,"Gremlin Horn":86,"Self Forming Clay":14,"Velvet Choker":40,"Oddly Smooth Stone":111,"Vajra":168,"Bag of Preparation":28,"Burning Blood":0,"Akabeko":0,"White Beast Statue":120,"ClockworkSouvenir":56,"Bottled Flame":17,"Dream Catcher":70,"Nunchaku":70,"Bronze Scales":61,"Red Mask":48,"Coffee Dripper":103,"Toxic Egg 2":24}],"Burning Blood":126},"card_choices":[{"not_picked":["Sentinel","Seeing Red"],"picked":"Headbutt","floor":1},{"not_picked":["Rupture","Evolve"],"picked":"Cleave","floor":3},{"not_picked":["Warcry","Power Through"],"picked":"Iron Wave","floor":4},{"not_picked":["Seeing Red","Blood for Blood"],"picked":"Feed","floor":7},{"not_picked":["Inflame","Wild Strike","Warcry"],"picked":"SKIP","floor":8},{"not_picked":["Limit Break+1","Dual Wield+1"],"picked":"Body Slam","floor":10},{"not_picked":["Metallicize","Iron Wave"],"picked":"Armaments+1","floor":11},{"not_picked":["Reckless Charge","Body Slam"],"picked":"Battle Trance+1","floor":12},{"not_picked":["Juggernaut","Feed"],"picked":"Impervious+1","floor":16},{"not_picked":["Twin Strike","Pummel+1"],"picked":"Iron Wave+1","floor":18},{"not_picked":["Sentinel+1","Heavy Blade+1"],"picked":"Entrench+1","floor":19},{"not_picked":["Clothesline","Fire Breathing"],"picked":"True Grit+1","floor":20},{"not_picked":["Perfected Strike","Wild Strike"],"picked":"Clothesline","floor":21},{"not_picked":["Inflame","Fiend Fire"],"picked":"True Grit+1","floor":23},{"not_picked":["Clash","Pommel Strike+1"],"picked":"Flame Barrier+1","floor":25},{"not_picked":["Battle Trance+1","Intimidate+1"],"picked":"Impervious+1","floor":27},{"not_picked":["Seeing Red+1","Clash+1","Hemokinesis+1"],"picked":"SKIP","floor":29},{"not_picked":["Iron Wave","Bloodletting+1"],"picked":"Sentinel+1","floor":30},{"not_picked":["Bloodletting+1","Metallicize"],"picked":"Body Slam","floor":31},{"not_picked":["Double Tap+1","Limit Break+1"],"picked":"Feed","floor":33},{"not_picked":["Dropkick+1","Clothesline+1"],"picked":"Burning Pact+1","floor":35},{"not_picked":["Havoc+1","Clothesline+1"],"picked":"Pommel Strike+1","floor":36},{"not_picked":["Spot Weakness+1","Wild Strike+1"],"picked":"Power Through+1","floor":41},{"not_picked":["Shockwave+1","Battle Trance+1"],"picked":"Shrug It Off+1","floor":44},{"not_picked":["Pummel+1","Inflame+1"],"picked":"Flame Barrier+1","floor":45},{"not_picked":["Spot Weakness+1","Uppercut","Wild Strike"],"picked":"SKIP","floor":47},{"not_picked":["Clash+1","Flex+1"],"picked":"Impervious+1","floor":48},{"not_picked":["Thunderclap","Wild Strike","Heavy Blade+1"],"picked":"SKIP","floor":54}],"player_experience":278691,"relics_obtained":[{"floor":7,"key":"Self Forming Clay"},{"floor":9,"key":"Bottled Flame"},{"floor":10,"key":"Toxic Egg 2"},{"floor":12,"key":"Bag of Preparation"},{"floor":19,"key":"Red Mask"},{"floor":23,"key":"Bronze Scales"},{"floor":25,"key":"Dream Catcher"},{"floor":26,"key":"Nunchaku"},{"floor":27,"key":"Ice Cream"},{"floor":31,"key":"Gremlin Horn"},{"floor":41,"key":"White Beast Statue"},{"floor":45,"key":"Calipers"},{"floor":54,"key":"Vajra"}],"event_choices":[{"cards_removed":["Strike_R"],"damage_healed":0,"gold_gain":0,"player_choice":"Forget","damage_taken":0,"max_hp_gain":0,"max_hp_loss":0,"event_name":"Living Wall","floor":5,"gold_loss":0},{"damage_healed":0,"gold_gain":75,"player_choice":"Gather Gold","damage_taken":11,"max_hp_gain":0,"max_hp_loss":0,"event_name":"World of Goop","floor":13,"gold_loss":0},{"cards_removed":["Strike_R"],"damage_healed":0,"gold_gain":0,"player_choice":"Card Removal","damage_taken":0,"max_hp_gain":0,"max_hp_loss":0,"event_name":"The Cleric","floor":14,"gold_loss":50},{"damage_healed":0,"gold_gain":0,"player_choice":"Fought Bandits","damage_taken":0,"max_hp_gain":0,"max_hp_loss":0,"event_name":"Masked Bandits","floor":19,"gold_loss":0},{"cards_removed":["Defend_R"],"damage_healed":0,"gold_gain":0,"player_choice":"Removed Skill","damage_taken":0,"max_hp_gain":0,"max_hp_loss":0,"event_name":"Falling","floor":38,"gold_loss":0},{"damage_healed":0,"gold_gain":0,"player_choice":"Upgraded","damage_taken":0,"max_hp_gain":0,"max_hp_loss":0,"event_name":"Upgrade Shrine","floor":39,"gold_loss":0,"cards_upgraded":["Feed"]}],"is_beta":false,"boss_relics":[{"not_picked":["Philosopher\u0027s Stone","Black Star"],"picked":"Velvet Choker"},{"not_picked":["Mark of Pain","Runic Dome"],"picked":"Coffee Dripper"}],"items_purged_floors":[2,22,37],"is_endless":false,"potions_floor_spawned":[1,10,11,16,20,23,27,29,33,35,41,44,45,47,48,54],"ascension_level":8}}