{"host":"7sni158j623xchr2","time":1612322212,"event":{"mods":["BaseMod","Colored Map","Highlight Path","Minty Spire (QoL Compilation)","Permanent Neow","Potion Indicator Mod","Rare Cards Sparkle","Relic Sorter","Relic Stats","StSLib","everything is the same but u backflip on backflip"],"gold_per_floor":[36,68,100,46,46,100,163,191,245,245,302,302,337,395,395,490,490,533,165,210,210,29,88,171,171,194,232,232,277,277,277,277,397,397,415,415,481,275,353,353,408,408,487,487,487,541,584,620,620,620,620,620,145,202,202],"floor_reached":56,"language":"ENG","playtime":1811,"items_purged":["Strike_B","Defend_B","Strike_B","Strike_B"],"score":1338,"play_id":"d32b2dd1-475c-4d47-bd29-4334046e5067","local_time":"20210202211652","is_ascension_mode":true,"campfire_choices":[{"floor":10,"key":"REST"},{"data":"Seek","floor":12,"key":"SMITH"},{"data":"Zap","floor":15,"key":"SMITH"},{"data":"Fission","floor":25,"key":"SMITH"},{"floor":30,"key":"REST"},{"data":"Creative AI","floor":32,"key":"SMITH"},{"floor":40,"key":"RECALL"},{"floor":42,"key":"REST"},{"floor":49,"key":"REST"},{"data":"Seek","floor":52,"key":"SMITH"}],"circlet_count":0,"master_deck":["Strike_B","Defend_B","Defend_B","Defend_B","Zap+1","Dualcast","HandOfGreed+1","Ball Lightning","Sweeping Beam","BootSequence","Conserve Battery","Seek+1","Cold Snap","Reboot","Fission+1","Coolheaded","Loop","Creative AI+1","Consume","Necronomicurse","Echo Form","CurseOfTheBell","Hologram+1","Leap+1","Loop","Seek+1","Conserve Battery+1","Dark Shackles","Dark Shackles","Secret Weapon","Coolheaded+1","White Noise+1","Static Discharge","Defragment+1"],"relics":["Cracked Core","Bottled Flame","Juzu Bracelet","MealTicket","Kunai","Nunchaku","SacredBark","Mummified Hand","Bag of Marbles","DataDisk","Necronomicon","Calling Bell","Dream Catcher","Cables","Incense Burner","CaptainsWheel","HornCleat","Omamori","Lee\u0027s Waffle","Toy Ornithopter"],"acts_visited":["Exordium","TheCity","TheBeyond","TheEnding"],"potions_floor_usage":[6,8,16,16,16,16,24,50,50,55,55],"damage_taken":[{"damage":2,"enemies":"Jaw Worm","floor":1,"turns":2},{"damage":4,"enemies":"Small Slimes","floor":2,"turns":3},{"damage":4,"enemies":"Cultist","floor":3,"turns":5},{"damage":31,"enemies":"Lagavulin","floor":6,"turns":5},{"damage":16,"enemies":"Gremlin Nob","floor":8,"turns":4},{"damage":9,"enemies":"3 Sentries","floor":11,"turns":6},{"damage":6,"enemies":"Blue Slaver","floor":13,"turns":4},{"damage":9,"enemies":"Gremlin Nob","floor":14,"turns":4},{"damage":19,"enemies":"The Guardian","floor":16,"turns":10},{"damage":22,"enemies":"2 Thieves","floor":18,"turns":4},{"damage":6,"enemies":"Shell Parasite","floor":20,"turns":6},{"damage":29,"enemies":"Slavers","floor":23,"turns":5},{"damage":0,"enemies":"3 Cultists","floor":24,"turns":4},{"damage":19,"enemies":"Snecko","floor":27,"turns":5},{"damage":0,"enemies":"Cultist and Chosen","floor":29,"turns":5},{"damage":23,"enemies":"Automaton","floor":33,"turns":11},{"damage":0,"enemies":"Orb Walker","floor":35,"turns":1},{"damage":0,"enemies":"3 Shapes","floor":37,"turns":4},{"damage":26,"enemies":"2 Orb Walkers","floor":39,"turns":5},{"damage":6,"enemies":"Reptomancer","floor":41,"turns":9},{"damage":0,"enemies":"Spire Growth","floor":47,"turns":4},{"damage":25,"enemies":"Sphere and 2 Shapes","floor":48,"turns":7},{"damage":6,"enemies":"Awakened One","floor":50,"turns":7},{"damage":11,"enemies":"Shield and Spear","floor":54,"turns":7},{"damage":75,"enemies":"The Heart","floor":55,"turns":8}],"seed_played":"9077238919832384333","potions_obtained":[{"floor":3,"key":"PowerPotion"},{"floor":6,"key":"Energy Potion"},{"floor":11,"key":"Fruit Juice"},{"floor":13,"key":"EntropicBrew"},{"floor":14,"key":"Ancient Potion"},{"floor":16,"key":"ColorlessPotion"},{"floor":27,"key":"Weak Potion"},{"floor":54,"key":"PotionOfCapacity"}],"is_trial":false,"path_per_floor":["M","M","M","$","?","E","?","E","T","R","E","R","M","E","R","B",null,"M","$","M","?","$","E","M","R","T","M","?","M","R","?","R","B",null,"M","?","M","$","?","R","E","R","T","?","?","T","M","M","R","B",null,"R","$","E","B",null],"character_chosen":"DEFECT","items_purchased":["Sweeping Beam","Mummified Hand","Coolheaded","Loop","Loop","Lee\u0027s Waffle","Static Discharge","Energy Potion","Dexterity Potion"],"campfire_rested":4,"item_purchase_floors":[4,19,19,22,38,53,53,53,53],"current_hp_per_floor":[73,69,65,65,65,34,34,18,18,40,31,31,25,16,16,2,80,58,73,67,67,80,51,51,51,51,32,32,32,56,40,40,17,80,80,80,80,80,54,54,48,72,72,72,62,62,62,37,59,53,76,76,83,72,7],"gold":202,"neow_bonus":"RANDOM_COLORLESS_2","is_daily":false,"chose_seed":false,"campfire_upgraded":5,"win_rate":0.0,"timestamp":1612322212,"path_taken":["M","M","M","$","?","E","?","E","T","R","E","R","M","E","R","BOSS","M","$","M","?","?","E","M","R","T","M","?","M","R","?","R","BOSS","M","?","M","$","?","R","E","R","T","?","?","?","M","M","R","BOSS","R","$","E","BOSS"],"items_purchased_type":["Card","Relic","Card","Card","Card","Relic","Card","Potion","Potion"],"build_version":"2020-12-22","purchased_purges":4,"victory":true,"max_hp_per_floor":[75,75,75,75,75,75,75,75,75,75,75,75,75,75,75,80,80,80,80,80,80,80,80,80,80,80,80,80,80,80,80,80,80,80,80,80,80,80,80,80,80,80,80,76,76,76,76,76,76,76,76,76,83,83,83],"relic_stats":{"Nunchaku":[15],"Dream Catcher":2,"Lee\u0027s Waffle":7,"counters":[25,134],"Mummified Hand":[119],"MealTicket":28,"Juzu Bracelet":2,"Necronomicon":[15],"Kunai":[21],"obtain_stats":[{"Lee\u0027s Waffle":53,"SacredBark":17,"Juzu Bracelet":8,"Incense Burner":34,"Omamori":46,"Cables":34,"Calling Bell":34,"Bottled Flame":6,"Nunchaku":14,"DataDisk":26,"Dream Catcher":34,"CaptainsWheel":39,"HornCleat":41,"Mummified Hand":19,"MealTicket":9,"Bag of Marbles":23,"Necronomicon":31,"Kunai":11,"Cracked Core":0,"Toy Ornithopter":54},{"Lee\u0027s Waffle":23,"SacredBark":9,"Juzu Bracelet":5,"Incense Burner":16,"Omamori":20,"Cables":16,"Calling Bell":16,"Bottled Flame":4,"Nunchaku":8,"DataDisk":13,"Dream Catcher":16,"CaptainsWheel":19,"HornCleat":20,"Mummified Hand":10,"MealTicket":5,"Bag of Marbles":12,"Necronomicon":15,"Kunai":6,"Cracked Core":0,"Toy Ornithopter":24},{"Lee\u0027s Waffle":120,"SacredBark":43,"Juzu Bracelet":19,"Incense Burner":83,"Omamori":102,"Cables":83,"Calling Bell":83,"Bottled Flame":15,"Nunchaku":33,"DataDisk":62,"Dream Catcher":83,"CaptainsWheel":93,"HornCleat":102,"Mummified Hand":47,"MealTicket":19,"Bag of Marbles":58,"Necronomicon":72,"Kunai":25,"Cracked Core":0,"Toy Ornithopter":126}],"Toy Ornithopter":10,"Cables":[39,29,10,0,0]},"card_choices":[{"not_picked":["Secret Weapon","Apotheosis"],"picked":"HandOfGreed","floor":0},{"not_picked":["Steam","Compile Driver"],"picked":"Ball Lightning","floor":1},{"not_picked":["Streamline","Turbo","Scrape"],"picked":"SKIP","floor":2},{"not_picked":["Gash","Barrage","Darkness"],"picked":"SKIP","floor":3},{"not_picked":["Redo","Scrape"],"picked":"BootSequence","floor":6},{"not_picked":["Hologram","Barrage"],"picked":"Conserve Battery","floor":8},{"not_picked":["Turbo","Blizzard"],"picked":"Seek","floor":11},{"not_picked":["Sweeping Beam","Rebound"],"picked":"Cold Snap","floor":13},{"not_picked":["Thunder Strike","Chaos"],"picked":"Reboot","floor":14},{"not_picked":["Machine Learning","Buffer"],"picked":"Fission","floor":16},{"not_picked":["Force Field","Go for the Eyes","Ball Lightning"],"picked":"SKIP","floor":18},{"not_picked":["Streamline","Chaos","Gash"],"picked":"SKIP","floor":20},{"not_picked":["Gash","Sweeping Beam"],"picked":"Creative AI","floor":23},{"not_picked":["Streamline+1","Aggregate","Turbo"],"picked":"SKIP","floor":24},{"not_picked":["Go for the Eyes","Cold Snap+1","Barrage"],"picked":"SKIP","floor":27},{"not_picked":["Barrage","Steam"],"picked":"Consume","floor":29},{"not_picked":["All For One","Seek"],"picked":"Echo Form","floor":33},{"not_picked":["Go for the Eyes","Steam+1"],"picked":"Hologram+1","floor":35},{"not_picked":["FTL","BootSequence"],"picked":"Leap+1","floor":37},{"not_picked":["Hologram","Ball Lightning"],"picked":"Seek","floor":41},{"not_picked":["Gash","Barrage+1"],"picked":"Conserve Battery+1","floor":42},{"not_picked":["Blind","Mayhem"],"picked":"Dark Shackles","floor":45},{"not_picked":["Purity","Swift Strike"],"picked":"Dark Shackles","floor":45},{"not_picked":["Dramatic Entrance","Madness"],"picked":"Secret Weapon","floor":45},{"not_picked":["Rip and Tear+1","Gash+1","Stack+1"],"picked":"SKIP","floor":47},{"not_picked":["BootSequence","Stack"],"picked":"Coolheaded+1","floor":48},{"not_picked":["Beam Cell+1","Streamline"],"picked":"White Noise+1","floor":49},{"not_picked":["Compile Driver","Beam Cell"],"picked":"Defragment+1","floor":54}],"player_experience":1745088,"relics_obtained":[{"floor":6,"key":"Bottled Flame"},{"floor":8,"key":"Juzu Bracelet"},{"floor":9,"key":"MealTicket"},{"floor":11,"key":"Kunai"},{"floor":14,"key":"Nunchaku"},{"floor":23,"key":"Bag of Marbles"},{"floor":26,"key":"DataDisk"},{"floor":31,"key":"Necronomicon"},{"floor":34,"key":"Dream Catcher"},{"floor":34,"key":"Cables"},{"floor":34,"key":"Incense Burner"},{"floor":39,"key":"CaptainsWheel"},{"floor":41,"key":"HornCleat"},{"floor":46,"key":"Omamori"},{"floor":54,"key":"Toy Ornithopter"}],"event_choices":[{"damage_healed":0,"gold_gain":0,"player_choice":"Grow","damage_taken":0,"max_hp_gain":0,"max_hp_loss":0,"event_name":"Living Wall","floor":5,"gold_loss":0,"cards_upgraded":["HandOfGreed"]},{"damage_healed":0,"gold_gain":63,"player_choice":"Gained Gold","damage_taken":0,"max_hp_gain":0,"max_hp_loss":0,"event_name":"Golden Wing","floor":7,"gold_loss":0},{"damage_healed":0,"gold_gain":0,"player_choice":"Bought 0 Potions","damage_taken":0,"max_hp_gain":0,"max_hp_loss":0,"event_name":"The Woman in Blue","floor":21,"gold_loss":0},{"damage_healed":0,"gold_gain":0,"player_choice":"Ignored","damage_taken":0,"max_hp_gain":0,"max_hp_loss":0,"event_name":"Vampires","floor":28,"gold_loss":0},{"damage_healed":0,"gold_gain":0,"player_choice":"Obtained Book","damage_taken":16,"max_hp_gain":0,"max_hp_loss":0,"event_name":"Cursed Tome","floor":31,"gold_loss":0},{"damage_healed":0,"gold_gain":0,"player_choice":"Ignored","damage_taken":0,"max_hp_gain":0,"max_hp_loss":0,"event_name":"Tomb of Lord Red Mask","floor":36,"gold_loss":0},{"damage_healed":0,"gold_gain":0,"player_choice":"Fight","damage_taken":0,"max_hp_gain":0,"max_hp_loss":0,"event_name":"Mysterious Sphere","floor":39,"gold_loss":0},{"damage_healed":0,"gold_gain":0,"player_choice":"Max HP","damage_taken":0,"max_hp_gain":0,"max_hp_loss":4,"event_name":"Winding Halls","floor":44,"gold_loss":0},{"damage_healed":0,"gold_gain":0,"player_choice":"Memory 3","damage_taken":10,"max_hp_gain":0,"max_hp_loss":0,"event_name":"SensoryStone","floor":45,"gold_loss":0}],"is_beta":false,"boss_relics":[{"not_picked":["Fusion Hammer","Runic Pyramid"],"picked":"SacredBark"},{"not_picked":["Inserter","Velvet Choker"],"picked":"Calling Bell"}],"items_purged_floors":[19,22,38,53],"is_endless":false,"potions_floor_spawned":[3,6,11,13,14,16,20,27,29,35,41,54],"ascension_level":2}}