{"host":"neeznpvpgo0qgfkd","time":1612394214,"event":{"mods":["AchievementEnabler","BaseMod","BetterRewards","Colored Map","Colored Powertips","Exacting","Minty Spire (QoL Compilation)","Permanent Neow","Quick Restart","Shop Mod"],"gold_per_floor":[115,36,36,78,96,96,127,127,127,161,190,216,274,274,274,348,348,359,373,386,43,43,43,43],"floor_reached":23,"language":"ENG","playtime":1361,"items_purged":["Defend_G"],"score":426,"play_id":"66e34bb0-ff90-4ae3-b611-7e7a3944e3ff","local_time":"20210203181654","is_ascension_mode":true,"campfire_choices":[{"data":"Infinite Blades","floor":6.0,"key":"SMITH"},{"floor":8.0,"key":"REST"},{"floor":15,"key":"REST"}],"circlet_count":0,"master_deck":["AscendersBane","Strike_G","Strike_G","Strike_G","Strike_G","Strike_G","Defend_G","Defend_G","Defend_G","Defend_G","Survivor","Neutralize","Cloak And Dagger+1","Noxious Fumes","Poisoned Stab","Backflip+1","Deflect+1","Infinite Blades+1","Outmaneuver+1","Blade Dance+1","Adrenaline+1","A Thousand Cuts","Cloak And Dagger+1","Dodge and Roll+1","Outmaneuver+1","Escape Plan+1","Tools of the Trade","Slice","Choke+1","Bane","Dagger Spray"],"relics":["Ring of the Snake","Toxic Egg 2","Torii","Question Card","Ancient Tea Set","StrikeDummy","Dream Catcher","Strawberry","WristBlade","TungstenRod"],"acts_visited":["Exordium","TheCity"],"potions_floor_usage":[12,16,20,22,22],"damage_taken":[{"damage":0.0,"enemies":"Jaw Worm","floor":1.0,"turns":4.0},{"damage":1.0,"enemies":"Small Slimes","floor":4.0,"turns":3.0},{"damage":6.0,"enemies":"2 Louse","floor":5.0,"turns":2.0},{"damage":29.0,"enemies":"Gremlin Nob","floor":7.0,"turns":4.0},{"damage":2.0,"enemies":"3 Sentries","floor":10.0,"turns":6.0},{"damage":24.0,"enemies":"Exordium Thugs","floor":11.0,"turns":4.0},{"damage":11,"enemies":"Gremlin Nob","floor":12,"turns":3},{"damage":0,"enemies":"3 Louse","floor":13,"turns":2},{"damage":30,"enemies":"The Guardian","floor":16,"turns":7},{"damage":12,"enemies":"2 Thieves","floor":18,"turns":3},{"damage":16,"enemies":"Shell Parasite","floor":19,"turns":3},{"damage":34,"enemies":"Centurion and Healer","floor":20,"turns":4},{"damage":0,"enemies":"Sentry and Sphere","floor":22,"turns":3},{"damage":29,"enemies":"Gremlin Leader","floor":23,"turns":4}],"seed_played":"-6758413691279817741","potions_obtained":[{"floor":4.0,"key":"Fruit Juice"},{"floor":11.0,"key":"Swift Potion"},{"floor":13,"key":"AttackPotion"},{"floor":16,"key":"SmokeBomb"},{"floor":19,"key":"DistilledChaos"},{"floor":20,"key":"CultistPotion"}],"is_trial":false,"path_per_floor":["M","$","?","M","M","R","E","R","T","E","M","E","M","?","R","B",null,"M","M","M","$","M","E"],"character_chosen":"THE_SILENT","items_purchased":["Toxic Egg 2","Cloak And Dagger+1","Noxious Fumes","Fruit Juice","Poisoned Stab","Backflip+1","Infinite Blades","TungstenRod"],"campfire_rested":2,"item_purchase_floors":[0,0,0,0,0,0,2,21],"current_hp_per_floor":[59,59,54,53,52,52,28,50,50,48,24,20,20,20,44,26,69,57,41,7,7,19,0,0],"gold":43,"neow_bonus":"","is_daily":false,"chose_seed":false,"campfire_upgraded":1,"win_rate":0.0,"timestamp":1612394214,"path_taken":["M","$","?","M","M","R","E","R","T","E","M","E","M","?","R","BOSS","M","M","M","$","M","E"],"items_purchased_type":["Relic","Card","Card","Potion","Card","Card","Card","Relic"],"build_version":"2020-12-22","purchased_purges":1,"victory":false,"max_hp_per_floor":[66,66,66,66,71,71,76,76,76,76,76,83,83,83,83,83,83,83,83,83,83,83,83,83],"card_choices":[{"not_picked":["Dagger Throw","Masterful Stab"],"picked":"Deflect+1","floor":1.0},{"not_picked":["Underhanded Strike","Backflip+1","Catalyst+1"],"picked":"Outmaneuver+1","floor":4.0},{"not_picked":["Quick Slash","Poisoned Stab","Backflip+1"],"picked":"Blade Dance+1","floor":5.0},{"not_picked":["Backflip+1","Reflex+1","Escape Plan+1"],"picked":"Adrenaline+1","floor":7.0},{"not_picked":["Skewer","Deadly Poison+1","Blade Dance+1"],"picked":"A Thousand Cuts","floor":10.0},{"not_picked":["Outmaneuver+1","Deadly Poison+1","PiercingWail+1"],"picked":"Cloak And Dagger+1","floor":11.0},{"not_picked":["Slice","PiercingWail+1","Prepared+1"],"picked":"Dodge and Roll+1","floor":12},{"not_picked":["Quick Slash","Calculated Gamble+1","Prepared+1"],"picked":"Outmaneuver+1","floor":13},{"not_picked":["Setup+1","Caltrops","Acrobatics+1"],"picked":"Escape Plan+1","floor":15},{"not_picked":["Glass Knife","Burst+1","Venomology+1"],"picked":"Tools of the Trade","floor":16},{"not_picked":["Leg Sweep+1","Underhanded Strike","Backflip+1"],"picked":"Slice","floor":18},{"not_picked":["Deadly Poison+1","Dodge and Roll+1","Acrobatics+1"],"picked":"Choke+1","floor":18},{"not_picked":["Leg Sweep+1","Riddle With Holes","Catalyst+1"],"picked":"Bane","floor":19},{"not_picked":["Poisoned Stab","Slice","Infinite Blades"],"picked":"Dagger Spray","floor":20}],"player_experience":1979154,"relics_obtained":[{"floor":7.0,"key":"Ancient Tea Set"},{"floor":9.0,"key":"StrikeDummy"},{"floor":10.0,"key":"Dream Catcher"},{"floor":12,"key":"Strawberry"}],"event_choices":[{"damage_healed":0.0,"max_hp_gain":0.0,"max_hp_loss":0.0,"gold_gain":0.0,"event_name":"Scrap Ooze","player_choice":"Success","floor":3.0,"gold_loss":0.0,"damage_taken":5.0,"relics_obtained":["Question Card"]},{"damage_healed":0,"gold_gain":0,"player_choice":"Ignored","damage_taken":0,"max_hp_gain":0,"max_hp_loss":0,"event_name":"Shining Light","floor":14,"gold_loss":0}],"is_beta":false,"boss_relics":[{"not_picked":["Runic Dome","Tiny House"],"picked":"WristBlade"}],"items_purged_floors":[0],"is_endless":false,"potions_floor_spawned":[4,11,13,16,19,20],"killed_by":"Gremlin Leader","ascension_level":20}}