{"host":"i9h64q9gphvrup4n","time":1612370268,"event":{"mods":["2.2 Compatiblity","AchievementEnabler","Aspiration","Astrologer","Bard","BaseMod","Beaked The Cultist","BetterRewards","Colored Powertips","Conspire","Downfall","Gremlin Mod","Hermit","Hubris","Infinite Spire","Jorbs\u0027s Wanderer Trilogy","Minty Spire (QoL Compilation)","Replay The Spire","Shop Mod","StSLib","SuperFastMode","The Blackbeard","The Bladedancer","The Bug Knight","The Construct","The Cursed","The Disciple","The Hierophant","The Jungle","The Necromancer","The Runesmith","The Wild Card","slay the spire mod where everything is the same but ironclad has a cowboy hat"],"gold_per_floor":[116,116,116,127,150,150,60,94,94,94,127,127,138,170,170,243,243,255,255,269,279,279,279,279],"floor_reached":23,"language":"ENG","playtime":711,"items_purged":[],"score":429,"play_id":"fb985a0b-8d89-4909-bb6e-8d7ba7d834d1","local_time":"20210203103748","is_ascension_mode":true,"campfire_choices":[{"data":"Summon_Undead_Army","floor":6,"key":"SMITH"},{"floor":10,"key":"RECALL"},{"floor":12,"key":"REST"},{"floor":15,"key":"REST"}],"circlet_count":0,"master_deck":["AscendersBane","Strike_W","Strike_W","Strike_W","Strike_W","Defend_W","Defend_W","Defend_W","Defend_W","Negative_Energy_Arrows","Bone_Wall","Uncharnel","Summon_Undead_Army+1","Bone_Armory","Summon_Lich","Bone_Spikes","Vampiric_Strike","Summon_Vampire_Lady","Plague_Bolt+1","Bone_Spikes+1"],"relics":["Vampire_Amulet","NeowsBlessing","Potion Belt","Matryoshka","infinitespire:Satchel","StoneCalendar","infinitespire:Golems Mask","Blood Vial","construct:ClawGrip","Strawberry"],"acts_visited":["Exordium","TheCity"],"potions_floor_usage":[18,18,21],"damage_taken":[{"damage":0,"enemies":"Small Slimes","floor":1,"turns":1},{"damage":0,"enemies":"2 Louse","floor":4,"turns":2},{"damage":0,"enemies":"Gremlin Nob","floor":8,"turns":1},{"damage":42,"enemies":"3 Sentries","floor":11,"turns":6},{"damage":7,"enemies":"Jaw Worm","floor":13,"turns":3},{"damage":27,"enemies":"Gremlin Nob","floor":14,"turns":4},{"damage":28,"enemies":"Slime Boss","floor":16,"turns":7},{"damage":20,"enemies":"3 Byrds","floor":18,"turns":4},{"damage":52,"enemies":"Shell Parasite","floor":20,"turns":5},{"damage":21,"enemies":"Snecko","floor":21,"turns":5},{"damage":27,"enemies":"Gremlin Leader","floor":23,"turns":4}],"seed_played":"-7289885915261912165","potions_obtained":[{"floor":8,"key":"LifebloodPotion"},{"floor":11,"key":"champ:CounterPotion"},{"floor":13,"key":"Adrenaline Potion"},{"floor":20,"key":"EssenceOfSteel"}],"is_trial":false,"path_per_floor":["M","?","?","M","T","R","$","E","T","R","E","R","M","E","R","B",null,"M","?","M","M","?","E"],"character_chosen":"NECROMANCER","items_purchased":["Bone_Armory"],"campfire_rested":2,"item_purchase_floors":[7],"current_hp_per_floor":[68,68,68,71,71,71,71,71,71,71,35,56,51,26,47,31,61,55,60,17,9,16,0,0],"gold":279,"neow_bonus":"THREE_ENEMY_KILL","is_daily":false,"chose_seed":false,"campfire_upgraded":1,"win_rate":0.0,"timestamp":1612370268,"path_taken":["M","?","?","M","?","R","$","E","T","R","E","R","M","E","R","BOSS","M","?","?","M","?","E"],"items_purchased_type":["Card"],"build_version":"2020-12-22","purchased_purges":0,"victory":false,"max_hp_per_floor":[71,71,71,71,71,71,71,71,71,71,71,71,71,71,71,71,71,71,71,71,71,78,78,78],"card_choices":[{"not_picked":["Necrotic_Claws","Vampiric_Strike"],"picked":"Uncharnel","floor":1},{"not_picked":["Violent_Necrosis","Blood_Curse"],"picked":"Summon_Undead_Army","floor":4},{"not_picked":["Death_Coil","Finger_Of_Death"],"picked":"Summon_Lich","floor":8},{"not_picked":["Vampiric_Strike","Slay_Living","Plague_Bolt"],"picked":"SKIP","floor":11},{"not_picked":["Chill_Blood","Negative_Energy_Sphere"],"picked":"Bone_Spikes","floor":13},{"not_picked":["Reap_The_Weak","Chill_Blood"],"picked":"Vampiric_Strike","floor":14},{"not_picked":["Negative_Energy_Bomb","Grasp_Heart"],"picked":"Summon_Vampire_Lady","floor":16},{"not_picked":["Shackles_Of_Pain","Finger_Of_Death"],"picked":"Bone_Bullets","floor":18},{"not_picked":["Negative_Energy_Mist","Bone_Prison"],"picked":"Plague_Bolt+1","floor":20},{"not_picked":["Negative_Energy_Javelin+1","Blood_Is_Power"],"picked":"Bone_Spikes+1","floor":21}],"player_experience":737489,"relics_obtained":[{"floor":5,"key":"Potion Belt"},{"floor":8,"key":"Matryoshka"},{"floor":9,"key":"infinitespire:Satchel"},{"floor":9,"key":"StoneCalendar"},{"floor":11,"key":"infinitespire:Golems Mask"},{"floor":14,"key":"Blood Vial"}],"event_choices":[{"damage_healed":0,"gold_gain":0,"player_choice":"Disagree","damage_taken":0,"max_hp_gain":0,"max_hp_loss":0,"event_name":"conspire:LoneGhost","floor":3,"gold_loss":0},{"cards_removed":["Bone_Bullets"],"damage_healed":5,"gold_gain":0,"player_choice":"Offered Common","damage_taken":0,"max_hp_gain":0,"max_hp_loss":0,"event_name":"Bonfire Elementals","floor":19,"gold_loss":0},{"cards_removed":["Bone_Bullets"],"damage_healed":5,"gold_gain":0,"player_choice":"Offered Special","damage_taken":0,"max_hp_gain":0,"max_hp_loss":0,"event_name":"Bonfire Elementals","floor":19,"gold_loss":0},{"damage_healed":0,"gold_gain":0,"player_choice":"Gave Potion","damage_taken":0,"relics_obtained":["Strawberry"],"max_hp_gain":0,"max_hp_loss":0,"event_name":"WeMeetAgain","floor":22,"gold_loss":0}],"is_beta":false,"boss_relics":[{"not_picked":["conspire:RoyalGoblet","Velvet Choker"],"picked":"construct:ClawGrip"}],"items_purged_floors":[],"is_endless":false,"potions_floor_spawned":[8,11,13,20],"killed_by":"Gremlin Leader","ascension_level":17}}