{"host":"mgjbkrm6zb65cm01","time":1612353562,"event":{"mods":["ATMod(°¢èªMod)","BaseMod","Conspire","Good Game Mod","Marisa£¨ìFÓê¡¡Ä§ÀíÉ³£©","Minty Spire (QoL Compilation)","Quick Restart","Relic Stats","Replay The Spire","Spicy Shops","StSLib","The Bladedancer","The Servant 0.9.4","UnlockEverythingMod","noobMod"],"gold_per_floor":[115,126,137,152,163,196,214,231,231,231,248,267,342,21,21,118,118,128,147,166,183,98,125,125,125,194,119,119,19,37,49,49,145,145,164,164,176,3,3,3,3,38,38,38,65,79,79,91,91,101,101,101,101,101,67,98,98],"floor_reached":58,"language":"ZHS","playtime":3442,"items_purged":["Strike_B","Strike_B","Parasite"],"score":1065,"play_id":"c536d15e-6381-43dc-9ebc-cbbfefe9c7d9","local_time":"20210203195922","is_ascension_mode":false,"campfire_choices":[{"floor":15.0,"key":"REST"},{"floor":24.0,"key":"RECALL"},{"data":"Hologram","floor":28.0,"key":"SMITH"},{"data":"Static Discharge","floor":32.0,"key":"SMITH"},{"data":"Echo Form","floor":40.0,"key":"SMITH"},{"data":"Genetic Algorithm","floor":47.0,"key":"SMITH"},{"data":"Redo","floor":49.0,"key":"SMITH"},{"data":"Creative AI","floor":51.0,"key":"SMITH"},{"data":"Streamline","floor":54,"key":"SMITH"}],"circlet_count":0,"master_deck":["Zap+1","Machine Learning","Gash","Gash","AT_StudyProgram","Steam","Gash","Conserve Battery","Beam Cell","Gash","Hologram+1","Genetic Algorithm+1","Sweeping Beam","Streamline+1","Go for the Eyes","Beam Cell","Static Discharge+1","Leap","ReplaySort+1","Leap+1","Rebound","Conserve Battery+1","Turbo+1","ReplayTheSpireMod:Omega Cannon","Echo Form+1","Heatsinks","Static Discharge","ReplayTheSpireMod:Calculation Training+1","Coolheaded+1","FTL+1","Hologram","CommonCold","Redo+1","Compile Driver","FTL","Compile Driver+1","Stack+1","Creative AI+1","ReplayGash","Gash"],"relics":["Cracked Core","REME:ComplimentaryCards","ice","AT_ATBox","HornCleat","Prayer Wheel","Blood Vial","ReplayTheSpireMod:Ninjato","Empty Cage","Orichalcum","AT_BladeRuinedKing","Pandora\u0027s Box","Ring of Chaos","Oddly Smooth Stone","Replay:Wax Seal","Replay:Rubber Ducky"],"acts_visited":["Exordium","TheCity","TheBeyond","TheEnding"],"potions_floor_usage":[52,57,57],"damage_taken":[{"damage":1.0,"enemies":"Jaw Worm","floor":1.0,"turns":4.0},{"damage":10.0,"enemies":"2 Louse","floor":2.0,"turns":3.0},{"damage":8.0,"enemies":"conspire:RoseBush","floor":3.0,"turns":3.0},{"damage":13.0,"enemies":"3 Louse","floor":4.0,"turns":3.0},{"damage":15.0,"enemies":"2 Fungi Beasts","floor":5.0,"turns":4.0},{"damage":9.0,"enemies":"Replay:BlueRogue","floor":6.0,"turns":5.0},{"damage":8.0,"enemies":"Lots of Slimes","floor":7.0,"turns":4.0},{"damage":8.0,"enemies":"Red Slaver","floor":8.0,"turns":4.0},{"damage":2.0,"enemies":"Blue Slaver","floor":11.0,"turns":3.0},{"damage":3.0,"enemies":"2 Fungi Beasts","floor":12.0,"turns":3.0},{"damage":35.0,"enemies":"Slime Boss","floor":16.0,"turns":6.0},{"damage":0.0,"enemies":"3 Byrds","floor":18.0,"turns":3.0},{"damage":17.0,"enemies":"Spheric Guardian","floor":19.0,"turns":4.0},{"damage":27.0,"enemies":"conspire:HollyBat","floor":20.0,"turns":8.0},{"damage":9.0,"enemies":"3 Cultists","floor":21.0,"turns":5.0},{"damage":27.0,"enemies":"Book of Stabbing","floor":23.0,"turns":5.0},{"damage":0.0,"enemies":"Chosen and Byrds","floor":30.0,"turns":3.0},{"damage":13.0,"enemies":"Snake Plant","floor":31.0,"turns":3.0},{"damage":9.0,"enemies":"Champ","floor":33.0,"turns":6.0},{"damage":0.0,"enemies":"3 Shapes","floor":35.0,"turns":3.0},{"damage":3.0,"enemies":"3 Darklings","floor":37.0,"turns":4.0},{"damage":12.0,"enemies":"Giant Head","floor":42.0,"turns":5.0},{"damage":14.0,"enemies":"4 Shapes","floor":46.0,"turns":4.0},{"damage":22.0,"enemies":"Writhing Mass","floor":48.0,"turns":3.0},{"damage":9.0,"enemies":"Jaw Worm Horde","floor":50.0,"turns":4.0},{"damage":18,"enemies":"Replay:Hell Engine","floor":52,"turns":6},{"damage":77,"enemies":"Shield and Spear","floor":56,"turns":8},{"damage":74,"enemies":"The Heart","floor":57,"turns":6}],"seed_played":"-2735266045408155129","potions_obtained":[{"floor":0.0,"key":"Energy Potion"},{"floor":0.0,"key":"AttackPotion"},{"floor":0.0,"key":"conspire:TimeTravelPotion"},{"floor":4.0,"key":"BlessingOfTheForge"},{"floor":8.0,"key":"Milkshake"},{"floor":12.0,"key":"SpeedPotion"},{"floor":16.0,"key":"ColorlessPotion"},{"floor":19.0,"key":"DuplicationPotion"},{"floor":23.0,"key":"SkillPotion"},{"floor":31.0,"key":"Weak Potion"},{"floor":42.0,"key":"Adrenaline Potion"},{"floor":46.0,"key":"DistilledChaos"},{"floor":50.0,"key":"Elixir"},{"floor":56,"key":"Milkshake"}],"is_trial":false,"path_per_floor":["M","M","M","M","M","E","M","M","T","?","M","M","?","$","R","B",null,"M","M","M","M","?","E","R","?","T","?","R","$","M","M","R","B",null,"M","?","M","$","?","R","?","E","PTL","PTL","T","M","R","M","R","M","R","B",null,"R","$","E","B",null],"character_chosen":"DEFECT","items_purchased":["ReplayTheSpireMod:Ninjato","Dexterity Potion","ReplayGash"],"campfire_rested":1,"item_purchase_floors":[14,38,55],"current_hp_per_floor":[74,64,56,43,28,24,16,8,8,26,26,25,14,14,36,3,75,75,58,33,26,26,1,1,1,1,1,1,1,75,62,62,55,84,84,84,81,81,81,81,81,69,69,69,69,57,57,37,37,30,30,14,81,81,81,81,9],"gold":98,"neow_bonus":"THREE_SMALL_POTIONS","is_daily":false,"chose_seed":false,"campfire_upgraded":7,"win_rate":0.0,"timestamp":1612353562,"path_taken":["M","M","M","M","M","E","M","M","T","?","M","M","?","$","R","BOSS","M","M","M","M","?","E","R","?","T","?","R","$","M","M","R","BOSS","M","?","?","?","?","R","?","E","PTL","PTL","T","M","R","M","R","M","R","BOSS","R","$","E","BOSS"],"items_purchased_type":["Relic","Potion","Card"],"build_version":"2020-12-22","purchased_purges":3,"victory":true,"max_hp_per_floor":[75,75,75,75,75,75,75,75,75,75,75,75,75,75,75,75,75,75,75,75,75,75,75,75,75,75,75,75,75,75,81,81,84,84,84,84,84,81,81,81,81,81,81,81,81,81,81,81,81,81,81,81,81,81,81,83,151],"relic_stats":{"Blood Vial":26,"counters":[28,122],"Prayer Wheel":14,"Pandora\u0027s Box":["Heatsinks","Static Discharge","Amplify"],"Orichalcum":[30],"obtain_stats":[{"AT_ATBox":0,"ReplayTheSpireMod:Ninjato":14,"Oddly Smooth Stone":42,"AT_BladeRuinedKing":23,"Ring of Chaos":39,"ice":0,"Orichalcum":22,"Empty Cage":17,"Replay:Rubber Ducky":56,"Blood Vial":9,"REME:ComplimentaryCards":0,"HornCleat":6,"Prayer Wheel":8,"Pandora\u0027s Box":34,"Replay:Wax Seal":45,"Cracked Core":0},{"AT_ATBox":0,"ReplayTheSpireMod:Ninjato":10,"Oddly Smooth Stone":22,"AT_BladeRuinedKing":16,"Ring of Chaos":21,"ice":0,"Orichalcum":15,"Empty Cage":11,"Replay:Rubber Ducky":27,"Blood Vial":8,"REME:ComplimentaryCards":0,"HornCleat":6,"Prayer Wheel":8,"Pandora\u0027s Box":19,"Replay:Wax Seal":22,"Cracked Core":0},{"AT_ATBox":0,"ReplayTheSpireMod:Ninjato":36,"Oddly Smooth Stone":91,"AT_BladeRuinedKing":67,"Ring of Chaos":86,"ice":0,"Orichalcum":62,"Empty Cage":42,"Replay:Rubber Ducky":116,"Blood Vial":30,"REME:ComplimentaryCards":0,"HornCleat":22,"Prayer Wheel":28,"Pandora\u0027s Box":79,"Replay:Wax Seal":91,"Cracked Core":0}]},"card_choices":[{"not_picked":["Ball Lightning","conspire:Rain"],"picked":"Gash","floor":1.0},{"not_picked":["Turbo","Sunder"],"picked":"Gash","floor":2.0},{"not_picked":["Cold Snap","ReplayTheSpireMod:Repulse"],"picked":"AT_StudyProgram","floor":3.0},{"not_picked":["Redo","Rebound"],"picked":"Steam","floor":4.0},{"not_picked":["Turbo","Consume"],"picked":"Gash","floor":5.0},{"not_picked":["Tempest","AT_RobotInSpace"],"picked":"Conserve Battery","floor":6.0},{"not_picked":["Reprogram","Capacitor"],"picked":"ReplayTheSpireMod:Fabricate Wheel","floor":7.0},{"not_picked":["Compile Driver","BasicCrystalCard"],"picked":"Beam Cell","floor":8.0},{"not_picked":["Redo","Defragment"],"picked":"Gash","floor":8.0},{"not_picked":["AT_EMC2","Gash"],"picked":"Hologram","floor":11.0},{"not_picked":["ReplayTheSpireMod:Repulse","Fusion"],"picked":"Genetic Algorithm","floor":11.0},{"not_picked":["AT_HeatAcrobatics","Gash"],"picked":"Sweeping Beam","floor":12.0},{"not_picked":["Time Bomb","Beam Cell"],"picked":"Streamline","floor":12.0},{"not_picked":["AT_RobotInSpace","BasicCrystalCard"],"picked":"Go for the Eyes","floor":18.0},{"not_picked":["Turbo+1","Lockon"],"picked":"Beam Cell","floor":18.0},{"not_picked":["BasicCrystalCard+1","Recycle+1"],"picked":"Static Discharge","floor":19.0},{"not_picked":["Multi-Cast","Ball Lightning"],"picked":"Leap","floor":19.0},{"not_picked":["Redo","ReplaySolidLightProjector"],"picked":"ReplaySort+1","floor":20.0},{"not_picked":["Chill","Capacitor+1","Tempest"],"picked":"SKIP","floor":20.0},{"not_picked":["Stack","Glacier"],"picked":"Leap+1","floor":21.0},{"not_picked":["Capacitor+1","AT_HeatAcrobatics","Streamline"],"picked":"SKIP","floor":21.0},{"not_picked":["Melter","ReplayTheSpireMod:Reroute Power"],"picked":"Rebound","floor":23.0},{"not_picked":["Hologram","Barrage"],"picked":"Conserve Battery+1","floor":30.0},{"not_picked":["Undo+1","Go for the Eyes"],"picked":"Turbo+1","floor":30.0},{"not_picked":["Cold Snap","AT_HeatAcrobatics"],"picked":"ReplayTheSpireMod:Omega Cannon","floor":31.0},{"not_picked":["Doom and Gloom+1","Beam Cell","Stack"],"picked":"SKIP","floor":31.0},{"not_picked":["Amplify","ReplayTheSpireMod:Fabricate Wheel"],"picked":"Echo Form","floor":33.0},{"not_picked":["Beam Cell","Tempest"],"picked":"ReplayTheSpireMod:Calculation Training+1","floor":35.0},{"not_picked":["Barrage","BasicCrystalCard+1"],"picked":"Coolheaded+1","floor":35.0},{"not_picked":["ReplayTheSpireMod:Calculation Training","Sweeping Beam"],"picked":"FTL+1","floor":37.0},{"not_picked":["Go for the Eyes+1","Streamline"],"picked":"Hologram","floor":37.0},{"not_picked":["Amplify","Stack"],"picked":"Compile Driver","floor":42.0},{"not_picked":["Lockon","Force Field"],"picked":"FTL","floor":46.0},{"not_picked":["Conserve Battery","Rebound"],"picked":"Compile Driver+1","floor":46.0},{"not_picked":["Coolheaded","Ball Lightning+1"],"picked":"Stack+1","floor":48.0},{"not_picked":["Cold Snap+1","Stack","Time Bomb"],"picked":"SKIP","floor":48.0},{"not_picked":["Conserve Battery","Doom and Gloom"],"picked":"Creative AI","floor":50.0},{"not_picked":["Conserve Battery","Go for the Eyes","BasicCrystalCard"],"picked":"SKIP","floor":50.0},{"not_picked":["Crystallizer","BasicCrystalCard+1"],"picked":"Gash","floor":56}],"player_experience":123229,"relics_obtained":[{"floor":6.0,"key":"HornCleat"},{"floor":9.0,"key":"Blood Vial"},{"floor":23.0,"key":"AT_BladeRuinedKing"},{"floor":39.0,"key":"Ring of Chaos"},{"floor":42.0,"key":"Oddly Smooth Stone"},{"floor":45.0,"key":"Replay:Wax Seal"},{"floor":56,"key":"Replay:Rubber Ducky"}],"event_choices":[{"damage_healed":18.0,"max_hp_gain":0.0,"max_hp_loss":0.0,"gold_gain":0.0,"event_name":"Mushrooms","player_choice":"Healed and dodged fight","floor":10.0,"gold_loss":0.0,"damage_taken":0.0,"cards_obtained":["Parasite"]},{"damage_healed":0.0,"max_hp_gain":0.0,"max_hp_loss":0.0,"gold_gain":75.0,"event_name":"World of Goop","player_choice":"Gather Gold","floor":13.0,"gold_loss":0.0,"damage_taken":11.0},{"damage_healed":0.0,"max_hp_gain":0.0,"max_hp_loss":0.0,"gold_gain":0.0,"event_name":"Addict","player_choice":"Obtained Relic","floor":22.0,"gold_loss":85.0,"damage_taken":0.0,"relics_obtained":["Orichalcum"]},{"cards_removed":["Defend_B"],"damage_healed":0.0,"max_hp_gain":0.0,"max_hp_loss":0.0,"gold_gain":0.0,"event_name":"Back to Basics","player_choice":"Elegance","floor":25.0,"gold_loss":0.0,"damage_taken":0.0},{"cards_removed":["Dualcast"],"damage_healed":0.0,"max_hp_gain":0.0,"max_hp_loss":0.0,"gold_gain":0.0,"event_name":"Beggar","player_choice":"Gave Gold","floor":27.0,"gold_loss":75.0,"damage_taken":0.0},{"damage_healed":0.0,"max_hp_gain":0.0,"max_hp_loss":0.0,"gold_gain":0.0,"event_name":"Upgrade Shrine","player_choice":"Upgraded","floor":36.0,"gold_loss":0.0,"damage_taken":0.0,"cards_upgraded":["Zap"]},{"damage_healed":0.0,"max_hp_gain":0.0,"max_hp_loss":0.0,"gold_gain":0.0,"cards_transformed":["Amplify"],"event_name":"Transmorgrifier","player_choice":"Transformed","floor":41.0,"gold_loss":0.0,"damage_taken":0.0,"cards_obtained":["Redo"]}],"is_beta":false,"boss_relics":[{"not_picked":["Replay:Drink Me","Runic Pyramid"],"picked":"Empty Cage"},{"not_picked":["SlaversCollar","Sozu"],"picked":"Pandora\u0027s Box"}],"items_purged_floors":[14,29,38],"is_endless":false,"potions_floor_spawned":[4,5,8,12,16,19,23,31,42,46,50,56],"ascension_level":0}}