{"host":"zdahj580pq9zy75i","time":1612381951,"event":{"mods":["BaseMod","Colored Map","Minty Spire (QoL Compilation)","StSLib"],"gold_per_floor":[119,119,130,130,140,140,169,94,94,122,122,136,169,169,169,169,169],"floor_reached":16,"language":"ENG","playtime":581,"items_purged":[],"score":236,"play_id":"396ddfa8-f850-418a-adc5-53fbc7dd1518","local_time":"20210203145231","is_ascension_mode":true,"campfire_choices":[{"data":"Hyperbeam","floor":6,"key":"SMITH"},{"data":"Aggregate","floor":11,"key":"SMITH"},{"data":"FTL","floor":15,"key":"SMITH"}],"circlet_count":0,"master_deck":["AscendersBane","Strike_B","Strike_B","Defend_B","Defend_B","Defend_B","Defend_B","Zap","Dualcast","Gash","Hyperbeam+1","FTL+1","Compile Driver","Aggregate+1","Genetic Algorithm","Gash"],"relics":["Cracked Core","Letter Opener","Juzu Bracelet","Orichalcum","Tiny Chest"],"acts_visited":["Exordium"],"potions_floor_usage":[12,16,16],"damage_taken":[{"damage":10,"enemies":"Small Slimes","floor":1,"turns":3},{"damage":0,"enemies":"Jaw Worm","floor":3,"turns":1},{"damage":0,"enemies":"2 Louse","floor":5,"turns":1},{"damage":20,"enemies":"Lagavulin","floor":7,"turns":7},{"damage":10,"enemies":"3 Sentries","floor":10,"turns":4},{"damage":2,"enemies":"Exordium Thugs","floor":12,"turns":2},{"damage":32,"enemies":"Gremlin Nob","floor":13,"turns":4},{"damage":8,"enemies":"Slime Boss","floor":16,"turns":5}],"seed_played":"3346987364255274735","potions_obtained":[{"floor":7,"key":"Dexterity Potion"},{"floor":10,"key":"FearPotion"},{"floor":13,"key":"DuplicationPotion"}],"is_trial":false,"path_per_floor":["M","?","M","?","M","R","E","?","T","E","R","M","E","?","R","B"],"character_chosen":"DEFECT","items_purchased":[],"campfire_rested":0,"item_purchase_floors":[],"current_hp_per_floor":[61,61,61,66,66,66,46,46,46,36,36,34,2,2,2,0,0],"gold":169,"neow_bonus":"TEN_PERCENT_HP_BONUS","is_daily":false,"chose_seed":false,"campfire_upgraded":3,"win_rate":0.0,"timestamp":1612381951,"path_taken":["M","?","M","?","M","R","E","?","T","E","R","M","E","?","R","BOSS"],"items_purchased_type":[],"build_version":"2020-12-22","purchased_purges":0,"victory":false,"max_hp_per_floor":[78,78,78,83,83,83,83,83,83,83,83,83,83,83,83,83,83],"card_choices":[{"not_picked":["Steam","Rip and Tear"],"picked":"Gash","floor":1},{"not_picked":["Steam Power","Sweeping Beam"],"picked":"FTL","floor":3},{"not_picked":["Storm","Go for the Eyes","Steam Power"],"picked":"SKIP","floor":5},{"not_picked":["Turbo","Reprogram"],"picked":"Compile Driver","floor":7},{"not_picked":["Steam Power","Ball Lightning"],"picked":"Aggregate","floor":10},{"not_picked":["Blizzard","Beam Cell"],"picked":"Genetic Algorithm","floor":12},{"not_picked":["Core Surge","Coolheaded"],"picked":"Gash","floor":13}],"player_experience":773528,"relics_obtained":[{"floor":7,"key":"Letter Opener"},{"floor":9,"key":"Juzu Bracelet"},{"floor":10,"key":"Orichalcum"},{"floor":13,"key":"Tiny Chest"}],"event_choices":[{"damage_healed":0,"gold_gain":0,"cards_transformed":["Strike_B"],"player_choice":"Change","damage_taken":0,"max_hp_gain":0,"max_hp_loss":0,"event_name":"Living Wall","floor":2,"gold_loss":0,"cards_obtained":["Hyperbeam"]},{"damage_healed":0,"gold_gain":0,"player_choice":"Donut","damage_taken":0,"max_hp_gain":5,"max_hp_loss":0,"event_name":"Big Fish","floor":4,"gold_loss":0},{"cards_removed":["Strike_B"],"damage_healed":0,"gold_gain":0,"player_choice":"Card Removal","damage_taken":0,"max_hp_gain":0,"max_hp_loss":0,"event_name":"The Cleric","floor":8,"gold_loss":75},{"damage_healed":0,"gold_gain":0,"player_choice":"Fled","damage_taken":0,"max_hp_gain":0,"max_hp_loss":0,"event_name":"Scrap Ooze","floor":14,"gold_loss":0}],"is_beta":false,"boss_relics":[],"items_purged_floors":[],"is_endless":false,"potions_floor_spawned":[7,10,13],"killed_by":"Slime Boss","ascension_level":20}}