{"host":"6qo42zgaknezulyg","time":1612337161,"event":{"mods":["2.2 Compatiblity","BaseMod","Faster Ascension Climbing","Keyboard Shortcuts","Minty Spire (QoL Compilation)","Permanent Neow","Quick Restart","StSLib","SuperFastMode","The Hierophant"],"gold_per_floor":[119,119,144,165,181,171,171],"floor_reached":6,"language":"ENG","playtime":206,"items_purged":[],"score":76,"play_id":"2df01aae-81c6-4864-85db-b169b64391f1","local_time":"20210203162601","is_ascension_mode":true,"campfire_choices":[],"circlet_count":0,"master_deck":["AscendersBane","hierophant:Strike_Hierophant","hierophant:Strike_Hierophant","hierophant:Strike_Hierophant","hierophant:Strike_Hierophant","hierophant:Punish","hierophant:Defend_Hierophant","hierophant:Defend_Hierophant","hierophant:Defend_Hierophant","hierophant:Defend_Hierophant","hierophant:ChurchCoffers","hierophant:LocustPlague","hierophant:MorningPrayer","hierophant:Patience","hierophant:HammerAndAnvil","hierophant:HolyVerse"],"relics":["hierophant:PropheticMaskRelic","Golden Idol"],"acts_visited":["Exordium"],"potions_floor_usage":[6],"damage_taken":[{"damage":6.0,"enemies":"Cultist","floor":1.0,"turns":3.0},{"damage":2.0,"enemies":"Jaw Worm","floor":3.0,"turns":3.0},{"damage":7.0,"enemies":"Small Slimes","floor":4.0,"turns":3.0},{"damage":25.0,"enemies":"Gremlin Gang","floor":5.0,"turns":3.0},{"damage":0,"enemies":"Gremlin Nob","floor":6,"turns":3}],"seed_played":"1048829580875013671","potions_obtained":[{"floor":1.0,"key":"EssenceOfSteel"},{"floor":3.0,"key":"LiquidBronze"}],"is_trial":false,"path_per_floor":["M","?","M","M","M","E"],"character_chosen":"HIEROPHANT","items_purchased":[],"campfire_rested":0,"item_purchase_floors":[],"current_hp_per_floor":[62,62,60,53,28,28,28],"gold":171,"neow_bonus":"ONE_RANDOM_RARE_CARD","is_daily":false,"chose_seed":false,"campfire_upgraded":0,"win_rate":0.0,"timestamp":1612337161,"path_taken":["M","?","M","M","M","E"],"items_purchased_type":[],"build_version":"2020-12-22","purchased_purges":0,"victory":false,"max_hp_per_floor":[75,68,68,68,68,68,68],"card_choices":[{"not_picked":["hierophant:Glossolalia","hierophant:Chorus"],"picked":"hierophant:MorningPrayer","floor":1.0},{"not_picked":["hierophant:Sermon","hierophant:FlamingChariot"],"picked":"hierophant:Patience","floor":3.0},{"not_picked":["hierophant:TollTheBells","hierophant:CoinFling"],"picked":"hierophant:HammerAndAnvil","floor":4.0},{"not_picked":["hierophant:ArchangelShield","hierophant:Upheaval"],"picked":"hierophant:HolyVerse","floor":5.0}],"player_experience":732050,"relics_obtained":[],"event_choices":[{"damage_healed":0.0,"max_hp_gain":0.0,"max_hp_loss":7.0,"gold_gain":0.0,"event_name":"Golden Idol","player_choice":"Lose Max HP","floor":2.0,"gold_loss":0.0,"damage_taken":0.0,"relics_obtained":["Golden Idol"]}],"is_beta":false,"boss_relics":[],"items_purged_floors":[],"is_endless":false,"potions_floor_spawned":[1,3],"killed_by":"Gremlin Nob","ascension_level":20}}