{"host":"onmzcmq5a68cxj3d","time":1612378441,"event":{"mods":["BaseMod","Colored Map","Minty Spire (QoL Compilation)","Remove Card Discount Mod"],"gold_per_floor":[113,20,33,31,31,31,31,31,106,106,131,131,161,16,16,119,119,138,138,138,132,132,132,132,132,214,225,225,225,225,225,225,330,380,390,390,390,133,133,133,133,11,11,36,36,36,36,36,36,36],"floor_reached":51,"language":"ENG","playtime":1951,"items_purged":["Wraith Form v2","Strike_G","Defend_G","Strike_G","Poisoned Stab","Strike_G","Defend_G+1","Defend_G"],"score":730,"play_id":"d7db8934-0d35-4d73-81b0-cbf485b63ff5","local_time":"20210203115401","daily_mods":["Time Dilation","Flight"],"is_ascension_mode":false,"campfire_choices":[{"data":"Echo Form","floor":6,"key":"SMITH"},{"data":"DevaForm","floor":7,"key":"SMITH"},{"data":"Demon Form","floor":8,"key":"SMITH"},{"floor":10,"key":"REST"},{"data":"Infinite Blades","floor":12,"key":"SMITH"},{"data":"Venomology","floor":15,"key":"SMITH"},{"data":"Corpse Explosion","floor":23,"key":"SMITH"},{"data":"Blade Dance","floor":25,"key":"SMITH"},{"data":"Cloak And Dagger","floor":29,"key":"SMITH"},{"data":"Blade Dance","floor":30,"key":"SMITH"},{"data":"Survivor","floor":32,"key":"SMITH"},{"data":"Accuracy","floor":40,"key":"SMITH"},{"data":"Defend_G","floor":41,"key":"SMITH"},{"data":"Strike_G","floor":45,"key":"SMITH"},{"floor":46,"key":"REST"},{"data":"Madness","floor":49,"key":"SMITH"}],"circlet_count":0,"master_deck":["Demon Form+1","Echo Form+1","DevaForm+1","Strike_G+1","Strike_G+1","Defend_G+1","Defend_G+1","Survivor+1","Infinite Blades+1","Blade Dance+1","Venomology+1","Corpse Explosion+1","Blade Dance+1","Cloak And Dagger+1","Accuracy+1","Madness","Madness+1"],"relics":["Unceasing Top","Meat on the Bone","Strawberry","Toolbox","Busted Crown","Darkstone Periapt","The Courier","Tiny House","HornCleat","Mercury Hourglass","HandDrill","Boot","MealTicket"],"acts_visited":["Exordium","TheCity","TheBeyond"],"potions_floor_usage":[18,27,27,33,35,35,35,35,35,44,44,44,50,50,50,50,50],"damage_taken":[{"damage":16,"enemies":"Jaw Worm","floor":1,"turns":4},{"damage":2,"enemies":"Small Slimes","floor":3,"turns":5},{"damage":0,"enemies":"Lagavulin","floor":11,"turns":5},{"damage":46,"enemies":"Hexaghost","floor":16,"turns":7},{"damage":16,"enemies":"3 Byrds","floor":18,"turns":4},{"damage":0,"enemies":"Chosen","floor":27,"turns":3},{"damage":7,"enemies":"Collector","floor":33,"turns":6},{"damage":0,"enemies":"Orb Walker","floor":35,"turns":2},{"damage":4,"enemies":"Nemesis","floor":44,"turns":3},{"damage":62,"enemies":"Donu and Deca","floor":50,"turns":5}],"seed_played":"3391194736764324719","potions_obtained":[{"floor":11,"key":"BlessingOfTheForge"},{"floor":33,"key":"Poison Potion"},{"floor":34,"key":"EntropicBrew"},{"floor":35,"key":"Swift Potion"},{"floor":44,"key":"EntropicBrew"}],"is_trial":true,"path_per_floor":["M","$","M","$","?","R","R","R","T","R","E","R","?","$","R","B",null,"M","?","?","$","$","R","?","R","T","M","T","R","R","?","R","B",null,"M","?","T","$","?","R","R","$","T","E","R","R","?","?","R","B",null],"character_chosen":"THE_SILENT","items_purchased":["Infinite Blades","Blade Dance","Toolbox","Mercury Hourglass","Accuracy","HandDrill"],"campfire_rested":2,"item_purchase_floors":[2,2,14,38,38,42],"current_hp_per_floor":[54,54,52,52,38,38,38,38,38,59,66,66,66,66,66,32,77,61,61,61,61,61,61,61,61,61,61,61,61,61,61,61,54,82,82,82,82,82,82,82,82,82,82,78,78,82,82,72,72,22],"gold":36,"neow_bonus":"","is_daily":false,"chose_seed":false,"campfire_upgraded":14,"win_rate":0.0,"timestamp":1612378441,"path_taken":["M","$","M","$","?","R","R","R","T","R","E","R","?","?","R","BOSS","M","?","?","?","$","R","?","R","T","?","?","R","R","?","R","BOSS","M","?","?","$","?","R","R","$","T","E","R","R","?","?","R","BOSS"],"items_purchased_type":["Card","Card","Relic","Relic","Card","Relic"],"build_version":"2020-12-22","purchased_purges":8,"victory":true,"max_hp_per_floor":[70,70,70,70,70,70,70,70,70,70,77,77,77,77,77,77,77,77,77,77,77,77,77,77,77,77,77,77,77,77,77,77,77,82,82,82,82,82,82,82,82,82,82,82,82,82,82,82,82,82],"card_choices":[{"not_picked":["Quick Slash","Deadly Poison"],"picked":"Poisoned Stab","floor":1},{"not_picked":["Underhanded Strike","Quick Slash","Bouncing Flask"],"picked":"SKIP","floor":3},{"not_picked":["Flechettes","Terror"],"picked":"Venomology","floor":11},{"not_picked":["Tools of the Trade","Phantasmal Killer"],"picked":"Corpse Explosion","floor":16},{"not_picked":[],"picked":"Blade Dance","floor":18},{"not_picked":["Blade Dance"],"picked":"SKIP","floor":27},{"not_picked":["Dodge and Roll"],"picked":"SKIP","floor":35},{"not_picked":["Backflip"],"picked":"SKIP","floor":44}],"player_experience":442825,"relics_obtained":[{"floor":9,"key":"Meat on the Bone"},{"floor":11,"key":"Strawberry"},{"floor":26,"key":"Darkstone Periapt"},{"floor":28,"key":"The Courier"},{"floor":37,"key":"HornCleat"},{"floor":43,"key":"Boot"},{"floor":44,"key":"MealTicket"}],"event_choices":[{"damage_healed":0,"gold_gain":0,"player_choice":"Entered Light","damage_taken":14,"max_hp_gain":0,"max_hp_loss":0,"event_name":"Shining Light","floor":5,"gold_loss":0,"cards_upgraded":["Defend_G","Defend_G"]},{"damage_healed":0,"gold_gain":30,"player_choice":"Searched \u00271\u0027 times","damage_taken":0,"max_hp_gain":0,"max_hp_loss":0,"event_name":"Dead Adventurer","floor":13,"gold_loss":0},{"damage_healed":0,"gold_gain":0,"player_choice":"Ignored","damage_taken":0,"max_hp_gain":0,"max_hp_loss":0,"event_name":"Vampires","floor":19,"gold_loss":0},{"damage_healed":0,"gold_gain":0,"player_choice":"Read","damage_taken":0,"max_hp_gain":0,"max_hp_loss":0,"event_name":"The Library","floor":20,"gold_loss":0,"cards_obtained":["Cloak And Dagger"]},{"damage_healed":0,"gold_gain":0,"player_choice":"Ignored","damage_taken":0,"max_hp_gain":0,"max_hp_loss":0,"event_name":"NoteForYourself","floor":24,"gold_loss":0},{"damage_healed":0,"gold_gain":0,"player_choice":"Ignored","damage_taken":0,"max_hp_gain":0,"max_hp_loss":0,"event_name":"Cursed Tome","floor":31,"gold_loss":0},{"cards_removed":["Neutralize"],"damage_healed":0,"gold_gain":0,"player_choice":"Removed Attack","damage_taken":0,"max_hp_gain":0,"max_hp_loss":0,"event_name":"Falling","floor":36,"gold_loss":0},{"damage_healed":0,"gold_gain":0,"player_choice":"Memory 1","damage_taken":0,"max_hp_gain":0,"max_hp_loss":0,"event_name":"SensoryStone","floor":39,"gold_loss":0},{"damage_healed":0,"gold_gain":0,"player_choice":"Ignored","damage_taken":0,"max_hp_gain":0,"max_hp_loss":0,"event_name":"Mysterious Sphere","floor":47,"gold_loss":0},{"damage_healed":0,"gold_gain":0,"player_choice":"Embrace Madness","damage_taken":10,"max_hp_gain":0,"max_hp_loss":0,"event_name":"Winding Halls","floor":48,"gold_loss":0,"cards_obtained":["Madness","Madness"]}],"is_beta":false,"boss_relics":[{"not_picked":["Ectoplasm","SacredBark"],"picked":"Busted Crown"},{"not_picked":["Astrolabe","Empty Cage"],"picked":"Tiny House"}],"items_purged_floors":[2,2,2,2,4,21,21,21],"is_endless":false,"potions_floor_spawned":[11,33,35,44],"ascension_level":0}}