{"host":"df48i9djcn92c5sx","time":1612348671,"event":{"mods":["Act Like it!","Arknights","BaseMod","Decade(王小明)","Downfall","Gensokyo","Marisa（F雨　魔理沙）","Minty Spire (QoL Compilation)","READ ME - Guardian Mod","READ ME - Snecko Mod","Reimu（博丽灵梦）","Remilia（蕾米莉亚）","Shop Mod","StSLib","The Jungle","The Servant 0.9.4"],"gold_per_floor":[117,42,42,57,132,132,159,159,228,253,253,253,271,295,295,421,421,434,434,25,150,173,212,212,212,212],"floor_reached":25,"language":"ZHS","playtime":919,"items_purged":["ats:Strike V"],"score":264,"play_id":"58b0f690-2476-428f-84bd-5949650e7805","local_time":"20210203183751","is_ascension_mode":true,"campfire_choices":[{"data":"ats:Collapsing Strike","floor":6,"key":"SMITH"},{"data":"ats:Shell Defense","floor":8,"key":"SMITH"},{"data":"ats:Volcano","floor":12,"key":"SMITH"},{"data":"ats:Burning Ground","floor":15,"key":"SMITH"},{"data":"ats:Volcano","floor":24,"key":"SMITH"}],"circlet_count":0,"master_deck":["ats:Strike C","ats:Strike G","ats:Strike S","ats:Armor Crushing Shot","ats:Defend","ats:Defend","ats:Defend","ats:Emotion Absorption","ats:Shell Defense+1","ats:Collapsing Strike+1","ats:Volcano+1","ats:Guard Mode","ats:Burning Ground+1","ats:True Silver Slash","ats:Curse Doll+1","CurseOfTheBell","CurseOfTheBell","downfall:Icky","ats:Volcano+1","ats:Ignite","ats:Red Shift"],"relics":["ats:Sanity","NeowsBlessing","ats:Ability Aura","Pantograph","ats:Originium","ats:Remnant Ash","Golden Idol","Philosopher\u0027s Stone","downfall:ExtraCursedBell","Toy Ornithopter","Matryoshka","Shovel","Frozen Egg 2","Juzu Bracelet","Du-Vu Doll","Ginger","Happy Flower"],"acts_visited":["Exordium","Exordium"],"potions_floor_usage":[16,21,22],"damage_taken":[{"damage":0,"enemies":"Cultist","floor":1,"turns":1},{"damage":0,"enemies":"2 Louse","floor":4,"turns":2},{"damage":0,"enemies":"Gremlin Nob","floor":10,"turns":1},{"damage":0,"enemies":"Jaw Worm","floor":13,"turns":3},{"damage":1,"enemies":"3 Louse","floor":14,"turns":3},{"damage":49,"enemies":"The Guardian","floor":16,"turns":13},{"damage":2,"enemies":"Gensokyo:2_Gloops","floor":18,"turns":3},{"damage":9,"enemies":"Gensokyo:2_Gloops","floor":21,"turns":11},{"damage":14,"enemies":"Gensokyo:CosmicMonolith","floor":22,"turns":4},{"damage":53,"enemies":"Gensokyo:Koishi","floor":23,"turns":5},{"damage":10005,"enemies":"Gensokyo:Reisen","floor":25,"turns":4}],"seed_played":"6581504826444026203","potions_obtained":[{"floor":4,"key":"champ:CounterPotion"},{"floor":14,"key":"Guardian:BlockOnCardUsePotion"},{"floor":16,"key":"BlessingOfTheForge"},{"floor":22,"key":"GrandPatriotsElixir:ReiMu"}],"is_trial":false,"path_per_floor":["M","$","?","M","?","R","T","R","T","E","?","R","M","M","R","B",null,"M","?","$","?","M","E","R","E"],"character_chosen":"DOCTOR_CLASS","items_purchased":["Frozen Egg 2","Juzu Bracelet"],"campfire_rested":0,"item_purchase_floors":[20,20],"current_hp_per_floor":[72,72,72,72,61,61,61,61,61,61,61,61,64,66,66,30,67,67,67,67,64,57,7,7,0,0],"gold":212,"neow_bonus":"THREE_ENEMY_KILL","is_daily":false,"chose_seed":false,"campfire_upgraded":5,"win_rate":0.0,"timestamp":1612348671,"path_taken":["M","$","?","?","?","R","?","R","T","E","?","R","M","M","R","BOSS","M","?","?","?","M","E","R","E"],"items_purchased_type":["Relic","Relic"],"build_version":"2020-12-22","purchased_purges":1,"victory":false,"max_hp_per_floor":[72,72,72,72,72,72,72,72,72,72,67,67,67,67,67,67,67,67,67,67,67,67,67,67,67,67],"card_choices":[{"not_picked":["ats:Composite Medical Shells","ats:Assault Order"],"picked":"ats:Shell Defense","floor":1},{"not_picked":["ats:Thermite Blade","ats:Consecutive Shot Auto"],"picked":"ats:Collapsing Strike","floor":4},{"not_picked":["ats:Cat Scratch","ats:Closed Bolt Burst Fire"],"picked":"ats:Volcano","floor":10},{"not_picked":["ats:Hammer On","ats:Defend Order"],"picked":"ats:Guard Mode","floor":13},{"not_picked":["ats:Ignite","ats:Consecutive Shot Auto"],"picked":"ats:Burning Ground","floor":14},{"not_picked":["ats:Echo Reverb","ats:Nebulous Foxfire"],"picked":"ats:True Silver Slash","floor":16},{"not_picked":["ats:Guard Mode","ats:Rapid Magazine+1"],"picked":"ats:Curse Doll+1","floor":18},{"not_picked":["ats:Apocalypse","ats:Absolute Focus"],"picked":"ats:Ignite","floor":22},{"not_picked":["ats:Absolute Focus","ats:Chain Hook"],"picked":"ats:Red Shift","floor":23}],"player_experience":1503073,"relics_obtained":[{"floor":7,"key":"ats:Ability Aura"},{"floor":9,"key":"Pantograph"},{"floor":10,"key":"ats:Originium"},{"floor":10,"key":"ats:Remnant Ash"},{"floor":19,"key":"Toy Ornithopter"},{"floor":19,"key":"Matryoshka"},{"floor":19,"key":"Shovel"},{"floor":21,"key":"Du-Vu Doll"},{"floor":21,"key":"Ginger"},{"floor":23,"key":"ats:Originium"},{"floor":23,"key":"Happy Flower"}],"event_choices":[{"cards_removed":["ats:Defend"],"damage_healed":0,"gold_gain":0,"player_choice":"Purged","damage_taken":0,"max_hp_gain":0,"max_hp_loss":0,"event_name":"Purifier","floor":3,"gold_loss":0},{"damage_healed":0,"gold_gain":75,"player_choice":"Gather Gold","damage_taken":11,"max_hp_gain":0,"max_hp_loss":0,"event_name":"World of Goop","floor":5,"gold_loss":0},{"damage_healed":0,"gold_gain":0,"player_choice":"Lose Max HP","damage_taken":0,"relics_obtained":["Golden Idol"],"max_hp_gain":0,"max_hp_loss":5,"event_name":"Golden Idol","floor":11,"gold_loss":0}],"is_beta":false,"boss_relics":[{"not_picked":["Snecko Eye","Runic Dome"],"picked":"Philosopher\u0027s Stone"}],"items_purged_floors":[2],"is_endless":false,"potions_floor_spawned":[4,14,16,22],"killed_by":"Gensokyo:Reisen","ascension_level":2}}