{"host":"r91i8wii3z9p67t1","time":1612373693,"event":{"mods":["BaseMod","Minty Spire (QoL Compilation)","Relic Stats","Replay The Spire","StSLib"],"gold_per_floor":[111,111,111,123,139,167,195,207,242,329,341,367,390,412,424,535,547,576,588,618,102,140,189,129,129,209,209,209,1,27,0,0,14,14],"floor_reached":33,"language":"ZHT","playtime":1913,"items_purged":["Clumsy"],"score":360,"play_id":"2db2cf55-fcb4-49d5-832a-6be2ee3babb6","local_time":"20210204013453","is_ascension_mode":true,"campfire_choices":[{"floor":8.0,"key":"REST"},{"floor":15.0,"key":"REST"},{"floor":25,"key":"REST"},{"floor":28,"key":"REST"},{"floor":32,"key":"REST"}],"circlet_count":0,"master_deck":["Strike_P","Strike_P","Strike_P","Defend_P","Defend_P","Defend_P","Eruption","Vigilance","FlurryOfBlows","ForeignInfluence","Steam","JustLucky","FlurryOfBlows+1","FearNoEvil","SashWhip+1","WaveOfTheHand+1","EmptyFist","Replay:LoomingThreat","Replay:AllIn+1","ReplayTheSpireMod:IOU","EmptyFist+1","EmptyMind","Protect","BowlingBash","Swivel","Prostrate"],"relics":["SacredBark","Ring of Searing","ReplayTheSpireMod:Ring of Challenge","MawBank","Gremlin Food","Replay:Ancient Bell","Vajra","Matryoshka","WingedGreaves","Lee\u0027s Waffle","Replay:Bandana","Potion Belt","Blood Vial","Divine Protection","BargainBundle"],"acts_visited":["Exordium","TheCity"],"potions_floor_usage":[18,33,33,33,33],"damage_taken":[{"damage":2.0,"enemies":"2 Louse","floor":1.0,"turns":4.0},{"damage":5.0,"enemies":"Jaw Worm","floor":4.0,"turns":2.0},{"damage":5.0,"enemies":"Cultist","floor":5.0,"turns":3.0},{"damage":29.0,"enemies":"Gremlin Nob","floor":6.0,"turns":4.0},{"damage":7.0,"enemies":"Red Slaver","floor":7.0,"turns":4.0},{"damage":3.0,"enemies":"Looter","floor":12.0,"turns":3.0},{"damage":6.0,"enemies":"3 Louse","floor":13.0,"turns":4.0},{"damage":5.0,"enemies":"Red Slaver","floor":14.0,"turns":3.0},{"damage":9.0,"enemies":"Fading Forest","floor":16.0,"turns":11.0},{"damage":14,"enemies":"2 Thieves","floor":18,"turns":4},{"damage":0,"enemies":"Chosen","floor":20,"turns":3},{"damage":30,"enemies":"3 Cultists","floor":22,"turns":6},{"damage":34,"enemies":"Gremlin Leader","floor":23,"turns":7},{"damage":52,"enemies":"Snecko","floor":30,"turns":8},{"damage":58,"enemies":"Collector","floor":33,"turns":7}],"seed_played":"7626522963441894723","potions_obtained":[{"floor":5.0,"key":"Fire Potion"},{"floor":6.0,"key":"Adrenaline Potion"},{"floor":11.0,"key":"SneckoOil"},{"floor":11.0,"key":"Toxic Potion"},{"floor":11.0,"key":"Ambrosia"},{"floor":12.0,"key":"LifebloodPotion"},{"floor":16.0,"key":"LiquidBronze"},{"floor":18,"key":"ColorlessPotion"},{"floor":30,"key":"Ancient Potion"}],"is_trial":false,"path_per_floor":["M","?","?","M","M","E","M","R","T","?","?","M","M","M","R","B",null,"M","?","M","$","M","E","?","R","T","?","R","$","M","?","R","B"],"character_chosen":"WATCHER","items_purchased":["Lee\u0027s Waffle","Protect","Replay:Bandana","Explosive Potion","BowlingBash","BargainBundle","Prostrate"],"campfire_rested":5,"item_purchase_floors":[21,21,21,21,21,29,29],"current_hp_per_floor":[63,63,63,58,53,24,17,38,38,27,27,24,18,13,34,33,62,48,48,48,79,49,15,15,38,38,38,61,61,11,11,34,0,0],"gold":14,"neow_bonus":"BOSS_RELIC","is_daily":false,"chose_seed":false,"campfire_upgraded":0,"win_rate":0.0,"timestamp":1612373693,"path_taken":["M","?","?","?","M","E","M","R","T","?","?","?","M","M","R","BOSS","M","?","?","$","M","E","?","R","T","?","R","$","?","?","R","BOSS"],"items_purchased_type":["Relic","Card","Relic","Potion","Card","Relic","Card"],"build_version":"2020-12-22","purchased_purges":1,"victory":false,"max_hp_per_floor":[72,72,72,72,72,72,72,72,72,72,72,72,72,72,72,72,72,72,72,72,79,79,79,79,79,79,79,79,79,79,79,79,79,79],"relic_stats":{"Blood Vial":4,"Lee\u0027s Waffle":31,"counters":[15,73],"MawBank":180,"obtain_stats":[{"Gremlin Food":9,"Potion Belt":23,"Divine Protection":26,"Lee\u0027s Waffle":21,"BargainBundle":29,"SacredBark":0,"Vajra":17,"Replay:Ancient Bell":17,"MawBank":6,"Ring of Searing":3,"Blood Vial":26,"Replay:Bandana":21,"Matryoshka":17,"WingedGreaves":17,"PureWater":0,"ReplayTheSpireMod:Ring of Challenge":3},{"Gremlin Food":5,"Potion Belt":13,"Divine Protection":13,"Lee\u0027s Waffle":11,"BargainBundle":13,"SacredBark":0,"Vajra":9,"Replay:Ancient Bell":9,"MawBank":4,"Ring of Searing":1,"Blood Vial":13,"Replay:Bandana":11,"Matryoshka":9,"WingedGreaves":9,"PureWater":0,"ReplayTheSpireMod:Ring of Challenge":1},{"Gremlin Food":17,"Potion Belt":58,"Divine Protection":58,"Lee\u0027s Waffle":45,"BargainBundle":58,"SacredBark":0,"Vajra":38,"Replay:Ancient Bell":38,"MawBank":13,"Ring of Searing":4,"Blood Vial":58,"Replay:Bandana":45,"Matryoshka":38,"WingedGreaves":38,"PureWater":0,"ReplayTheSpireMod:Ring of Challenge":4}]},"card_choices":[{"not_picked":["Halt","SignatureMove"],"picked":"FlurryOfBlows","floor":1.0},{"not_picked":["Collect","Fasting2"],"picked":"JustLucky","floor":4.0},{"not_picked":["CrushJoints","Conclude"],"picked":"FlurryOfBlows","floor":5.0},{"not_picked":["CutThroughFate","InnerPeace"],"picked":"FearNoEvil","floor":6.0},{"not_picked":["EmptyFist","CutThroughFate"],"picked":"SashWhip","floor":7.0},{"not_picked":["CrushJoints","SignatureMove"],"picked":"WaveOfTheHand","floor":12.0},{"not_picked":["Wallop","JustLucky"],"picked":"EmptyFist","floor":13.0},{"not_picked":["Replay:ManipulateFuture","Study"],"picked":"Replay:LoomingThreat","floor":14.0},{"not_picked":["Omniscience","Replay:LoomingThreat"],"picked":"Replay:AllIn","floor":16.0},{"not_picked":["Pain","Doubt"],"picked":"Clumsy","floor":17.0},{"not_picked":["Spreading Infection","Voices"],"picked":"ReplayTheSpireMod:IOU","floor":17.0},{"not_picked":["Sickly","Languid"],"picked":"Clumsy","floor":17.0},{"not_picked":["Swivel","ForeignInfluence"],"picked":"EmptyFist+1","floor":18},{"not_picked":["Meditate","Conclude"],"picked":"EmptyMind","floor":20},{"not_picked":["SandsOfTime","Replay:BluntJabs"],"picked":"Swivel","floor":22},{"not_picked":["Replay:ManipulateFuture","InnerPeace","MentalFortress"],"picked":"SKIP","floor":23},{"not_picked":["Study+1","Protect","Crescendo"],"picked":"SKIP","floor":30}],"player_experience":961861,"relics_obtained":[{"floor":3.0,"key":"Ring of Searing"},{"floor":3.0,"key":"ReplayTheSpireMod:Ring of Challenge"},{"floor":6.0,"key":"MawBank"},{"floor":9.0,"key":"Gremlin Food"},{"floor":23,"key":"Potion Belt"},{"floor":26,"key":"Blood Vial"},{"floor":26,"key":"Divine Protection"}],"event_choices":[{"damage_healed":0.0,"max_hp_gain":0.0,"max_hp_loss":0.0,"gold_gain":75.0,"event_name":"World of Goop","player_choice":"Gather Gold","floor":10.0,"gold_loss":0.0,"damage_taken":11.0},{"damage_healed":0.0,"max_hp_gain":0.0,"max_hp_loss":0.0,"gold_gain":0.0,"event_name":"Lab","player_choice":"Got Potions","floor":11.0,"gold_loss":0.0,"damage_taken":0.0},{"cards_removed":["Normality"],"damage_healed":0,"gold_gain":0,"player_choice":"Purged","damage_taken":0,"max_hp_gain":0,"max_hp_loss":0,"event_name":"Purifier","floor":19,"gold_loss":0},{"cards_removed":["ReplayTheSpireMod:IOU","Clumsy"],"damage_healed":0,"gold_gain":0,"player_choice":"Removed Curses","damage_taken":0,"max_hp_gain":0,"max_hp_loss":0,"event_name":"Fountain of Cleansing","floor":27,"gold_loss":0},{"damage_healed":0,"gold_gain":0,"player_choice":"Paid Fearfully","damage_taken":0,"max_hp_gain":0,"max_hp_loss":0,"event_name":"Masked Bandits","floor":31,"gold_loss":27}],"is_beta":false,"boss_relics":[{"not_picked":["Velvet Choker","Painkiller Herb"],"picked":"Replay:Ancient Bell"},{"not_picked":["Strawberry","Anchor"],"picked":"Vajra"},{"not_picked":["Shuriken","Mummified Hand"],"picked":"Matryoshka"},{"not_picked":["Old Coin","CaptainsWheel"],"picked":"WingedGreaves"}],"items_purged_floors":[21],"is_endless":false,"potions_floor_spawned":[5,6,12,16,18,30],"killed_by":"Collector","ascension_level":7}}