{"host":"vhvubw4jk4f204qs","time":1612387771,"event":{"mods":["AchievementEnabler","BaseMod","DeckTracker","GifTheSpireLib","Googly Eyes","Minty Spire (QoL Compilation)","Permanent Neow","Quick Restart","StSLib","SuperFastMode","The IronCluck","slay the spire mod where everything is the same but ironclad has a cowboy hat"],"gold_per_floor":[112,126,126,126,138,138,168,168,168,188,188,215,215,230,230,230,230],"floor_reached":16,"language":"ENG","playtime":705,"items_purged":[],"score":215,"play_id":"0768b2d5-5a8c-40f4-830b-e60aa2c00f40","local_time":"20210203162931","is_ascension_mode":true,"campfire_choices":[{"data":"Eruption","floor":6,"key":"SMITH"},{"data":"CarveReality","floor":13,"key":"SMITH"},{"data":"Perseverance","floor":15,"key":"SMITH"}],"circlet_count":0,"master_deck":["AscendersBane","Strike_P","Strike_P","Strike_P","Defend_P","Defend_P","Defend_P","Eruption+1","Vigilance","SashWhip","CrushJoints","Consecrate","Evaluate","Judgement","FlurryOfBlows","TalkToTheHand","CarveReality+1","Perseverance+1"],"relics":["PureWater","StrikeDummy","Centennial Puzzle","MealTicket","Anchor"],"acts_visited":["Exordium"],"potions_floor_usage":[7,16],"damage_taken":[{"damage":2,"enemies":"Small Slimes","floor":1,"turns":3},{"damage":0,"enemies":"2 Louse","floor":2,"turns":2},{"damage":0,"enemies":"Cultist","floor":5,"turns":2},{"damage":8,"enemies":"Gremlin Nob","floor":7,"turns":3},{"damage":5,"enemies":"Blue Slaver","floor":10,"turns":2},{"damage":2,"enemies":"Lagavulin","floor":12,"turns":5},{"damage":1,"enemies":"Looter","floor":14,"turns":2},{"damage":23,"enemies":"Hexaghost","floor":16,"turns":11}],"seed_played":"5305574559541876107","potions_obtained":[{"floor":1,"key":"SkillPotion"},{"floor":10,"key":"Fire Potion"},{"floor":12,"key":"EssenceOfSteel"}],"is_trial":false,"path_per_floor":["M","M","?","?","M","R","E","?","T","M","?","E","R","M","R","B"],"character_chosen":"WATCHER","items_purchased":[],"campfire_rested":0,"item_purchase_floors":[],"current_hp_per_floor":[59,59,54,47,47,47,39,39,39,34,34,32,32,31,31,8,8],"gold":230,"neow_bonus":"TRANSFORM_CARD","is_daily":false,"chose_seed":false,"campfire_upgraded":3,"win_rate":0.0,"timestamp":1612387771,"path_taken":["M","M","?","?","M","R","E","?","T","M","?","E","R","M","R","BOSS"],"items_purchased_type":[],"build_version":"2020-12-22","purchased_purges":0,"victory":false,"max_hp_per_floor":[68,68,68,68,68,68,68,68,68,68,68,68,68,68,68,68,68],"card_choices":[{"not_picked":["ForeignInfluence","Collect"],"picked":"CrushJoints","floor":1},{"not_picked":["BowlingBash","EmptyBody"],"picked":"Consecrate","floor":2},{"not_picked":["FollowUp","EmptyBody"],"picked":"Evaluate","floor":5},{"not_picked":["PathToVictory","Crescendo"],"picked":"Judgement","floor":7},{"not_picked":["Protect","Consecrate"],"picked":"FlurryOfBlows","floor":10},{"not_picked":["Evaluate","BattleHymn"],"picked":"CarveReality","floor":12},{"not_picked":["FollowUp","Collect"],"picked":"Perseverance","floor":14}],"player_experience":769315,"relics_obtained":[{"floor":7,"key":"Centennial Puzzle"},{"floor":9,"key":"MealTicket"},{"floor":12,"key":"Anchor"}],"event_choices":[{"damage_healed":0,"gold_gain":0,"player_choice":"Success","damage_taken":5,"relics_obtained":["StrikeDummy"],"max_hp_gain":0,"max_hp_loss":0,"event_name":"Scrap Ooze","floor":3,"gold_loss":0},{"cards_removed":["Defend_P"],"damage_healed":0,"gold_gain":0,"player_choice":"Card Removal","damage_taken":7,"max_hp_gain":0,"max_hp_loss":0,"event_name":"Golden Wing","floor":4,"gold_loss":0},{"damage_healed":0,"gold_gain":0,"player_choice":"Ignored","damage_taken":0,"max_hp_gain":0,"max_hp_loss":0,"event_name":"Liars Game","floor":8,"gold_loss":0},{"damage_healed":0,"gold_gain":0,"player_choice":"1 cards matched","damage_taken":0,"max_hp_gain":0,"max_hp_loss":0,"event_name":"Match and Keep!","floor":11,"gold_loss":0,"cards_obtained":["TalkToTheHand"]}],"is_beta":false,"boss_relics":[],"items_purged_floors":[],"is_endless":false,"potions_floor_spawned":[1,10,12],"killed_by":"Hexaghost","ascension_level":19}}