{"host":"m6e09adb7fik7oct","time":1612396144,"event":{"mods":["AchievementEnabler","BaseMod","Better Altar","Better Note","Better Sensory Stone","Better Third Choice","BetterRewards","Block Reminder","Colored Map","Displayed Cursed Tome","Energized Spire","Evolution","Infinite Spire","Ironclad Rager","Key Reminder","Mad Scientist","Minty Spire (QoL Compilation)","Quick Restart","RNG Fix","Relic Stats","Reorder Act Four","Replay The Spire","StSLib","The Construct","The Jungle","The Marked","Trackpad","Transform Curses","Unceasing Turn Reminder","Wandering Minibosses","everything is the same but u backflip on backflip"],"gold_per_floor":[114,129,204,14,29,59,334,9,34,49,79,94,109,124,124,224,224,239,254,254,4,19,19,49,64,64,79,79,94,94,94,94,194,194,209,224,224,29,44,44,74,89,89,119,149,149,149,164,164,264,264,274,0,15,25,35,12,12],"floor_reached":57,"language":"ENG","playtime":4817,"items_purged":["Doubt","Shame","Writhe"],"score":779,"play_id":"f177389e-63a8-488d-8ba8-94e85b5b4136","local_time":"20210203184904","daily_mods":["Allstar","Purple Cards","Lethality"],"is_ascension_mode":false,"campfire_choices":[{"data":"Regret","floor":15.0,"key":"PURGE"},{"data":"infinitespire:OneForAll","floor":23.0,"key":"SMITH"},{"floor":30.0,"key":"REST"},{"data":"Rage","floor":32.0,"key":"SMITH"},{"floor":40.0,"key":"REST"},{"data":"Fasting2","floor":47.0,"key":"SMITH"}],"circlet_count":0,"master_deck":["Wild Strike","Wild Strike","Wild Strike","Wild Strike","Wild Strike","True Grit","True Grit","True Grit","True Grit","Bash","ReplayTheSpireMod:Uncanny Aura","Master of Strategy","Violence","Finesse+1","Thinking Ahead","Rage+1","infinitespire:OneForAll+1","Anger+1","Heavy Blade","MasterReality","Impervious","Reaper","Delirium","CurseOfTheBell","Meditate+1","Iron Wave+1","Pummel","Bite","Bite","Bite","Bite","Bite","Judgement","Abandon+1","Replay:Dark Deal","Demon Form","Thunderclap+1","Seeing Red+1","Clash","Fasting2+1","Clumsy","Wild Strike","Establishment","Bloodletting","Sentinel","Havoc","Limit Break"],"relics":["Burning Blood","EVO:Axolotl","Red Skull","trackpad:PetRock","ReplayTheSpireMod:CursedCoin","Orichalcum","infinitespire:WardingShard","Art of War","ReplayTheSpireMod:Lightbulb","Replay:Ancient Bell","PreservedInsect","trackpad:BottledTsunami","StoneCalendar","War Paint","ReplayTheSpireMod:TigerMarble","Bronze Scales","trackpad:WritersBlock","construct:ClawGrip","infinitespire:Satchel","Ancient Tea Set","Ginger","Blue Candle","Ring of Hypnosis","ReplayTheSpireMod:Ring of Exchange","ClockworkSouvenir","Replay:Rubber Ducky"],"acts_visited":["Exordium","TheCity","TheBeyond","Exordium"],"potions_floor_usage":[],"damage_taken":[{"damage":0.0,"enemies":"Cultist","floor":1.0,"turns":2.0},{"damage":11.0,"enemies":"Jaw Worm","floor":2.0,"turns":2.0},{"damage":0.0,"enemies":"2 Louse","floor":5.0,"turns":1.0},{"damage":21.0,"enemies":"Lagavulin","floor":6.0,"turns":3.0},{"damage":14.0,"enemies":"Exordium Thugs","floor":10.0,"turns":2.0},{"damage":4.0,"enemies":"3 Sentries","floor":11.0,"turns":4.0},{"damage":6.0,"enemies":"Gremlin Gang","floor":12.0,"turns":3.0},{"damage":12.0,"enemies":"3 Louse","floor":13.0,"turns":5.0},{"damage":0.0,"enemies":"Large Slime","floor":14.0,"turns":3.0},{"damage":32.0,"enemies":"The Guardian","floor":16.0,"turns":7.0},{"damage":30.0,"enemies":"3 Byrds","floor":18.0,"turns":5.0},{"damage":0.0,"enemies":"Spheric Guardian","floor":19.0,"turns":3.0},{"damage":11.0,"enemies":"Centurion and Healer","floor":22.0,"turns":6.0},{"damage":13.0,"enemies":"Nightmare","floor":24.0,"turns":5.0},{"damage":0.0,"enemies":"Snecko","floor":25.0,"turns":2.0},{"damage":24.0,"enemies":"Snake Plant","floor":27.0,"turns":3.0},{"damage":0.0,"enemies":"Centurion and Healer","floor":29.0,"turns":2.0},{"damage":86.0,"enemies":"Collector","floor":33.0,"turns":8.0},{"damage":1.0,"enemies":"3 Darklings","floor":35.0,"turns":3.0},{"damage":1.0,"enemies":"Orb Walker","floor":36.0,"turns":2.0},{"damage":87.0,"enemies":"4 Shapes","floor":39.0,"turns":6.0},{"damage":19.0,"enemies":"R_Hoarder","floor":41.0,"turns":4.0},{"damage":1.0,"enemies":"Sphere and 2 Shapes","floor":42.0,"turns":4.0},{"damage":14.0,"enemies":"2 Orb Walkers","floor":44.0,"turns":3.0},{"damage":8.0,"enemies":"Reptomancer","floor":45.0,"turns":3.0},{"damage":33.0,"enemies":"Writhing Mass","floor":48.0,"turns":3.0},{"damage":63.0,"enemies":"Time Eater","floor":50.0,"turns":7.0},{"damage":0.0,"enemies":"Cultist","floor":52.0,"turns":2.0},{"damage":9.0,"enemies":"Jaw Worm","floor":54.0,"turns":2.0},{"damage":1.0,"enemies":"2 Louse","floor":55.0,"turns":2.0},{"damage":19.0,"enemies":"Red Slaver","floor":56.0,"turns":2.0},{"damage":95,"enemies":"Nightmare","floor":57,"turns":4}],"seed_played":"4031875728642390749","potions_obtained":[{"floor":2.0,"key":"DistilledChaos"},{"floor":5.0,"key":"Block Potion"},{"floor":12.0,"key":"Fire Potion"},{"floor":13.0,"key":"Weak Potion"},{"floor":19.0,"key":"Elixir"},{"floor":33.0,"key":"SteroidPotion"},{"floor":42.0,"key":"SkillPotion"},{"floor":52.0,"key":"EntropicBrew"}],"is_trial":false,"path_per_floor":["M","M","?","$","M","E","?","$","T","M","E","M","M","M","R_BF","B",null,"M","M","?","$","M","R","NM","M","T","M","?","M","R","?","R","B",null,"M","M","?","$","M","R","E","M","T","?","E","?","R","M","R_BF","B",null,"M","$","M","M","M","NM"],"character_chosen":"IRONCLAD","items_purchased":["Red Skull","Anger+1","ReplayTheSpireMod:CursedCoin","Orichalcum","infinitespire:WardingShard","ReplayTheSpireMod:TigerMarble","Demon Form","Replay:Rubber Ducky","Sentinel","Havoc"],"campfire_rested":2,"item_purchase_floors":[4,4,8,8,8,21,38,53,53,53],"current_hp_per_floor":[85,80,69,69,75,60,60,60,60,52,54,54,48,54,54,28,85,64,77,77,77,72,72,65,71,71,53,31,39,64,64,64,14,85,85,85,85,85,30,55,44,70,70,80,83,83,83,58,83,39,85,85,85,84,85,72,0,0],"gold":12,"neow_bonus":"","is_daily":true,"chose_seed":false,"campfire_upgraded":3,"win_rate":0.0,"timestamp":1612396144,"path_taken":["M","M","?","$","M","E","?","?","T","M","E","M","M","M","R_BF","BOSS","M","M","?","$","?","R","NM","M","T","M","?","M","R","?","R","BOSS","M","M","?","$","M","R","E","M","T","?","E","?","R","M","R_BF","BOSS","M","$","M","M","M","NM"],"items_purchased_type":["Relic","Card","Relic","Relic","Relic","Relic","Card","Relic","Card","Card"],"build_version":"2020-12-22","purchased_purges":3,"victory":false,"max_hp_per_floor":[85,85,85,85,85,85,85,85,85,85,85,85,85,85,85,85,85,85,85,85,85,85,85,85,85,85,85,85,85,85,85,85,85,85,85,85,85,85,85,85,85,85,85,85,85,85,85,85,85,85,85,85,85,85,85,85,85,85],"relic_stats":{"counters":[32,111],"Bronze Scales":[114],"Blue Candle":[0],"StoneCalendar":[52],"PreservedInsect":296,"Art of War":[6],"Ginger":[2],"Orichalcum":[198],"War Paint":["Finesse","Meditate"],"obtain_stats":[{"ReplayTheSpireMod:Ring of Exchange":46,"trackpad:PetRock":6,"StoneCalendar":17,"EVO:Axolotl":0,"Ginger":44,"Ancient Tea Set":43,"Burning Blood":0,"ClockworkSouvenir":51,"Replay:Rubber Ducky":53,"Blood Vial":28,"trackpad:WritersBlock":26,"Red Skull":4,"construct:ClawGrip":34,"Ring of Hypnosis":46,"ReplayTheSpireMod:CursedCoin":8,"Blue Candle":45,"PreservedInsect":17,"Replay:Ancient Bell":17,"Orichalcum":8,"War Paint":20,"infinitespire:WardingShard":8,"Bronze Scales":24,"infinitespire:Satchel":41,"Art of War":9,"ReplayTheSpireMod:TigerMarble":21,"ReplayTheSpireMod:Lightbulb":11,"trackpad:BottledTsunami":17},{"ReplayTheSpireMod:Ring of Exchange":25,"trackpad:PetRock":4,"StoneCalendar":10,"EVO:Axolotl":0,"Ginger":24,"Ancient Tea Set":23,"Burning Blood":0,"ClockworkSouvenir":27,"Replay:Rubber Ducky":28,"Blood Vial":16,"trackpad:WritersBlock":15,"Red Skull":2,"construct:ClawGrip":18,"Ring of Hypnosis":25,"ReplayTheSpireMod:CursedCoin":4,"Blue Candle":25,"PreservedInsect":10,"Replay:Ancient Bell":10,"Orichalcum":4,"War Paint":12,"infinitespire:WardingShard":4,"Bronze Scales":14,"infinitespire:Satchel":22,"Art of War":4,"ReplayTheSpireMod:TigerMarble":12,"ReplayTheSpireMod:Lightbulb":6,"trackpad:BottledTsunami":10},{"ReplayTheSpireMod:Ring of Exchange":90,"trackpad:PetRock":8,"StoneCalendar":32,"EVO:Axolotl":0,"Ginger":87,"Ancient Tea Set":84,"Burning Blood":0,"ClockworkSouvenir":100,"Replay:Rubber Ducky":102,"Blood Vial":55,"trackpad:WritersBlock":53,"Red Skull":4,"construct:ClawGrip":65,"Ring of Hypnosis":90,"ReplayTheSpireMod:CursedCoin":8,"Blue Candle":90,"PreservedInsect":32,"Replay:Ancient Bell":32,"Orichalcum":8,"War Paint":40,"infinitespire:WardingShard":8,"Bronze Scales":51,"infinitespire:Satchel":80,"Art of War":8,"ReplayTheSpireMod:TigerMarble":40,"ReplayTheSpireMod:Lightbulb":14,"trackpad:BottledTsunami":32}],"Burning Blood":158},"card_choices":[{"not_picked":["SignatureMove","EmptyFist"],"picked":"Rage","floor":1.0},{"not_picked":["True Grit","JustLucky"],"picked":"infinitespire:OneForAll","floor":2.0},{"not_picked":["Hemokinesis","Sever Soul"],"picked":"Heavy Blade","floor":5.0},{"not_picked":["Second Wind","Replay:Undeath\u0027s Touch"],"picked":"MasterReality","floor":6.0},{"not_picked":["EmptyFist","Sanctity","Rage"],"picked":"SKIP","floor":10.0},{"not_picked":["Conclude","Replay:AtTheReady"],"picked":"Impervious","floor":11.0},{"not_picked":["BowlingBash","Shrug It Off","Replay:BluntJabs"],"picked":"SKIP","floor":12.0},{"not_picked":["Replay:AtTheReady","Replay:BluntJabs","Whirlwind"],"picked":"SKIP","floor":13.0},{"not_picked":["Replay:Undeath\u0027s Touch","ClearTheMind","Warcry"],"picked":"SKIP","floor":14.0},{"not_picked":["Replay:Many Hands","Blasphemy"],"picked":"Reaper","floor":16.0},{"not_picked":["ReplayTheSpireMod:Faulty Equipment","Amnesia"],"picked":"Writhe","floor":17.0},{"not_picked":["CurseOfTheBell","ReplayTheSpireMod:Doomed"],"picked":"Delirium","floor":17.0},{"not_picked":["Amnesia","infinitespire:Pacifist"],"picked":"CurseOfTheBell","floor":17.0},{"not_picked":["CutThroughFate","Rampage","Havoc+1"],"picked":"SKIP","floor":18.0},{"not_picked":["CutThroughFate","Rampage","Havoc+1"],"picked":"SKIP","floor":18.0},{"not_picked":["CutThroughFate","Rampage","Havoc+1"],"picked":"SKIP","floor":18.0},{"not_picked":["FlurryOfBlows","SignatureMove+1"],"picked":"Meditate","floor":19.0},{"not_picked":["Clothesline","SashWhip"],"picked":"Iron Wave+1","floor":22.0},{"not_picked":["ICR:HungryGhost","Sever Soul"],"picked":"Pummel","floor":24.0},{"not_picked":["Crescendo+1","Tantrum+1","Iron Wave"],"picked":"SKIP","floor":25.0},{"not_picked":["ICR:PowerAttack","Flex","Wallop"],"picked":"SKIP","floor":27.0},{"not_picked":["ClearTheMind","Rupture+1","Whirlwind"],"picked":"SKIP","floor":29.0},{"not_picked":["Replay:Many Hands","Demonic Infusion"],"picked":"Judgement","floor":33.0},{"not_picked":["ICR:PowerAttack","Sword Boomerang","Iron Wave+1"],"picked":"SKIP","floor":35.0},{"not_picked":["BattleHymn","Havoc"],"picked":"Abandon+1","floor":36.0},{"not_picked":["HandOfGreed","Madness"],"picked":"Replay:Dark Deal","floor":37.0},{"not_picked":["Spot Weakness","Replay:BluntJabs","Body Slam"],"picked":"SKIP","floor":39.0},{"not_picked":["Halt","FlurryOfBlows+1"],"picked":"Thunderclap+1","floor":41.0},{"not_picked":["Halt","Dropkick+1"],"picked":"Seeing Red","floor":42.0},{"not_picked":["Havoc+1","LikeWater"],"picked":"Clash","floor":44.0},{"not_picked":["Dropkick+1","Pommel Strike+1"],"picked":"Fasting2","floor":45.0},{"not_picked":["FlurryOfBlows+1","FlyingSleeves"],"picked":"Wild Strike","floor":48.0},{"not_picked":["ConjureBlade","SpiritShield"],"picked":"Establishment","floor":50.0},{"not_picked":["JustLucky","Rage"],"picked":"Bloodletting","floor":52.0},{"not_picked":["Iron Wave","Prostrate","Flex"],"picked":"SKIP","floor":54.0},{"not_picked":["Protect","Evolve","Twin Strike"],"picked":"SKIP","floor":55.0},{"not_picked":["PathToVictory","CutThroughFate"],"picked":"Limit Break","floor":56.0}],"player_experience":358444,"relics_obtained":[{"floor":6.0,"key":"trackpad:PetRock"},{"floor":9.0,"key":"Art of War"},{"floor":11.0,"key":"ReplayTheSpireMod:Lightbulb"},{"floor":24.0,"key":"Bronze Scales"},{"floor":26.0,"key":"trackpad:WritersBlock"},{"floor":41.0,"key":"infinitespire:Satchel"},{"floor":43.0,"key":"Ancient Tea Set"},{"floor":44.0,"key":"Ginger"},{"floor":45.0,"key":"Blue Candle"},{"floor":46.0,"key":"Ring of Hypnosis"},{"floor":46.0,"key":"ReplayTheSpireMod:Ring of Exchange"}],"event_choices":[{"damage_healed":0.0,"max_hp_gain":0.0,"max_hp_loss":0.0,"gold_gain":75.0,"event_name":"betterThird:BetterGoop","player_choice":"Gold","floor":3.0,"gold_loss":0.0,"damage_taken":11.0},{"damage_healed":0.0,"max_hp_gain":0.0,"max_hp_loss":0.0,"gold_gain":275.0,"event_name":"Golden Shrine","player_choice":"Desecrate","floor":7.0,"gold_loss":0.0,"damage_taken":0.0,"cards_obtained":["Regret"]},{"damage_healed":0.0,"max_hp_gain":0.0,"max_hp_loss":0.0,"gold_gain":0.0,"event_name":"Addict","player_choice":"Stole Relic","floor":20.0,"gold_loss":0.0,"damage_taken":0.0,"relics_obtained":["War Paint"],"cards_obtained":["Shame"]},{"damage_healed":0.0,"max_hp_gain":53.0,"max_hp_loss":31.0,"gold_gain":0.0,"event_name":"betterAltar:BetterAltar","player_choice":" Vial ","floor":28.0,"potions_obtained":[],"relics_lost":[],"gold_loss":0.0,"damage_taken":22.0,"relics_obtained":["Blood Vial"]},{"damage_healed":0.0,"max_hp_gain":0.0,"max_hp_loss":0.0,"gold_gain":0.0,"event_name":"Vampires","player_choice":"Became a vampire (Vial)","floor":31.0,"relics_lost":["Blood Vial"],"gold_loss":0.0,"damage_taken":0.0,"cards_obtained":["Bite","Bite","Bite","Bite","Bite"]},{"damage_healed":0.0,"max_hp_gain":0.0,"max_hp_loss":0.0,"gold_gain":3.0,"event_name":"betterStone:BetterStone","player_choice":"1","floor":37.0,"gold_loss":0.0,"damage_taken":0.0},{"damage_healed":0.0,"max_hp_gain":0.0,"max_hp_loss":0.0,"gold_gain":0.0,"event_name":"Mysterious Sphere","player_choice":"Fight","floor":44.0,"gold_loss":0.0,"damage_taken":0.0}],"is_beta":false,"boss_relics":[{"not_picked":["Replay:Drink Me","Coffee Dripper"],"picked":"Replay:Ancient Bell"},{"not_picked":["ReplayFunnel","Replay:Wax Seal"],"picked":"PreservedInsect"},{"not_picked":["InkBottle","Paper Frog"],"picked":"trackpad:BottledTsunami"},{"not_picked":["Champion Belt","Thread and Needle"],"picked":"StoneCalendar"},{"not_picked":["trackpad:StolenKidneys","SacredBark"],"picked":"construct:ClawGrip"},{"not_picked":["ChewingGum","Runic Dome"],"picked":"ClockworkSouvenir"}],"items_purged_floors":[8,21,38],"is_endless":true,"potions_floor_spawned":[2,5,12,13,19,22,33,35,42,44,50,52,55],"killed_by":"Nightmare","ascension_level":0}}