{"host":"i4eavuqabbk5mi94","time":1612366709,"event":{"mods":["BaseMod","Googly Eyes","Minty Spire (QoL Compilation)"],"gold_per_floor":[116,116,128,145,145,177,177,189,240,265,279,279,229,241,241,339,339,349,264,277,277,130,130,165,178,203,203,203,203],"floor_reached":28,"language":"ENG","playtime":1083,"items_purged":["Defend_G"],"score":310,"play_id":"a23c2694-90d6-452c-998e-60810298450d","local_time":"20210203153829","is_ascension_mode":true,"campfire_choices":[{"floor":12,"key":"REST"},{"floor":15,"key":"REST"},{"floor":23,"key":"REST"}],"circlet_count":0,"master_deck":["Strike_G","Strike_G","Strike_G","Strike_G","Defend_G","Defend_G","Defend_G+1","Survivor","Neutralize+1","Blur","Poisoned Stab","Outmaneuver","Flying Knee","Noxious Fumes","Caltrops","Deadly Poison","Expertise","Dagger Spray","Footwork","Adrenaline","Catalyst","PiercingWail+1","Leg Sweep+1","Prepared+1","Bane","Noxious Fumes","Decay"],"relics":["Ring of the Snake","Bronze Scales","Meat on the Bone","Orichalcum","Dream Catcher","Sozu","Toxic Egg 2","Shuriken","Toy Ornithopter"],"acts_visited":["Exordium","TheCity"],"potions_floor_usage":[6,10,16,24],"damage_taken":[{"damage":0,"enemies":"Small Slimes","floor":1,"turns":4},{"damage":0,"enemies":"2 Louse","floor":3,"turns":3},{"damage":9,"enemies":"Jaw Worm","floor":4,"turns":5},{"damage":30,"enemies":"Gremlin Nob","floor":6,"turns":5},{"damage":8,"enemies":"3 Louse","floor":8,"turns":3},{"damage":14,"enemies":"3 Sentries","floor":10,"turns":9},{"damage":18,"enemies":"Exordium Wildlife","floor":11,"turns":6},{"damage":0,"enemies":"Large Slime","floor":14,"turns":7},{"damage":40,"enemies":"Slime Boss","floor":16,"turns":9},{"damage":0,"enemies":"Chosen","floor":18,"turns":5},{"damage":20,"enemies":"2 Thieves","floor":20,"turns":5},{"damage":11,"enemies":"Book of Stabbing","floor":24,"turns":7},{"damage":12,"enemies":"Snecko","floor":25,"turns":4},{"damage":36,"enemies":"Slavers","floor":28,"turns":3}],"seed_played":"598429464525203378","potions_obtained":[{"floor":4,"key":"SkillPotion"},{"floor":8,"key":"Dexterity Potion"},{"floor":11,"key":"PowerPotion"},{"floor":16,"key":"Dexterity Potion"}],"is_trial":false,"path_per_floor":["M","?","M","M","?","E","?","M","T","E","M","R","?","M","R","B",null,"M","?","M","?","$","R","E","M","T","?","E"],"character_chosen":"THE_SILENT","items_purchased":["Leg Sweep+1"],"campfire_rested":3,"item_purchase_floors":[22],"current_hp_per_floor":[70,63,63,54,40,10,27,31,31,29,23,44,44,44,64,36,59,59,59,39,39,39,59,48,36,36,36,0,0],"gold":203,"neow_bonus":"RANDOM_COMMON_RELIC","is_daily":false,"chose_seed":false,"campfire_upgraded":0,"win_rate":0.0,"timestamp":1612366709,"path_taken":["M","?","M","M","?","E","?","?","T","E","M","R","?","M","R","BOSS","M","?","M","?","$","R","E","M","T","?","E"],"items_purchased_type":["Card"],"build_version":"2020-12-22","purchased_purges":1,"victory":false,"max_hp_per_floor":[70,70,70,70,70,70,70,70,70,70,70,70,67,67,67,67,67,67,67,67,67,67,67,67,67,67,67,67,67],"card_choices":[{"not_picked":["Bane","Dash"],"picked":"Blur","floor":1},{"not_picked":["Concentrate","Backflip"],"picked":"Poisoned Stab","floor":3},{"not_picked":["Dash","Prepared"],"picked":"Outmaneuver","floor":4},{"not_picked":["Well Laid Plans","Heel Hook"],"picked":"Flying Knee","floor":6},{"not_picked":["Backstab","Flying Knee"],"picked":"Noxious Fumes","floor":8},{"not_picked":["Flying Knee","Underhanded Strike"],"picked":"Caltrops","floor":10},{"not_picked":["Finisher","Flechettes"],"picked":"Deadly Poison","floor":11},{"not_picked":["Eviscerate","Dodge and Roll"],"picked":"Expertise","floor":12},{"not_picked":["Grand Finale","Heel Hook"],"picked":"Dagger Spray","floor":14},{"not_picked":["Outmaneuver","Slice"],"picked":"Footwork","floor":15},{"not_picked":["Burst","Phantasmal Killer"],"picked":"Adrenaline","floor":16},{"not_picked":["Bane","PiercingWail"],"picked":"Catalyst","floor":18},{"not_picked":["Quick Slash","Underhanded Strike"],"picked":"PiercingWail+1","floor":20},{"not_picked":["Backflip+1","Quick Slash"],"picked":"Prepared+1","floor":23},{"not_picked":["Doppelganger+1","Masterful Stab"],"picked":"Bane","floor":24},{"not_picked":["Dodge and Roll+1","Flying Knee"],"picked":"Noxious Fumes","floor":25}],"player_experience":403600,"relics_obtained":[{"floor":6,"key":"Meat on the Bone"},{"floor":9,"key":"Orichalcum"},{"floor":10,"key":"Dream Catcher"},{"floor":24,"key":"Shuriken"},{"floor":26,"key":"Toy Ornithopter"}],"event_choices":[{"cards_removed":["Strike_G"],"damage_healed":0,"gold_gain":0,"player_choice":"Card Removal","damage_taken":7,"max_hp_gain":0,"max_hp_loss":0,"event_name":"Golden Wing","floor":2,"gold_loss":0},{"damage_healed":0,"gold_gain":0,"player_choice":"Entered Light","damage_taken":14,"max_hp_gain":0,"max_hp_loss":0,"event_name":"Shining Light","floor":5,"gold_loss":0,"cards_upgraded":["Defend_G","Neutralize"]},{"damage_healed":17,"gold_gain":0,"player_choice":"Healed and dodged fight","damage_taken":0,"max_hp_gain":0,"max_hp_loss":0,"event_name":"Mushrooms","floor":7,"gold_loss":0,"cards_obtained":["Parasite"]},{"cards_removed":["Parasite"],"damage_healed":0,"gold_gain":0,"player_choice":"Card Removal","damage_taken":0,"max_hp_gain":0,"max_hp_loss":0,"event_name":"The Cleric","floor":13,"gold_loss":50},{"damage_healed":0,"gold_gain":0,"player_choice":"Obtained Relic","damage_taken":0,"relics_obtained":["Toxic Egg 2"],"max_hp_gain":0,"max_hp_loss":0,"event_name":"Addict","floor":19,"gold_loss":85},{"cards_removed":["Defend_G"],"damage_healed":0,"gold_gain":0,"player_choice":"Elegance","damage_taken":0,"max_hp_gain":0,"max_hp_loss":0,"event_name":"Back to Basics","floor":21,"gold_loss":0},{"damage_healed":0,"gold_gain":0,"player_choice":"Smashed Altar","damage_taken":0,"max_hp_gain":0,"max_hp_loss":0,"event_name":"Forgotten Altar","floor":27,"gold_loss":0,"cards_obtained":["Decay"]}],"is_beta":false,"boss_relics":[{"not_picked":["WristBlade","Tiny House"],"picked":"Sozu"}],"items_purged_floors":[22],"is_endless":false,"potions_floor_spawned":[4,8,11,16,20],"killed_by":"Slavers","ascension_level":5}}