{"host":"70zhvo5nwrhp1mbg","time":1612384175,"event":{"mods":["BaseMod","Colored Map","Colored Powertips","Highlight Path","Minty Spire (QoL Compilation)","Rare Cards Sparkle","StSLib"],"gold_per_floor":[114,17,0,10,10,35,54,79,103,103,15,46,56,76,76,151,151,169,169,169],"floor_reached":19,"language":"ENG","playtime":1261,"items_purged":[],"score":333,"play_id":"5e427901-bb92-4e8b-b257-2f896cc693d7","local_time":"20210203152935","is_ascension_mode":true,"campfire_choices":[{"floor":10,"key":"REST"},{"floor":15,"key":"REST"}],"circlet_count":0,"master_deck":["AscendersBane","Strike_R","Strike_R","Strike_R","Strike_R","Strike_R","Defend_R","Defend_R","Defend_R","Defend_R","Bash","Wild Strike","Headbutt","Barricade","Iron Wave","Shrug It Off","Inflame","Disarm","Cleave","Anger","Immolate"],"relics":["Burning Blood","NeowsBlessing","Omamori","Kunai","Odd Mushroom","MealTicket","Mercury Hourglass","Calling Bell","Centennial Puzzle","Sundial","Dead Branch"],"acts_visited":["Exordium","TheCity"],"potions_floor_usage":[16,16],"damage_taken":[{"damage":0,"enemies":"2 Louse","floor":1,"turns":1},{"damage":0,"enemies":"Small Slimes","floor":4,"turns":1},{"damage":0,"enemies":"3 Sentries","floor":6,"turns":1},{"damage":2,"enemies":"Jaw Worm","floor":7,"turns":3},{"damage":64,"enemies":"The Mushroom Lair","floor":8,"turns":8},{"damage":28,"enemies":"Gremlin Nob","floor":12,"turns":5},{"damage":11,"enemies":"Blue Slaver","floor":13,"turns":4},{"damage":8,"enemies":"3 Louse","floor":14,"turns":2},{"damage":52,"enemies":"Hexaghost","floor":16,"turns":11},{"damage":47,"enemies":"3 Byrds","floor":18,"turns":5},{"damage":32,"enemies":"Spheric Guardian","floor":19,"turns":5}],"seed_played":"2627888137053658803","potions_obtained":[{"floor":16,"key":"PowerPotion"}],"is_trial":false,"path_per_floor":["M","$","?","M","?","E","M","?","T","R","$","E","M","M","R","B",null,"M","M"],"character_chosen":"IRONCLAD","items_purchased":["BloodPotion","Strength Potion","Shrug It Off","Inflame"],"campfire_rested":2,"item_purchase_floors":[2,2,11,11],"current_hp_per_floor":[78,78,78,80,77,80,80,22,22,46,61,39,34,32,56,26,67,26,0,0],"gold":169,"neow_bonus":"THREE_ENEMY_KILL","is_daily":false,"chose_seed":false,"campfire_upgraded":0,"win_rate":0.0,"timestamp":1612384175,"path_taken":["M","$","?","M","?","E","M","?","T","R","?","E","M","M","R","BOSS","M","M"],"items_purchased_type":["Potion","Potion","Card","Card"],"build_version":"2020-12-22","purchased_purges":0,"victory":false,"max_hp_per_floor":[80,80,80,80,80,80,80,80,80,80,80,80,80,80,80,80,80,80,80,80],"card_choices":[{"not_picked":["Perfected Strike","Power Through"],"picked":"Wild Strike","floor":1},{"not_picked":["Warcry","Perfected Strike"],"picked":"Headbutt","floor":4},{"not_picked":["Combust","Whirlwind","Uppercut"],"picked":"SKIP","floor":6},{"not_picked":["Perfected Strike","Shockwave"],"picked":"Barricade","floor":7},{"not_picked":["Warcry","Heavy Blade"],"picked":"Iron Wave","floor":8},{"not_picked":["Reckless Charge","Metallicize"],"picked":"Disarm","floor":12},{"not_picked":["Searing Blow","Heavy Blade"],"picked":"Cleave","floor":13},{"not_picked":["Shrug It Off","Heavy Blade"],"picked":"Anger","floor":14},{"not_picked":["Juggernaut","Double Tap"],"picked":"Immolate","floor":16},{"not_picked":["Combust","Iron Wave","Headbutt"],"picked":"SKIP","floor":18}],"player_experience":530059,"relics_obtained":[{"floor":6,"key":"Kunai"},{"floor":8,"key":"Odd Mushroom"},{"floor":9,"key":"MealTicket"},{"floor":12,"key":"Mercury Hourglass"},{"floor":17,"key":"Centennial Puzzle"},{"floor":17,"key":"Sundial"},{"floor":17,"key":"Dead Branch"}],"event_choices":[{"damage_healed":0,"gold_gain":0,"player_choice":"Left Gold","damage_taken":0,"max_hp_gain":0,"max_hp_loss":0,"event_name":"World of Goop","floor":3,"gold_loss":17},{"damage_healed":0,"gold_gain":0,"player_choice":"Success","damage_taken":3,"relics_obtained":["Omamori"],"max_hp_gain":0,"max_hp_loss":0,"event_name":"Scrap Ooze","floor":5,"gold_loss":0},{"damage_healed":0,"gold_gain":0,"player_choice":"Fought Mushrooms","damage_taken":0,"max_hp_gain":0,"max_hp_loss":0,"event_name":"Mushrooms","floor":8,"gold_loss":0}],"is_beta":false,"boss_relics":[{"not_picked":["Astrolabe","Velvet Choker"],"picked":"Calling Bell"}],"items_purged_floors":[],"is_endless":false,"potions_floor_spawned":[7,8,12,16],"killed_by":"Spheric Guardian","ascension_level":13}}