{"host":"820xk69ekh5gtclf","time":1612319886,"event":{"mods":["Ascension Unlocker","BaseMod","Curses Come First","Custom Start","Downfall","Minty Spire (QoL Compilation)","StSLib"],"gold_per_floor":[360,360,371,387,9,37,37,69,69,69,69,104,120,136,136,208,208,223,235,235,235,250,250,250,250],"floor_reached":23,"language":"ENG","playtime":1556,"items_purged":["Decay"],"score":501,"play_id":"09c5e963-91cb-4b08-94ee-69aabafe2702","local_time":"20210202213806","is_ascension_mode":true,"campfire_choices":[{"data":"bronze:DarkDash","floor":7.0,"key":"SMITH"},{"data":"bronze:DarkDash","floor":11.0,"key":"SMITH"},{"floor":15.0,"key":"DIG"}],"circlet_count":0,"master_deck":["AscendersBane","bronze:Strike","bronze:Strike","bronze:Strike","bronze:Defend","bronze:Defend","bronze:Defend","bronze:Defend","bronze:Replicate","bronze:Goto","bronze:Constructor","bronze:Safeguard","bronze:DarkDash+1","bronze:DarkDash+1","bronze:RecursiveStrike","bronze:Return","bronze:GetLatest","bronze:Shell","bronze:Hardcode","bronze:Boost"],"relics":["bronze:BronzeCore","StoneCalendar","Dead Branch","Shovel","Lizard Tail","Art of War","Boot","Cursed Key","Nilry\u0027s Codex"],"acts_visited":["Exordium","TheCity"],"potions_floor_usage":[],"damage_taken":[{"damage":0.0,"enemies":"Cultist","floor":1.0,"turns":4.0},{"damage":0.0,"enemies":"2 Louse","floor":3.0,"turns":4.0},{"damage":6.0,"enemies":"Small Slimes","floor":4.0,"turns":4.0},{"damage":10.0,"enemies":"Lagavulin","floor":6.0,"turns":8.0},{"damage":39.0,"enemies":"Gremlin Nob","floor":8.0,"turns":5.0},{"damage":0.0,"enemies":"Lagavulin","floor":12.0,"turns":7.0},{"damage":3.0,"enemies":"Blue Slaver","floor":13.0,"turns":4.0},{"damage":0.0,"enemies":"2 Fungi Beasts","floor":14.0,"turns":2.0},{"damage":0.0,"enemies":"Slime Boss","floor":16.0,"turns":7.0},{"damage":16,"enemies":"Spheric Guardian","floor":18,"turns":4},{"damage":4,"enemies":"2 Thieves","floor":19,"turns":4},{"damage":0,"enemies":"Centurion and Healer","floor":22,"turns":6},{"damage":33,"enemies":"Gremlin Leader","floor":23,"turns":3}],"seed_played":"5148888714396838219","potions_obtained":[{"floor":1.0,"key":"Explosive Potion"},{"floor":10.0,"key":"Fruit Juice"},{"floor":10.0,"key":"SkillPotion"},{"floor":12.0,"key":"PowerPotion"},{"floor":14.0,"key":"Explosive Potion"},{"floor":16.0,"key":"DuplicationPotion"},{"floor":22,"key":"Fire Potion"}],"is_trial":false,"path_per_floor":["M","?","M","M","$","E","R","E","T","?","R","E","M","M","R","B",null,"M","M","?","?","M","E"],"character_chosen":"THE_AUTOMATON","items_purchased":["StoneCalendar"],"campfire_rested":0,"item_purchase_floors":[5],"current_hp_per_floor":[57,57,57,51,51,41,41,2,2,7,7,7,4,4,4,4,52,36,32,11,11,11,14,14,14],"gold":250,"neow_bonus":"TWO_FIFTY_GOLD","is_daily":false,"chose_seed":false,"campfire_upgraded":2,"win_rate":0.0,"timestamp":1612319886,"path_taken":["M","?","M","M","$","E","R","E","T","?","R","E","?","M","R","BOSS","M","M","?","?","M","E"],"items_purchased_type":["Relic"],"build_version":"2020-12-22","purchased_purges":1,"victory":false,"max_hp_per_floor":[63,63,63,63,63,63,63,63,63,68,68,68,68,68,68,68,68,68,68,68,68,68,68,68,68],"card_choices":[{"not_picked":["bronze:Branch","bronze:WhirlingStrike"],"picked":"bronze:Constructor","floor":1.0},{"not_picked":["bronze:Branch","bronze:BitShift"],"picked":"bronze:DarkDash","floor":3.0},{"not_picked":["bronze:Overheat","bronze:DelayedSlice"],"picked":"bronze:DarkDash","floor":4.0},{"not_picked":["bronze:FineTuning","bronze:Separator"],"picked":"bronze:RecursiveStrike","floor":6.0},{"not_picked":["bronze:Overheat","bronze:Branch"],"picked":"bronze:Return","floor":8.0},{"not_picked":["bronze:Deprecate","bronze:DelayedGuard"],"picked":"bronze:GetLatest","floor":12.0},{"not_picked":["bronze:DelayedGuard","bronze:Flail"],"picked":"bronze:Shell","floor":13.0},{"not_picked":["bronze:Shell","bronze:BugBarrage","bronze:Iterate"],"picked":"SKIP","floor":14.0},{"not_picked":["bronze:ShipIt","bronze:Assembly"],"picked":"bronze:Hardcode","floor":16.0},{"not_picked":["bronze:NullPointer","bronze:DelayedSlice","bronze:Iterate"],"picked":"SKIP","floor":18},{"not_picked":["bronze:OilSpill","bronze:Frontload"],"picked":"bronze:Boost","floor":19},{"not_picked":["bronze:Branch","bronze:CutThrough","bronze:Shield"],"picked":"SKIP","floor":22}],"player_experience":2313236,"relics_obtained":[{"floor":6.0,"key":"Dead Branch"},{"floor":8.0,"key":"Shovel"},{"floor":9.0,"key":"Lizard Tail"},{"floor":12.0,"key":"Art of War"},{"floor":15.0,"key":"Boot"},{"floor":20,"key":"Nilry\u0027s Codex"}],"event_choices":[{"damage_healed":0.0,"max_hp_gain":0.0,"max_hp_loss":0.0,"gold_gain":0.0,"cards_transformed":["bronze:Strike"],"event_name":"Living Wall","player_choice":"Change","floor":2.0,"gold_loss":0.0,"damage_taken":0.0,"cards_obtained":["bronze:Safeguard"]},{"damage_healed":0.0,"max_hp_gain":0.0,"max_hp_loss":0.0,"gold_gain":0.0,"event_name":"Lab","player_choice":"Got Potions","floor":10.0,"gold_loss":0.0,"damage_taken":0.0},{"damage_healed":0,"gold_gain":0,"player_choice":"Obtained Book","damage_taken":21,"max_hp_gain":0,"max_hp_loss":0,"event_name":"Cursed Tome","floor":20,"gold_loss":0},{"damage_healed":0,"gold_gain":0,"player_choice":"Ignored","damage_taken":0,"max_hp_gain":0,"max_hp_loss":0,"event_name":"The Mausoleum","floor":21,"gold_loss":0}],"is_beta":false,"boss_relics":[{"not_picked":["Velvet Choker","Black Star"],"picked":"Cursed Key"}],"items_purged_floors":[5],"is_endless":false,"potions_floor_spawned":[1,12,14,16,22],"killed_by":"Gremlin Leader","ascension_level":15}}