{"host":"yf7adnp48nk06owi","time":1612374649,"event":{"mods":["AchievementEnabler","BaseMod","Bestiary","Minty Spire (QoL Compilation)","Quick Restart","Reliquary","StSLib","Swap Starting Deck Mod"],"gold_per_floor":[113,113,160,180,15,15,43,43,91,91,91,91],"floor_reached":11,"language":"ENG","playtime":220,"items_purged":[],"score":188,"play_id":"882ccc0f-7e60-4968-a936-ca918482a1d2","local_time":"20210203185049","is_ascension_mode":true,"campfire_choices":[{"data":"CutThroughFate","floor":6.0,"key":"SMITH"},{"data":"SandsOfTime","floor":8.0,"key":"SMITH"},{"data":"Eruption","floor":10.0,"key":"SMITH"}],"circlet_count":0,"master_deck":["AscendersBane","Strike_P","Strike_P","Strike_P","Strike_P","Defend_P","Defend_P","Defend_P","Defend_P","Eruption+1","Vigilance","CutThroughFate+1","Protect","SandsOfTime+1"],"relics":["PureWater","NeowsBlessing","Tiny Chest","reliquary:BrokenClock","InkBottle","Nunchaku"],"acts_visited":["Exordium"],"potions_floor_usage":[],"damage_taken":[{"damage":0.0,"enemies":"Small Slimes","floor":1.0,"turns":1.0},{"damage":0.0,"enemies":"Jaw Worm","floor":4.0,"turns":1.0},{"damage":0.0,"enemies":"Lagavulin","floor":7.0,"turns":1.0},{"damage":40,"enemies":"3 Sentries","floor":11,"turns":8}],"seed_played":"-6731367448067118965","potions_obtained":[],"is_trial":false,"path_per_floor":["M","?","T","M","$","R","E","R","T","R","E"],"character_chosen":"WATCHER","items_purchased":["reliquary:BrokenClock"],"campfire_rested":0,"item_purchase_floors":[5],"current_hp_per_floor":[61,61,61,61,61,61,61,61,61,61,21,21],"gold":91,"neow_bonus":"THREE_ENEMY_KILL","is_daily":false,"chose_seed":false,"campfire_upgraded":3,"win_rate":0.0,"timestamp":1612374649,"path_taken":["M","?","?","?","?","R","E","R","T","R","E"],"items_purchased_type":["Relic"],"build_version":"2020-12-22","purchased_purges":0,"victory":false,"max_hp_per_floor":[68,68,68,68,68,68,68,68,68,68,68,68],"card_choices":[{"not_picked":["ClearTheMind","Wireheading"],"picked":"CutThroughFate","floor":1.0},{"not_picked":["ClearTheMind","Consecrate"],"picked":"Protect","floor":4.0},{"not_picked":["ThirdEye","Tantrum"],"picked":"SandsOfTime","floor":7.0}],"player_experience":313052,"relics_obtained":[{"floor":3.0,"key":"Tiny Chest"},{"floor":7.0,"key":"InkBottle"},{"floor":9.0,"key":"Nunchaku"}],"event_choices":[{"damage_healed":0.0,"max_hp_gain":0.0,"max_hp_loss":0.0,"gold_gain":0.0,"event_name":"Liars Game","player_choice":"Ignored","floor":2.0,"gold_loss":0.0,"damage_taken":0.0}],"is_beta":false,"boss_relics":[],"items_purged_floors":[],"is_endless":false,"potions_floor_spawned":[],"killed_by":"3 Sentries","ascension_level":20}}