{"host":"d85gwtocd8go8gx0","time":1612324547,"event":{"mods":["AchievementEnabler","BaseMod","Better Altar","Better Skull","Better Third Choice","Block Reminder","Colored Powertips","Curses Come First","Dark Map","Filter the Spire","Highlight Path","Minty Spire (QoL Compilation)","Permanent Neow","Quick Restart","Shop Mod","StSLib","SuperFastMode","UnlockEverythingMod"],"gold_per_floor":[114,201,221,221,233,233,248,31,108,134,148,16,69,108,108,203,203,203],"floor_reached":17,"language":"ENG","playtime":684,"items_purged":["Defend_P"],"score":334,"play_id":"8c90661f-050e-4aa4-b44f-04ac7c6d80c4","local_time":"20210202195547","is_ascension_mode":true,"campfire_choices":[{"floor":6.0,"key":"REST"},{"floor":15.0,"key":"REST"}],"circlet_count":0,"master_deck":["AscendersBane","Strike_P","Strike_P","Strike_P","Strike_P","Defend_P","Defend_P","Defend_P","Eruption+1","Vigilance","JustLucky","BattleHymn","EmptyBody","Consecrate","CutThroughFate","LikeWater","CarveReality","InnerPeace","HandOfGreed","WreathOfFlame","Conclude","Crescendo","LessonLearned"],"relics":["Runic Pyramid","PreservedInsect","Membership Card","White Beast Statue","Dream Catcher","Toy Ornithopter","VioletLotus"],"acts_visited":["Exordium","TheCity"],"potions_floor_usage":[],"damage_taken":[{"damage":6.0,"enemies":"2 Louse","floor":1.0,"turns":3.0},{"damage":0.0,"enemies":"Cultist","floor":3.0,"turns":3.0},{"damage":1.0,"enemies":"Small Slimes","floor":5.0,"turns":3.0},{"damage":4.0,"enemies":"Red Slaver","floor":7.0,"turns":3.0},{"damage":5.0,"enemies":"3 Sentries","floor":10.0,"turns":5.0},{"damage":1.0,"enemies":"2 Fungi Beasts","floor":11.0,"turns":3.0},{"damage":10.0,"enemies":"Lagavulin","floor":13.0,"turns":5.0},{"damage":13.0,"enemies":"Exordium Wildlife","floor":14.0,"turns":4.0},{"damage":31,"enemies":"Slime Boss","floor":16,"turns":5}],"seed_played":"-1760140640842459098","potions_obtained":[{"floor":1.0,"key":"PowerPotion"},{"floor":5.0,"key":"Explosive Potion"},{"floor":10.0,"key":"Dexterity Potion"}],"is_trial":false,"path_per_floor":["M","?","M","?","M","R","M","$","T","E","M","$","E","M","R","B",null],"character_chosen":"WATCHER","items_purchased":["Membership Card","CutThroughFate","LikeWater","HandOfGreed"],"campfire_rested":2,"item_purchase_floors":[8,8,8,12],"current_hp_per_floor":[55,33,33,33,32,52,48,48,48,43,42,42,32,19,39,8,53,53],"gold":203,"neow_bonus":"BOSS_RELIC","is_daily":false,"chose_seed":false,"campfire_upgraded":0,"win_rate":0.0,"timestamp":1612324547,"path_taken":["M","?","?","?","?","R","M","$","T","E","M","$","E","M","R","BOSS"],"items_purchased_type":["Relic","Card","Card","Card"],"build_version":"2020-12-22","purchased_purges":1,"victory":false,"max_hp_per_floor":[68,68,68,68,68,68,68,68,68,68,68,68,68,68,68,68,68,68],"card_choices":[{"not_picked":["WreathOfFlame","EmptyBody"],"picked":"JustLucky","floor":1.0},{"not_picked":["Vengeance","SignatureMove"],"picked":"BattleHymn","floor":3.0},{"not_picked":["EmptyMind","WreathOfFlame"],"picked":"EmptyBody","floor":5.0},{"not_picked":["BowlingBash","Nirvana"],"picked":"Consecrate","floor":7.0},{"not_picked":["EmptyBody","CutThroughFate"],"picked":"CarveReality","floor":10.0},{"not_picked":["WaveOfTheHand","FlyingSleeves"],"picked":"InnerPeace","floor":11.0},{"not_picked":["Collect","Study"],"picked":"WreathOfFlame","floor":13.0},{"not_picked":["Evaluate","Collect"],"picked":"Conclude","floor":14.0},{"not_picked":["JustLucky","SashWhip"],"picked":"Crescendo","floor":15.0},{"not_picked":["Establishment","Scrawl"],"picked":"LessonLearned","floor":16}],"player_experience":27606,"relics_obtained":[{"floor":9.0,"key":"White Beast Statue"},{"floor":10.0,"key":"Dream Catcher"},{"floor":13.0,"key":"Toy Ornithopter"}],"event_choices":[{"damage_healed":0.0,"max_hp_gain":0.0,"max_hp_loss":0.0,"gold_gain":87.0,"event_name":"betterSkull:BetterSkull","player_choice":"GO RE ","floor":2.0,"gold_loss":0.0,"damage_taken":25.0,"cards_upgraded":[],"relics_obtained":["PreservedInsect"]},{"damage_healed":0.0,"max_hp_gain":0.0,"max_hp_loss":0.0,"gold_gain":0.0,"event_name":"Upgrade Shrine","player_choice":"Upgraded","floor":4.0,"gold_loss":0.0,"damage_taken":0.0,"cards_upgraded":["Eruption"]}],"is_beta":false,"boss_relics":[{"not_picked":["Snecko Eye","SacredBark"],"picked":"VioletLotus"}],"items_purged_floors":[12],"is_endless":false,"potions_floor_spawned":[1,5,10,11,13,14,16],"ascension_level":20}}