{"host":"r53pw7z744tg3fxg","time":1612376709,"event":{"mods":["AchievementEnabler","BaseMod","Colored Map","Colored Powertips","Highlight Path","Minty Spire (QoL Compilation)","Quick Restart","Transform Curses"],"gold_per_floor":[109,123,123,141,61,61,61,61,61,77,88,88,116,132,132,209,209,221,221,221,221,239,239,258,258,258],"floor_reached":25,"language":"ENG","playtime":894,"items_purged":[],"score":433,"play_id":"5a38ad6d-8004-4537-bcf8-40e6ac7bf209","local_time":"20210203112509","is_ascension_mode":true,"campfire_choices":[{"data":"Eruption","floor":6.0,"key":"SMITH"},{"data":"WindmillStrike","floor":8.0,"key":"SMITH"},{"data":"PathToVictory","floor":12,"key":"SMITH"},{"data":"BowlingBash","floor":15,"key":"SMITH"},{"floor":23,"key":"REST"}],"circlet_count":0,"master_deck":["AscendersBane","Strike_P","Strike_P","Strike_P","Strike_P","Defend_P","Defend_P","Defend_P","Defend_P","Eruption+1","Vigilance","FlurryOfBlows","WindmillStrike+1","Halt","InnerPeace","Prostrate","PathToVictory+1","EmptyBody","BowlingBash+1","DevaForm","ReachHeaven","RitualDagger","Protect+1","BattleHymn"],"relics":["PureWater","HornCleat","StrikeDummy","Question Card","Busted Crown","Nilry\u0027s Codex","MutagenicStrength"],"acts_visited":["TheCity"],"potions_floor_usage":[13,13,22,25,25],"damage_taken":[{"damage":7.0,"enemies":"Cultist","floor":1.0,"turns":3.0},{"damage":4.0,"enemies":"Jaw Worm","floor":2.0,"turns":4.0},{"damage":2.0,"enemies":"Small Slimes","floor":4.0,"turns":4.0},{"damage":0.0,"enemies":"Looter","floor":10.0,"turns":3.0},{"damage":0.0,"enemies":"Large Slime","floor":11.0,"turns":3.0},{"damage":0,"enemies":"Gremlin Nob","floor":13,"turns":2},{"damage":0,"enemies":"2 Fungi Beasts","floor":14,"turns":3},{"damage":26,"enemies":"Slime Boss","floor":16,"turns":7},{"damage":16,"enemies":"Shell Parasite","floor":18,"turns":6},{"damage":10,"enemies":"3 Byrds","floor":22,"turns":3},{"damage":0,"enemies":"Centurion and Healer","floor":24,"turns":5},{"damage":36,"enemies":"Book of Stabbing","floor":25,"turns":5}],"seed_played":"8508179342740992278","potions_obtained":[{"floor":1.0,"key":"Strength Potion"},{"floor":10.0,"key":"EntropicBrew"},{"floor":24,"key":"SpeedPotion"}],"is_trial":false,"path_per_floor":["M","M","?","M","$","R","?","R","T","M","M","R","E","M","R","B",null,"M","?","?","?","M","R","M","E"],"character_chosen":"WATCHER","items_purchased":["InnerPeace"],"campfire_rested":1,"item_purchase_floors":[5],"current_hp_per_floor":[60,56,56,54,54,54,54,54,54,54,54,54,54,54,54,28,63,47,26,26,20,10,32,32,0,0],"gold":258,"neow_bonus":"TEN_PERCENT_HP_BONUS","is_daily":false,"chose_seed":false,"campfire_upgraded":4,"win_rate":0.0,"timestamp":1612376709,"path_taken":["M","M","?","?","?","R","?","R","T","M","M","R","E","M","R","BOSS","M","?","?","?","M","R","M","E"],"items_purchased_type":["Card"],"build_version":"2020-12-22","purchased_purges":0,"victory":false,"max_hp_per_floor":[74,74,74,74,74,74,74,74,74,74,74,74,74,74,74,74,74,74,74,74,74,74,74,74,74,74],"card_choices":[{"not_picked":["SignatureMove","EmptyFist"],"picked":"FlurryOfBlows","floor":1.0},{"not_picked":["Evaluate","Tantrum"],"picked":"WindmillStrike","floor":2.0},{"not_picked":["EmptyFist","Vengeance"],"picked":"Halt","floor":4.0},{"not_picked":["Halt","CrushJoints"],"picked":"Prostrate","floor":10.0},{"not_picked":["Vault","EmptyFist"],"picked":"PathToVictory","floor":11},{"not_picked":["SashWhip","EmptyFist"],"picked":"EmptyBody","floor":13},{"not_picked":["JustLucky","EmptyFist","ThirdEye"],"picked":"BowlingBash","floor":14},{"not_picked":["MasterReality","SpiritShield","Alpha"],"picked":"DevaForm","floor":16},{"not_picked":["EmptyFist"],"picked":"ReachHeaven","floor":18},{"not_picked":["WaveOfTheHand"],"picked":"Protect+1","floor":22},{"not_picked":["EmptyFist"],"picked":"BattleHymn","floor":24}],"player_experience":1426249,"relics_obtained":[{"floor":3.0,"key":"HornCleat"},{"floor":9.0,"key":"StrikeDummy"},{"floor":13,"key":"Question Card"},{"floor":19,"key":"Nilry\u0027s Codex"}],"event_choices":[{"damage_healed":0.0,"max_hp_gain":0.0,"max_hp_loss":0.0,"gold_gain":0.0,"event_name":"Wheel of Change","player_choice":"Relic","floor":3.0,"gold_loss":0.0,"damage_taken":0.0},{"damage_healed":0.0,"max_hp_gain":0.0,"max_hp_loss":0.0,"gold_gain":0.0,"event_name":"Liars Game","player_choice":"Ignored","floor":7.0,"gold_loss":0.0,"damage_taken":0.0},{"damage_healed":0,"gold_gain":0,"player_choice":"Obtained Book","damage_taken":21,"max_hp_gain":0,"max_hp_loss":0,"event_name":"Cursed Tome","floor":19,"gold_loss":0},{"damage_healed":0,"gold_gain":0,"player_choice":"Inject Mutagens","damage_taken":0,"relics_obtained":["MutagenicStrength"],"max_hp_gain":0,"max_hp_loss":0,"event_name":"Drug Dealer","floor":20,"gold_loss":0},{"damage_healed":0,"gold_gain":0,"player_choice":"Joined the Cult","damage_taken":6,"max_hp_gain":0,"max_hp_loss":0,"event_name":"Nest","floor":21,"gold_loss":0,"cards_obtained":["RitualDagger"]}],"is_beta":false,"boss_relics":[{"not_picked":["SacredBark","Ectoplasm"],"picked":"Busted Crown"}],"items_purged_floors":[],"is_endless":false,"potions_floor_spawned":[1,10,24],"killed_by":"Book of Stabbing","ascension_level":18}}