{"host":"pgm1p3lvdjflie30","time":1612322983,"event":{"mods":["ATMod(阿瑾Mod)","AchievementEnabler","Aspiration","BaseMod","Challenge The Spire","Colored Map","Colored Powertips","Conspire","Dark Map","Dota2Spire","Downfall","Energized Spire","GungeonMod","Hermit","Highlight Path","HornydragonMod","Minty Spire (QoL Compilation)","MostiFishMod","Quarter Circle Forward PUNCH!","Quick Restart","Reimu（博???）","Relic Stats","Replay The Spire","Robot Space Explorer","Spicy Shops","StSLib","TestMod","The Blackbeard","The Bug Knight","The Cursed","The Hayseed","The IronCluck","The Jungle","The Runesmith","Waifu the Spire","Yakumo Yukari mod","【?物卡牌】REMEMod","篝火指南"],"gold_per_floor":[99,99,99,99,99,99,129,139,35,51,51,86,86,98,110,210,210,10,27,37,137,189,189,189,189],"floor_reached":23,"language":"ZHS","playtime":1083,"items_purged":[],"score":312,"play_id":"d17be94f-2cc9-4bc6-b667-a878605b2ce6","local_time":"20210203112943","is_ascension_mode":false,"campfire_choices":[],"circlet_count":0,"master_deck":["conspire:GhostlyStrike","conspire:GhostlyStrike","conspire:GhostlyStrike","conspire:GhostlyDefend","conspire:GhostlyDefend","conspire:GhostlyDefend+1","sneckomod:TailWhip","sneckomod:SnekBite","AT_FamilyPortrait","Slimebound:DivideAndConquer","sneckomod:WideSting","Outmaneuver+1","sneckomod:RainOfDice","TheCursedMod:SpitefulStrike","sneckomod:QuickBite","hexamod:FirstSeal","sneckomod:UnknownUncommonSkill","ReplayTheSpireMod:Faulty Equipment","conspire:Banana","sneckomod:UnknownUncommonSkill","sneckomod:UnknownUncommonAttack","sneckomod:UnknownCommonSkill","hexamod:SixthSeal","sneckomod:WideSting+1","sneckomod:DangerNoodle+1","Flex","BowlingBash+1","Slice+1","Slimebound:GoopTackle+1","Dodge and Roll","hexamod:FifthSeal","hexamod:SecondSeal","sneckomod:UnknownWeak+1","hexamod:SixthSeal","sneckomod:UnknownClassSLIMEBOUND+1","downfall:Haunted","downfall:Haunted","Languid","sneckomod:UnknownRareSkill","Replay:Hysterical Blindness","ReplayTheSpireMod:Restless Dread","sneckomod:WideSting+1","sneckomod:Unknown0Cost+1"],"relics":["sneckomod:SneckoSoul","AT_ATBox","REME_ComplimentaryCards","DaveBox","testmod-TestBox","GreenFoldingFan","testmod-Laevatain","downfall:HeartsMalice","Ring of Searing","Ring of Hypnosis","ReplayTheSpireMod:CursedCoin","HandDrill","REME_LimitBreaker","Molten Egg 2","qcfpunch:Killian_Engine_Alpha","downfall:HeartBlessingBlue","downfall:HeartBlessingGreen","Du-Vu Doll","Dota2Spire:BlackKingBar"],"acts_visited":["Exordium","TheCity"],"potions_floor_usage":[9,12,15,23,23],"damage_taken":[{"damage":0,"enemies":"conspire:RoseBush","floor":2,"turns":1},{"damage":0,"enemies":"Cultist","floor":4,"turns":1},{"damage":0,"enemies":"Jaw Worm","floor":7,"turns":1},{"damage":18,"enemies":"Jaw Worm","floor":8,"turns":2},{"damage":18,"enemies":"downfall:FleeingMerchant","floor":9,"turns":4},{"damage":15,"enemies":"Red Slaver","floor":10,"turns":2},{"damage":16,"enemies":"HollowMod:MossKnight","floor":12,"turns":4},{"damage":14,"enemies":"Blue Slaver","floor":14,"turns":2},{"damage":25,"enemies":"2 Fungi Beasts","floor":15,"turns":4},{"damage":48,"enemies":"DF_ARCHETYPE_STREAMLINE","floor":16,"turns":5},{"damage":24,"enemies":"Chosen","floor":19,"turns":4},{"damage":20,"enemies":"Spheric Guardian","floor":20,"turns":3},{"damage":34,"enemies":"conspire:HollyBat","floor":23,"turns":4}],"seed_played":"2629456996070792963","potions_obtained":[{"floor":8,"key":"Dota2Spire:Clarity"},{"floor":10,"key":"Dota2Spire:HealingSalve"},{"floor":12,"key":"Strength Potion"},{"floor":15,"key":"ZuzhouPotion:ReiMu"},{"floor":16,"key":"FearPotion"},{"floor":20,"key":"SteroidPotion"}],"is_trial":false,"path_per_floor":["R","M","?","M","?","R","T","M","$","M","?","E","?","M","M","B",null,"R_BF","M","M","?","?","M"],"character_chosen":"THE_SNECKO","items_purchased":["ReplayTheSpireMod:CursedCoin","HandDrill","conspire:Banana"],"campfire_rested":0,"item_purchase_floors":[9,9,9],"current_hp_per_floor":[72,72,72,72,72,72,72,64,56,52,52,62,62,58,51,13,74,84,71,62,67,31,0,0,0],"gold":189,"neow_bonus":"THREE_ENEMY_KILL","is_daily":false,"chose_seed":false,"campfire_upgraded":0,"win_rate":0.0,"timestamp":1612322983,"path_taken":["R","M","?","?","?","R","T","M","?","M","?","E","?","M","M","BOSS","R_BF","M","M","?","?","?"],"items_purchased_type":["Relic","Relic","Card"],"build_version":"2020-12-22","purchased_purges":0,"victory":false,"max_hp_per_floor":[72,72,72,72,72,72,72,72,72,73,73,73,73,73,74,74,74,84,85,86,91,91,92,92,92],"relic_stats":{"counters":[13,34],"HandDrill":[12],"obtain_stats":[{"AT_ATBox":0,"testmod-TestBox":0,"DaveBox":0,"Ring of Hypnosis":5,"Dota2Spire:BlackKingBar":22,"ReplayTheSpireMod:CursedCoin":9,"downfall:HeartsMalice":0,"downfall:HeartBlessingGreen":18,"DemoMod:GlassGuonStoneRelic":8,"REME_LimitBreaker":12,"sneckomod:SneckoSoul":0,"qcfpunch:Killian_Engine_Alpha":17,"Ring of Searing":5,"Du-Vu Doll":21,"GreenFoldingFan":0,"testmod-Laevatain":0,"downfall:HeartBlessingBlue":18,"Molten Egg 2":13,"HandDrill":9,"REME_ComplimentaryCards":0},{"AT_ATBox":0,"testmod-TestBox":0,"DaveBox":0,"Ring of Hypnosis":2,"Dota2Spire:BlackKingBar":12,"ReplayTheSpireMod:CursedCoin":5,"downfall:HeartsMalice":0,"downfall:HeartBlessingGreen":10,"DemoMod:GlassGuonStoneRelic":4,"REME_LimitBreaker":7,"sneckomod:SneckoSoul":0,"qcfpunch:Killian_Engine_Alpha":10,"Ring of Searing":2,"Du-Vu Doll":12,"GreenFoldingFan":0,"testmod-Laevatain":0,"downfall:HeartBlessingBlue":10,"Molten Egg 2":7,"HandDrill":5,"REME_ComplimentaryCards":0},{"AT_ATBox":0,"testmod-TestBox":0,"DaveBox":0,"Ring of Hypnosis":0,"Dota2Spire:BlackKingBar":30,"ReplayTheSpireMod:CursedCoin":6,"downfall:HeartsMalice":0,"downfall:HeartBlessingGreen":23,"DemoMod:GlassGuonStoneRelic":2,"REME_LimitBreaker":12,"sneckomod:SneckoSoul":0,"qcfpunch:Killian_Engine_Alpha":23,"Ring of Searing":0,"Du-Vu Doll":30,"GreenFoldingFan":0,"testmod-Laevatain":0,"downfall:HeartBlessingBlue":23,"Molten Egg 2":12,"HandDrill":6,"REME_ComplimentaryCards":0}]},"card_choices":[{"not_picked":["sneckomod:QuickBite","sneckomod:UnknownCommonAttack"],"picked":"sneckomod:WideSting","floor":2},{"not_picked":["sneckomod:DiceBoulder","sneckomod:Nope"],"picked":"sneckomod:RainOfDice","floor":4},{"not_picked":["sneckomod:UnknownVulnerable","sneckomod:UnknownUncommonAttack"],"picked":"sneckomod:QuickBite","floor":7},{"not_picked":["sneckomod:Unknown0Cost","sneckomod:WideSting"],"picked":"sneckomod:UnknownRarePower","floor":8},{"not_picked":["hexamod:FourthSeal","hexamod:ThirdSeal"],"picked":"hexamod:FirstSeal","floor":9},{"not_picked":["sneckomod:UnknownBlock","sneckomod:RainOfDice"],"picked":"sneckomod:UnknownUncommonSkill","floor":9},{"not_picked":["sneckomod:UnknownBlock","sneckomod:UnknownDraw"],"picked":"sneckomod:UnknownUncommonSkill","floor":10},{"not_picked":["sneckomod:SnakeSap","sneckomod:UnknownDraw"],"picked":"sneckomod:UnknownUncommonAttack","floor":12},{"not_picked":["sneckomod:SoulRoll","sneckomod:SoulCleanse"],"picked":"sneckomod:UnknownCommonSkill","floor":14},{"not_picked":["hexamod:FourthSeal","hexamod:ThirdSeal"],"picked":"hexamod:SixthSeal","floor":15},{"not_picked":["sneckomod:TrashToTreasure","sneckomod:QuickMove"],"picked":"sneckomod:WideSting+1","floor":15},{"not_picked":["sneckomod:SoulExchange","sneckomod:MorePower"],"picked":"sneckomod:DangerNoodle+1","floor":16},{"not_picked":["hexamod:FirstSeal","hexamod:ThirdSeal"],"picked":"hexamod:SecondSeal","floor":19},{"not_picked":["sneckomod:UnknownClassSLIMEBOUND","sneckomod:ImprovisedGuard+1"],"picked":"sneckomod:UnknownWeak+1","floor":19},{"not_picked":["hexamod:SecondSeal","hexamod:FirstSeal"],"picked":"hexamod:SixthSeal","floor":20},{"not_picked":["sneckomod:UnknownDraw","sneckomod:UnknownWeak"],"picked":"sneckomod:UnknownClassSLIMEBOUND+1","floor":20},{"not_picked":["sneckomod:TrashToTreasure","sneckomod:UnknownClassHEXA_GHOST_PURPLE"],"picked":"sneckomod:WideSting+1","floor":22},{"not_picked":["sneckomod:WideSting+1","sneckomod:UnlimitedRolls"],"picked":"sneckomod:Unknown0Cost+1","floor":22}],"player_experience":363839,"relics_obtained":[{"floor":5,"key":"Ring of Searing"},{"floor":5,"key":"Ring of Hypnosis"},{"floor":12,"key":"REME_LimitBreaker"},{"floor":22,"key":"Dota2Spire:BlackKingBar"}],"event_choices":[{"cards_removed":["Crippling Poison"],"damage_healed":0,"gold_gain":0,"player_choice":"Took Card","damage_taken":0,"max_hp_gain":0,"max_hp_loss":0,"event_name":"NoteForYourself","floor":3,"gold_loss":0,"cards_obtained":["Outmaneuver"]},{"damage_healed":0,"gold_gain":0,"player_choice":"Agree","damage_taken":0,"max_hp_gain":0,"max_hp_loss":0,"event_name":"conspire:LoneGhost","floor":11,"gold_loss":0}],"is_beta":false,"boss_relics":[{"not_picked":["testmod-EnergyCheck","testmod-Prudence"],"picked":"qcfpunch:Killian_Engine_Alpha"}],"items_purged_floors":[],"is_endless":false,"potions_floor_spawned":[8,10,12,15,16,20],"killed_by":"conspire:HollyBat","ascension_level":0}}