{"host":"Tuck","time":1612390206,"event":{"mods":["BaseMod","Minty Spire (QoL Compilation)","StSLib"],"gold_per_floor":[116,216,236,256,276,276,311,326,404,436,436,447,477,427,427,522,522,532,532,310,323,333,358,358,392,392,417,485,634,684,697,697,794,794,807,818,940,1010,411,411,445,445,445,480,530,560,15,65,65,65,65,65,42,74,74],"floor_reached":56,"language":"ENG","playtime":4127,"items_purged":["Strike_B","Regret"],"score":1802,"play_id":"553048a8-5bab-4fea-923a-20344d583e64","local_time":"20210203151006","is_ascension_mode":true,"campfire_choices":[{"data":"Streamline","floor":6.0,"key":"SMITH"},{"data":"Loop","floor":15.0,"key":"SMITH"},{"data":"Coolheaded","floor":32.0,"key":"SMITH"},{"data":"Seek","floor":40,"key":"SMITH"},{"floor":42,"key":"RECALL"},{"floor":49,"key":"DIG"},{"floor":52,"key":"DIG"}],"circlet_count":0,"master_deck":["Defend_B","Defend_B","Defend_B","Zap","Dualcast","Seek+1","Streamline+1","Compile Driver","Streamline","FTL","Gash+1","Coolheaded+1","Gash","Loop+1","Electrodynamics","Capacitor+1","Capacitor+1","Capacitor","Coolheaded","All For One","Recycle+1","Recycle+1","Hologram","Skim","Biased Cognition","Go for the Eyes","Barrage","Beam Cell","Undo","Core Surge","Defragment","Heatsinks","Heatsinks","Capacitor","Heatsinks","Defragment","Loop","Apotheosis+1","Aggregate+1","Echo Form","Master of Strategy","Heatsinks","Capacitor","Loop","Static Discharge","Biased Cognition","Core Surge","Static Discharge","Biased Cognition","Coolheaded+1"],"relics":["Cracked Core","Kunai","Ornamental Fan","Shovel","DataDisk","Cursed Key","Orrery","Pantograph","SsserpentHead","Tiny Chest","Shuriken","Lantern","Empty Cage","WingedGreaves","InkBottle","The Courier","Anchor","Bird Faced Urn","Toy Ornithopter","Mercury Hourglass","Bottled Tornado","Bottled Lightning","Mummified Hand","Peace Pipe","Vajra","Bag of Marbles","TheAbacus","Toxic Egg 2","Pear","Centennial Puzzle","Cables","Medical Kit"],"acts_visited":["Exordium","TheCity","TheBeyond","TheEnding"],"potions_floor_usage":[],"damage_taken":[{"damage":2.0,"enemies":"2 Louse","floor":1.0,"turns":3.0},{"damage":1.0,"enemies":"Cultist","floor":3.0,"turns":3.0},{"damage":0.0,"enemies":"Small Slimes","floor":4.0,"turns":2.0},{"damage":5.0,"enemies":"Looter","floor":5.0,"turns":3.0},{"damage":0.0,"enemies":"Gremlin Nob","floor":7.0,"turns":2.0},{"damage":1.0,"enemies":"3 Louse","floor":8.0,"turns":2.0},{"damage":11.0,"enemies":"Lagavulin","floor":10.0,"turns":6.0},{"damage":0.0,"enemies":"Gremlin Gang","floor":12.0,"turns":1.0},{"damage":1.0,"enemies":"3 Sentries","floor":13.0,"turns":6.0},{"damage":0.0,"enemies":"Slime Boss","floor":16.0,"turns":8.0},{"damage":0.0,"enemies":"Spheric Guardian","floor":18.0,"turns":3.0},{"damage":0.0,"enemies":"Shell Parasite","floor":21.0,"turns":2.0},{"damage":0.0,"enemies":"Cultist and Chosen","floor":22.0,"turns":4.0},{"damage":0.0,"enemies":"Book of Stabbing","floor":23.0,"turns":3.0},{"damage":4.0,"enemies":"Slavers","floor":25.0,"turns":3.0},{"damage":0.0,"enemies":"Book of Stabbing","floor":27.0,"turns":3.0},{"damage":0.0,"enemies":"Centurion and Healer","floor":28.0,"turns":2.0},{"damage":0.0,"enemies":"Chosen and Byrds","floor":31.0,"turns":3.0},{"damage":6.0,"enemies":"Champ","floor":33.0,"turns":7.0},{"damage":0.0,"enemies":"3 Darklings","floor":35.0,"turns":2.0},{"damage":0.0,"enemies":"Orb Walker","floor":36.0,"turns":2.0},{"damage":5.0,"enemies":"Maw","floor":38.0,"turns":4.0},{"damage":0,"enemies":"Giant Head","floor":41,"turns":4},{"damage":0,"enemies":"Nemesis","floor":44,"turns":3},{"damage":0,"enemies":"Reptomancer","floor":46,"turns":2},{"damage":0,"enemies":"Donu and Deca","floor":50,"turns":3},{"damage":0,"enemies":"Shield and Spear","floor":54,"turns":1},{"damage":12,"enemies":"The Heart","floor":55,"turns":4}],"seed_played":"-3798683249307795137","potions_obtained":[{"floor":5.0,"key":"SteroidPotion"},{"floor":8.0,"key":"EssenceOfSteel"},{"floor":12.0,"key":"FocusPotion"},{"floor":13.0,"key":"Ancient Potion"},{"floor":27.0,"key":"SneckoOil"}],"is_trial":false,"path_per_floor":["M","?","M","M","M","R","E","M","T","E","?","M","E","?","R","B",null,"M","?","$","M","M","E","?","E","T","E","M","?","?","M","R","B",null,"M","M","T","M","$","R","E","R","T","E","?","E","$","T","R","B",null,"R","$","E","B",null],"character_chosen":"DEFECT","items_purchased":["Orrery","Heatsinks","Heatsinks","Capacitor","Heatsinks","Anchor","Bird Faced Urn","Toy Ornithopter","Mercury Hourglass","Hello World","Defragment","Loop","Master of Strategy","Strength Potion","TheAbacus","Toxic Egg 2","Medical Kit","Hello World","Heatsinks","Storm","Capacitor","Loop","Static Discharge","Biased Cognition","Static Discharge","Biased Cognition"],"campfire_rested":0,"item_purchase_floors":[20,39,39,39,39,39,39,39,39,39,39,39,47,47,47,47,53,53,53,53,53,53,53,53,53,53],"current_hp_per_floor":[73,73,72,72,67,67,67,66,66,55,40,40,39,39,39,39,75,75,75,75,75,75,75,75,71,71,71,71,71,71,71,71,69,75,75,75,75,70,70,70,75,75,75,75,75,75,75,85,85,85,85,85,85,85,85],"gold":74,"neow_bonus":"ONE_RANDOM_RARE_CARD","is_daily":false,"chose_seed":false,"campfire_upgraded":4,"win_rate":0.0,"timestamp":1612390206,"path_taken":["M","?","M","M","M","R","E","?","T","E","?","M","E","?","R","BOSS","M","?","$","M","M","E","?","E","T","E","?","?","?","M","R","BOSS","M","M","?","?","$","R","E","R","T","E","?","E","?","?","R","BOSS","R","$","E","BOSS"],"items_purchased_type":["Relic","Card","Card","Card","Card","Relic","Relic","Relic","Relic","Card","Card","Card","Card","Potion","Relic","Relic","Relic","Card","Card","Card","Card","Card","Card","Card","Card","Card"],"build_version":"2020-12-18","purchased_purges":2,"victory":true,"max_hp_per_floor":[75,75,75,75,75,75,75,75,75,75,75,75,75,75,75,75,75,75,75,75,75,75,75,75,75,75,75,75,75,75,75,75,75,75,75,75,75,75,75,75,75,75,75,75,75,75,75,85,85,85,85,85,85,85,85],"card_choices":[{"not_picked":["Hologram","Fusion"],"picked":"Streamline","floor":1.0},{"not_picked":["Steam","Redo"],"picked":"Compile Driver","floor":3.0},{"not_picked":["Barrage","Stack"],"picked":"Streamline","floor":4.0},{"not_picked":["Beam Cell","Turbo"],"picked":"FTL","floor":5.0},{"not_picked":["Buffer","Hologram"],"picked":"Gash","floor":7.0},{"not_picked":["Leap","Chaos"],"picked":"Coolheaded","floor":8.0},{"not_picked":["Darkness","Steam"],"picked":"Gash","floor":10.0},{"not_picked":["Hologram","Turbo"],"picked":"Loop","floor":12.0},{"not_picked":["Stack","Genetic Algorithm","Hello World"],"picked":"SKIP","floor":13.0},{"not_picked":["Hyperbeam","Rainbow"],"picked":"Electrodynamics","floor":16.0},{"not_picked":["Defragment+1","Lockon"],"picked":"Capacitor+1","floor":18.0},{"not_picked":["Lockon","Gash"],"picked":"Coolheaded","floor":20.0},{"not_picked":["Sweeping Beam","Stack"],"picked":"All For One","floor":20.0},{"not_picked":["Gash","Reinforced Body"],"picked":"Hologram","floor":21.0},{"not_picked":["Sweeping Beam","BootSequence"],"picked":"Skim","floor":22.0},{"not_picked":["Meteor Strike","Amplify"],"picked":"Biased Cognition","floor":23.0},{"not_picked":["Gash","Stack"],"picked":"Go for the Eyes","floor":25.0},{"not_picked":["Compile Driver+1","Beam Cell"],"picked":"Barrage","floor":27.0},{"not_picked":["Doom and Gloom","Force Field"],"picked":"Beam Cell","floor":28.0},{"not_picked":["Tempest","Melter"],"picked":"Undo","floor":31.0},{"not_picked":["Multi-Cast","Buffer"],"picked":"Core Surge","floor":33.0},{"not_picked":["Genetic Algorithm","Capacitor+1","Doom and Gloom+1"],"picked":"SKIP","floor":35.0},{"not_picked":["Auto Shields+1","Scrape+1"],"picked":"Defragment","floor":36.0},{"not_picked":["Redo","Barrage","Rebound+1"],"picked":"SKIP","floor":38.0},{"not_picked":["Compile Driver+1","Genetic Algorithm"],"picked":"Aggregate+1","floor":41},{"not_picked":["Doom and Gloom+1","Gash"],"picked":"Echo Form","floor":44},{"not_picked":["Rip and Tear+1","Aggregate+1","Auto Shields"],"picked":"SKIP","floor":46},{"not_picked":["Beam Cell","Streamline"],"picked":"Coolheaded+1","floor":54}],"player_experience":2342782,"relics_obtained":[{"floor":7.0,"key":"Kunai"},{"floor":9.0,"key":"Ornamental Fan"},{"floor":10.0,"key":"Shovel"},{"floor":13.0,"key":"DataDisk"},{"floor":23.0,"key":"Pantograph"},{"floor":25.0,"key":"Tiny Chest"},{"floor":26.0,"key":"Shuriken"},{"floor":27.0,"key":"Lantern"},{"floor":37.0,"key":"InkBottle"},{"floor":41,"key":"Peace Pipe"},{"floor":44,"key":"Vajra"},{"floor":46,"key":"Bag of Marbles"},{"floor":48,"key":"Pear"},{"floor":49,"key":"Centennial Puzzle"},{"floor":52,"key":"Cables"}],"event_choices":[{"damage_healed":0.0,"max_hp_gain":0.0,"max_hp_loss":0.0,"gold_gain":100.0,"event_name":"Golden Shrine","player_choice":"Pray","floor":2.0,"gold_loss":0.0,"damage_taken":0.0},{"damage_healed":0.0,"max_hp_gain":0.0,"max_hp_loss":0.0,"gold_gain":0.0,"event_name":"Shining Light","player_choice":"Entered Light","floor":11.0,"gold_loss":0.0,"damage_taken":15.0,"cards_upgraded":["Gash","Strike_B"]},{"cards_removed":["Strike_B"],"damage_healed":0.0,"max_hp_gain":0.0,"max_hp_loss":0.0,"gold_gain":0.0,"event_name":"The Cleric","player_choice":"Card Removal","floor":14.0,"gold_loss":50.0,"damage_taken":0.0},{"damage_healed":0.0,"max_hp_gain":0.0,"max_hp_loss":0.0,"gold_gain":0.0,"event_name":"The Library","player_choice":"Read","floor":19.0,"gold_loss":0.0,"damage_taken":0.0,"cards_obtained":["Capacitor"]},{"damage_healed":0.0,"max_hp_gain":0.0,"max_hp_loss":0.0,"gold_gain":0.0,"event_name":"FaceTrader","player_choice":"Trade","floor":24.0,"gold_loss":0.0,"damage_taken":0.0,"relics_obtained":["SsserpentHead"]},{"damage_healed":0.0,"max_hp_gain":0.0,"max_hp_loss":0.0,"gold_gain":99.0,"event_name":"Nest","player_choice":"Stole From Cult","floor":29.0,"gold_loss":0.0,"damage_taken":0.0},{"cards_removed":["Strike_B"],"damage_healed":0.0,"max_hp_gain":0.0,"max_hp_loss":0.0,"gold_gain":0.0,"event_name":"Back to Basics","player_choice":"Elegance","floor":30.0,"gold_loss":0.0,"damage_taken":0.0},{"damage_healed":0,"gold_gain":0,"player_choice":"Ignored","damage_taken":0,"max_hp_gain":0,"max_hp_loss":0,"event_name":"Tomb of Lord Red Mask","floor":45,"gold_loss":0}],"is_beta":true,"boss_relics":[{"not_picked":["Tiny House","Runic Dome"],"picked":"Cursed Key"},{"not_picked":["Fusion Hammer","Velvet Choker"],"picked":"Empty Cage"}],"items_purged_floors":[20,47],"is_endless":false,"potions_floor_spawned":[5,8,12,13,16,22,27,28,31,35,38],"ascension_level":1}}