{"host":"6xsbn6ynqlzwllfm","time":1612377328,"event":{"mods":["2.2 Compatiblity","BaseMod","Bestiary","Colored Map","Colored Powertips","Curses Come First","Downfall","Highlight Path","Keyboard Shortcuts","Minty Spire (QoL Compilation)","Relic Stats","Slay the Relics Exporter","StSLib","SuperFastMode"],"gold_per_floor":[111,142,164,276,304,216,253,280,326,338,275,298,410,439,463,550,562,524,549,571,583,615,612,624,636,633,645,690,552,664,695,717,808,820,782,810,839,518,554,551,563,575,621,654,516,873,904,948,970,982,994,1006,1006,1006],"floor_reached":52,"language":"ENG","playtime":3131,"items_purged":[],"score":1302,"play_id":"4e6e02c0-8885-4e9e-be73-3964a6f82434","local_time":"20210203133528","is_ascension_mode":true,"campfire_choices":[{"floor":1,"key":"RECALL"},{"data":"Slimebound:SplitAcid","floor":6,"key":"SMITH"},{"data":"Slimebound:MassRepurpose","floor":10,"key":"SMITH"},{"data":"Slimebound:Repurpose","floor":18,"key":"SMITH"},{"data":"Slimebound:LeechEnergy","floor":29,"key":"SMITH"},{"data":"Slimebound:Repurpose","floor":35,"key":"SMITH"},{"data":"Slimebound:Darklings","floor":45,"key":"SMITH"}],"circlet_count":0,"master_deck":["AscendersBane","Slimebound:Strike_Slimebound","Slimebound:Defend_Slimebound","Slimebound:Defend_Slimebound","Slimebound:Defend_Slimebound","Slimebound:Defend_Slimebound","Slimebound:Split","Slimebound:CorrosiveSpit","Slimebound:SplitMire","Slimebound:SplitAcid+1","Slimebound:LeechingTouch","Slimebound:GoopSpray+1","Slimebound:LeadByExample","Slimebound:Recollect","Slimebound:Repurpose+1","Slimebound:SpikyOuterGoop","Slimebound:LevelUp","Slimebound:Overexert","Slimebound:GrowthPunch+1","Slimebound:SlimeSpikes+1","Slimebound:LeadByExample+1","Ghostly","Ghostly","Ghostly","Ghostly","Ghostly","Slimebound:LeechEnergy+1","Slimebound:Repurpose+1","Slimebound:CheckThePlaybook","Slimebound:LivingWall","Slimebound:Darklings+1","Slimebound:SplitAcid+1","Slimebound:LevelUp+1"],"relics":["Slimebound:AbsorbEndCombat","MawBank","downfall:HeartBlessingRed","Pen Nib","Gremlin Horn","Slimebound:GreedOozeRelic","SlaversCollar","Pantograph","Strawberry","Letter Opener","downfall:HeartBlessingGreen","StoneCalendar","Meat on the Bone","bronze:MakeshiftBattery","Smiling Mask","CeramicFish","downfall:HeartBlessingBlue","Shuriken"],"acts_visited":["Exordium","TheCity","TheBeyond","TheEnding"],"potions_floor_usage":[13,13,16,20,32,37,52,52],"damage_taken":[{"damage":9,"enemies":"2 Louse","floor":2,"turns":4},{"damage":9,"enemies":"Cultist","floor":3,"turns":4},{"damage":13,"enemies":"Jaw Worm","floor":5,"turns":4},{"damage":0,"enemies":"Large Slime","floor":8,"turns":4},{"damage":13,"enemies":"Lagavulin","floor":9,"turns":6},{"damage":10,"enemies":"2 Fungi Beasts","floor":12,"turns":3},{"damage":17,"enemies":"downfall:Heads","floor":13,"turns":6},{"damage":14,"enemies":"Exordium Wildlife","floor":14,"turns":4},{"damage":2,"enemies":"2 Fungi Beasts","floor":15,"turns":3},{"damage":20,"enemies":"IC_STATUS_ARCHETYPE","floor":16,"turns":8},{"damage":19,"enemies":"Chosen","floor":19,"turns":5},{"damage":7,"enemies":"3 Byrds","floor":20,"turns":4},{"damage":13,"enemies":"Snecko","floor":22,"turns":5},{"damage":0,"enemies":"downfall:FleeingMerchant","floor":23,"turns":4},{"damage":0,"enemies":"downfall:FleeingMerchant","floor":26,"turns":4},{"damage":9,"enemies":"Slavers","floor":28,"turns":5},{"damage":3,"enemies":"Colosseum Nobs","floor":30,"turns":4},{"damage":18,"enemies":"Snake Plant","floor":31,"turns":4},{"damage":2,"enemies":"Cultist and Chosen","floor":32,"turns":6},{"damage":14,"enemies":"DF_ARCHETYPE_CLAW","floor":33,"turns":8},{"damage":1,"enemies":"Orb Walker","floor":36,"turns":4},{"damage":3,"enemies":"3 Shapes","floor":37,"turns":4},{"damage":0,"enemies":"downfall:FleeingMerchant","floor":40,"turns":4},{"damage":14,"enemies":"Nemesis","floor":43,"turns":3},{"damage":15,"enemies":"Maw","floor":44,"turns":7},{"damage":0,"enemies":"downfall:FleeingMerchant","floor":46,"turns":3},{"damage":2,"enemies":"Spire Growth","floor":47,"turns":5},{"damage":0,"enemies":"Reptomancer","floor":48,"turns":5},{"damage":8,"enemies":"Transient","floor":49,"turns":5},{"damage":13,"enemies":"SI_POISON_ARCHETYPE","floor":50,"turns":8},{"damage":86,"enemies":"downfall:CharBossMerchant","floor":52,"turns":8}],"seed_played":"3330636144579891817","potions_obtained":[{"floor":3,"key":"FearPotion"},{"floor":5,"key":"Regen Potion"},{"floor":9,"key":"PowerPotion"},{"floor":15,"key":"Guardian:BlockOnCardUsePotion"},{"floor":19,"key":"champ:CounterPotion"},{"floor":28,"key":"LiquidMemories"},{"floor":32,"key":"Energy Potion"},{"floor":33,"key":"Slimebound:SlimyTonguePotion"},{"floor":43,"key":"hexamod:SoulburnPotion"}],"is_trial":false,"path_per_floor":["R","M","M","?","M","R","T","M","E","R","?","M","?","M","M","B",null,"R","M","M","?","M","$","T","?","$","T","E","R","?","M","M","B",null,"R","M","M","?","T","$","T","?","E","M","R","$","M","E","M","B",null,"E"],"character_chosen":"SLIMEBOUND","items_purchased":[],"campfire_rested":0,"item_purchase_floors":[],"current_hp_per_floor":[59,52,49,49,42,42,42,48,43,43,43,33,37,25,25,13,52,52,35,32,32,25,29,29,29,32,39,34,34,35,21,25,33,38,38,37,34,44,44,44,44,44,36,25,35,35,33,35,31,45,52,0,0,0],"gold":1006,"neow_bonus":"RANDOM_COMMON_RELIC","is_daily":false,"chose_seed":false,"campfire_upgraded":6,"win_rate":0.0,"timestamp":1612377328,"path_taken":["R","M","M","?","?","R","T","M","E","R","?","M","?","M","M","BOSS","R","M","M","?","M","$","T","?","$","?","E","R","?","?","M","BOSS","R","M","M","?","?","$","T","?","E","M","R","$","?","E","M","BOSS","E"],"items_purchased_type":[],"build_version":"2020-12-22","purchased_purges":0,"victory":false,"max_hp_per_floor":[65,65,65,65,65,65,65,65,65,65,65,65,65,65,65,65,65,65,65,65,65,65,65,65,32,32,39,39,39,39,39,39,39,39,39,39,39,44,44,44,44,44,44,44,54,54,54,54,54,54,54,54,54,54],"relic_stats":{"Gremlin Horn":[15,15],"counters":[31,144],"Shuriken":[1],"Pantograph":37,"CeramicFish":18,"StoneCalendar":[193],"Pen Nib":[8],"Letter Opener":[274],"MawBank":624,"Smiling Mask":0,"obtain_stats":[{"downfall:HeartBlessingRed":6,"Gremlin Horn":9,"CeramicFish":43,"downfall:HeartBlessingGreen":29,"StoneCalendar":30,"Pen Nib":7,"Letter Opener":28,"MawBank":0,"Smiling Mask":39,"Slimebound:GreedOozeRelic":11,"SlaversCollar":17,"downfall:HeartBlessingBlue":45,"Shuriken":48,"Pantograph":24,"Strawberry":27,"Slimebound:AbsorbEndCombat":0,"bronze:MakeshiftBattery":34,"Meat on the Bone":30},{"downfall:HeartBlessingRed":3,"Gremlin Horn":5,"CeramicFish":24,"downfall:HeartBlessingGreen":16,"StoneCalendar":17,"Pen Nib":3,"Letter Opener":16,"MawBank":0,"Smiling Mask":22,"Slimebound:GreedOozeRelic":5,"SlaversCollar":10,"downfall:HeartBlessingBlue":25,"Shuriken":28,"Pantograph":14,"Strawberry":15,"Slimebound:AbsorbEndCombat":0,"bronze:MakeshiftBattery":20,"Meat on the Bone":17},{"downfall:HeartBlessingRed":10,"Gremlin Horn":20,"CeramicFish":105,"downfall:HeartBlessingGreen":69,"StoneCalendar":73,"Pen Nib":10,"Letter Opener":69,"MawBank":0,"Smiling Mask":98,"Slimebound:GreedOozeRelic":20,"SlaversCollar":44,"downfall:HeartBlessingBlue":112,"Shuriken":123,"Pantograph":61,"Strawberry":65,"Slimebound:AbsorbEndCombat":0,"bronze:MakeshiftBattery":91,"Meat on the Bone":73}],"Meat on the Bone":0},"card_choices":[{"not_picked":["Slimebound:PressTheAttack","Slimebound:GoopTackle"],"picked":"Slimebound:SplitMire","floor":2},{"not_picked":["Slimebound:Equalize","Slimebound:ItLooksTasty"],"picked":"Slimebound:SplitAcid","floor":3},{"not_picked":["Slimebound:Replication","Slimebound:Schlurp"],"picked":"Slimebound:LeechingTouch","floor":5},{"not_picked":["Slimebound:Chomp","Slimebound:Grow"],"picked":"Slimebound:GoopSpray","floor":8},{"not_picked":["Slimebound:LeechEnergy","Slimebound:DivideAndConquer"],"picked":"Slimebound:MassRepurpose","floor":9},{"not_picked":["Slimebound:LevelUp","Slimebound:SlimeSpikes"],"picked":"Slimebound:LeadByExample","floor":12},{"not_picked":["Slimebound:Replication","Slimebound:Schlurp"],"picked":"Slimebound:Repurpose","floor":13},{"not_picked":["Slimebound:LeadByExample","Slimebound:DivideAndConquer"],"picked":"Slimebound:SpikyOuterGoop","floor":14},{"not_picked":["Slimebound:HauntingLick","Slimebound:SplitBruiser"],"picked":"Slimebound:LevelUp","floor":15},{"not_picked":["Slimebound:Recycling","Slimebound:OozeBath"],"picked":"Slimebound:Overexert","floor":16},{"not_picked":["Slimebound:GoopTackle","Slimebound:SlimeBrawl"],"picked":"Slimebound:GrowthPunch+1","floor":19},{"not_picked":["Slimebound:PressTheAttack","Slimebound:MegaLick"],"picked":"Slimebound:SlimeSpikes+1","floor":20},{"not_picked":["Slimebound:SplitBruiser","Slimebound:PrepareCrush"],"picked":"Slimebound:LeadByExample+1","floor":23},{"not_picked":["Slimebound:Grow","Slimebound:PressTheAttack"],"picked":"Slimebound:LeechEnergy","floor":26},{"not_picked":["Slimebound:FinishingTackle","Slimebound:SlimeSlap"],"picked":"Slimebound:Repurpose","floor":31},{"not_picked":["Slimebound:DouseInSlime","Slimebound:OozeBath"],"picked":"Slimebound:CheckThePlaybook","floor":33},{"not_picked":["Slimebound:SplitLeeching","Slimebound:PressTheAttack+1"],"picked":"Slimebound:LivingWall","floor":40},{"not_picked":["Slimebound:RainOfGoop","Slimebound:GoopSpray"],"picked":"Slimebound:SplitAcid+1","floor":44},{"not_picked":["Slimebound:ComboTackle","Slimebound:Grow"],"picked":"Slimebound:LevelUp+1","floor":47},{"not_picked":["Slimebound:Prepare","Slimebound:SplitLeeching+1","Slimebound:Overexert"],"picked":"SKIP","floor":49}],"player_experience":1603788,"relics_obtained":[{"floor":7,"key":"Pen Nib"},{"floor":9,"key":"Gremlin Horn"},{"floor":24,"key":"Pantograph"},{"floor":27,"key":"Strawberry"},{"floor":28,"key":"Letter Opener"},{"floor":30,"key":"StoneCalendar"},{"floor":30,"key":"Meat on the Bone"},{"floor":39,"key":"Smiling Mask"},{"floor":43,"key":"CeramicFish"},{"floor":48,"key":"Shuriken"}],"event_choices":[{"damage_healed":0,"gold_gain":0,"player_choice":"Became a Ghost","damage_taken":0,"max_hp_gain":0,"max_hp_loss":33,"event_name":"Ghosts","floor":25,"gold_loss":0,"cards_obtained":["Ghostly","Ghostly","Ghostly","Ghostly","Ghostly"]}],"is_beta":false,"boss_relics":[{"not_picked":["SacredBark","Slimebound:AbsorbEndCombatUpgraded"],"picked":"SlaversCollar"},{"not_picked":["Slimebound:TarBlob","Calling Bell"],"picked":"bronze:MakeshiftBattery"}],"items_purged_floors":[],"is_endless":false,"potions_floor_spawned":[3,5,9,12,15,19,28,32,33,43,49],"killed_by":"downfall:CharBossMerchant","ascension_level":13}}