{"host":"zwezhz46a5cjkxff","time":1612349411,"event":{"mods":["AchievementEnabler","BaseMod","Colored Map","Colored Powertips","DeckTracker","Hermit","Marisa????????","Minty Spire (QoL Compilation)","Permanent Neow","Quick Restart","Rare Cards Sparkle","Relic Stats","Robot Space Explorer","StSLib","SuperFastMode","The Hierophant","The Servant 0.9.4","Weighted Paths","slay the spire mod where everything is the same but ironclad has a cowboy hat"],"gold_per_floor":[114,131,131,146,159,159,109,109,155,186,206,231,250,262,262,358,358,374,394,4,22,42,42,42],"floor_reached":23,"language":"ENG","playtime":755,"items_purged":[],"score":232,"play_id":"45904cc1-7372-497e-a584-bb4dd71fa43f","local_time":"20210203045011","is_ascension_mode":false,"campfire_choices":[{"floor":6,"key":"RECALL"},{"floor":8,"key":"REST"},{"floor":15,"key":"REST"}],"circlet_count":0,"master_deck":["Strike_P","Strike_P","Strike_P","Defend_P","Defend_P","Defend_P","Eruption","Vigilance","CutThroughFate","TalkToTheHand","BattleHymn","LikeWater","LikeWater","DeusExMachina","Establishment","Vengeance","BattleHymn","Ragnarok","Protect","Nirvana+1"],"relics":["Fusion Hammer","Anchor","Happy Flower","Singing Bowl","Philosopher\u0027s Stone","Calipers"],"acts_visited":["Exordium","TheCity"],"potions_floor_usage":[10,12,16,16,16,22],"damage_taken":[{"damage":9,"enemies":"2 Louse","floor":1,"turns":2},{"damage":0,"enemies":"Small Slimes","floor":2,"turns":2},{"damage":0,"enemies":"Jaw Worm","floor":4,"turns":2},{"damage":3,"enemies":"Red Slaver","floor":5,"turns":3},{"damage":10,"enemies":"3 Sentries","floor":10,"turns":3},{"damage":7,"enemies":"Lots of Slimes","floor":11,"turns":3},{"damage":0,"enemies":"Gremlin Nob","floor":12,"turns":5},{"damage":0,"enemies":"3 Louse","floor":13,"turns":2},{"damage":0,"enemies":"Looter","floor":14,"turns":3},{"damage":5,"enemies":"Slime Boss","floor":16,"turns":6},{"damage":4,"enemies":"2 Thieves","floor":18,"turns":3},{"damage":17,"enemies":"Chosen","floor":19,"turns":4},{"damage":30,"enemies":"3 Cultists","floor":21,"turns":4},{"damage":9,"enemies":"Snake Plant","floor":22,"turns":5},{"damage":23,"enemies":"Centurion and Healer","floor":23,"turns":3}],"seed_played":"-6643795084296025473","potions_obtained":[{"floor":2,"key":"Block Potion"},{"floor":5,"key":"BottledMiracle"},{"floor":11,"key":"PowerPotion"},{"floor":12,"key":"LiquidMemories"},{"floor":13,"key":"Weak Potion"},{"floor":22,"key":"Fruit Juice"}],"is_trial":false,"path_per_floor":["M","M","?","M","M","R","?","R","T","E","M","E","M","M","R","B",null,"M","M","$","M","M","M"],"character_chosen":"WATCHER","items_purchased":["Calipers","Ragnarok"],"campfire_rested":2,"item_purchase_floors":[20,20],"current_hp_per_floor":[63,63,56,56,53,53,53,72,72,62,55,55,57,59,76,71,76,72,55,55,25,21,0,0],"gold":42,"neow_bonus":"BOSS_RELIC","is_daily":false,"chose_seed":false,"campfire_upgraded":0,"win_rate":0.0,"timestamp":1612349411,"path_taken":["M","M","?","M","M","R","?","R","T","E","M","E","M","M","R","BOSS","M","M","$","M","M","M"],"items_purchased_type":["Relic","Card"],"build_version":"2020-12-22","purchased_purges":0,"victory":false,"max_hp_per_floor":[72,72,72,72,72,72,72,72,72,72,72,72,74,76,76,76,76,76,76,76,76,81,81,81],"relic_stats":{"Happy Flower":[12],"Singing Bowl":4,"counters":[15,50],"obtain_stats":[{"Anchor":9,"Calipers":20,"Happy Flower":10,"Singing Bowl":12,"Philosopher\u0027s Stone":17,"Fusion Hammer":0,"PureWater":0},{"Anchor":4,"Calipers":12,"Happy Flower":5,"Singing Bowl":7,"Philosopher\u0027s Stone":10,"Fusion Hammer":0,"PureWater":0},{"Anchor":9,"Calipers":38,"Happy Flower":12,"Singing Bowl":20,"Philosopher\u0027s Stone":31,"Fusion Hammer":0,"PureWater":0}]},"card_choices":[{"not_picked":["JustLucky","ThirdEye"],"picked":"CutThroughFate","floor":1},{"not_picked":["FollowUp","WaveOfTheHand"],"picked":"TalkToTheHand","floor":2},{"not_picked":["FollowUp","EmptyMind"],"picked":"BattleHymn","floor":4},{"not_picked":["Weave","FlyingSleeves","ForeignInfluence"],"picked":"SKIP","floor":5},{"not_picked":["Fasting2","ClearTheMind"],"picked":"LikeWater","floor":10},{"not_picked":["ThirdEye","ReachHeaven"],"picked":"LikeWater","floor":11},{"not_picked":["Evaluate","EmptyBody"],"picked":"DeusExMachina","floor":12},{"not_picked":["Evaluate","Halt","EmptyBody"],"picked":"Singing Bowl","floor":13},{"not_picked":["ClearTheMind","FollowUp","Worship"],"picked":"Singing Bowl","floor":14},{"not_picked":["Vault","Omniscience"],"picked":"Establishment","floor":16},{"not_picked":["FearNoEvil+1","CarveReality"],"picked":"Vengeance","floor":18},{"not_picked":["FollowUp","JustLucky"],"picked":"BattleHymn","floor":19},{"not_picked":["Fasting2","ForeignInfluence"],"picked":"Protect","floor":21},{"not_picked":["FlurryOfBlows","ForeignInfluence"],"picked":"Nirvana+1","floor":22}],"player_experience":67096,"relics_obtained":[{"floor":9,"key":"Anchor"},{"floor":10,"key":"Happy Flower"},{"floor":12,"key":"Singing Bowl"}],"event_choices":[{"cards_removed":["Defend_P"],"damage_healed":0,"gold_gain":0,"player_choice":"Card Removal","damage_taken":7,"max_hp_gain":0,"max_hp_loss":0,"event_name":"Golden Wing","floor":3,"gold_loss":0},{"cards_removed":["Strike_P"],"damage_healed":0,"gold_gain":0,"player_choice":"Card Removal","damage_taken":0,"max_hp_gain":0,"max_hp_loss":0,"event_name":"The Cleric","floor":7,"gold_loss":50}],"is_beta":false,"boss_relics":[{"not_picked":["Sozu","Runic Pyramid"],"picked":"Philosopher\u0027s Stone"}],"items_purged_floors":[],"is_endless":false,"potions_floor_spawned":[2,5,11,12,13,14,22],"killed_by":"Centurion and Healer","ascension_level":0}}