{"host":"jjobdbtkl3y7u1ei","time":1612386420,"event":{"mods":["BaseMod","Colored Map","Colored Powertips","Gremlin Mod","Hermit","Highlight Path","Hubris","Infinite Spire","Marisa????????","Mimic Mod","Minty Spire (QoL Compilation)","Replay The Spire","StSLib","The Cursed","The Death Knight","The Disciple","The Mystic","The Necromancer","The Runesmith","The Servant 0.9.4"],"gold_per_floor":[12,30,30,30,30,30,61,71,71,44,71,87,87,106,106,201,201,218,218,236,236,236,236],"floor_reached":22,"language":"ENG","playtime":3891,"items_purged":[],"score":194,"play_id":"1f82ede8-dbf1-403a-b751-1e0febaad92a","local_time":"20210203160700","is_ascension_mode":false,"campfire_choices":[{"data":"Rampage","floor":6.0,"key":"SMITH"},{"floor":13.0,"key":"REST"},{"floor":15.0,"key":"REST"}],"circlet_count":0,"master_deck":["Strike_R+1","Strike_R+1","Strike_R+1","Defend_R+1","Defend_R+1","Defend_R+1","Bash","Warcry","Rampage+1","Shrug It Off","Dual Wield","Warcry","Carnage","Perfected Strike"],"relics":["Burning Blood","InkBottle","HornCleat","Letter Opener","Pen Nib","Philosopher\u0027s Stone"],"acts_visited":[],"potions_floor_usage":[],"damage_taken":[{"damage":9.0,"enemies":"Jaw Worm","floor":1.0,"turns":4.0},{"damage":7.0,"enemies":"2 Louse","floor":2.0,"turns":2.0},{"damage":16.0,"enemies":"Lagavulin","floor":7.0,"turns":5.0},{"damage":0.0,"enemies":"Small Slimes","floor":8.0,"turns":4.0},{"damage":65.0,"enemies":"Gremlin Nob","floor":11.0,"turns":6.0},{"damage":0.0,"enemies":"Blue Slaver","floor":12.0,"turns":3.0},{"damage":29.0,"enemies":"Gremlin Gang","floor":14.0,"turns":5.0},{"damage":32.0,"enemies":"The Guardian","floor":16.0,"turns":11.0},{"damage":2.0,"enemies":"Chosen","floor":18.0,"turns":4.0},{"damage":10.0,"enemies":"Spheric Guardian","floor":20.0,"turns":4.0},{"damage":0,"enemies":"Snake Plant","floor":22,"turns":1}],"seed_played":"-7379586799140877151","potions_obtained":[{"floor":2.0,"key":"GamblersBrew"},{"floor":7.0,"key":"Regen Potion"},{"floor":8.0,"key":"FearPotion"}],"is_trial":false,"path_per_floor":["M","M","?","T","?","R","E","M","T","$","E","M","R","M","R","B",null,"M","?","M","?","M"],"character_chosen":"IRONCLAD","items_purchased":["Warcry"],"campfire_rested":2,"item_purchase_floors":[10],"current_hp_per_floor":[77,76,76,76,76,76,66,72,72,72,13,19,43,20,44,18,80,80,80,76,67,67,67],"gold":236,"neow_bonus":"REMOVE_TWO","is_daily":false,"chose_seed":false,"campfire_upgraded":1,"win_rate":0.0,"timestamp":1612386420,"path_taken":["M","M","?","?","?","R","E","M","T","$","E","M","R","M","R","BOSS","M","?","M","?","M"],"items_purchased_type":["Card"],"build_version":"2020-12-22","purchased_purges":0,"victory":false,"max_hp_per_floor":[80,80,80,80,80,80,80,80,80,80,80,80,80,80,80,80,80,80,80,80,80,80,80],"card_choices":[{"not_picked":["Sword Boomerang","Clash"],"picked":"Warcry","floor":1.0},{"not_picked":["Second Wind","Sword Boomerang"],"picked":"Rampage","floor":2.0},{"not_picked":["Fire Breathing","Juggernaut"],"picked":"Shrug It Off","floor":7.0},{"not_picked":["Wild Strike","Iron Wave"],"picked":"Dual Wield","floor":8.0},{"not_picked":["Impervious","Shockwave","Dark Embrace"],"picked":"SKIP","floor":11.0},{"not_picked":["Entrench","Sever Soul"],"picked":"Carnage","floor":12.0},{"not_picked":["Power Through","Dark Embrace"],"picked":"Perfected Strike","floor":14.0},{"not_picked":["Dual Wield","Ghostly Armor","Rupture+1"],"picked":"SKIP","floor":18.0},{"not_picked":["Dark Embrace+1","Rage","Searing Blow"],"picked":"SKIP","floor":20.0}],"player_experience":308868,"relics_obtained":[{"floor":4.0,"key":"InkBottle"},{"floor":7.0,"key":"HornCleat"},{"floor":9.0,"key":"Letter Opener"},{"floor":11.0,"key":"Pen Nib"}],"event_choices":[{"cards_removed":["Strike_R"],"damage_healed":0.0,"max_hp_gain":0.0,"max_hp_loss":0.0,"gold_gain":0.0,"event_name":"Living Wall","player_choice":"Forget","floor":3.0,"gold_loss":0.0,"damage_taken":0.0},{"damage_healed":0.0,"max_hp_gain":0.0,"max_hp_loss":0.0,"gold_gain":0.0,"event_name":"Liars Game","player_choice":"Ignored","floor":5.0,"gold_loss":0.0,"damage_taken":0.0},{"damage_healed":0.0,"max_hp_gain":0.0,"max_hp_loss":0.0,"gold_gain":0.0,"event_name":"Back to Basics","player_choice":"Simplicity","floor":19.0,"gold_loss":0.0,"damage_taken":0.0,"cards_upgraded":["Strike_R","Strike_R","Strike_R","Defend_R","Defend_R","Defend_R"]},{"damage_healed":0.0,"max_hp_gain":0.0,"max_hp_loss":0.0,"gold_gain":0.0,"event_name":"Cursed Tome","player_choice":"Stopped","floor":21.0,"gold_loss":0.0,"damage_taken":9.0}],"is_beta":false,"boss_relics":[{"not_picked":["Runic Pyramid","Ectoplasm"],"picked":"Philosopher\u0027s Stone"}],"items_purged_floors":[],"is_endless":false,"potions_floor_spawned":[2,7,8,11,20],"killed_by":"Snake Plant","ascension_level":0}}