{"host":"p0hktren06injwdf","time":1612392100,"event":{"mods":["AchievementEnabler","BaseMod","Colored Map","DeckTracker","Minty Spire (QoL Compilation)","Permanent Neow","StSLib","SuperFastMode"],"gold_per_floor":[113,124,49,68,87,87,121,131,131,131,148,148,159,175,175,251,251,268,115,115,134,146,146,146],"floor_reached":23,"language":"KOR","playtime":390,"items_purged":["Strike_P"],"score":394,"play_id":"4d214840-ae21-48bb-ad3c-4df172489471","local_time":"20210204074140","is_ascension_mode":true,"campfire_choices":[{"data":"Eruption","floor":6.0,"key":"SMITH"},{"data":"EmptyFist","floor":10.0,"key":"SMITH"},{"data":"MentalFortress","floor":15.0,"key":"SMITH"}],"circlet_count":0,"master_deck":["AscendersBane","Strike_P","Strike_P","Defend_P","Defend_P","Eruption+1","Vigilance","FlurryOfBlows","EmptyFist+1","BowlingBash","Wallop","MentalFortress+1","Blasphemy","FearNoEvil","Adaptation","Adaptation"],"relics":["PureWater","Tiny Chest","Question Card","Sozu"],"acts_visited":["Exordium","TheCity"],"potions_floor_usage":[],"damage_taken":[{"damage":10.0,"enemies":"Small Slimes","floor":1.0,"turns":5.0},{"damage":2.0,"enemies":"2 Louse","floor":2.0,"turns":2.0},{"damage":0.0,"enemies":"Cultist","floor":4.0,"turns":2.0},{"damage":0.0,"enemies":"2 Fungi Beasts","floor":5.0,"turns":2.0},{"damage":8.0,"enemies":"Gremlin Nob","floor":7.0,"turns":3.0},{"damage":9.0,"enemies":"Exordium Thugs","floor":8.0,"turns":3.0},{"damage":5.0,"enemies":"Blue Slaver","floor":11.0,"turns":2.0},{"damage":0.0,"enemies":"Large Slime","floor":13.0,"turns":4.0},{"damage":11.0,"enemies":"Looter","floor":14.0,"turns":2.0},{"damage":50.0,"enemies":"Hexaghost","floor":16.0,"turns":9.0},{"damage":22.0,"enemies":"2 Thieves","floor":18.0,"turns":4.0},{"damage":6.0,"enemies":"Spheric Guardian","floor":21.0,"turns":3.0},{"damage":13.0,"enemies":"Centurion and Healer","floor":22.0,"turns":4.0},{"damage":9,"enemies":"Gremlin Leader","floor":23,"turns":3}],"seed_played":"-5078705386850306462","potions_obtained":[{"floor":5.0,"key":"SneckoOil"},{"floor":8.0,"key":"Swift Potion"}],"is_trial":false,"path_per_floor":["M","M","?","M","M","R","E","M","T","R","M","?","M","M","R","B",null,"M","$","?","M","M","E"],"character_chosen":"WATCHER","items_purchased":["Adaptation"],"campfire_rested":0,"item_purchase_floors":[19],"current_hp_per_floor":[33,31,31,31,31,31,23,14,14,14,9,68,68,57,57,7,53,31,31,31,25,12,3,3],"gold":146,"neow_bonus":"REMOVE_TWO","is_daily":false,"chose_seed":false,"campfire_upgraded":3,"win_rate":0.0,"timestamp":1612392100,"path_taken":["M","M","?","M","M","R","E","M","T","R","M","?","M","M","R","BOSS","M","$","?","M","M","E"],"items_purchased_type":["Card"],"build_version":"2020-12-22","purchased_purges":1,"victory":false,"max_hp_per_floor":[68,68,68,68,68,68,68,68,68,68,68,68,68,68,68,68,68,68,68,68,68,68,68,68],"card_choices":[{"not_picked":["Consecrate","FlyingSleeves"],"picked":"FlurryOfBlows","floor":1.0},{"not_picked":["PathToVictory","Weave","Vengeance"],"picked":"SKIP","floor":2.0},{"not_picked":["Prostrate","SandsOfTime","ForeignInfluence"],"picked":"SKIP","floor":4.0},{"not_picked":["WreathOfFlame","CutThroughFate"],"picked":"EmptyFist","floor":5.0},{"not_picked":["FlyingSleeves","Protect","Nirvana"],"picked":"SKIP","floor":7.0},{"not_picked":["Weave","FlurryOfBlows"],"picked":"BowlingBash","floor":8.0},{"not_picked":["Evaluate","WindmillStrike","FlurryOfBlows"],"picked":"Wallop","floor":11.0},{"not_picked":["SignatureMove","Evaluate","Ragnarok"],"picked":"MentalFortress","floor":13.0},{"not_picked":["ThirdEye","Worship","FlurryOfBlows","BowlingBash"],"picked":"SKIP","floor":14.0},{"not_picked":["Wish","Judgement","MasterReality"],"picked":"Blasphemy","floor":16.0},{"not_picked":["ClearTheMind","Consecrate","Indignation"],"picked":"FearNoEvil","floor":18.0},{"not_picked":["EmptyFist","DeceiveReality","EmptyBody+1"],"picked":"Adaptation","floor":21.0},{"not_picked":["LikeWater","Indignation","BowlingBash","CutThroughFate"],"picked":"SKIP","floor":22.0}],"player_experience":1002382,"relics_obtained":[{"floor":7.0,"key":"Tiny Chest"},{"floor":9.0,"key":"Question Card"}],"event_choices":[{"cards_removed":["Strike_P"],"damage_healed":0.0,"max_hp_gain":0.0,"max_hp_loss":0.0,"gold_gain":0.0,"event_name":"The Cleric","player_choice":"Card Removal","floor":3.0,"gold_loss":75.0,"damage_taken":0.0},{"damage_healed":59.0,"max_hp_gain":0.0,"max_hp_loss":0.0,"gold_gain":0.0,"event_name":"Wheel of Change","player_choice":"Full Heal","floor":12.0,"gold_loss":0.0,"damage_taken":0.0},{"damage_healed":0.0,"max_hp_gain":0.0,"max_hp_loss":0.0,"gold_gain":0.0,"event_name":"Cursed Tome","player_choice":"Ignored","floor":20.0,"gold_loss":0.0,"damage_taken":0.0}],"is_beta":false,"boss_relics":[{"not_picked":["Fusion Hammer","Cursed Key"],"picked":"Sozu"}],"items_purged_floors":[19],"is_endless":false,"potions_floor_spawned":[5,8,11,13,22],"killed_by":"Gremlin Leader","ascension_level":20}}