{"host":"k7udt7atmcuzf6l0","time":1612320207,"event":{"mods":["AchievementEnabler","BaseMod","BetterRewards","Colored Map","Colored Powertips","Highlight Path","Minty Spire (QoL Compilation)","Quick Restart","Rare Cards Sparkle","Relic Stats","StSLib","UnlockEverythingMod"],"gold_per_floor":[215,232,202,213,12,41,41,97,121,121,137,171,19,34,34,133,133,148,148,158,171,171,203,215,227,266,353,365,394,406,447,459,569,581,605,667,41,56,56,89,89,89,89],"floor_reached":42,"language":"ZHS","playtime":967,"items_purged":[],"score":572,"play_id":"2ed2390b-37a4-4301-86da-c76983714b6e","local_time":"20210203104327","is_ascension_mode":false,"campfire_choices":[{"data":"Rage","floor":10.0,"key":"SMITH"},{"data":"Body Slam","floor":15.0,"key":"SMITH"},{"data":"Exhume","floor":25.0,"key":"SMITH"},{"data":"Whirlwind","floor":28.0,"key":"SMITH"},{"data":"Seeing Red","floor":30.0,"key":"SMITH"},{"floor":32.0,"key":"REST"},{"data":"Madness","floor":41,"key":"SMITH"}],"circlet_count":0,"master_deck":["Strike_R","Strike_R","Strike_R","Strike_R","Strike_R","Defend_R","Defend_R","Defend_R","Defend_R","Bash","Seeing Red+1","Clash","Cleave","Thunderclap","Rage+1","Body Slam+1","Feed","Sword Boomerang","Exhume+1","Necronomicurse","Whirlwind+1","Twin Strike+1","Brutality","Inflame+1","Madness+1","Madness"],"relics":["Burning Blood","HandDrill","Lantern","Potion Belt","Pear","Bag of Marbles","Busted Crown","Necronomicon","MawBank","Bronze Scales","Omamori","Coffee Dripper","Incense Burner","Vajra","Frozen Egg 2","Strange Spoon","Centennial Puzzle"],"acts_visited":["Exordium","TheCity","TheBeyond"],"potions_floor_usage":[33,33,40],"damage_taken":[{"damage":1.0,"enemies":"Jaw Worm","floor":1.0,"turns":3.0},{"damage":6.0,"enemies":"Cultist","floor":2.0,"turns":3.0},{"damage":5.0,"enemies":"2 Louse","floor":4.0,"turns":2.0},{"damage":0.0,"enemies":"Gremlin Nob","floor":6.0,"turns":2.0},{"damage":0.0,"enemies":"Looter","floor":11.0,"turns":1.0},{"damage":22.0,"enemies":"3 Sentries","floor":12.0,"turns":7.0},{"damage":6.0,"enemies":"Exordium Wildlife","floor":14.0,"turns":2.0},{"damage":17.0,"enemies":"Slime Boss","floor":16.0,"turns":7.0},{"damage":18.0,"enemies":"Spheric Guardian","floor":18.0,"turns":5.0},{"damage":5.0,"enemies":"Chosen","floor":20.0,"turns":4.0},{"damage":10.0,"enemies":"Snecko","floor":21.0,"turns":3.0},{"damage":44.0,"enemies":"Book of Stabbing","floor":23.0,"turns":4.0},{"damage":8.0,"enemies":"Snake Plant","floor":29.0,"turns":2.0},{"damage":18.0,"enemies":"Gremlin Leader","floor":31.0,"turns":4.0},{"damage":50,"enemies":"Automaton","floor":33,"turns":8},{"damage":0,"enemies":"Orb Walker","floor":35,"turns":1},{"damage":0,"enemies":"Mind Bloom Boss Battle","floor":36,"turns":3},{"damage":4,"enemies":"3 Shapes","floor":38,"turns":2},{"damage":74,"enemies":"Giant Head","floor":40,"turns":7},{"damage":41,"enemies":"Transient","floor":42,"turns":5}],"seed_played":"-341113166915081942","potions_obtained":[{"floor":1.0,"key":"GamblersBrew"},{"floor":3.0,"key":"Fire Potion"},{"floor":3.0,"key":"FearPotion"},{"floor":4.0,"key":"Fire Potion"},{"floor":12.0,"key":"Swift Potion"},{"floor":16.0,"key":"LiquidMemories"},{"floor":18.0,"key":"SkillPotion"},{"floor":20.0,"key":"EntropicBrew"},{"floor":21.0,"key":"AttackPotion"},{"floor":31.0,"key":"LiquidBronze"},{"floor":36,"key":"ElixirPotion"},{"floor":38,"key":"Fruit Juice"}],"is_trial":false,"path_per_floor":["M","M","?","M","$","E","$","?","T","R","M","E","$","M","R","B",null,"M","?","M","M","?","E","$","R","T","?","R","M","R","E","R","B",null,"M","?","$","M","?","E","R","M"],"character_chosen":"IRONCLAD","items_purchased":["HandDrill","Thunderclap","Bag of Marbles","Vajra","Frozen Egg 2","Strange Spoon","Inflame+1"],"campfire_rested":1,"item_purchase_floors":[5,5,13,37,37,37,37],"current_hp_per_floor":[80,80,80,80,80,80,80,80,80,80,80,74,74,77,77,69,96,87,71,75,71,71,53,53,53,53,43,43,41,41,29,59,15,102,102,102,102,105,92,29,29,0,0],"gold":89,"neow_bonus":"HUNDRED_GOLD","is_daily":false,"chose_seed":false,"campfire_upgraded":6,"win_rate":0.0,"timestamp":1612320207,"path_taken":["M","M","?","M","$","E","$","?","T","R","M","E","$","M","R","BOSS","M","?","M","M","?","E","?","R","T","?","R","M","R","E","R","BOSS","M","?","$","M","?","E","R","M"],"items_purchased_type":["Relic","Card","Relic","Relic","Relic","Relic","Card"],"build_version":"2020-12-22","purchased_purges":0,"victory":false,"max_hp_per_floor":[80,80,80,80,80,80,80,80,80,80,80,90,90,93,93,96,96,99,99,102,102,102,102,102,102,102,102,102,102,102,102,102,102,102,102,102,102,105,105,110,110,110,110],"relic_stats":{"Strange Spoon":[4],"Centennial Puzzle":[3],"Busted Crown":22,"counters":[20,75],"Bronze Scales":[60],"HandDrill":[22],"Necronomicon":[19],"MawBank":168,"obtain_stats":[{"Potion Belt":9,"Lantern":6,"Pear":12,"Vajra":37,"Omamori":31,"Incense Burner":36,"Frozen Egg 2":37,"MawBank":23,"Burning Blood":0,"Strange Spoon":37,"Centennial Puzzle":40,"Busted Crown":17,"Bronze Scales":26,"HandDrill":5,"Bag of Marbles":13,"Necronomicon":19,"Coffee Dripper":34},{"Potion Belt":4,"Lantern":4,"Pear":6,"Vajra":17,"Omamori":14,"Incense Burner":17,"Frozen Egg 2":17,"MawBank":12,"Burning Blood":0,"Strange Spoon":17,"Centennial Puzzle":19,"Busted Crown":8,"Bronze Scales":12,"HandDrill":3,"Bag of Marbles":6,"Necronomicon":9,"Coffee Dripper":15},{"Potion Belt":10,"Lantern":10,"Pear":18,"Vajra":61,"Omamori":49,"Incense Burner":61,"Frozen Egg 2":61,"MawBank":43,"Burning Blood":0,"Strange Spoon":61,"Centennial Puzzle":70,"Busted Crown":27,"Bronze Scales":43,"HandDrill":8,"Bag of Marbles":18,"Necronomicon":32,"Coffee Dripper":57}],"Burning Blood":82},"card_choices":[{"not_picked":["Reckless Charge","Havoc"],"picked":"Seeing Red","floor":1.0},{"not_picked":["Dropkick","Shrug It Off"],"picked":"Clash","floor":2.0},{"not_picked":["Dropkick","Wild Strike"],"picked":"Cleave","floor":4.0},{"not_picked":["Heavy Blade","Blood for Blood"],"picked":"Rage","floor":6.0},{"not_picked":["Twin Strike","Warcry"],"picked":"Body Slam","floor":11.0},{"not_picked":["Searing Blow","Clash"],"picked":"Feed","floor":12.0},{"not_picked":["Cleave","Uppercut"],"picked":"Sword Boomerang","floor":14.0},{"not_picked":["Feed","Juggernaut"],"picked":"Exhume","floor":16.0},{"not_picked":["Havoc"],"picked":"SKIP","floor":18.0},{"not_picked":[],"picked":"Whirlwind","floor":20.0},{"not_picked":["Heavy Blade"],"picked":"SKIP","floor":21.0},{"not_picked":["Corruption"],"picked":"SKIP","floor":23.0},{"not_picked":[],"picked":"Twin Strike+1","floor":29.0},{"not_picked":["Sever Soul"],"picked":"SKIP","floor":31.0},{"not_picked":[],"picked":"Brutality","floor":33},{"not_picked":["Clothesline"],"picked":"SKIP","floor":35},{"not_picked":["Sever Soul"],"picked":"SKIP","floor":38},{"not_picked":["Searing Blow+1"],"picked":"SKIP","floor":40}],"player_experience":44728,"relics_obtained":[{"floor":6.0,"key":"Lantern"},{"floor":9.0,"key":"Potion Belt"},{"floor":12.0,"key":"Pear"},{"floor":19.0,"key":"Necronomicon"},{"floor":23.0,"key":"MawBank"},{"floor":26.0,"key":"Bronze Scales"},{"floor":31.0,"key":"Omamori"},{"floor":36,"key":"Incense Burner"},{"floor":40,"key":"Centennial Puzzle"}],"event_choices":[{"damage_healed":0.0,"max_hp_gain":0.0,"max_hp_loss":0.0,"gold_gain":0.0,"event_name":"The Woman in Blue","player_choice":"Bought 2 Potions","floor":3.0,"gold_loss":0.0,"damage_taken":0.0},{"damage_healed":0.0,"max_hp_gain":0.0,"max_hp_loss":0.0,"gold_gain":56.0,"event_name":"Golden Wing","player_choice":"Gained Gold","floor":8.0,"gold_loss":0.0,"damage_taken":0.0},{"damage_healed":0.0,"max_hp_gain":0.0,"max_hp_loss":0.0,"gold_gain":0.0,"event_name":"Cursed Tome","player_choice":"Obtained Book","floor":19.0,"gold_loss":0.0,"damage_taken":16.0},{"damage_healed":0.0,"max_hp_gain":0.0,"max_hp_loss":0.0,"gold_gain":0.0,"event_name":"Vampires","player_choice":"Ignored","floor":22.0,"gold_loss":0.0,"damage_taken":0.0},{"damage_healed":0.0,"max_hp_gain":0.0,"max_hp_loss":0.0,"gold_gain":75.0,"event_name":"FaceTrader","player_choice":"Touch","floor":27.0,"gold_loss":0.0,"damage_taken":10.0},{"damage_healed":0,"gold_gain":0,"player_choice":"Fight","damage_taken":0,"max_hp_gain":0,"max_hp_loss":0,"event_name":"MindBloom","floor":36,"gold_loss":0},{"damage_healed":0,"gold_gain":0,"player_choice":"Embrace Madness","damage_taken":13,"max_hp_gain":0,"max_hp_loss":0,"event_name":"Winding Halls","floor":39,"gold_loss":0,"cards_obtained":["Madness","Madness"]}],"is_beta":false,"boss_relics":[{"not_picked":["Runic Dome","Fusion Hammer"],"picked":"Busted Crown"},{"not_picked":["Black Blood","SacredBark"],"picked":"Coffee Dripper"}],"items_purged_floors":[],"is_endless":false,"potions_floor_spawned":[1,4,12,16,18,20,21,31,36,38],"killed_by":"Transient","ascension_level":0}}