{"host":"ve5hox67eka4rdnb","time":1612351918,"event":{"mods":["ATMod(∞¢Ë™Mod)","AchievementEnabler","Act Like it!","BaseMod","Downfall","Gensokyo","Hermit","Koishi","Lobotomy","LobotomyExtend","Marisa£®ÏF”Í°°ƒß¿Ì…≥£©","Minty Spire (QoL Compilation)","Reimu£®≤©¿ˆ¡È√Œ£©","Remilia£®¿Ÿ√◊¿Ú—«£©","Replay The Spire","Shop Mod","StSLib","The Construct","The Cursed","The Servant 0.9.4"],"gold_per_floor":[116,116,41,54,69,102,102,132,157,157,186,198,198,217,217,319,319,330,23,23,23,23,49,49,62,62,87,87,105,123,155,155,257,257,257,257,273,283,303,334,334,362,389,403,155,166,181,215,215,215,215],"floor_reached":52,"language":"ZHS","playtime":2962,"items_purged":["Strike_R","Strike_R"],"score":1200,"play_id":"a9b5f51e-321e-4356-9452-a2c0a189fe32","local_time":"20210203193158","is_ascension_mode":true,"campfire_choices":[{"data":"Havoc","floor":7,"key":"SMITH"},{"data":"Infernal Blade","floor":13,"key":"SMITH"},{"data":"Replay:Undeath\u0027s Touch","floor":15,"key":"SMITH"},{"data":"Replay:Undeath\u0027s Touch","floor":24,"key":"SMITH"},{"data":"AT_CaressingTears","floor":28,"key":"SMITH"},{"data":"Double Tap","floor":32,"key":"SMITH"},{"data":"AT_Dispersion","floor":36,"key":"SMITH"},{"data":"Feel No Pain","floor":41,"key":"SMITH"},{"data":"Hemogenesis","floor":49,"key":"SMITH"}],"circlet_count":0,"master_deck":["Strike_R","Strike_R","Defend_R+1","Defend_R","Defend_R","AT_FamilyPortrait+1","Replay:Undeath\u0027s Touch+1","Replay:Undeath\u0027s Touch+1","Infernal Blade+1","Havoc+1","Offering","Double Tap+1","Blood for Blood","Rupture+1","Delirium","Blood for Blood","AT_CaressingTears+1","AT_Dispersion+1","AT_ShrugMaster+1","Feel No Pain+1","Battle Trance","Combust","Replay:Undeath\u0027s Touch+1","Life Link+1","Hemogenesis+1"],"relics":["AT_ATBox","Replay:Drink Me","LetterFromLob","Bag of Preparation","AT_BellDemon","Vajra","Centennial Puzzle","construct:WeddingRing","AT_ForceNature","Ring of Hypnosis","ReplayTheSpireMod:Ring of Addiction","Toy Ornithopter","White Beast Statue","Charon\u0027s Ashes","Nunchaku","Electric Blood","ReplayTheSpireMod:Ninjato","InkBottle","Replay:Baseball","DollysMirror","Boot"],"acts_visited":["Exordium","TheCity","TheBeyond"],"potions_floor_usage":[6,11,11,16,16,16,16,16,16,16,16,16,16,23,25,25,27,31,33,33,33,39,40,42,44,44,47,48,50],"damage_taken":[{"damage":0.0,"enemies":"2 Louse","floor":1.0,"turns":3.0},{"damage":4,"enemies":"Cultist","floor":4,"turns":3},{"damage":0,"enemies":"Small Slimes","floor":5,"turns":2},{"damage":24,"enemies":"Lagavulin","floor":6,"turns":5},{"damage":12,"enemies":"3 Sentries","floor":8,"turns":7},{"damage":0,"enemies":"Lagavulin","floor":11,"turns":2},{"damage":6,"enemies":"2 Fungi Beasts","floor":12,"turns":1},{"damage":0,"enemies":"Looter","floor":14,"turns":1},{"damage":8,"enemies":"Hexaghost","floor":16,"turns":10},{"damage":6,"enemies":"Shell Parasite","floor":18,"turns":1},{"damage":9,"enemies":"Book of Stabbing","floor":23,"turns":3},{"damage":0,"enemies":"Spheric Guardian","floor":25,"turns":3},{"damage":10,"enemies":"Slavers","floor":27,"turns":2},{"damage":3,"enemies":"Chosen and Byrds","floor":29,"turns":4},{"damage":3,"enemies":"Cultist and Chosen","floor":30,"turns":3},{"damage":9,"enemies":"Replay:Snechameleon","floor":31,"turns":2},{"damage":3,"enemies":"Automaton","floor":33,"turns":3},{"damage":0,"enemies":"3 Darklings","floor":35,"turns":1},{"damage":4,"enemies":"3 Shapes","floor":37,"turns":2},{"damage":6,"enemies":"Writhing Mass","floor":38,"turns":2},{"damage":3,"enemies":"3 Darklings","floor":39,"turns":2},{"damage":1,"enemies":"R_Hoarder","floor":40,"turns":3},{"damage":3,"enemies":"Reptomancer","floor":42,"turns":2},{"damage":0,"enemies":"Spire Growth","floor":44,"turns":2},{"damage":6,"enemies":"4 Shapes","floor":46,"turns":2},{"damage":9,"enemies":"Transient","floor":47,"turns":5},{"damage":4,"enemies":"Nemesis","floor":48,"turns":3},{"damage":6,"enemies":"Awakened One","floor":50,"turns":5}],"seed_played":"-4432688117016254654","potions_obtained":[{"floor":4,"key":"champ:CounterPotion"},{"floor":11,"key":"BlessingOfTheForge"},{"floor":12,"key":"Strength Potion"},{"floor":16,"key":"SteroidPotion"},{"floor":18,"key":"Energy Potion"},{"floor":22,"key":"Fire Potion"},{"floor":22,"key":"DuplicationPotion"},{"floor":23,"key":"ColorlessPotion"},{"floor":25,"key":"Swift Potion"},{"floor":27,"key":"AttackPotion"},{"floor":29,"key":"Death Potion"},{"floor":30,"key":"BlessingOfTheForge"},{"floor":31,"key":"PowerPotion"},{"floor":33,"key":"Dexterity Potion"},{"floor":37,"key":"champ:CounterPotion"},{"floor":38,"key":"PowerPotion"},{"floor":39,"key":"Fire Potion"},{"floor":40,"key":"ZuzhouPotion:ReiMu"},{"floor":42,"key":"Elixir"},{"floor":44,"key":"Toxic Potion"},{"floor":46,"key":"BlessingOfTheForge"},{"floor":47,"key":"Guardian:BlockOnCardUsePotion"},{"floor":48,"key":"Fire Potion"}],"is_trial":false,"path_per_floor":["M","?","$","M","M","E","R","E","T","?","E","M","R","M","R","B",null,"M","$","?","?","?","E","R","M","T","E","R","M","M","E","R","B",null,"M","R","M","M","M","E","R","E","T","M","$","M","M","E","R","B",null,null],"character_chosen":"IRONCLAD","items_purchased":["AT_ForceNature","Rupture+1","DollysMirror"],"campfire_rested":0,"item_purchase_floors":[19,19,45],"current_hp_per_floor":[60,60,60,56,56,35,35,23,23,23,23,17,17,23,23,15,63,57,57,57,57,57,53,53,63,63,57,57,54,51,47,47,58,61,61,61,55,49,55,58,58,59,59,59,59,55,55,55,55,54,54],"gold":215,"neow_bonus":"BOSS_RELIC","is_daily":false,"chose_seed":false,"campfire_upgraded":9,"win_rate":0.0,"timestamp":1612351918,"path_taken":["M","?","?","?","?","E","R","E","T","?","E","M","R","M","R","BOSS","M","$","?","?","?","E","R","M","T","E","R","M","M","E","R","BOSS","M","$","M","M","M","E","R","E","T","M","$","M","M","E","R","BOSS"],"items_purchased_type":["Relic","Card","Relic"],"build_version":"2020-12-22","purchased_purges":2,"victory":true,"max_hp_per_floor":[60,60,60,60,60,63,63,63,63,63,63,63,63,63,63,63,63,63,63,63,63,63,63,63,63,63,63,63,63,63,61,61,61,61,61,61,59,59,59,59,59,59,59,59,59,59,59,59,59,59,59],"card_choices":[{"not_picked":["Thunderclap","Perfected Strike"],"picked":"Replay:Undeath\u0027s Touch","floor":1.0},{"not_picked":["AT_BodySlamDance","Pommel Strike"],"picked":"Replay:Undeath\u0027s Touch","floor":4},{"not_picked":["Heavy Blade","Body Slam"],"picked":"Infernal Blade","floor":5},{"not_picked":["Inflame","Battle Trance"],"picked":"Havoc","floor":6},{"not_picked":["Whirlwind","Power Through","Massacre"],"picked":"SKIP","floor":8},{"not_picked":["Warcry","Headbutt"],"picked":"Offering","floor":11},{"not_picked":["Disarm","Run Through","Shrug It Off"],"picked":"SKIP","floor":12},{"not_picked":["Dual Wield","Iron Wave","Body Slam"],"picked":"SKIP","floor":14},{"not_picked":["Bludgeon","Corruption"],"picked":"Double Tap","floor":16},{"not_picked":["Sword Boomerang+1","Massacre+1"],"picked":"Blood for Blood","floor":18},{"not_picked":["Rampage","Iron Wave+1"],"picked":"Blood for Blood","floor":23},{"not_picked":["Pummel","Clash"],"picked":"AT_CaressingTears","floor":25},{"not_picked":["Twin Strike","AT_DrawKnifeCut","Body Slam+1"],"picked":"SKIP","floor":27},{"not_picked":["Wild Strike","Armaments","Entrench"],"picked":"SKIP","floor":29},{"not_picked":["Cleave+1","Flex","Rage"],"picked":"SKIP","floor":30},{"not_picked":["ReplayTheSpireMod:Corrosion Curse","Evolve","Spot Weakness"],"picked":"SKIP","floor":31},{"not_picked":["Replay:Many Hands","Feed"],"picked":"AT_Dispersion","floor":33},{"not_picked":["Run Through","Havoc","ReplayTheSpireMod:Strike From Hell"],"picked":"SKIP","floor":37},{"not_picked":["Cleave+1","Thunderclap"],"picked":"AT_ShrugMaster+1","floor":38},{"not_picked":["Sword Boomerang+1","Cleave"],"picked":"Feel No Pain","floor":39},{"not_picked":["Disarm","Barricade"],"picked":"Battle Trance","floor":40},{"not_picked":["Pummel","AT_DrawKnifeCut","Hemokinesis+1"],"picked":"SKIP","floor":42},{"not_picked":["Heavy Blade","Evolve+1"],"picked":"Combust","floor":44},{"not_picked":["Sword Boomerang","Pummel","AT_GerminateFire+1"],"picked":"SKIP","floor":46},{"not_picked":["Second Wind","Warcry"],"picked":"Life Link+1","floor":47},{"not_picked":["Armaments+1","Dropkick+1"],"picked":"Hemogenesis","floor":48}],"player_experience":199846,"relics_obtained":[{"floor":1.0,"key":"LetterFromLob"},{"floor":6,"key":"Bag of Preparation"},{"floor":8,"key":"AT_BellDemon"},{"floor":9,"key":"Vajra"},{"floor":11,"key":"Centennial Puzzle"},{"floor":22,"key":"Ring of Hypnosis"},{"floor":22,"key":"ReplayTheSpireMod:Ring of Addiction"},{"floor":22,"key":"Toy Ornithopter"},{"floor":22,"key":"White Beast Statue"},{"floor":23,"key":"Charon\u0027s Ashes"},{"floor":27,"key":"Nunchaku"},{"floor":40,"key":"ReplayTheSpireMod:Ninjato"},{"floor":42,"key":"InkBottle"},{"floor":43,"key":"Replay:Baseball"},{"floor":48,"key":"Boot"}],"event_choices":[{"damage_healed":0.0,"max_hp_gain":0.0,"max_hp_loss":0.0,"gold_gain":0.0,"event_name":"Accursed Blacksmith","player_choice":"Forge","floor":2.0,"gold_loss":0.0,"damage_taken":0.0,"cards_upgraded":["AT_FamilyPortrait"]},{"damage_healed":0,"gold_gain":0,"player_choice":"Ignored","damage_taken":0,"max_hp_gain":0,"max_hp_loss":0,"event_name":"Vampires","floor":20,"gold_loss":0},{"damage_healed":0,"gold_gain":0,"player_choice":"Ignored","damage_taken":0,"max_hp_gain":0,"max_hp_loss":0,"event_name":"Ghosts","floor":21,"gold_loss":0}],"is_beta":false,"boss_relics":[{"not_picked":["Cursed Key","Busted Crown"],"picked":"construct:WeddingRing"},{"not_picked":["Coffee Dripper","Sozu"],"picked":"Electric Blood"}],"items_purged_floors":[3,45],"is_endless":false,"potions_floor_spawned":[4,11,12,14,16,18,23,25,27,29,30,31,33,35,37,38,39,40,42,44,46,47,48],"ascension_level":3}}