{"host":"idjwbq71yrpkph1r","time":1612313001,"event":{"mods":["AchievementEnabler","Alarm Clock","BaseMod","Block Reminder","Colored Powertips","FTL Soundtrack","Minty Spire (QoL Compilation)","Morshu Shopkeeper - ENHANCED","Rare Cards Sparkle","StSLib","everything is the same but u backflip on backflip"],"gold_per_floor":[115,40,115,115,115,115,147,163,163,192,12,45,57,73,73,171,171,188,188,208,228,327,327,343,377,377,409,88,88,88,102,102,201,201,215,234,250,264,264,264,299,299,299,315,315,331,331,351,351,351,351],"floor_reached":50,"language":"ENG","playtime":2660,"items_purged":["Strike_G","Strike_G"],"score":640,"play_id":"27a8fa1c-7b88-46f3-af39-568677941aa4","local_time":"20210203014321","is_ascension_mode":true,"campfire_choices":[{"floor":6,"key":"REST"},{"floor":15,"key":"REST"},{"floor":23,"key":"REST"},{"floor":29,"key":"REST"},{"floor":32,"key":"REST"},{"floor":40,"key":"REST"},{"floor":42,"key":"REST"},{"floor":45,"key":"REST"},{"data":"Bullet Time","floor":49,"key":"SMITH"}],"circlet_count":0,"master_deck":["Defend_G","Defend_G","Defend_G","Survivor","Neutralize","Finisher+1","Deadly Poison+1","Grand Finale+1","Well Laid Plans","Backstab","Terror","Backflip","Acrobatics","Venomology","Corpse Explosion","Dagger Throw","Backstab+1","Acrobatics+1","Well Laid Plans","Concentrate+1","Bullet Time+1"],"relics":["Astrolabe","Omamori","Lizard Tail","Incense Burner","Anchor","Blood Vial","SacredBark","Tiny Chest","Bottled Flame","Ancient Tea Set","PreservedInsect","Runic Pyramid","Smiling Mask","Oddly Smooth Stone","Lantern"],"acts_visited":["Exordium","TheCity","TheBeyond"],"potions_floor_usage":[14,16,16,16,18,21,27,27,31,35,37,44,44,48,50,50],"damage_taken":[{"damage":7,"enemies":"Small Slimes","floor":1,"turns":3},{"damage":10,"enemies":"Lagavulin","floor":7,"turns":4},{"damage":0,"enemies":"2 Louse","floor":8,"turns":2},{"damage":20,"enemies":"3 Sentries","floor":10,"turns":5},{"damage":0,"enemies":"Lagavulin","floor":12,"turns":3},{"damage":0,"enemies":"Jaw Worm","floor":13,"turns":3},{"damage":11,"enemies":"Exordium Thugs","floor":14,"turns":3},{"damage":13,"enemies":"The Guardian","floor":16,"turns":5},{"damage":2,"enemies":"Chosen","floor":18,"turns":4},{"damage":13,"enemies":"3 Byrds","floor":20,"turns":3},{"damage":34,"enemies":"Shelled Parasite and Fungi","floor":21,"turns":5},{"damage":5,"enemies":"Cultist and Chosen","floor":24,"turns":6},{"damage":17,"enemies":"Gremlin Leader","floor":25,"turns":5},{"damage":24,"enemies":"Book of Stabbing","floor":27,"turns":5},{"damage":17,"enemies":"Snecko","floor":31,"turns":5},{"damage":21,"enemies":"Collector","floor":33,"turns":4},{"damage":24,"enemies":"3 Darklings","floor":35,"turns":3},{"damage":11,"enemies":"Orb Walker","floor":36,"turns":3},{"damage":81,"enemies":"Transient","floor":37,"turns":5},{"damage":7,"enemies":"Maw","floor":38,"turns":7},{"damage":37,"enemies":"Nemesis","floor":41,"turns":5},{"damage":6,"enemies":"Writhing Mass","floor":44,"turns":3},{"damage":0,"enemies":"Jaw Worm Horde","floor":46,"turns":2},{"damage":3,"enemies":"3 Darklings","floor":48,"turns":3},{"damage":94,"enemies":"Time Eater","floor":50,"turns":7}],"seed_played":"7840597372068081988","potions_obtained":[{"floor":7,"key":"Explosive Potion"},{"floor":8,"key":"Poison Potion"},{"floor":14,"key":"CultistPotion"},{"floor":16,"key":"SpeedPotion"},{"floor":18,"key":"Energy Potion"},{"floor":44,"key":"Swift Potion"},{"floor":46,"key":"LiquidBronze"},{"floor":48,"key":"ColorlessPotion"}],"is_trial":false,"path_per_floor":["M","$","?","?","?","R","E","M","T","E","$","E","M","M","R","B",null,"M","?","M","M","?","R","M","E","T","E","$","R","?","M","R","B",null,"M","M","M","M","T","R","E","R","T","M","R","M","?","M","R","B"],"character_chosen":"THE_SILENT","items_purchased":["Acrobatics","Anchor","PreservedInsect","Well Laid Plans"],"campfire_rested":8,"item_purchase_floors":[11,11,28,28],"current_hp_per_floor":[63,63,52,52,45,66,56,56,56,36,36,36,38,29,50,39,70,68,68,57,25,25,46,43,28,28,6,6,27,80,63,80,59,80,56,47,40,35,35,59,24,48,48,44,68,70,70,69,69,0,0],"gold":351,"neow_bonus":"BOSS_RELIC","is_daily":false,"chose_seed":false,"campfire_upgraded":1,"win_rate":0.0,"timestamp":1612313001,"path_taken":["M","$","?","?","?","R","E","M","T","E","$","E","M","M","R","BOSS","M","?","?","M","?","R","M","E","T","E","$","R","?","M","R","BOSS","M","M","?","?","?","R","E","R","T","M","R","M","?","M","R","BOSS"],"items_purchased_type":["Card","Relic","Relic","Card"],"build_version":"2020-12-22","purchased_purges":2,"victory":false,"max_hp_per_floor":[70,70,70,70,70,70,70,70,70,70,70,70,70,70,70,70,70,70,70,70,70,70,70,70,70,70,70,70,70,80,80,80,80,80,80,80,80,80,80,80,80,80,80,80,80,80,80,80,80,80,80],"card_choices":[{"not_picked":["Bane","Poisoned Stab"],"picked":"Well Laid Plans","floor":1},{"not_picked":["Slice","Quick Slash"],"picked":"Backstab","floor":7},{"not_picked":["All Out Attack","Quick Slash"],"picked":"Terror","floor":8},{"not_picked":["Prepared","Heel Hook"],"picked":"Backflip","floor":10},{"not_picked":["Flechettes","Masterful Stab","Sucker Punch"],"picked":"SKIP","floor":12},{"not_picked":["Deflect","Outmaneuver"],"picked":"Venomology","floor":13},{"not_picked":["Choke","Blade Dance","Flying Knee"],"picked":"SKIP","floor":14},{"not_picked":["Doppelganger","After Image"],"picked":"Corpse Explosion","floor":16},{"not_picked":["Sucker Punch","Dash","Quick Slash"],"picked":"SKIP","floor":18},{"not_picked":["Dodge and Roll","Sucker Punch"],"picked":"Dagger Throw","floor":20},{"not_picked":["Dodge and Roll","Flying Knee","Endless Agony"],"picked":"SKIP","floor":21},{"not_picked":["Quick Slash","Envenom"],"picked":"Backstab+1","floor":24},{"not_picked":["Underhanded Strike","Blur","Deflect"],"picked":"SKIP","floor":25},{"not_picked":["Underhanded Strike","Blade Dance+1"],"picked":"Acrobatics+1","floor":27},{"not_picked":["Finisher","Dodge and Roll","Blur"],"picked":"SKIP","floor":31},{"not_picked":["Masterful Stab","Crippling Poison","Concentrate"],"picked":"SKIP","floor":35},{"not_picked":["Backflip+1","All Out Attack+1","Slice+1"],"picked":"SKIP","floor":36},{"not_picked":["Cloak And Dagger+1","Poisoned Stab+1","Dagger Throw+1"],"picked":"SKIP","floor":37},{"not_picked":["Prepared","Deflect+1"],"picked":"Concentrate+1","floor":38},{"not_picked":["Skewer+1","Deflect","Catalyst+1"],"picked":"SKIP","floor":41},{"not_picked":["All Out Attack","Terror","Dagger Throw"],"picked":"SKIP","floor":44},{"not_picked":["Dagger Throw","Dodge and Roll+1","Poisoned Stab+1"],"picked":"SKIP","floor":46},{"not_picked":["Noxious Fumes+1","Dagger Spray"],"picked":"Bullet Time","floor":48}],"player_experience":316790,"relics_obtained":[{"floor":7,"key":"Omamori"},{"floor":9,"key":"Lizard Tail"},{"floor":10,"key":"Incense Burner"},{"floor":12,"key":"Blood Vial"},{"floor":25,"key":"Tiny Chest"},{"floor":26,"key":"Bottled Flame"},{"floor":27,"key":"Ancient Tea Set"},{"floor":39,"key":"Smiling Mask"},{"floor":41,"key":"Oddly Smooth Stone"},{"floor":43,"key":"Lantern"}],"event_choices":[{"damage_healed":0,"gold_gain":75,"player_choice":"Gather Gold","damage_taken":11,"max_hp_gain":0,"max_hp_loss":0,"event_name":"World of Goop","floor":3,"gold_loss":0},{"cards_removed":["Defend_G"],"damage_healed":0,"gold_gain":0,"player_choice":"Forget","damage_taken":0,"max_hp_gain":0,"max_hp_loss":0,"event_name":"Living Wall","floor":4,"gold_loss":0},{"cards_removed":["Strike_G"],"damage_healed":0,"gold_gain":0,"player_choice":"Card Removal","damage_taken":7,"max_hp_gain":0,"max_hp_loss":0,"event_name":"Golden Wing","floor":5,"gold_loss":0},{"damage_healed":0,"gold_gain":0,"player_choice":"Copied","damage_taken":0,"max_hp_gain":0,"max_hp_loss":0,"event_name":"Duplicator","floor":19,"gold_loss":0,"cards_obtained":["Grand Finale"]},{"damage_healed":0,"gold_gain":99,"player_choice":"Stole From Cult","damage_taken":0,"max_hp_gain":0,"max_hp_loss":0,"event_name":"Nest","floor":22,"gold_loss":0},{"cards_removed":["Grand Finale"],"damage_healed":43,"gold_gain":0,"player_choice":"Offered Rare","damage_taken":0,"max_hp_gain":10,"max_hp_loss":0,"event_name":"Bonfire Elementals","floor":30,"gold_loss":0},{"damage_healed":0,"gold_gain":0,"player_choice":"Ignored","damage_taken":0,"max_hp_gain":0,"max_hp_loss":0,"event_name":"SecretPortal","floor":47,"gold_loss":0}],"is_beta":false,"boss_relics":[{"not_picked":["Black Star","Empty Cage"],"picked":"SacredBark"},{"not_picked":["WristBlade","Fusion Hammer"],"picked":"Runic Pyramid"}],"items_purged_floors":[2,28],"is_endless":false,"potions_floor_spawned":[7,8,14,16,18,21,38,44,46,48],"killed_by":"Time Eater","ascension_level":2}}