{"host":"AZZAM","time":1612313445,"event":{"mods":["BaseMod","Colored Map","Highlight Path","Minty Spire (QoL Compilation)","Relic Stats","Unceasing Turn Reminder"],"gold_per_floor":[113,129,79,98,98,138,138,173,173,173,192,213,246,246,246,376,376,389,412,412,612,635,635,114,152,152,152,183,133,153,173,173,301,301,325,196,1195,1195,1208,1208,1251,1251,1251,1267,683,721,721,756,756,756,756,756,4,37,37],"floor_reached":56,"language":"ENG","playtime":2429,"items_purged":["Strike_R","Strike_R","Strike_R"],"score":1699,"play_id":"0569a78a-da41-4725-a52e-cd037ea1afb9","local_time":"20210203035045","is_ascension_mode":true,"campfire_choices":[{"data":"Perfected Strike","floor":7.0,"key":"SMITH"},{"data":"Armaments","floor":10.0,"key":"SMITH"},{"data":"Perfected Strike","floor":15.0,"key":"SMITH"},{"data":"Corruption","floor":23.0,"key":"SMITH"},{"data":"Feel No Pain","floor":27.0,"key":"SMITH"},{"floor":32,"key":"REST"},{"data":"Disarm","floor":40,"key":"SMITH"},{"data":"Spot Weakness","floor":42,"key":"SMITH"},{"floor":47,"key":"RECALL"},{"data":"Bash","floor":49,"key":"SMITH"},{"data":"Bludgeon","floor":52,"key":"SMITH"}],"circlet_count":0,"master_deck":["Strike_R","Strike_R","Defend_R","Defend_R+1","Defend_R+1","Bash+1","Armaments+1","Perfected Strike+1","Cleave","Feed","Shockwave","Perfected Strike+1","Corruption+1","Offering","Headbutt","Feel No Pain+1","Disarm","Disarm+1","Spot Weakness+1","Disarm","Barricade","Clothesline+1","Flame Barrier","Bludgeon+1","Burning Pact+1","Metallicize","Flame Barrier+1","Dark Embrace+1","Shockwave","Dark Embrace","Spot Weakness"],"relics":["Runic Dome","Golden Idol","Anchor","Self Forming Clay","Bottled Lightning","Vajra","War Paint","Runic Pyramid","Calipers","OrangePellets","Omamori","Art of War","White Beast Statue","Smiling Mask","Snecko Eye","Blue Candle","Bottled Tornado","Bag of Preparation","CaptainsWheel","Bottled Flame","Paper Frog","ClockworkSouvenir","Pantograph","InkBottle","Toy Ornithopter"],"acts_visited":["TheCity","TheBeyond","TheEnding"],"potions_floor_usage":[33,33,50,50,54,55,55],"damage_taken":[{"damage":2.0,"enemies":"Jaw Worm","floor":1.0,"turns":4.0},{"damage":0.0,"enemies":"2 Louse","floor":2.0,"turns":3.0},{"damage":2.0,"enemies":"Small Slimes","floor":4.0,"turns":3.0},{"damage":10.0,"enemies":"3 Sentries","floor":6.0,"turns":5.0},{"damage":38.0,"enemies":"Lagavulin","floor":8.0,"turns":8.0},{"damage":0.0,"enemies":"Exordium Thugs","floor":11.0,"turns":3.0},{"damage":6.0,"enemies":"2 Fungi Beasts","floor":12.0,"turns":4.0},{"damage":10.0,"enemies":"3 Sentries","floor":13.0,"turns":5.0},{"damage":9.0,"enemies":"Hexaghost","floor":16.0,"turns":7.0},{"damage":7.0,"enemies":"2 Thieves","floor":18.0,"turns":3.0},{"damage":2.0,"enemies":"Chosen","floor":19.0,"turns":3.0},{"damage":13.0,"enemies":"Shelled Parasite and Fungi","floor":22.0,"turns":4.0},{"damage":22.0,"enemies":"Gremlin Leader","floor":25.0,"turns":5.0},{"damage":23.0,"enemies":"Book of Stabbing","floor":28.0,"turns":5.0},{"damage":3,"enemies":"Snecko","floor":30,"turns":4},{"damage":7,"enemies":"Snake Plant","floor":31,"turns":3},{"damage":57,"enemies":"Champ","floor":33,"turns":10},{"damage":0,"enemies":"Orb Walker","floor":35,"turns":3},{"damage":6,"enemies":"3 Darklings","floor":39,"turns":4},{"damage":30,"enemies":"Nemesis","floor":41,"turns":13},{"damage":5,"enemies":"Jaw Worm Horde","floor":44,"turns":4},{"damage":6,"enemies":"Giant Head","floor":46,"turns":6},{"damage":28,"enemies":"Reptomancer","floor":48,"turns":7},{"damage":17,"enemies":"Donu and Deca","floor":50,"turns":12},{"damage":31,"enemies":"Shield and Spear","floor":54,"turns":5},{"damage":6,"enemies":"The Heart","floor":55,"turns":6}],"seed_played":"3143115542061599397","potions_obtained":[{"floor":1.0,"key":"Fire Potion"},{"floor":2.0,"key":"BlessingOfTheForge"},{"floor":4.0,"key":"FearPotion"},{"floor":16.0,"key":"FearPotion"},{"floor":18.0,"key":"EssenceOfSteel"},{"floor":19.0,"key":"DistilledChaos"},{"floor":28,"key":"SteroidPotion"},{"floor":31,"key":"SpeedPotion"},{"floor":33,"key":"Dexterity Potion"},{"floor":35,"key":"SmokeBomb"},{"floor":39,"key":"EntropicBrew"},{"floor":41,"key":"DuplicationPotion"}],"is_trial":false,"path_per_floor":["M","M","?","M","?","E","R","E","T","R","M","M","E","?","R","B",null,"M","M","?","?","M","R","$","E","T","R","E","?","M","M","R","B",null,"M","$","?","?","M","R","E","R","T","M","$","E","R","E","R","B",null,"R","$","E","B",null],"character_chosen":"IRONCLAD","items_purchased":["Feel No Pain","Disarm","OrangePellets","Omamori","Flame Barrier","Metallicize","Bag of Preparation","CaptainsWheel","ClockworkSouvenir","Pantograph","InkBottle","Shockwave","Dark Embrace"],"campfire_rested":1,"item_purchase_floors":[24,24,24,24,36,45,45,45,53,53,53,53,53],"current_hp_per_floor":[78,78,78,76,74,64,64,29,29,29,32,30,23,16,16,11,91,84,86,86,86,76,76,76,58,58,58,39,39,40,37,71,14,114,117,117,117,117,115,115,89,89,89,88,88,85,85,61,61,48,140,140,140,112,137],"gold":37,"neow_bonus":"BOSS_RELIC","is_daily":false,"chose_seed":false,"campfire_upgraded":9,"win_rate":0.0,"timestamp":1612313445,"path_taken":["M","M","?","M","?","E","R","E","T","R","M","M","E","?","R","BOSS","M","M","?","?","?","R","$","E","T","R","E","?","?","M","R","BOSS","M","$","?","?","M","R","E","R","T","?","$","E","R","E","R","BOSS","R","$","E","BOSS"],"items_purchased_type":["Card","Card","Relic","Relic","Card","Card","Relic","Relic","Relic","Relic","Relic","Card","Card"],"build_version":"2020-12-18","purchased_purges":3,"victory":true,"max_hp_per_floor":[80,80,80,80,74,74,74,77,77,77,80,84,87,87,87,91,91,91,95,95,95,98,98,98,102,102,102,106,106,110,114,114,114,114,117,117,117,117,121,121,125,125,125,129,129,132,132,136,136,140,140,140,140,143,143],"relic_stats":{"counters":[26,139],"Golden Idol":216,"Self Forming Clay":[135],"Blue Candle":[0],"Bag of Preparation":[10],"War Paint":["Defend_R","Defend_R"],"Smiling Mask":125,"OrangePellets":[17],"Pantograph":25,"Snecko Eye":[32,34,28,30],"Art of War":[12],"obtain_stats":[{"Calipers":20,"Vajra":13,"Bag of Preparation":45,"Bottled Tornado":41,"Smiling Mask":28,"Burning Blood":0,"ClockworkSouvenir":53,"Pantograph":53,"InkBottle":53,"Runic Pyramid":17,"Paper Frog":48,"Golden Idol":5,"Self Forming Clay":8,"Blue Candle":38,"Omamori":24,"War Paint":14,"White Beast Statue":26,"Runic Dome":0,"OrangePellets":24,"Anchor":6,"CaptainsWheel":45,"Bottled Flame":46,"Snecko Eye":34,"Art of War":25,"Bottled Lightning":9,"Toy Ornithopter":54},{"Calipers":11,"Vajra":8,"Bag of Preparation":21,"Bottled Tornado":20,"Smiling Mask":14,"Burning Blood":0,"ClockworkSouvenir":24,"Pantograph":24,"InkBottle":24,"Runic Pyramid":9,"Paper Frog":23,"Golden Idol":3,"Self Forming Clay":5,"Blue Candle":18,"Omamori":12,"War Paint":8,"White Beast Statue":13,"Runic Dome":0,"OrangePellets":12,"Anchor":4,"CaptainsWheel":21,"Bottled Flame":22,"Snecko Eye":17,"Art of War":13,"Bottled Lightning":5,"Toy Ornithopter":25},{"Calipers":48,"Vajra":35,"Bag of Preparation":103,"Bottled Tornado":99,"Smiling Mask":62,"Burning Blood":0,"ClockworkSouvenir":128,"Pantograph":128,"InkBottle":128,"Runic Pyramid":42,"Paper Frog":116,"Golden Idol":10,"Self Forming Clay":23,"Blue Candle":82,"Omamori":52,"War Paint":35,"White Beast Statue":57,"Runic Dome":0,"OrangePellets":52,"Anchor":15,"CaptainsWheel":103,"Bottled Flame":109,"Snecko Eye":79,"Art of War":57,"Bottled Lightning":23,"Toy Ornithopter":133}],"InkBottle":[6],"Toy Ornithopter":6},"card_choices":[{"not_picked":["Flex","Rage"],"picked":"Armaments","floor":1.0},{"not_picked":["Wild Strike","Armaments"],"picked":"Perfected Strike","floor":2.0},{"not_picked":["Pommel Strike","Iron Wave"],"picked":"Cleave","floor":4.0},{"not_picked":["True Grit","Demon Form"],"picked":"Feed","floor":6.0},{"not_picked":["Reckless Charge","Iron Wave","Searing Blow"],"picked":"SKIP","floor":8.0},{"not_picked":["Rupture","Combust"],"picked":"Shockwave","floor":11.0},{"not_picked":["Thunderclap","Rupture"],"picked":"Perfected Strike","floor":12.0},{"not_picked":["Cleave","Heavy Blade"],"picked":"Corruption","floor":13.0},{"not_picked":["Demon Form","Limit Break"],"picked":"Offering","floor":16.0},{"not_picked":["Heavy Blade","Pommel Strike","Clash"],"picked":"SKIP","floor":18.0},{"not_picked":["Flex","Rampage"],"picked":"Headbutt","floor":19.0},{"not_picked":["Twin Strike","Reckless Charge","Clash+1"],"picked":"SKIP","floor":22.0},{"not_picked":["Pommel Strike","Thunderclap","Havoc"],"picked":"SKIP","floor":25.0},{"not_picked":["Perfected Strike","Havoc+1"],"picked":"Disarm","floor":28},{"not_picked":["Armaments","Pommel Strike+1"],"picked":"Spot Weakness","floor":30},{"not_picked":["Entrench","Perfected Strike"],"picked":"Disarm","floor":31},{"not_picked":["Juggernaut","Demon Form"],"picked":"Barricade","floor":33},{"not_picked":["Clash+1","Reckless Charge"],"picked":"Clothesline+1","floor":35},{"not_picked":["Thunderclap+1","Power Through","Wild Strike+1"],"picked":"SKIP","floor":39},{"not_picked":["Twin Strike","Anger"],"picked":"Bludgeon","floor":41},{"not_picked":["Fire Breathing","Battle Trance"],"picked":"Burning Pact+1","floor":44},{"not_picked":["Headbutt","Sever Soul+1"],"picked":"Flame Barrier+1","floor":46},{"not_picked":["True Grit+1","Shrug It Off+1"],"picked":"Dark Embrace+1","floor":48},{"not_picked":["Clothesline","Rupture"],"picked":"Spot Weakness","floor":54}],"player_experience":80219,"relics_obtained":[{"floor":6.0,"key":"Anchor"},{"floor":8.0,"key":"Self Forming Clay"},{"floor":9.0,"key":"Bottled Lightning"},{"floor":13.0,"key":"Vajra"},{"floor":25.0,"key":"Art of War"},{"floor":26.0,"key":"White Beast Statue"},{"floor":28,"key":"Smiling Mask"},{"floor":41,"key":"Bottled Tornado"},{"floor":46,"key":"Bottled Flame"},{"floor":48,"key":"Paper Frog"},{"floor":54,"key":"Toy Ornithopter"}],"event_choices":[{"cards_removed":["Defend_R"],"damage_healed":0.0,"max_hp_gain":0.0,"max_hp_loss":0.0,"gold_gain":0.0,"event_name":"The Cleric","player_choice":"Card Removal","floor":3.0,"gold_loss":50.0,"damage_taken":0.0},{"damage_healed":0.0,"max_hp_gain":0.0,"max_hp_loss":6.0,"gold_gain":0.0,"event_name":"Golden Idol","player_choice":"Lose Max HP","floor":5.0,"gold_loss":0.0,"damage_taken":0.0,"relics_obtained":["Golden Idol"]},{"damage_healed":0.0,"max_hp_gain":0.0,"max_hp_loss":0.0,"gold_gain":0.0,"event_name":"Scrap Ooze","player_choice":"Success","floor":14.0,"gold_loss":0.0,"damage_taken":7.0,"relics_obtained":["War Paint"]},{"damage_healed":0.0,"max_hp_gain":0.0,"max_hp_loss":0.0,"gold_gain":0.0,"event_name":"The Mausoleum","player_choice":"Opened","floor":20.0,"gold_loss":0.0,"damage_taken":0.0,"relics_obtained":["Calipers"]},{"damage_healed":0.0,"max_hp_gain":0.0,"max_hp_loss":0.0,"gold_gain":200.0,"event_name":"Wheel of Change","player_choice":"Gold","floor":21.0,"gold_loss":0.0,"damage_taken":0.0},{"damage_healed":0,"gold_gain":0,"player_choice":"Bet on Murderer","damage_taken":0,"max_hp_gain":0,"max_hp_loss":0,"event_name":"The Joust","floor":29,"gold_loss":50},{"damage_healed":0,"gold_gain":999,"player_choice":"Gold","damage_taken":0,"max_hp_gain":0,"max_hp_loss":0,"event_name":"MindBloom","floor":37,"gold_loss":0,"cards_obtained":["Normality","Normality"]},{"damage_healed":0,"gold_gain":0,"player_choice":"Gave Potion","damage_taken":0,"relics_obtained":["Blue Candle"],"max_hp_gain":0,"max_hp_loss":0,"event_name":"WeMeetAgain","floor":38,"gold_loss":0}],"is_beta":true,"boss_relics":[{"not_picked":["Sozu","Empty Cage"],"picked":"Runic Pyramid"},{"not_picked":["SacredBark","Tiny House"],"picked":"Snecko Eye"}],"items_purged_floors":[24,36,45],"is_endless":false,"potions_floor_spawned":[1,2,4,16,18,19,28,30,31,33,35,39,41,44,46,48,54],"ascension_level":4}}