{"host":"u1dfzl6o6mfmauc3","time":1612330228,"event":{"mods":["2.2 Compatiblity","AchievementEnabler","BaseMod","Bestiary","Block Reminder","Challenge The Spire","Colored Map","Dark Map","Hermit","Minty Spire (QoL Compilation)","Random Character Button","Rare Cards Sparkle","Relic Stats","Robot Space Explorer","StSLib","The Disciple"],"gold_per_floor":[112,112,112,127,138,138,173,190,190,209,209,225,30,41,41,41,143,143,162,194,194,211,228,228,256,274,274,328,354,387,387,47,47,66,94,94,193,193,205,218,230,240,256,256,291,291,291,364,364,393,393,41,72,72,72,72,72,72,0,27,27,27],"floor_reached":61,"language":"ENG","playtime":3826,"items_purged":["RobotSpaceExplorer:Strike","RobotSpaceExplorer:Strike","RobotSpaceExplorer:Defend"],"score":1112,"play_id":"55181d75-dc5f-4a1c-bcf5-cfd69ddbebe0","local_time":"20210203003028","is_ascension_mode":true,"campfire_choices":[{"data":"RobotSpaceExplorer:Fix","floor":6,"key":"SMITH"},{"floor":11,"key":"REST"},{"data":"RobotSpaceExplorer:ChargingLaser","floor":15,"key":"SMITH"},{"data":"RobotSpaceExplorer:ToxicBomb","floor":16,"key":"SMITH"},{"data":"RobotSpaceExplorer:BlastShield","floor":24,"key":"SMITH"},{"floor":27,"key":"REST"},{"floor":33,"key":"REST"},{"floor":36,"key":"REST"},{"floor":44,"key":"REST"},{"data":"RobotSpaceExplorer:Asteroid","floor":49,"key":"SMITH"},{"floor":54,"key":"RECALL"},{"data":"RobotSpaceExplorer:TrailblazerForm","floor":55,"key":"SMITH"},{"data":"RobotSpaceExplorer:IronShell","floor":58,"key":"SMITH"}],"circlet_count":0,"master_deck":["RobotSpaceExplorer:Strike+1","RobotSpaceExplorer:Defend+1","RobotSpaceExplorer:Defend","RobotSpaceExplorer:Defend","RobotSpaceExplorer:Scan","RobotSpaceExplorer:MiniLasers","RobotSpaceExplorer:IronShell+1","RobotSpaceExplorer:Fix+1","RobotSpaceExplorer:SurgingStrike","RobotSpaceExplorer:ShovelStrike","RobotSpaceExplorer:Pulsar","RobotSpaceExplorer:ScrapToss","RobotSpaceExplorer:ChargingLaser+1","RobotSpaceExplorer:ToxicBomb+1","RobotSpaceExplorer:BlastShield+1","RobotSpaceExplorer:StarDust+1","RobotSpaceExplorer:FrostMissile+1","RobotSpaceExplorer:ExhaustFan","RobotSpaceExplorer:BlastShield+1","RobotSpaceExplorer:StunGrenade","RobotSpaceExplorer:TrailblazerForm+1","RobotSpaceExplorer:Asteroid+1","RobotSpaceExplorer:Blitz","RobotSpaceExplorer:Jetpack"],"relics":["Velvet Choker","RobotSpaceExplorer:PlasmaHourglass","Potion Belt","Vajra","Runic Pyramid","Red Mask","Bag of Preparation","Dream Catcher","Toy Ornithopter","OrangePellets","StrikeDummy","Philosopher\u0027s Stone","Juzu Bracelet","Mercury Hourglass","Frozen Egg 2","Eternal Feather","Art of War","Happy Flower","Orichalcum","Gremlin Horn"],"acts_visited":["Exordium","TheCity","TheBeyond","TheEnding"],"potions_floor_usage":[17,30,35,35,40,40,43,53,61,61],"damage_taken":[{"damage":0,"enemies":"Cultist","floor":1,"turns":4},{"damage":0,"enemies":"Jaw Worm","floor":4,"turns":4},{"damage":0,"enemies":"Small Slimes","floor":5,"turns":3},{"damage":14,"enemies":"Lagavulin","floor":7,"turns":7},{"damage":1,"enemies":"Red Slaver","floor":8,"turns":3},{"damage":1,"enemies":"3 Louse","floor":10,"turns":4},{"damage":13,"enemies":"Blue Slaver","floor":12,"turns":4},{"damage":0,"enemies":"2 Fungi Beasts","floor":14,"turns":3},{"damage":21,"enemies":"Slime Boss","floor":17,"turns":6},{"damage":0,"enemies":"3 Byrds","floor":19,"turns":4},{"damage":14,"enemies":"Masked Bandits","floor":20,"turns":3},{"damage":21,"enemies":"2 Thieves","floor":22,"turns":4},{"damage":6,"enemies":"Shelled Parasite and Fungi","floor":23,"turns":7},{"damage":35,"enemies":"Slavers","floor":25,"turns":6},{"damage":0,"enemies":"Centurion and Healer","floor":26,"turns":4},{"damage":31,"enemies":"Gremlin Leader","floor":30,"turns":9},{"damage":12,"enemies":"3 Cultists","floor":34,"turns":5},{"damage":17,"enemies":"Slavers","floor":35,"turns":4},{"damage":3,"enemies":"Automaton","floor":37,"turns":9},{"damage":9,"enemies":"3 Shapes","floor":39,"turns":4},{"damage":15,"enemies":"3 Darklings","floor":40,"turns":5},{"damage":33,"enemies":"Sphere and 2 Shapes","floor":41,"turns":5},{"damage":15,"enemies":"Transient","floor":42,"turns":5},{"damage":23,"enemies":"Jaw Worm Horde","floor":43,"turns":4},{"damage":0,"enemies":"Giant Head","floor":45,"turns":9},{"damage":10,"enemies":"Nemesis","floor":50,"turns":9},{"damage":21,"enemies":"Giant Head","floor":53,"turns":9},{"damage":23,"enemies":"Awakened One","floor":56,"turns":11},{"damage":63,"enemies":"Shield and Spear","floor":60,"turns":9},{"damage":36,"enemies":"The Heart","floor":61,"turns":6}],"seed_played":"-5333399484370517238","potions_obtained":[{"floor":7,"key":"LiquidBronze"},{"floor":8,"key":"Swift Potion"},{"floor":10,"key":"LiquidBronze"},{"floor":12,"key":"SteroidPotion"},{"floor":25,"key":"SneckoOil"},{"floor":30,"key":"DuplicationPotion"},{"floor":37,"key":"RobotSpaceExplorer:RecyclePotion"},{"floor":41,"key":"RobotSpaceExplorer:RecyclePotion"},{"floor":45,"key":"Ancient Potion"},{"floor":50,"key":"ColorlessPotion"},{"floor":60,"key":"FearPotion"}],"is_trial":false,"path_per_floor":["M","?","T","M","M","R","E","M","T","M","R","M","$","M","R","R","B",null,"M","?","?","M","M","R","E","M","R","T","T","E","?","$","R","M","E","R","B",null,"M","M","M","M","M","R","E","T","T","T","R","E","?","$","E","R","R","B",null,"R","$","E","B"],"character_chosen":"RobotSpaceExplorer","items_purchased":["RobotSpaceExplorer:ChargingLaser","Block Potion","OrangePellets","SkillPotion","RobotSpaceExplorer:StunGrenade","Happy Flower","RobotSpaceExplorer:Blitz","RobotSpaceExplorer:Jetpack"],"campfire_rested":5,"item_purchase_floors":[13,13,32,32,32,52,52,59],"current_hp_per_floor":[68,53,53,53,53,53,45,50,50,55,75,68,68,74,74,74,54,70,75,67,67,52,52,52,23,23,45,45,45,20,20,20,42,36,29,51,54,70,66,67,40,31,13,35,41,41,41,41,53,49,49,49,39,51,63,46,68,75,75,18,0,0],"gold":27,"neow_bonus":"BOSS_RELIC","is_daily":false,"chose_seed":false,"campfire_upgraded":7,"win_rate":0.0,"timestamp":1612330228,"path_taken":["M","?","?","M","M","R","E","M","T","M","R","M","$","M","R","R","BOSS","M","?","?","M","M","R","E","M","R","T","T","E","?","$","R","M","E","R","BOSS","M","M","M","M","M","R","E","?","T","T","R","E","?","$","E","R","R","BOSS","R","$","E","BOSS"],"items_purchased_type":["Card","Potion","Relic","Potion","Card","Relic","Card","Card"],"build_version":"2020-12-22","purchased_purges":3,"victory":false,"max_hp_per_floor":[75,75,75,75,75,75,75,75,75,75,75,75,75,75,75,75,75,75,75,75,75,75,75,75,75,75,75,75,75,75,75,75,75,75,75,75,75,75,75,75,75,75,75,75,75,75,75,75,75,75,75,75,75,75,75,75,75,75,75,75,75,75],"relic_stats":{"Happy Flower":[11],"Gremlin Horn":[0,0],"counters":[30,169],"Eternal Feather":43,"Bag of Preparation":[32],"Juzu Bracelet":0,"Orichalcum":[0],"Mercury Hourglass":[142],"OrangePellets":[5],"Dream Catcher":3,"Art of War":[0],"obtain_stats":[{"Potion Belt":7,"Happy Flower":52,"Gremlin Horn":60,"RobotSpaceExplorer:PlasmaHourglass":3,"Velvet Choker":0,"Vajra":9,"RobotSpaceExplorer:RoboCore":0,"Eternal Feather":48,"Bag of Preparation":25,"Juzu Bracelet":45,"Frozen Egg 2":47,"Orichalcum":53,"Mercury Hourglass":46,"OrangePellets":32,"Dream Catcher":28,"Philosopher\u0027s Stone":38,"Red Mask":20,"Art of War":50,"StrikeDummy":35,"Toy Ornithopter":30,"Runic Pyramid":18},{"Potion Belt":4,"Happy Flower":26,"Gremlin Horn":29,"RobotSpaceExplorer:PlasmaHourglass":1,"Velvet Choker":0,"Vajra":5,"RobotSpaceExplorer:RoboCore":0,"Eternal Feather":25,"Bag of Preparation":14,"Juzu Bracelet":25,"Frozen Egg 2":25,"Orichalcum":27,"Mercury Hourglass":25,"OrangePellets":16,"Dream Catcher":15,"Philosopher\u0027s Stone":19,"Red Mask":11,"Art of War":26,"StrikeDummy":18,"Toy Ornithopter":16,"Runic Pyramid":9},{"Potion Belt":18,"Happy Flower":134,"Gremlin Horn":163,"RobotSpaceExplorer:PlasmaHourglass":4,"Velvet Choker":0,"Vajra":21,"RobotSpaceExplorer:RoboCore":0,"Eternal Feather":125,"Bag of Preparation":62,"Juzu Bracelet":125,"Frozen Egg 2":125,"Orichalcum":143,"Mercury Hourglass":125,"OrangePellets":75,"Dream Catcher":66,"Philosopher\u0027s Stone":93,"Red Mask":45,"Art of War":134,"StrikeDummy":84,"Toy Ornithopter":75,"Runic Pyramid":38}],"Toy Ornithopter":40},"card_choices":[{"not_picked":["RobotSpaceExplorer:GlueShot","RobotSpaceExplorer:ScrapMissile"],"picked":"RobotSpaceExplorer:IronShell","floor":1},{"not_picked":["RobotSpaceExplorer:Smokescreen","RobotSpaceExplorer:ScrapMissile","RobotSpaceExplorer:ImprovisedAttack"],"picked":"SKIP","floor":4},{"not_picked":["RobotSpaceExplorer:Reload","RobotSpaceExplorer:MakeshiftVolley"],"picked":"RobotSpaceExplorer:Fix","floor":5},{"not_picked":["RobotSpaceExplorer:GlueShot","RobotSpaceExplorer:FreezeRay"],"picked":"RobotSpaceExplorer:SurgingStrike","floor":7},{"not_picked":["RobotSpaceExplorer:Explosion","RobotSpaceExplorer:Counterblock"],"picked":"RobotSpaceExplorer:ShovelStrike","floor":8},{"not_picked":["RobotSpaceExplorer:MiniBoosters","RobotSpaceExplorer:Ammunition"],"picked":"RobotSpaceExplorer:Pulsar","floor":10},{"not_picked":["RobotSpaceExplorer:SwiftStep","RobotSpaceExplorer:IronShell"],"picked":"RobotSpaceExplorer:ScrapToss","floor":12},{"not_picked":["RobotSpaceExplorer:ScrapToss","RobotSpaceExplorer:Pulsar"],"picked":"RobotSpaceExplorer:ToxicBomb","floor":14},{"not_picked":["RobotSpaceExplorer:Multitool","RobotSpaceExplorer:Wormhole"],"picked":"RobotSpaceExplorer:BlastShield","floor":17},{"not_picked":["RobotSpaceExplorer:Pulsar","RobotSpaceExplorer:StarLightning"],"picked":"RobotSpaceExplorer:StarDust+1","floor":19},{"not_picked":["RobotSpaceExplorer:FranticSearch","RobotSpaceExplorer:Electroshield"],"picked":"RobotSpaceExplorer:FrostMissile+1","floor":22},{"not_picked":["RobotSpaceExplorer:Reload","RobotSpaceExplorer:SurgingShield"],"picked":"RobotSpaceExplorer:ExhaustFan","floor":23},{"not_picked":["RobotSpaceExplorer:DoubleFind","RobotSpaceExplorer:SwiftStep+1","RobotSpaceExplorer:FranticSearch+1"],"picked":"SKIP","floor":25},{"not_picked":["RobotSpaceExplorer:PowerGlove","RobotSpaceExplorer:ShovelStrike+1","RobotSpaceExplorer:Smokescreen"],"picked":"SKIP","floor":26},{"not_picked":["RobotSpaceExplorer:Autoloader","RobotSpaceExplorer:Fix","RobotSpaceExplorer:FreezeRay"],"picked":"SKIP","floor":30},{"not_picked":["RobotSpaceExplorer:MetalStrike+1","RobotSpaceExplorer:HighVoltage","RobotSpaceExplorer:Electropulse"],"picked":"SKIP","floor":34},{"not_picked":["RobotSpaceExplorer:ShovelStrike","RobotSpaceExplorer:FrostMissile+1","RobotSpaceExplorer:Discharger"],"picked":"SKIP","floor":35},{"not_picked":["RobotSpaceExplorer:Asteroid","RobotSpaceExplorer:Exploration"],"picked":"RobotSpaceExplorer:TrailblazerForm","floor":37},{"not_picked":["RobotSpaceExplorer:MetalStrike+1","RobotSpaceExplorer:Probe+1","RobotSpaceExplorer:Ammunition"],"picked":"SKIP","floor":39},{"not_picked":["RobotSpaceExplorer:ScrapMissile+1","RobotSpaceExplorer:GlueShot+1","RobotSpaceExplorer:Pulsar+1"],"picked":"SKIP","floor":40},{"not_picked":["RobotSpaceExplorer:SelfCleaning+1","RobotSpaceExplorer:ScrapToss"],"picked":"RobotSpaceExplorer:Asteroid","floor":41},{"not_picked":["RobotSpaceExplorer:ShovelStrike+1","RobotSpaceExplorer:MakeshiftVolley","RobotSpaceExplorer:ShockKick+1"],"picked":"SKIP","floor":42},{"not_picked":["RobotSpaceExplorer:GlueShot+1","RobotSpaceExplorer:IronShell","RobotSpaceExplorer:SurgingShield"],"picked":"SKIP","floor":43},{"not_picked":["RobotSpaceExplorer:GlueShot+1","RobotSpaceExplorer:ScrapShield","RobotSpaceExplorer:FranticSearch+1"],"picked":"SKIP","floor":45},{"not_picked":["RobotSpaceExplorer:StunGrenade","RobotSpaceExplorer:MiniDrones","RobotSpaceExplorer:ShockKick"],"picked":"SKIP","floor":50},{"not_picked":["RobotSpaceExplorer:Autoloader+1","RobotSpaceExplorer:JunkDive","RobotSpaceExplorer:Asteroid"],"picked":"SKIP","floor":53},{"not_picked":["RobotSpaceExplorer:ShockKick+1","RobotSpaceExplorer:ScrapMissile+1","RobotSpaceExplorer:SwiftStep+1"],"picked":"SKIP","floor":60}],"player_experience":224925,"relics_obtained":[{"floor":3,"key":"RobotSpaceExplorer:PlasmaHourglass"},{"floor":7,"key":"Potion Belt"},{"floor":9,"key":"Vajra"},{"floor":20,"key":"Red Mask"},{"floor":25,"key":"Bag of Preparation"},{"floor":28,"key":"Dream Catcher"},{"floor":30,"key":"Toy Ornithopter"},{"floor":35,"key":"StrikeDummy"},{"floor":45,"key":"Juzu Bracelet"},{"floor":46,"key":"Mercury Hourglass"},{"floor":47,"key":"Frozen Egg 2"},{"floor":48,"key":"Eternal Feather"},{"floor":50,"key":"Art of War"},{"floor":53,"key":"Orichalcum"},{"floor":60,"key":"Gremlin Horn"}],"event_choices":[{"damage_healed":0,"gold_gain":0,"player_choice":"Entered Light","damage_taken":15,"max_hp_gain":0,"max_hp_loss":0,"event_name":"Shining Light","floor":2,"gold_loss":0,"cards_upgraded":["RobotSpaceExplorer:Strike","RobotSpaceExplorer:Defend"]},{"damage_healed":0,"gold_gain":0,"player_choice":"Fought Bandits","damage_taken":0,"max_hp_gain":0,"max_hp_loss":0,"event_name":"Masked Bandits","floor":20,"gold_loss":0},{"damage_healed":0,"gold_gain":0,"player_choice":"Ignored","damage_taken":0,"max_hp_gain":0,"max_hp_loss":0,"event_name":"Vampires","floor":21,"gold_loss":0},{"damage_healed":0,"gold_gain":0,"player_choice":"Copied","damage_taken":0,"max_hp_gain":0,"max_hp_loss":0,"event_name":"Duplicator","floor":31,"gold_loss":0,"cards_obtained":["RobotSpaceExplorer:BlastShield"]},{"cards_removed":["RobotSpaceExplorer:Strike"],"damage_healed":0,"gold_gain":0,"player_choice":"Removed Attack","damage_taken":0,"max_hp_gain":0,"max_hp_loss":0,"event_name":"Falling","floor":51,"gold_loss":0}],"is_beta":false,"boss_relics":[{"not_picked":["Cursed Key","Pandora\u0027s Box"],"picked":"Runic Pyramid"},{"not_picked":["Black Star","Runic Dome"],"picked":"Philosopher\u0027s Stone"}],"items_purged_floors":[13,32,52],"is_endless":false,"potions_floor_spawned":[7,8,10,12,25,26,30,34,37,41,45,50,60],"killed_by":"The Heart","ascension_level":7}}