{"host":"v4tuy5ykrbdcm9o9","time":1612377304,"event":{"mods":["BaseMod","Duelist Mod","Minty Spire (QoL Compilation)","Replay The Spire","StSLib"],"gold_per_floor":[219,3,20,39,57,91,109,136,161,179,207,221,19,19,19,122,122,138,138,138,157,157,192,192,225,250,285,285,285],"floor_reached":28,"language":"ENG","playtime":2060,"items_purged":[],"score":477,"play_id":"ff283b9a-a72f-4246-83c9-e217c63e1b2e","local_time":"20210203133504","is_ascension_mode":true,"campfire_choices":[{"floor":15,"key":"RECALL"},{"floor":24,"key":"REST"}],"circlet_count":0,"master_deck":["Defend_B","Defend_B","Defend_B","Defend_B","Zap","Dualcast","Barrage","Lockon","Gash","FTL","ReplayTheSpireMod:Repulse","Cold Snap","Coolheaded","Beam Cell","Gash","Pot Of Greed","Pot Of Greed","Reinforced Body","Go for the Eyes","Self Repair+1","Melter","Lockon","Pot Of Greed","Electrodynamics","Sweeping Beam","Bite","Bite","Bite","Bite","Bite","ReplayTheSpireMod:Repulse","Sunder","Melter","Leap","Gash","Pot Of Greed"],"relics":["Cracked Core","Bronze Scales","Iron Hammer","Replay:PocketPolymizer","Grinning Jar","Philosopher\u0027s Stone","Nunchaku","MealTicket","Ancient Tea Set","ReplayTheSpireMod:Lightbulb"],"acts_visited":["Exordium","TheCity"],"potions_floor_usage":[6,12,23],"damage_taken":[{"damage":1,"enemies":"Cultist","floor":1,"turns":3},{"damage":3,"enemies":"2 Louse","floor":3,"turns":2},{"damage":0,"enemies":"Small Slimes","floor":4,"turns":3},{"damage":6,"enemies":"Blue Slaver","floor":5,"turns":3},{"damage":27,"enemies":"Replay:BlueRogue","floor":6,"turns":4},{"damage":2,"enemies":"2 Fungi Beasts","floor":7,"turns":2},{"damage":11,"enemies":"Gremlin Nob","floor":8,"turns":3},{"damage":4,"enemies":"Red Slaver","floor":10,"turns":2},{"damage":3,"enemies":"3 Sentries","floor":11,"turns":4},{"damage":0,"enemies":"Looter","floor":12,"turns":1},{"damage":14,"enemies":"Hexaghost","floor":16,"turns":8},{"damage":8,"enemies":"Shell Parasite","floor":18,"turns":2},{"damage":22,"enemies":"Spheric Guardian","floor":21,"turns":4},{"damage":17,"enemies":"theDuelist:KaibaA2","floor":23,"turns":4},{"damage":32,"enemies":"Gremlin Leader","floor":25,"turns":5},{"damage":41,"enemies":"theDuelist:KaibaA2","floor":27,"turns":5},{"damage":35,"enemies":"Centurion and Healer","floor":28,"turns":3}],"seed_played":"4593838599510846588","potions_obtained":[{"floor":4,"key":"Dexterity Potion"},{"floor":7,"key":"Elixir"},{"floor":10,"key":"FearPotion"},{"floor":11,"key":"Toxic Potion"},{"floor":27,"key":"PotionOfCapacity"}],"is_trial":false,"path_per_floor":["M","$","M","M","M","E","M","E","T","M","E","M","$","?","R","B",null,"M","?","?","M","?","E","R","E","T","E","M"],"character_chosen":"DEFECT","items_purchased":["Bronze Scales","Lockon","Self Repair+1","Melter","Lockon"],"campfire_rested":1,"item_purchase_floors":[2,2,13,13,13],"current_hp_per_floor":[67,67,64,64,58,31,29,18,18,14,11,11,11,16,16,12,63,55,55,46,44,44,41,59,48,48,25,0,0],"gold":285,"neow_bonus":"HUNDRED_GOLD","is_daily":false,"chose_seed":false,"campfire_upgraded":0,"win_rate":0.0,"timestamp":1612377304,"path_taken":["M","?","M","M","M","E","M","E","T","M","E","M","$","?","R","BOSS","M","?","?","M","?","E","R","E","T","E","M"],"items_purchased_type":["Relic","Card","Card","Card","Card"],"build_version":"2020-12-22","purchased_purges":0,"victory":false,"max_hp_per_floor":[75,75,75,75,75,75,75,75,75,75,75,75,75,80,80,80,80,80,56,61,61,61,61,61,61,61,61,61,61],"card_choices":[{"not_picked":["ReplayTheSpireMod:System Scan","BasicCrystalCard"],"picked":"Barrage","floor":1},{"not_picked":["Aggregate","Tempest"],"picked":"Gash","floor":3},{"not_picked":["Reinforced Body","Steam"],"picked":"FTL","floor":4},{"not_picked":["ReplayTheSpireMod:System Scan","Steam Power"],"picked":"ReplayTheSpireMod:Repulse","floor":5},{"not_picked":["Panic Button","Barrage"],"picked":"Cold Snap","floor":6},{"not_picked":["Machine Learning","Steam"],"picked":"Coolheaded","floor":7},{"not_picked":["Barrage","Gash"],"picked":"Beam Cell","floor":8},{"not_picked":["Stack","Beam Cell"],"picked":"Gash","floor":10},{"not_picked":["Reprogram","ReplayTheSpireMod:Reroute Power"],"picked":"Reinforced Body","floor":11},{"not_picked":["Barrage","Stack"],"picked":"Go for the Eyes","floor":12},{"not_picked":["Multi-Cast","Hyperbeam"],"picked":"Electrodynamics","floor":16},{"not_picked":["ReplayTheSpireMod:Calculation Training","Coolheaded"],"picked":"Sweeping Beam","floor":18},{"not_picked":["Turbo","Lockon"],"picked":"ReplayTheSpireMod:Repulse","floor":21},{"not_picked":["Lockon","Chill+1"],"picked":"Melter","floor":23},{"not_picked":["Aggregate","ReplayRNGCard"],"picked":"Leap","floor":25},{"not_picked":["ReplayTheSpireMod:GoodbyeWorld","Sunder"],"picked":"Gash","floor":27}],"player_experience":750314,"relics_obtained":[{"floor":6,"key":"Iron Hammer"},{"floor":8,"key":"Replay:PocketPolymizer"},{"floor":11,"key":"Grinning Jar"},{"floor":23,"key":"Nunchaku"},{"floor":25,"key":"MealTicket"},{"floor":26,"key":"Ancient Tea Set"},{"floor":27,"key":"ReplayTheSpireMod:Lightbulb"}],"event_choices":[{"damage_healed":0,"gold_gain":0,"player_choice":"Donut","damage_taken":0,"max_hp_gain":5,"max_hp_loss":0,"event_name":"Big Fish","floor":14,"gold_loss":0},{"damage_healed":0,"gold_gain":0,"player_choice":"Became a vampire","damage_taken":0,"max_hp_gain":0,"max_hp_loss":24,"event_name":"Vampires","floor":19,"gold_loss":0,"cards_obtained":["Bite","Bite","Bite","Bite","Bite"]},{"damage_healed":0,"gold_gain":0,"player_choice":"Shed Blood","damage_taken":14,"max_hp_gain":5,"max_hp_loss":0,"event_name":"Forgotten Altar","floor":20,"gold_loss":0},{"damage_healed":0,"gold_gain":0,"player_choice":"Read","damage_taken":0,"max_hp_gain":0,"max_hp_loss":0,"event_name":"The Library","floor":22,"gold_loss":0,"cards_obtained":["Sunder"]}],"is_beta":false,"boss_relics":[{"not_picked":["Velvet Choker","Replay:Ancient Bell"],"picked":"Philosopher\u0027s Stone"}],"items_purged_floors":[],"is_endless":false,"potions_floor_spawned":[4,7,10,11,27],"killed_by":"Centurion and Healer","ascension_level":7}}