{"host":"f0gpob8hq9vgebej","time":1612370533,"event":{"mods":["AchievementEnabler","BaseMod","Minty Spire (QoL Compilation)","Quick Restart","SuperFastMode"],"gold_per_floor":[109,109,121,196,121,151,151,177,177,212,231,246,246,262,262,335,335,351,308,308,9,9,9],"floor_reached":22,"language":"KOR","playtime":491,"items_purged":["Strike_R"],"score":424,"play_id":"d1eb3fe5-6114-403c-95f3-23777dc3c5dc","local_time":"20210204014213","is_ascension_mode":true,"campfire_choices":[{"data":"Fire Breathing","floor":13.0,"key":"SMITH"},{"data":"Disarm","floor":15.0,"key":"SMITH"}],"circlet_count":0,"master_deck":["AscendersBane","Strike_R","Strike_R","Strike_R","Defend_R","Defend_R","Defend_R","Bash","Disarm+1","Fire Breathing+1","Whirlwind","Twin Strike","Rampage","Power Through","Wild Strike","Juggernaut","True Grit+1"],"relics":["Burning Blood","NeowsBlessing","Darkstone Periapt","Centennial Puzzle","Pen Nib","Calipers","Black Star","Toolbox"],"acts_visited":["Exordium","TheCity"],"potions_floor_usage":[22,22],"damage_taken":[{"damage":0.0,"enemies":"Small Slimes","floor":1.0,"turns":1.0},{"damage":0.0,"enemies":"Jaw Worm","floor":3.0,"turns":1.0},{"damage":0.0,"enemies":"Lagavulin","floor":6.0,"turns":1.0},{"damage":30.0,"enemies":"3 Sentries","floor":8.0,"turns":4.0},{"damage":27.0,"enemies":"Gremlin Nob","floor":10.0,"turns":4.0},{"damage":8.0,"enemies":"2 Louse","floor":11.0,"turns":2.0},{"damage":8.0,"enemies":"Lots of Slimes","floor":12.0,"turns":2.0},{"damage":3.0,"enemies":"Exordium Wildlife","floor":14.0,"turns":4.0},{"damage":15.0,"enemies":"The Guardian","floor":16.0,"turns":10.0},{"damage":27.0,"enemies":"Shell Parasite","floor":18.0,"turns":6.0},{"damage":35,"enemies":"2 Thieves","floor":19,"turns":5},{"damage":0,"enemies":"Snake Plant","floor":22,"turns":2}],"seed_played":"-4179048142545390848","potions_obtained":[{"floor":1.0,"key":"AttackPotion"},{"floor":7.0,"key":"LiquidBronze"},{"floor":11.0,"key":"PowerPotion"},{"floor":19,"key":"Swift Potion"}],"is_trial":false,"path_per_floor":["M","?","M","?","?","E","?","E","T","E","M","M","R","M","R","B",null,"M","M","?","$","M"],"character_chosen":"IRONCLAD","items_purchased":["Toolbox","Energy Potion"],"campfire_rested":0,"item_purchase_floors":[21,21],"current_hp_per_floor":[74,74,75,64,64,70,70,46,46,25,23,21,21,24,24,15,60,39,10,10,10,10,10],"gold":9,"neow_bonus":"THREE_ENEMY_KILL","is_daily":false,"chose_seed":false,"campfire_upgraded":2,"win_rate":0.0,"timestamp":1612370533,"path_taken":["M","?","M","?","?","E","?","E","T","E","M","M","R","?","R","BOSS","M","M","?","$","M"],"items_purchased_type":["Relic","Potion"],"build_version":"2020-12-22","purchased_purges":1,"victory":false,"max_hp_per_floor":[75,75,75,75,75,75,75,75,75,75,75,75,75,75,75,75,75,75,75,75,75,75,75],"card_choices":[{"not_picked":["Anger","Ghostly Armor"],"picked":"Disarm","floor":1.0},{"not_picked":["Second Wind","Heavy Blade"],"picked":"Fire Breathing","floor":3.0},{"not_picked":["Searing Blow","Thunderclap"],"picked":"Whirlwind","floor":6.0},{"not_picked":["Shockwave","Dropkick"],"picked":"Twin Strike","floor":8.0},{"not_picked":["Havoc","Entrench"],"picked":"Rampage","floor":10.0},{"not_picked":["Perfected Strike","Clash","Iron Wave"],"picked":"SKIP","floor":11.0},{"not_picked":["Sword Boomerang","Perfected Strike"],"picked":"Power Through","floor":12.0},{"not_picked":["Berserk","Hemokinesis"],"picked":"Wild Strike","floor":14.0},{"not_picked":["Bludgeon","Corruption"],"picked":"Juggernaut","floor":16.0},{"not_picked":["Spot Weakness","Whirlwind+1"],"picked":"True Grit+1","floor":18.0},{"not_picked":["Pummel","Armaments","Blood for Blood"],"picked":"SKIP","floor":19}],"player_experience":375617,"relics_obtained":[{"floor":6.0,"key":"Darkstone Periapt"},{"floor":8.0,"key":"Centennial Puzzle"},{"floor":9.0,"key":"Pen Nib"},{"floor":10.0,"key":"Calipers"}],"event_choices":[{"cards_removed":["Strike_R"],"damage_healed":0.0,"max_hp_gain":0.0,"max_hp_loss":0.0,"gold_gain":0.0,"event_name":"Living Wall","player_choice":"Forget","floor":2.0,"gold_loss":0.0,"damage_taken":0.0},{"damage_healed":0.0,"max_hp_gain":0.0,"max_hp_loss":0.0,"gold_gain":75.0,"event_name":"World of Goop","player_choice":"Gather Gold","floor":4.0,"gold_loss":0.0,"damage_taken":11.0},{"cards_removed":["Defend_R"],"damage_healed":0.0,"max_hp_gain":0.0,"max_hp_loss":0.0,"gold_gain":0.0,"event_name":"The Cleric","player_choice":"Card Removal","floor":5.0,"gold_loss":75.0,"damage_taken":0.0},{"damage_healed":0.0,"max_hp_gain":0.0,"max_hp_loss":0.0,"gold_gain":0.0,"event_name":"Lab","player_choice":"Got Potions","floor":7.0,"gold_loss":0.0,"damage_taken":0.0},{"damage_healed":0,"gold_gain":0,"player_choice":"Ignored","damage_taken":0,"max_hp_gain":0,"max_hp_loss":0,"event_name":"The Mausoleum","floor":20,"gold_loss":0}],"is_beta":false,"boss_relics":[{"not_picked":["Fusion Hammer","Ectoplasm"],"picked":"Black Star"}],"items_purged_floors":[21],"is_endless":false,"potions_floor_spawned":[1,8,11,19],"killed_by":"Snake Plant","ascension_level":17}}