{"host":"17xjy7b7ubl548g2","time":1612329148,"event":{"mods":["2.2 Compatiblity","Act Like it!","Aspiration","Astrologer","Bard","BaseMod","Challenge The Spire","ChefMod","Colored Map","Colored Powertips","Conspire","Elementarium","Energized Spire","Gensokyo","GifTheSpireLib","Halation","Hallownest","Hermit","Hubris","Infinite Spire","Jedi Mod","Jorbs\u0027s Wanderer Trilogy","Marisa（霧雨　魔理沙）","Marked Mod","Menagerie","Minty Spire (QoL Compilation)","Permanent Neow","Reliquary","Replay The Spire","Robot Space Explorer","Spicy Shops","Spire Arcade","StSLib","Stuff the Spire","The Blue Laboratory","The Bug Knight","The Construct","The Disciple","The Hayseed","The Hierophant","The Marked","The Runesmith","The Sage","TheFirefly"],"gold_per_floor":[111,11,22,34,34,34,63,74,74,101,120,155,155,186,186,262,262,279,279,279,299,315,315,334,334,334,334,354,369,394,78,78,152,152,171,171,45,73,107,107,135,135,135,162,182,197,197,20,20,20,20],"floor_reached":50,"language":"ENG","playtime":5157,"items_purged":["hubris:Greed"],"score":1377,"play_id":"2582912f-fedf-4267-8459-fbe4947ea9d1","local_time":"20210203001228","daily_mods":["SealedDeck","Heirloom","DeadlyEvents"],"is_ascension_mode":true,"campfire_choices":[{"data":"Sucker Punch","floor":6,"key":"SMITH"},{"data":"Adrenaline","floor":13,"key":"SMITH"},{"data":"Caltrops","floor":15,"key":"SMITH"},{"data":"After Image","floor":23,"key":"SMITH"},{"data":"ReplayTheSpireMod:Tripwire","floor":25,"key":"SMITH"},{"data":"Bouncing Flask","floor":27,"key":"SMITH"},{"floor":32,"key":"REST"},{"data":"Corpse Explosion","floor":40,"key":"SMITH"},{"data":"Bane","floor":42,"key":"SMITH"},{"data":"jedi:pocketpoison","floor":47,"key":"SMITH"},{"floor":49,"key":"REST"}],"circlet_count":0,"master_deck":["AscendersBane","Poisoned Stab","Sucker Punch+1","PiercingWail","jedi:pocketpoison+1","StuffTheSpire:Incantation","Blade Dance","Bane+1","Dodge and Roll","Deflect","Cloak And Dagger","Ghostly+1","Dagger Throw","Deflect","Bouncing Flask+1","Caltrops+1","Adrenaline+1","StuffTheSpire:Repulse","Cloak And Dagger","After Image+1","Blade Dance","ReplayTheSpireMod:Tripwire+1","Dodge and Roll","Caltrops+1","Dodge and Roll","conspire:PoisonWeapons+1","Corpse Explosion+1","All Out Attack+1","Hidden Blade+1","Endless Agony+1","Backflip+1","Deflect+1","Cloak And Dagger+1"],"relics":["Ring of the Snake","hubris:GlazedTorus","jedi:arcanewood","hubris:ToyBattleship","hubris:PeanutButter","Replay:Baseball","Pear","conspire:SpecialSausage","aspiration:StickyExplosives_weak","StuffTheSpire:HistoryBook","jedi:bottledfury","aspiration:AnachronicSnailShell","jedi:rubbersling","Iron Hammer","reliquary:WritOfMandamus","TungstenRod","StuffTheSpire:MayFlowers","infinitespire:Lucky Rock","reliquary:PorcupineQuills","reliquary:FeatherDuster","Toxic Egg 2","reliquary:RadioactivePellet","ReplayTheSpireMod:CursedCoin"],"acts_visited":["Exordium","TheCity","TheBeyond"],"potions_floor_usage":[7,10,14,30,35,38],"damage_taken":[{"damage":0,"enemies":"Small Slimes","floor":1,"turns":3},{"damage":0,"enemies":"Cultist","floor":3,"turns":2},{"damage":0,"enemies":"conspire:RoseBush","floor":4,"turns":3},{"damage":5,"enemies":"Replay:BlueRogue","floor":7,"turns":4},{"damage":2,"enemies":"Exordium Wildlife","floor":8,"turns":3},{"damage":0,"enemies":"Gremlin Nob","floor":10,"turns":2},{"damage":0,"enemies":"Red Slaver","floor":11,"turns":3},{"damage":4,"enemies":"3 Sentries","floor":12,"turns":7},{"damage":0,"enemies":"Lagavulin","floor":14,"turns":4},{"damage":26,"enemies":"Fading Forest","floor":16,"turns":13},{"damage":0,"enemies":"Spheric Guardian","floor":18,"turns":4},{"damage":0,"enemies":"Shell Parasite","floor":21,"turns":3},{"damage":0,"enemies":"conspire:HollyBat","floor":22,"turns":7},{"damage":0,"enemies":"Centurion and Healer","floor":24,"turns":5},{"damage":0,"enemies":"Chosen and Byrds","floor":28,"turns":4},{"damage":16,"enemies":"Slavers","floor":30,"turns":5},{"damage":8,"enemies":"Champ","floor":33,"turns":9},{"damage":0,"enemies":"3 Shapes","floor":35,"turns":2},{"damage":0,"enemies":"Giant Head","floor":38,"turns":7},{"damage":0,"enemies":"R_Hoarder","floor":39,"turns":8},{"damage":4,"enemies":"Reptomancer","floor":41,"turns":4},{"damage":4,"enemies":"R_Hoarder","floor":44,"turns":5},{"damage":6,"enemies":"3 Darklings","floor":45,"turns":2},{"damage":16,"enemies":"Maw","floor":46,"turns":5},{"damage":87,"enemies":"conspire:OrnateMirror","floor":50,"turns":4}],"seed_played":"6378031006645375113","potions_obtained":[{"floor":4,"key":"BlessingOfTheForge"},{"floor":8,"key":"Fire Potion"},{"floor":12,"key":"blueLaboratory:FrostheartPotion"},{"floor":14,"key":"blueLaboratory:ArtistsPotion"},{"floor":21,"key":"blueLaboratory:LouseDecoction"},{"floor":33,"key":"Toxic Potion"},{"floor":35,"key":"Reflective Coating"}],"is_trial":true,"path_per_floor":["M","?","M","M","?","R","E","M","T","E","M","E","R","E","R","B",null,"M","T","AVR","M","M","R","M","R","T","R","M","?","E","$","R","B",null,"M","?","$","E","E","R","E","R","T","E","M","M","R","$","R","B"],"character_chosen":"THE_SILENT","items_purchased":["Iron Hammer","SpeedPotion","TungstenRod","reliquary:RadioactivePellet","Deflect+1","ReplayTheSpireMod:CursedCoin","Cloak And Dagger+1"],"campfire_rested":2,"item_purchase_floors":[31,31,37,48,48,48,48],"current_hp_per_floor":[59,59,59,59,59,59,54,52,52,52,52,48,48,58,58,56,71,71,71,71,71,71,71,71,71,71,71,71,41,25,25,47,39,67,67,67,67,67,73,73,69,69,69,68,62,49,49,49,71,0,0],"gold":20,"neow_bonus":"","is_daily":false,"chose_seed":false,"campfire_upgraded":9,"win_rate":0.0,"timestamp":1612329148,"path_taken":["M","?","M","M","?","R","E","M","T","E","M","E","R","E","R","BOSS","M","?","AVR","M","M","R","M","R","T","R","M","?","?","$","R","BOSS","M","?","$","?","?","R","?","R","T","E","M","M","R","$","R","BOSS"],"items_purchased_type":["Relic","Potion","Relic","Relic","Card","Relic","Card"],"build_version":"2020-12-22","purchased_purges":1,"victory":false,"max_hp_per_floor":[66,66,66,66,66,66,66,66,66,66,66,66,66,76,76,76,76,76,76,76,76,76,76,76,76,76,76,76,76,76,76,76,76,76,76,76,76,76,76,76,76,76,76,76,76,76,76,76,76,76,76],"card_choices":[{"not_picked":["StuffTheSpire:Fury","Blade Dance"],"picked":"Cloak And Dagger","floor":1},{"not_picked":["StuffTheSpire:ClusterCrunch","StuffTheSpire:Injection"],"picked":"Dagger Throw","floor":3},{"not_picked":["Choke","Slice"],"picked":"Deflect","floor":4},{"not_picked":["hubris:Sniper","jedi:pocketpoison"],"picked":"Bouncing Flask","floor":7},{"not_picked":["hubris:SlightOfHand","ReplayTheSpireMod:Shiv Toss"],"picked":"Caltrops","floor":8},{"not_picked":["Flying Knee","ReplayTheSpireMod:Exploit Weakness"],"picked":"Adrenaline","floor":10},{"not_picked":["Backflip","ReplayTheSpireMod:Scrap Shanks"],"picked":"StuffTheSpire:Repulse","floor":11},{"not_picked":["Sneak Up","StuffTheSpire:DoubleShiv"],"picked":"Cloak And Dagger","floor":12},{"not_picked":["Eviscerate","Underhanded Strike","jedi:acidrain"],"picked":"SKIP","floor":14},{"not_picked":["Tools of the Trade","Glass Knife"],"picked":"After Image","floor":16},{"not_picked":["StuffTheSpire:ClusterCrunch","Slice","Hidden Blade"],"picked":"SKIP","floor":18},{"not_picked":["conspire:DoublingDagger+1","StuffTheSpire:BumpUp"],"picked":"Blade Dance","floor":21},{"not_picked":["Tactician","Flying Knee"],"picked":"ReplayTheSpireMod:Tripwire","floor":22},{"not_picked":["Backflip","StuffTheSpire:ClusterCrunch"],"picked":"Dodge and Roll","floor":24},{"not_picked":["Backflip","Deadly Poison"],"picked":"Caltrops+1","floor":28},{"not_picked":["Outmaneuver","Toxin Wave"],"picked":"Dodge and Roll","floor":29},{"not_picked":["Dagger Spray","Toxin Wave"],"picked":"conspire:PoisonWeapons+1","floor":30},{"not_picked":["aspiration:Lunge","Envenom"],"picked":"Corpse Explosion","floor":33},{"not_picked":["Concentrate+1","StuffTheSpire:Injection","ReplayTheSpireMod:The Works+1"],"picked":"SKIP","floor":35},{"not_picked":["Bane","Acrobatics","Expertise"],"picked":"SKIP","floor":38},{"not_picked":["Acrobatics","Choke"],"picked":"All Out Attack+1","floor":39},{"not_picked":["Outmaneuver","Acrobatics","StuffTheSpire:Injection"],"picked":"SKIP","floor":41},{"not_picked":["StuffTheSpire:BrimstoneBlast","Slice+1"],"picked":"Hidden Blade+1","floor":44},{"not_picked":["StuffTheSpire:Python+1","Bane"],"picked":"Endless Agony+1","floor":45},{"not_picked":["Bane","jedi:poisonivy"],"picked":"Backflip+1","floor":46}],"player_experience":2048256,"relics_obtained":[{"floor":7,"key":"jedi:arcanewood"},{"floor":9,"key":"hubris:ToyBattleship"},{"floor":10,"key":"hubris:PeanutButter"},{"floor":12,"key":"Replay:Baseball"},{"floor":14,"key":"Pear"},{"floor":19,"key":"aspiration:StickyExplosives_weak"},{"floor":26,"key":"jedi:bottledfury"},{"floor":29,"key":"aspiration:AnachronicSnailShell"},{"floor":30,"key":"jedi:rubbersling"},{"floor":38,"key":"StuffTheSpire:MayFlowers"},{"floor":39,"key":"infinitespire:Lucky Rock"},{"floor":41,"key":"reliquary:PorcupineQuills"},{"floor":43,"key":"reliquary:FeatherDuster"},{"floor":44,"key":"Toxic Egg 2"}],"event_choices":[{"damage_healed":0,"gold_gain":0,"player_choice":"Argue","damage_taken":0,"max_hp_gain":0,"max_hp_loss":0,"event_name":"conspire:LoneGhost","floor":2,"gold_loss":0},{"damage_healed":0,"gold_gain":0,"player_choice":"Upgraded","damage_taken":0,"max_hp_gain":0,"max_hp_loss":0,"event_name":"Upgrade Shrine","floor":5,"gold_loss":0,"cards_upgraded":["Ghostly"]}],"is_beta":false,"boss_relics":[{"not_picked":["halation:Prosthetics","halation:SmartPhone"],"picked":"conspire:SpecialSausage"},{"not_picked":["energizedSpire:SpiderWeb","Replay:Bronze Core"],"picked":"reliquary:WritOfMandamus"}],"items_purged_floors":[48],"is_endless":false,"potions_floor_spawned":[4,8,12,14,21,33,35],"killed_by":"conspire:OrnateMirror","ascension_level":19}}