{"host":"15dd7v8o90xso62x","time":1612318703,"event":{"mods":["BaseMod","Minty Spire (QoL Compilation)","Quick Restart","StSLib","SuperFastMode"],"gold_per_floor":[109,34,34,34,34,59,75,89,116,116,135,149,149,149],"floor_reached":13,"language":"KOR","playtime":295,"items_purged":["Defend_G"],"score":220,"play_id":"e4b5e7a5-3cc9-4bae-a32a-7696d7fe9fd0","local_time":"20210203111823","is_ascension_mode":true,"campfire_choices":[{"data":"Crippling Poison","floor":10,"key":"SMITH"}],"circlet_count":0,"master_deck":["AscendersBane","Strike_G+1","Strike_G","Strike_G","Strike_G","Strike_G+1","Defend_G","Defend_G","Defend_G","Defend_G","Survivor","Neutralize","Crippling Poison+1","Dagger Throw","Malaise","Calculated Gamble","Dagger Spray","Blade Dance"],"relics":["Ring of the Snake","NeowsBlessing","Centennial Puzzle","Dream Catcher"],"acts_visited":["Exordium"],"potions_floor_usage":[12],"damage_taken":[{"damage":0,"enemies":"2 Louse","floor":1,"turns":1},{"damage":0,"enemies":"3 Sentries","floor":6,"turns":1},{"damage":0,"enemies":"Small Slimes","floor":7,"turns":1},{"damage":1,"enemies":"Jaw Worm","floor":8,"turns":4},{"damage":0,"enemies":"Blue Slaver","floor":11,"turns":5},{"damage":20,"enemies":"Exordium Thugs","floor":12,"turns":4},{"damage":36,"enemies":"Lagavulin","floor":13,"turns":8}],"seed_played":"5848106446964828152","potions_obtained":[{"floor":1,"key":"LiquidMemories"},{"floor":11,"key":"Poison Potion"}],"is_trial":false,"path_per_floor":["M","$","?","?","?","E","M","M","T","R","M","M","E"],"character_chosen":"THE_SILENT","items_purchased":[],"campfire_rested":0,"item_purchase_floors":[],"current_hp_per_floor":[59,59,39,39,61,61,61,60,60,60,60,40,4,4],"gold":149,"neow_bonus":"THREE_ENEMY_KILL","is_daily":false,"chose_seed":false,"campfire_upgraded":1,"win_rate":0.0,"timestamp":1612318703,"path_taken":["M","$","?","?","?","E","M","M","T","R","M","?","E"],"items_purchased_type":[],"build_version":"2020-12-22","purchased_purges":1,"victory":false,"max_hp_per_floor":[66,66,66,66,66,66,66,66,66,66,66,66,66,66],"card_choices":[{"not_picked":["Flechettes","Masterful Stab"],"picked":"Crippling Poison","floor":1},{"not_picked":["Sucker Punch","Escape Plan"],"picked":"Dagger Throw","floor":6},{"not_picked":["Flying Knee","PiercingWail"],"picked":"Malaise","floor":7},{"not_picked":["Choke","Heel Hook"],"picked":"Calculated Gamble","floor":8},{"not_picked":["Quick Slash","Deadly Poison"],"picked":"Dagger Spray","floor":11},{"not_picked":["Calculated Gamble","Predator"],"picked":"Blade Dance","floor":12}],"player_experience":933831,"relics_obtained":[{"floor":6,"key":"Centennial Puzzle"},{"floor":9,"key":"Dream Catcher"}],"event_choices":[{"damage_healed":0,"gold_gain":0,"player_choice":"Entered Light","damage_taken":20,"max_hp_gain":0,"max_hp_loss":0,"event_name":"Shining Light","floor":3,"gold_loss":0,"cards_upgraded":["Strike_G","Strike_G"]},{"damage_healed":0,"gold_gain":0,"player_choice":"Ignored","damage_taken":0,"max_hp_gain":0,"max_hp_loss":0,"event_name":"Liars Game","floor":4,"gold_loss":0},{"damage_healed":22,"gold_gain":0,"player_choice":"Banana","damage_taken":0,"max_hp_gain":0,"max_hp_loss":0,"event_name":"Big Fish","floor":5,"gold_loss":0}],"is_beta":false,"boss_relics":[],"items_purged_floors":[2],"is_endless":false,"potions_floor_spawned":[1,11],"killed_by":"Lagavulin","ascension_level":20}}