{"host":"6drv1qzpbnls60z2","time":1612368577,"event":{"mods":["ATMod(°¢èªMod)","Act Like it!","Arknights","BaseMod","Hallownest","Jedi Mod","Minty Spire (QoL Compilation)","Replay The Spire","Shop Mod","Spicy Shops","StSLib","The Cursed","Uncapped","¡¾ÒÅÎï¿¨ÅÆ¡¿REMEMod","óô»ðÖ¸ÄÏ"],"gold_per_floor":[110,127,202,202,222,31,61,61,61,86,86,121,66,97,97,174,174,191,191,206,256,85,114,114,125,179,36,36,61,61,61,61,61,61],"floor_reached":33,"language":"ZHS","playtime":2271,"items_purged":[],"score":814,"play_id":"8e85ea3b-f7e6-4eaa-aada-6c079ebf64c2","local_time":"20210204000937","daily_mods":["SealedDeck","Flight"],"is_ascension_mode":true,"campfire_choices":[{"data":"ats:Healing Strengthening","floor":8,"key":"SMITH"},{"data":"ats:Assault Order","floor":11,"key":"SMITH"},{"data":"ats:Assault Order","floor":15,"key":"SMITH"},{"data":"ats:Healing Strengthening","floor":24,"key":"SMITH"},{"data":"ats:Part Time Job","floor":28,"key":"SMITH"},{"data":"ats:Phantom","floor":30,"key":"SMITH"},{"data":"ats:Echo Reverb","floor":32,"key":"SMITH"}],"circlet_count":0,"master_deck":["AscendersBane","AT_RealColorLess+1","Escape Plan","ats:Charging Defense","TheCursedMod:Stigma","ats:Assault Order+1","TheCursedMod:WearCloak","TheCursedMod:SurpriseAttack","TheCursedMod:CircleOfFlame","ats:Magnetic Hammer","ats:Powerful Strike","ats:Consecutive Shot Auto","ats:Phantom+1","TheCursedMod:Stigma","ats:Leaping Hammer","ats:Healing Strengthening+1","TheCursedMod:TacticalStrike","ats:Neurotoxin+1","ats:Shell Defense","TheCursedMod:Torture","ats:Assault Order+1","ats:Guard Mode","ats:Absolute Focus","TheCursedMod:SurpriseAttack","ats:Apocalypse","ats:Echo Reverb+1","ats:Healing Strengthening+1","TheCursedMod:Hemoplague+1","ats:Powerful Strike","ats:Part Time Job+1","ats:Apocalypse","ats:Collapsing Strike"],"relics":["ats:Sanity Plus","AT_ATBox","REME_ComplimentaryCards","ats:Originium","TungstenRod","AT_ImmortalShieldbow","ReplayTheSpireMod:Lightbulb","Peace Pipe","Mirror","jedi:shrinkray","jedi:arcanewood","Pet Ghost","Blue Doll","jedi:heavyjacket"],"acts_visited":["Exordium","TheCity"],"potions_floor_usage":[7,7,10,18,29,33,33],"damage_taken":[{"damage":4,"enemies":"Small Slimes","floor":1,"turns":3},{"damage":0,"enemies":"Cultist","floor":2,"turns":3},{"damage":4,"enemies":"Jaw Worm","floor":5,"turns":2},{"damage":12,"enemies":"Lagavulin","floor":7,"turns":4},{"damage":10,"enemies":"3 Sentries","floor":10,"turns":3},{"damage":11,"enemies":"Lagavulin","floor":12,"turns":4},{"damage":19,"enemies":"3 Sentries","floor":14,"turns":7},{"damage":20,"enemies":"Hexaghost","floor":16,"turns":7},{"damage":11,"enemies":"3 Byrds","floor":18,"turns":5},{"damage":32,"enemies":"Shell Parasite","floor":20,"turns":5},{"damage":41,"enemies":"Book of Stabbing","floor":23,"turns":4},{"damage":23,"enemies":"Snake Plant","floor":25,"turns":6},{"damage":78,"enemies":"Gremlin Leader","floor":29,"turns":10},{"damage":90,"enemies":"Collector","floor":33,"turns":5}],"seed_played":"1901770968310446210","potions_obtained":[{"floor":2,"key":"Block Potion"},{"floor":3,"key":"SkillPotion"},{"floor":3,"key":"Swift Potion"},{"floor":7,"key":"DistilledChaos"},{"floor":14,"key":"BlessingOfTheForge"},{"floor":16,"key":"Weak Potion"},{"floor":18,"key":"Dexterity Potion"},{"floor":25,"key":"ColorlessPotion"},{"floor":29,"key":"SpeedPotion"}],"is_trial":true,"path_per_floor":["M","M","?","?","M","R","E","R","T","E","R","E","$","E","R","B",null,"M","?","M","?","$","E","R","M","T","$","R","E","R","?","R","B"],"character_chosen":"DOCTOR_CLASS","items_purchased":["ats:Neurotoxin+1","ats:Shell Defense","TheCursedMod:Torture","TheCursedMod:SurpriseAttack","jedi:arcanewood","ats:Part Time Job","ats:Apocalypse"],"campfire_rested":0,"item_purchase_floors":[6,6,6,13,22,27,27],"current_hp_per_floor":[61,61,33,33,29,29,23,23,23,51,51,49,49,46,46,48,66,71,71,46,46,46,31,31,49,49,49,49,72,72,72,72,0,0],"gold":61,"neow_bonus":"","is_daily":false,"chose_seed":false,"campfire_upgraded":7,"win_rate":0.0,"timestamp":1612368577,"path_taken":["M","M","?","?","M","R","E","R","T","E","R","E","$","E","R","BOSS","M","?","M","?","$","E","R","?","T","?","R","E","R","?","R","BOSS"],"items_purchased_type":["Card","Card","Card","Card","Relic","Card","Card"],"build_version":"2020-12-22","purchased_purges":0,"victory":false,"max_hp_per_floor":[72,72,72,72,72,72,72,72,72,72,72,72,72,72,72,72,72,72,72,72,72,72,72,72,72,72,72,72,72,72,72,72,72,72],"card_choices":[{"not_picked":["TheCursedMod:CircleOfFlame","ats:Soul Absorption"],"picked":"TheCursedMod:Stigma","floor":1},{"not_picked":["ats:Explosion Area Strengthen","TheCursedMod:Wield"],"picked":"ats:Leaping Hammer","floor":2},{"not_picked":["TheCursedMod:CircleOfFlame","ats:Soul Absorption"],"picked":"ats:Healing Strengthening","floor":3},{"not_picked":["TheCursedMod:EmpowerCircles","TheCursedMod:Mangle"],"picked":"TheCursedMod:TacticalStrike","floor":5},{"not_picked":["TheCursedMod:ManaCirculation","ats:Hammer On"],"picked":"ats:Assault Order","floor":7},{"not_picked":["TheCursedMod:Wield","TheCursedMod:ShockAndAwe"],"picked":"ats:Guard Mode","floor":10},{"not_picked":["TheCursedMod:ManaBullet","ats:Flexible Camouflage"],"picked":"ats:Absolute Focus","floor":12},{"not_picked":["ats:Literary Storm","ats:Ignite"],"picked":"ats:Apocalypse","floor":14},{"not_picked":["ats:Rat Pack","TheCursedMod:StunningStrike"],"picked":"ats:Echo Reverb","floor":16},{"not_picked":["ats:Guard Mode","ats:Charging Defense"],"picked":"ats:Healing Strengthening","floor":18},{"not_picked":["TheCursedMod:SurpriseAttack","TheCursedMod:SmokeScreen"],"picked":"TheCursedMod:Hemoplague+1","floor":20},{"not_picked":["ats:Thorns","ats:Beaten Up","TheCursedMod:Evocation"],"picked":"SKIP","floor":23},{"not_picked":["ats:Ignite+1","ats:Flame Of Heaven"],"picked":"ats:Powerful Strike","floor":25},{"not_picked":["ats:Volcano","TheCursedMod:CursedBoomerang+1"],"picked":"ats:Collapsing Strike","floor":29}],"player_experience":174435,"relics_obtained":[{"floor":7,"key":"ats:Originium"},{"floor":7,"key":"TungstenRod"},{"floor":9,"key":"AT_ImmortalShieldbow"},{"floor":10,"key":"ats:Originium"},{"floor":10,"key":"ReplayTheSpireMod:Lightbulb"},{"floor":12,"key":"ats:Originium"},{"floor":12,"key":"Peace Pipe"},{"floor":14,"key":"ats:Originium"},{"floor":14,"key":"Mirror"},{"floor":19,"key":"jedi:shrinkray"},{"floor":23,"key":"ats:Originium"},{"floor":23,"key":"Pet Ghost"},{"floor":26,"key":"Blue Doll"},{"floor":29,"key":"jedi:heavyjacket"}],"event_choices":[{"damage_healed":0,"gold_gain":0,"player_choice":"Upgraded","damage_taken":0,"max_hp_gain":0,"max_hp_loss":0,"event_name":"Upgrade Shrine","floor":4,"gold_loss":0,"cards_upgraded":["AT_RealColorLess"]},{"damage_healed":0,"gold_gain":50,"player_choice":"Stole From Cult","damage_taken":0,"max_hp_gain":0,"max_hp_loss":0,"event_name":"Nest","floor":21,"gold_loss":0}],"is_beta":false,"boss_relics":[{"not_picked":["SlaversCollar","Busted Crown"],"picked":"ats:Sanity Plus"}],"items_purged_floors":[],"is_endless":true,"potions_floor_spawned":[2,5,7,14,16,18,25,29],"killed_by":"Collector","ascension_level":20}}