{"host":"hs5g5f0q56ds4vmn","time":1612357008,"event":{"mods":["AchievementEnabler","BaseMod","DeckTracker","Highlight Path","Minty Spire (QoL Compilation)","SuperFastMode","everything is the same but u backflip on backflip"],"gold_per_floor":[119,138,69,80,255,255,271,145,145,145,159,179,179,195,195,290,290,308,326,190,190,208,208,208],"floor_reached":23,"language":"KOR","playtime":1942,"items_purged":["Strike_G","Strike_G"],"score":222,"play_id":"762b19a6-1ec6-4662-88d3-b6e14ebabd29","local_time":"20210203215648","is_ascension_mode":true,"campfire_choices":[{"data":"Backflip","floor":6.0,"key":"SMITH"},{"data":"Well Laid Plans","floor":13.0,"key":"SMITH"},{"floor":15.0,"key":"REST"}],"circlet_count":0,"master_deck":["Strike_G","Strike_G","Defend_G","Defend_G","Defend_G","Defend_G","Defend_G","Survivor","Neutralize","The Bomb","Caltrops","Prepared","Noxious Fumes","Backflip+1","Doubt","Dodge and Roll","PiercingWail","Well Laid Plans+1","Acrobatics","Grand Finale","Underhanded Strike+1","Tactician"],"relics":["Ring of the Snake","Gambling Chip","Coffee Dripper"],"acts_visited":["Exordium","TheCity"],"potions_floor_usage":[],"damage_taken":[{"damage":4.0,"enemies":"Jaw Worm","floor":1.0,"turns":3.0},{"damage":0.0,"enemies":"2 Louse","floor":2.0,"turns":3.0},{"damage":0.0,"enemies":"Cultist","floor":4.0,"turns":4.0},{"damage":8.0,"enemies":"Blue Slaver","floor":7.0,"turns":3.0},{"damage":9.0,"enemies":"3 Louse","floor":11.0,"turns":3.0},{"damage":13.0,"enemies":"Large Slime","floor":12.0,"turns":4.0},{"damage":10.0,"enemies":"Gremlin Gang","floor":14.0,"turns":3.0},{"damage":29.0,"enemies":"The Guardian","floor":16.0,"turns":12.0},{"damage":2.0,"enemies":"Shell Parasite","floor":18.0,"turns":7.0},{"damage":13.0,"enemies":"Spheric Guardian","floor":19.0,"turns":4.0},{"damage":26,"enemies":"Snake Plant","floor":22,"turns":5},{"damage":25,"enemies":"Slavers","floor":23,"turns":1}],"seed_played":"-3471063958439327026","potions_obtained":[{"floor":7.0,"key":"SkillPotion"},{"floor":14.0,"key":"Block Potion"},{"floor":16.0,"key":"SkillPotion"},{"floor":18.0,"key":"EssenceOfSteel"},{"floor":22,"key":"CunningPotion"}],"is_trial":false,"path_per_floor":["M","M","$","M","?","R","M","$","T","?","M","M","R","M","R","B",null,"M","M","$","?","M","E"],"character_chosen":"THE_SILENT","items_purchased":["Noxious Fumes","Dodge and Roll","Tactician"],"campfire_rested":1,"item_purchase_floors":[3,8,20],"current_hp_per_floor":[59,59,59,59,59,59,51,51,51,44,35,22,22,12,30,1,63,61,48,48,48,22,0,0],"gold":208,"neow_bonus":"RANDOM_COLORLESS_2","is_daily":false,"chose_seed":false,"campfire_upgraded":2,"win_rate":0.0,"timestamp":1612357008,"path_taken":["M","M","$","M","?","R","M","$","T","?","M","M","R","M","R","BOSS","M","M","$","?","M","E"],"items_purchased_type":["Card","Card","Card"],"build_version":"2020-12-22","purchased_purges":2,"victory":false,"max_hp_per_floor":[63,63,63,63,63,63,63,63,63,63,63,63,63,63,63,63,63,63,63,63,63,63,63,63],"card_choices":[{"not_picked":["Secret Technique","Thinking Ahead"],"picked":"The Bomb","floor":0.0},{"not_picked":["Sucker Punch","Bane"],"picked":"Caltrops","floor":1.0},{"not_picked":["Quick Slash","Crippling Poison"],"picked":"Prepared","floor":2.0},{"not_picked":["Dagger Spray","Quick Slash"],"picked":"Backflip","floor":4.0},{"not_picked":["Finisher","Bane","Backflip"],"picked":"SKIP","floor":7.0},{"not_picked":["Infinite Blades","Setup"],"picked":"PiercingWail","floor":11.0},{"not_picked":["Dash","Quick Slash"],"picked":"Well Laid Plans","floor":12.0},{"not_picked":["Bane","A Thousand Cuts"],"picked":"Acrobatics","floor":14.0},{"not_picked":["Wraith Form v2","Corpse Explosion"],"picked":"Grand Finale","floor":16.0},{"not_picked":["Dodge and Roll","Bane"],"picked":"Underhanded Strike+1","floor":18.0},{"not_picked":["Blade Dance","Choke","Prepared"],"picked":"SKIP","floor":19.0},{"not_picked":["Masterful Stab+1","Cloak And Dagger","Sucker Punch"],"picked":"SKIP","floor":22}],"player_experience":562728,"relics_obtained":[{"floor":9.0,"key":"Gambling Chip"}],"event_choices":[{"damage_healed":0.0,"max_hp_gain":0.0,"max_hp_loss":0.0,"gold_gain":175.0,"event_name":"Liars Game","player_choice":"AGREE","floor":5.0,"gold_loss":0.0,"damage_taken":0.0,"cards_obtained":["Doubt"]},{"cards_removed":["Strike_G"],"damage_healed":0.0,"max_hp_gain":0.0,"max_hp_loss":0.0,"gold_gain":0.0,"event_name":"Golden Wing","player_choice":"Card Removal","floor":10.0,"gold_loss":0.0,"damage_taken":7.0},{"damage_healed":0,"gold_gain":0,"player_choice":"Ignored","damage_taken":0,"max_hp_gain":0,"max_hp_loss":0,"event_name":"The Mausoleum","floor":21,"gold_loss":0}],"is_beta":false,"boss_relics":[{"not_picked":["Tiny House","Cursed Key"],"picked":"Coffee Dripper"}],"items_purged_floors":[8,20],"is_endless":false,"potions_floor_spawned":[7,14,16,18,22],"killed_by":"Slavers","ascension_level":4}}