{"host":"kn32u0f2pym5bozc","time":1612317400,"event":{"mods":["2.2 Compatiblity","BaseMod","Better Third Choice","Minty Spire (QoL Compilation)","Permanent Neow","Relic Stats","StSLib","The Animator"],"gold_per_floor":[109,109,109,156,186,229,229,268,268,268,268],"floor_reached":10,"language":"ENG","playtime":413,"items_purged":[],"score":141,"play_id":"8ab138c9-b9af-4e41-85d2-558feb44828f","local_time":"20210202205640","is_ascension_mode":true,"campfire_choices":[{"data":"animator:Berserker","floor":7.0,"key":"SMITH"}],"circlet_count":0,"master_deck":["AscendersBane","animator:Strike_Fate","animator:Strike","animator:Strike","animator:Strike","animator:Defend","animator:Defend","animator:Defend","animator:Alexander","animator:Rider","CurseOfTheBell","animator:YaoHaDucy","animator:Berserker+1","animator:Shizu","animator:Kuribayashi"],"relics":["animator:TheMissingPiece","animator:PurgingStone","Calling Bell","Oddly Smooth Stone","animator:Hoodie","Mango","Golden Idol","MealTicket","Orichalcum","Gremlin Horn"],"acts_visited":["Exordium"],"potions_floor_usage":[10],"damage_taken":[{"damage":18.0,"enemies":"Jaw Worm","floor":1.0,"turns":7.0},{"damage":0.0,"enemies":"2 Louse","floor":5.0,"turns":4.0},{"damage":43.0,"enemies":"Lagavulin","floor":6.0,"turns":7.0},{"damage":2.0,"enemies":"Gremlin Nob","floor":8.0,"turns":3.0},{"damage":37,"enemies":"Lagavulin","floor":10,"turns":7}],"seed_played":"326868033850854164","potions_obtained":[{"floor":1.0,"key":"ColorlessPotion"},{"floor":5.0,"key":"Regen Potion"},{"floor":6.0,"key":"DuplicationPotion"}],"is_trial":false,"path_per_floor":["M","?","?","?","M","E","R","E","T","E"],"character_chosen":"THE_ANIMATOR","items_purchased":[],"campfire_rested":0,"item_purchase_floors":[],"current_hp_per_floor":[50,55,55,55,58,15,15,13,13,0,0],"gold":268,"neow_bonus":"BOSS_RELIC","is_daily":false,"chose_seed":false,"campfire_upgraded":1,"win_rate":0.0,"timestamp":1612317400,"path_taken":["M","?","?","?","M","E","R","E","T","E"],"items_purchased_type":[],"build_version":"2020-12-22","purchased_purges":0,"victory":false,"max_hp_per_floor":[74,79,72,72,75,75,75,75,75,75,75],"relic_stats":{"Gremlin Horn":[0,0],"counters":[5,28],"Golden Idol":21,"MealTicket":0,"Orichalcum":[30],"obtain_stats":[{"Calling Bell":0,"animator:Hoodie":0,"animator:PurgingStone":0,"Gremlin Horn":9,"Golden Idol":3,"animator:TheMissingPiece":0,"Oddly Smooth Stone":0,"Mango":0,"MealTicket":6,"animator:LivingPicture":0,"Orichalcum":8},{"Calling Bell":0,"animator:Hoodie":0,"animator:PurgingStone":0,"Gremlin Horn":4,"Golden Idol":1,"animator:TheMissingPiece":0,"Oddly Smooth Stone":0,"Mango":0,"MealTicket":3,"animator:LivingPicture":0,"Orichalcum":4},{"Calling Bell":0,"animator:Hoodie":0,"animator:PurgingStone":0,"Gremlin Horn":21,"Golden Idol":7,"animator:TheMissingPiece":0,"Oddly Smooth Stone":0,"Mango":0,"MealTicket":18,"animator:LivingPicture":0,"Orichalcum":21}]},"card_choices":[{"not_picked":["animator:ShinjiMatou","animator:ElricEdward"],"picked":"animator:YaoHaDucy","floor":1.0},{"not_picked":["animator:Emonzaemon","animator:Aisha"],"picked":"animator:Berserker","floor":5.0},{"not_picked":["animator:Raven","animator:Mikaela"],"picked":"animator:Shizu","floor":6.0},{"not_picked":["animator:Bozes","animator:Tyuule"],"picked":"animator:Kuribayashi","floor":8.0}],"player_experience":891069,"relics_obtained":[{"floor":0.0,"key":"Oddly Smooth Stone"},{"floor":0.0,"key":"animator:Hoodie"},{"floor":0.0,"key":"Mango"},{"floor":6.0,"key":"MealTicket"},{"floor":8.0,"key":"Orichalcum"},{"floor":9.0,"key":"Gremlin Horn"}],"event_choices":[{"damage_healed":0.0,"max_hp_gain":5.0,"max_hp_loss":0.0,"gold_gain":0.0,"event_name":"Big Fish","player_choice":"Donut","floor":2.0,"gold_loss":0.0,"damage_taken":0.0},{"damage_healed":0.0,"max_hp_gain":0.0,"max_hp_loss":7.0,"gold_gain":0.0,"event_name":"Golden Idol","player_choice":"Lose Max HP","floor":3.0,"gold_loss":0.0,"damage_taken":0.0,"relics_obtained":["Golden Idol"]}],"is_beta":false,"boss_relics":[],"items_purged_floors":[],"is_endless":false,"potions_floor_spawned":[1,5,6],"killed_by":"Lagavulin","ascension_level":18}}