{"host":"anox4050deqdcqoh","time":1612329329,"event":{"mods":["BaseMod","Colored Map","Highlight Path","Minty Spire (QoL Compilation)","Quick Restart","Rare Cards Sparkle","everything is the same but u backflip on backflip"],"gold_per_floor":[111,121,71,71,89,89,14,49,73,89,89,107,117,147,147,242,242,256,256,266,75,90,122,122,122,122,122,134,134,134,134,134,239,239,253,268,268,268,280,308,308,319,370,370,383,383,403,403,403],"floor_reached":48,"language":"ENG","playtime":2835,"items_purged":["Strike_R"],"score":595,"play_id":"7f84a1e1-e262-4ab1-b36f-43c06fed7c92","local_time":"20210203001529","is_ascension_mode":true,"campfire_choices":[{"data":"Sword Boomerang","floor":6.0,"key":"SMITH"},{"floor":11.0,"key":"REST"},{"data":"Armaments","floor":15.0,"key":"SMITH"},{"data":"Barricade","floor":24.0,"key":"SMITH"},{"data":"Searing Blow+1","floor":27.0,"key":"SMITH"},{"floor":29.0,"key":"REST"},{"data":"Entrench","floor":32.0,"key":"SMITH"},{"floor":41.0,"key":"RECALL"},{"data":"Limit Break","floor":44.0,"key":"SMITH"},{"floor":46.0,"key":"REST"}],"circlet_count":0,"master_deck":["Strike_R+1","Defend_R+1","Defend_R+1","Defend_R+1","Bash","Twin Strike","Inflame","Sword Boomerang+1","Anger","Armaments+1","Clothesline","Inflame","Inflame","Barricade+1","Body Slam+1","Power Through+1","Searing Blow+2","RitualDagger","Pummel+1","Pummel","Iron Wave+1","Burning Pact+1","Power Through","Entrench+1","Limit Break+1","CurseOfTheBell","Iron Wave+1","True Grit+1","Sword Boomerang+1","Shrug It Off+1","Bloodletting","Entrench"],"relics":["Burning Blood","Nunchaku","Regal Pillow","Lantern","Torii","Astrolabe","PreservedInsect","Eternal Feather","Gremlin Horn","Calling Bell","Bronze Scales","Shovel","InkBottle","Dream Catcher","Paper Frog"],"acts_visited":["Exordium","TheCity","TheBeyond"],"potions_floor_usage":[],"damage_taken":[{"damage":2.0,"enemies":"2 Louse","floor":1.0,"turns":3.0},{"damage":10.0,"enemies":"Small Slimes","floor":2.0,"turns":4.0},{"damage":7.0,"enemies":"Jaw Worm","floor":5.0,"turns":4.0},{"damage":37.0,"enemies":"3 Sentries","floor":8.0,"turns":6.0},{"damage":1.0,"enemies":"2 Fungi Beasts","floor":10.0,"turns":3.0},{"damage":7.0,"enemies":"Gremlin Gang","floor":12.0,"turns":4.0},{"damage":3.0,"enemies":"Looter","floor":13.0,"turns":3.0},{"damage":17.0,"enemies":"Lagavulin","floor":14.0,"turns":4.0},{"damage":9.0,"enemies":"The Guardian","floor":16.0,"turns":7.0},{"damage":18.0,"enemies":"2 Thieves","floor":18.0,"turns":4.0},{"damage":19.0,"enemies":"Spheric Guardian","floor":20.0,"turns":5.0},{"damage":33.0,"enemies":"Snake Plant","floor":22.0,"turns":4.0},{"damage":7.0,"enemies":"Book of Stabbing","floor":23.0,"turns":6.0},{"damage":28.0,"enemies":"Snecko","floor":28.0,"turns":6.0},{"damage":6.0,"enemies":"Champ","floor":33.0,"turns":14.0},{"damage":9.0,"enemies":"3 Shapes","floor":35.0,"turns":7.0},{"damage":28.0,"enemies":"3 Darklings","floor":36.0,"turns":4.0},{"damage":22.0,"enemies":"Jaw Worm Horde","floor":39.0,"turns":4.0},{"damage":15.0,"enemies":"Reptomancer","floor":40.0,"turns":3.0},{"damage":33.0,"enemies":"Transient","floor":42.0,"turns":5.0},{"damage":30.0,"enemies":"Spire Growth","floor":45.0,"turns":4.0},{"damage":64.0,"enemies":"Writhing Mass","floor":47.0,"turns":7.0},{"damage":26,"enemies":"Jaw Worm Horde","floor":48,"turns":2}],"seed_played":"-6467852939716767801","potions_obtained":[{"floor":5.0,"key":"Weak Potion"},{"floor":10.0,"key":"Swift Potion"},{"floor":13.0,"key":"SteroidPotion"},{"floor":18.0,"key":"CultistPotion"},{"floor":28.0,"key":"AttackPotion"},{"floor":36.0,"key":"GamblersBrew"},{"floor":40.0,"key":"HeartOfIron"},{"floor":42.0,"key":"Regen Potion"}],"is_trial":false,"path_per_floor":["M","M","?","?","M","R","$","E","T","M","R","M","M","E","R","B",null,"M","?","M","$","M","E","R","?","T","R","M","R","?","?","R","B",null,"M","M","?","?","M","E","R","M","T","R","M","R","M","M"],"character_chosen":"IRONCLAD","items_purchased":["Pummel","PreservedInsect"],"campfire_rested":3,"item_purchase_floors":[21,21],"current_hp_per_floor":[80,76,76,60,59,59,59,28,28,33,72,71,74,63,63,60,80,68,62,49,49,22,21,33,33,33,45,23,74,74,74,80,80,80,77,55,55,55,39,30,45,18,18,33,18,75,17,0,0],"gold":403,"neow_bonus":"RANDOM_COMMON_RELIC","is_daily":false,"chose_seed":false,"campfire_upgraded":6,"win_rate":0.0,"timestamp":1612329329,"path_taken":["M","M","?","?","M","R","$","E","T","M","R","M","M","E","R","BOSS","M","?","M","$","M","E","R","?","T","R","M","R","?","?","R","BOSS","M","M","?","?","M","E","R","M","T","R","M","R","M","M"],"items_purchased_type":["Card","Relic"],"build_version":"2020-12-22","purchased_purges":1,"victory":false,"max_hp_per_floor":[80,80,80,80,80,80,80,80,80,80,80,80,80,80,80,80,80,80,80,80,80,80,80,80,80,80,80,80,80,80,80,80,80,80,80,80,80,80,80,80,80,80,80,80,80,80,80,80,80],"card_choices":[{"not_picked":["Sever Soul","Seeing Red"],"picked":"Twin Strike","floor":1.0},{"not_picked":["Armaments","Intimidate"],"picked":"Inflame","floor":2.0},{"not_picked":["Intimidate","Offering"],"picked":"Sword Boomerang","floor":5.0},{"not_picked":["Armaments","Brutality"],"picked":"Anger","floor":8.0},{"not_picked":["Body Slam","Wild Strike"],"picked":"Armaments","floor":10.0},{"not_picked":["Flex","Body Slam"],"picked":"Clothesline","floor":12.0},{"not_picked":["Shockwave","Anger"],"picked":"Inflame","floor":13.0},{"not_picked":["Body Slam","Perfected Strike"],"picked":"Inflame","floor":14.0},{"not_picked":["Impervious","Juggernaut"],"picked":"Barricade","floor":16.0},{"not_picked":["Flex","Clothesline","Dark Embrace"],"picked":"SKIP","floor":18.0},{"not_picked":["Wild Strike","Flex"],"picked":"Pummel+1","floor":20.0},{"not_picked":["Spot Weakness","Havoc+1"],"picked":"Iron Wave+1","floor":22.0},{"not_picked":["Dark Embrace","Perfected Strike"],"picked":"Burning Pact+1","floor":23.0},{"not_picked":["Armaments","Anger"],"picked":"Power Through","floor":28.0},{"not_picked":["Offering","Feed"],"picked":"Limit Break","floor":33.0},{"not_picked":["Whirlwind+1","Anger+1"],"picked":"Iron Wave+1","floor":35.0},{"not_picked":["Shrug It Off","Body Slam","Twin Strike"],"picked":"SKIP","floor":36.0},{"not_picked":["Warcry+1","Whirlwind+1","Rupture+1"],"picked":"SKIP","floor":39.0},{"not_picked":["Infernal Blade","Perfected Strike"],"picked":"True Grit+1","floor":40.0},{"not_picked":["Barricade","True Grit"],"picked":"Sword Boomerang+1","floor":42.0},{"not_picked":["Perfected Strike+1","Reckless Charge"],"picked":"Shrug It Off+1","floor":45.0},{"not_picked":["Havoc+1","Clash+1"],"picked":"Bloodletting","floor":46.0},{"not_picked":["Feed","Armaments+1"],"picked":"Entrench","floor":47.0}],"player_experience":441938,"relics_obtained":[{"floor":8.0,"key":"Regal Pillow"},{"floor":9.0,"key":"Lantern"},{"floor":14.0,"key":"Torii"},{"floor":23.0,"key":"Eternal Feather"},{"floor":26.0,"key":"Gremlin Horn"},{"floor":34.0,"key":"Bronze Scales"},{"floor":34.0,"key":"Shovel"},{"floor":34.0,"key":"InkBottle"},{"floor":40.0,"key":"Paper Frog"}],"event_choices":[{"cards_removed":["Strike_R"],"damage_healed":0.0,"max_hp_gain":0.0,"max_hp_loss":0.0,"gold_gain":0.0,"event_name":"The Cleric","player_choice":"Card Removal","floor":3.0,"gold_loss":50.0,"damage_taken":0.0},{"damage_healed":0.0,"max_hp_gain":0.0,"max_hp_loss":0.0,"gold_gain":0.0,"event_name":"Shining Light","player_choice":"Entered Light","floor":4.0,"gold_loss":0.0,"damage_taken":16.0,"cards_upgraded":["Defend_R","Strike_R"]},{"damage_healed":0.0,"max_hp_gain":0.0,"max_hp_loss":0.0,"gold_gain":0.0,"event_name":"Nest","player_choice":"Joined the Cult","floor":19.0,"gold_loss":0.0,"damage_taken":6.0,"cards_obtained":["RitualDagger"]},{"damage_healed":0.0,"max_hp_gain":0.0,"max_hp_loss":0.0,"gold_gain":0.0,"event_name":"Vampires","player_choice":"Ignored","floor":25.0,"gold_loss":0.0,"damage_taken":0.0},{"damage_healed":0.0,"max_hp_gain":0.0,"max_hp_loss":0.0,"gold_gain":0.0,"event_name":"Back to Basics","player_choice":"Simplicity","floor":30.0,"gold_loss":0.0,"damage_taken":0.0,"cards_upgraded":["Defend_R","Defend_R"]},{"damage_healed":0.0,"max_hp_gain":0.0,"max_hp_loss":0.0,"gold_gain":0.0,"event_name":"The Library","player_choice":"Read","floor":31.0,"gold_loss":0.0,"damage_taken":0.0,"cards_obtained":["Entrench"]},{"damage_healed":0.0,"max_hp_gain":0.0,"max_hp_loss":0.0,"gold_gain":0.0,"event_name":"Mysterious Sphere","player_choice":"Ignored","floor":37.0,"gold_loss":0.0,"damage_taken":0.0},{"damage_healed":0.0,"max_hp_gain":0.0,"max_hp_loss":0.0,"gold_gain":0.0,"event_name":"WeMeetAgain","player_choice":"Gave Potion","floor":38.0,"gold_loss":0.0,"damage_taken":0.0,"relics_obtained":["Dream Catcher"]}],"is_beta":false,"boss_relics":[{"not_picked":["Mark of Pain","Fusion Hammer"],"picked":"Astrolabe"},{"not_picked":["Empty Cage","Snecko Eye"],"picked":"Calling Bell"}],"items_purged_floors":[7],"is_endless":false,"potions_floor_spawned":[5,10,13,16,18,20,28,36,40,42],"killed_by":"Jaw Worm Horde","ascension_level":3}}