{"host":"w8xisjf5mgmfjvmt","time":1612345531,"event":{"mods":["BaseMod","BetterRewards","Challenge The Spire","Conspire","Dota2Spire","Energized Spire","Filter the Spire","Minty Spire (QoL Compilation)","Quarter Circle Forward PUNCH!","Quick Restart","Relic Stats","Replay The Spire","Shop Mod","Spicy Shops","StSLib","¡¾ÒÅÎï¿¨ÅÆ¡¿REMEMod","óô»ðÖ¸ÄÏ"],"gold_per_floor":[115,135,135,146,161,196,210,237,237,250,250,275,119,152,152,250,250,260,277,314,330,330,330,37,69,117,35,63,82,110,184,184,279,279,297,314,401,401,401],"floor_reached":38,"language":"ZHS","playtime":1759,"items_purged":["Replay:Hysterical Blindness","Strike_P"],"score":850,"play_id":"15aed98e-4644-4611-84a0-4bbee9e06bd3","local_time":"20210203174531","is_ascension_mode":true,"campfire_choices":[{"data":"Eruption","floor":15.0,"key":"SMITH"},{"data":"ForeignInfluence","floor":23.0,"key":"SMITH"},{"data":"DevaForm","floor":32.0,"key":"SMITH"}],"circlet_count":0,"master_deck":["Strike_P","Strike_P","Defend_P","Defend_P","Defend_P","Eruption+1","Vigilance","Die Die Die","FlurryOfBlows","Vengeance","ClearTheMind","CrushJoints","Vault+1","WindmillStrike","DevaForm+1","Fasting2+1","ForeignInfluence+1","Steam","WheelKick","ReplayReversal","Impervious+1","Halt","EmptyBody","Whirlwind","EmptyFist","Tantrum","Beam Cell+1","Fasting2+1","Cloak And Dagger","Bandage Up+1","Omniscience","ReplayTheSpireMod:Splinters","White Noise"],"relics":["PureWater","REME_ComplimentaryCards","Dead Branch","Dota2Spire:LotusOrb","Vajra","Frozen Egg 2","Oddly Smooth Stone","PrismaticShard","ReplayTheSpireMod:CursedCoin","Tiny Chest","Snecko Eye","Turnip","Medical Kit","War Paint","conspire:TopHat","Replay:Wax Seal","Dota2Spire:ArcaneBoots","qcfpunch:Green_Leotard","Painkiller Herb","Dota2Spire:Vanguard"],"acts_visited":["Exordium","TheCity","TheBeyond"],"potions_floor_usage":[],"damage_taken":[{"damage":0.0,"enemies":"Cultist","floor":1.0,"turns":2.0},{"damage":0.0,"enemies":"2 Louse","floor":2.0,"turns":1.0},{"damage":0.0,"enemies":"Jaw Worm","floor":4.0,"turns":2.0},{"damage":0.0,"enemies":"Large Slime","floor":5.0,"turns":3.0},{"damage":7.0,"enemies":"3 Sentries","floor":6.0,"turns":7.0},{"damage":0.0,"enemies":"2 Fungi Beasts","floor":7.0,"turns":1.0},{"damage":0.0,"enemies":"Gremlin Nob","floor":8.0,"turns":3.0},{"damage":1.0,"enemies":"Looter","floor":10.0,"turns":2.0},{"damage":0.0,"enemies":"3 Sentries","floor":14.0,"turns":3.0},{"damage":6.0,"enemies":"Hexaghost","floor":16.0,"turns":6.0},{"damage":1.0,"enemies":"Shell Parasite","floor":18.0,"turns":4.0},{"damage":0.0,"enemies":"conspire:FuzzyDice","floor":19.0,"turns":3.0},{"damage":2.0,"enemies":"conspire:MimicChest","floor":20.0,"turns":7.0},{"damage":0.0,"enemies":"Centurion and Healer","floor":21.0,"turns":6.0},{"damage":21.0,"enemies":"conspire:SneckoGhost","floor":25.0,"turns":3.0},{"damage":12.0,"enemies":"Book of Stabbing","floor":28.0,"turns":6.0},{"damage":4.0,"enemies":"Chosen and Byrds","floor":29.0,"turns":5.0},{"damage":6.0,"enemies":"Gremlin Leader","floor":30.0,"turns":3.0},{"damage":8.0,"enemies":"Pondfish","floor":33.0,"turns":6.0},{"damage":8.0,"enemies":"Orb Walker","floor":35.0,"turns":3.0},{"damage":0.0,"enemies":"3 Shapes","floor":36.0,"turns":3.0},{"damage":4,"enemies":"Transient","floor":38,"turns":4}],"seed_played":"-4902616865239514700","potions_obtained":[{"floor":1.0,"key":"SkillPotion"},{"floor":2.0,"key":"Languid Potion"},{"floor":4.0,"key":"Energy Potion"},{"floor":10.0,"key":"Explosive Potion"},{"floor":18.0,"key":"DistilledChaos"},{"floor":19.0,"key":"Toxic Potion"},{"floor":20.0,"key":"PowerPotion"},{"floor":28.0,"key":"ColorlessPotion"}],"is_trial":false,"path_per_floor":["M","M","?","M","M","E","M","E","T","M","?","T","$","E","R","B",null,"M","M","?","M","?","R","$","E","T","$","E","M","E","T","R","B",null,"?","?","?","?"],"character_chosen":"WATCHER","items_purchased":["PrismaticShard","ReplayTheSpireMod:CursedCoin","WheelKick","Tantrum","Medical Kit","Fasting2+1"],"campfire_rested":0,"item_purchase_floors":[13,13,13,24,24,27],"current_hp_per_floor":[47,47,47,47,47,40,40,40,40,39,39,39,39,39,39,33,62,61,61,59,59,59,59,59,38,38,38,26,22,16,16,16,8,56,48,54,54,50,50],"gold":401,"neow_bonus":"ONE_RARE_RELIC","is_daily":false,"chose_seed":false,"campfire_upgraded":3,"win_rate":0.0,"timestamp":1612345531,"path_taken":["M","M","?","M","M","E","M","E","T","M","?","?","$","E","R","BOSS","M","M","?","M","?","R","?","E","T","$","E","M","E","?","R","BOSS","?","?","?","?"],"items_purchased_type":["Relic","Relic","Card","Card","Relic","Card"],"build_version":"2020-12-22","purchased_purges":2,"victory":false,"max_hp_per_floor":[72,72,72,72,72,72,72,72,72,72,72,72,72,72,72,72,72,72,72,72,72,72,72,72,72,72,72,72,72,72,72,72,72,72,72,72,72,72,72],"relic_stats":{"counters":[22,83],"Dead Branch":[89],"Snecko Eye":[87,90,91,110],"Tiny Chest":1,"Turnip":[3],"War Paint":["Vault","Impervious"],"Medical Kit":[2],"obtain_stats":[{"ReplayTheSpireMod:CursedCoin":13,"Dead Branch":0,"Vajra":8,"Oddly Smooth Stone":12,"Painkiller Herb":34,"Dota2Spire:Vanguard":37,"Frozen Egg 2":9,"War Paint":25,"PrismaticShard":13,"Medical Kit":24,"Dota2Spire:LotusOrb":6,"conspire:TopHat":26,"qcfpunch:Green_Leotard":31,"Snecko Eye":17,"Tiny Chest":14,"Turnip":20,"Dota2Spire:ArcaneBoots":30,"PureWater":0,"Replay:Wax Seal":28,"REME_ComplimentaryCards":0},{"ReplayTheSpireMod:CursedCoin":8,"Dead Branch":0,"Vajra":7,"Oddly Smooth Stone":8,"Painkiller Herb":19,"Dota2Spire:Vanguard":21,"Frozen Egg 2":7,"War Paint":15,"PrismaticShard":8,"Medical Kit":14,"Dota2Spire:LotusOrb":5,"conspire:TopHat":15,"qcfpunch:Green_Leotard":18,"Snecko Eye":10,"Tiny Chest":9,"Turnip":13,"Dota2Spire:ArcaneBoots":18,"PureWater":0,"Replay:Wax Seal":16,"REME_ComplimentaryCards":0},{"ReplayTheSpireMod:CursedCoin":21,"Dead Branch":0,"Vajra":19,"Oddly Smooth Stone":21,"Painkiller Herb":73,"Dota2Spire:Vanguard":79,"Frozen Egg 2":19,"War Paint":53,"PrismaticShard":21,"Medical Kit":50,"Dota2Spire:LotusOrb":15,"conspire:TopHat":53,"qcfpunch:Green_Leotard":67,"Snecko Eye":30,"Tiny Chest":24,"Turnip":44,"Dota2Spire:ArcaneBoots":67,"PureWater":0,"Replay:Wax Seal":59,"REME_ComplimentaryCards":0}]},"card_choices":[{"not_picked":["Collect","Pray"],"picked":"FlurryOfBlows","floor":1.0},{"not_picked":["Nirvana","FollowUp"],"picked":"Vengeance","floor":2.0},{"not_picked":["Replay:ManipulateFuture","SignatureMove"],"picked":"ClearTheMind","floor":4.0},{"not_picked":["Pray","SashWhip"],"picked":"CrushJoints","floor":5.0},{"not_picked":["Replay:BluntJabs","DeceiveReality"],"picked":"Vault","floor":6.0},{"not_picked":["Conclude","Consecrate"],"picked":"WindmillStrike","floor":7.0},{"not_picked":["ClearTheMind","EmptyBody"],"picked":"DevaForm","floor":8.0},{"not_picked":["ThirdEye","EmptyBody"],"picked":"Fasting2+1","floor":10.0},{"not_picked":["CarveReality","Bane"],"picked":"ReplayReversal","floor":14.0},{"not_picked":["Exhume","REME_TheLastStrike"],"picked":"Impervious","floor":16.0},{"not_picked":["LikeWater+1","Sucker Punch"],"picked":"Halt","floor":18.0},{"not_picked":["FlurryOfBlows+1","PathToVictory"],"picked":"EmptyBody","floor":19.0},{"not_picked":["Replay:Parry","WaveOfTheHand+1"],"picked":"Whirlwind","floor":20.0},{"not_picked":["Cleave+1","Rupture+1"],"picked":"EmptyFist","floor":21.0},{"not_picked":["Aggregate+1","REME_ShadowStrike"],"picked":"Beam Cell+1","floor":25.0},{"not_picked":["Deadly Poison+1","Redo"],"picked":"Cloak And Dagger","floor":28.0},{"not_picked":["Deadly Poison","Wild Strike","Go for the Eyes"],"picked":"SKIP","floor":29.0},{"not_picked":["ReplayRNGCard","ReplayTheSpireMod:Stacked+1"],"picked":"Bandage Up+1","floor":30.0},{"not_picked":["conspire:Purge","Blasphemy"],"picked":"Omniscience","floor":33.0},{"not_picked":["Concentrate","JustLucky+1","Tempest"],"picked":"SKIP","floor":35.0},{"not_picked":["Twin Strike+1","Combust+1","Sucker Punch"],"picked":"SKIP","floor":36.0},{"not_picked":["ReplayTheSpireMod:Calculation Training","Replay:BluntJabs"],"picked":"White Noise","floor":37.0}],"player_experience":1262719,"relics_obtained":[{"floor":6.0,"key":"Dota2Spire:LotusOrb"},{"floor":8.0,"key":"Vajra"},{"floor":9.0,"key":"Frozen Egg 2"},{"floor":12.0,"key":"Oddly Smooth Stone"},{"floor":14.0,"key":"Tiny Chest"},{"floor":20.0,"key":"Turnip"},{"floor":25.0,"key":"War Paint"},{"floor":26.0,"key":"conspire:TopHat"},{"floor":28.0,"key":"Replay:Wax Seal"},{"floor":30.0,"key":"Dota2Spire:ArcaneBoots"},{"floor":31.0,"key":"qcfpunch:Green_Leotard"},{"floor":37.0,"key":"Dota2Spire:Vanguard"}],"event_choices":[{"damage_healed":0.0,"max_hp_gain":0.0,"max_hp_loss":0.0,"gold_gain":0.0,"event_name":"Liars Game","player_choice":"Ignored","floor":3.0,"gold_loss":0.0,"damage_taken":0.0},{"damage_healed":0.0,"max_hp_gain":0.0,"max_hp_loss":0.0,"gold_gain":0.0,"event_name":"conspire:Investor","player_choice":"Leave","floor":22.0,"gold_loss":0.0,"damage_taken":0.0}],"is_beta":false,"boss_relics":[{"not_picked":["Busted Crown","Empty Cage"],"picked":"Snecko Eye"},{"not_picked":["energizedSpire:DeadBattery","VioletLotus"],"picked":"Painkiller Herb"}],"items_purged_floors":[13,24],"is_endless":false,"potions_floor_spawned":[1,2,4,5,10,14,18,19,20,28],"killed_by":"Transient","ascension_level":6}}