{"host":"r0e4s450fexxrjel","time":1612374835,"event":{"mods":["AchievementEnabler","Act Like it!","Aspiration","BaseMod","Better Third Choice","Clawfect","Colored Map","Conspire","Dota2Spire","Downfall","Energized Spire","Friendly Minions","GifTheSpireLib","Gold Saver","Hubris","Infinite Spire","Minty Spire (QoL Compilation)","Pale of the Ancients","RRrroohrrRGHHhhh!!","Reliquary","Replay The Spire","Shop Mod","StSLib"],"gold_per_floor":[494,494,494,494,449,449,449,449,449,449,449,449,463,478,478,478,478],"floor_reached":16,"language":"DEU","playtime":195,"items_purged":[],"score":115,"play_id":"4a3f7a6b-1b02-4a3e-81b9-6a0683b20f89","local_time":"20210203185355","is_ascension_mode":false,"campfire_choices":[{"data":"Gash","floor":6,"key":"SMITH"},{"data":"Gash","floor":8,"key":"SMITH"},{"data":"Gash","floor":11,"key":"SMITH"},{"data":"Clawfect:ClawingBeam","floor":15,"key":"SMITH"}],"circlet_count":0,"master_deck":["Gash+1","Gash","Gash+1","Gash+1","Gash","Defend_B","Defend_B","Defend_B","Defend_B","Defend_B","Clawfect:ClawingBeam+1"],"relics":["Clawfect:DRClaw","NeowsBlessing"],"acts_visited":["Exordium"],"potions_floor_usage":[14],"damage_taken":[{"damage":0,"enemies":"Cultist","floor":1,"turns":2},{"damage":1,"enemies":"2 Louse","floor":3,"turns":2},{"damage":1,"enemies":"Jaw Worm","floor":4,"turns":2},{"damage":22,"enemies":"Gremlin Gang","floor":13,"turns":5},{"damage":10,"enemies":"2 Fungi Beasts","floor":14,"turns":3},{"damage":46,"enemies":"Hexaghost","floor":16,"turns":5}],"seed_played":"-387822369698113239","potions_obtained":[{"floor":13,"key":"ColorlessPotion"}],"is_trial":false,"path_per_floor":["M","$","M","M","?","R","$","R","T","$","R","?","M","M","R","B"],"character_chosen":"DEFECT","items_purchased":[],"campfire_rested":0,"item_purchase_floors":[],"current_hp_per_floor":[75,75,74,73,73,73,73,73,73,73,73,73,51,41,41,0,0],"gold":478,"neow_bonus":"THREE_ENEMY_KILL","is_daily":false,"chose_seed":false,"campfire_upgraded":4,"win_rate":0.0,"timestamp":1612374835,"path_taken":["M","$","M","?","?","R","$","R","T","$","R","?","M","?","R","BOSS"],"items_purchased_type":[],"build_version":"2020-12-22","purchased_purges":0,"victory":false,"max_hp_per_floor":[75,75,75,75,75,75,75,75,75,75,75,75,75,75,75,75,75],"card_choices":[{"not_picked":["Reboot","FTL","Coolheaded"],"picked":"SKIP","floor":1},{"not_picked":["ReplayTheSpireMod:Dual Polarity","Clawfect:Clawter","Reinforced Body"],"picked":"SKIP","floor":3},{"not_picked":["Clawfect:ClawLightning","Clawfect:ClawAndTear","Conserve Battery"],"picked":"SKIP","floor":4},{"not_picked":["Chill","rorgmod:Fragmentation"],"picked":"Clawfect:ClawingBeam","floor":13},{"not_picked":["rorgmod:Steady Aim","Core Surge","Lockon"],"picked":"SKIP","floor":14}],"player_experience":80116,"relics_obtained":[],"event_choices":[{"damage_healed":0,"gold_gain":0,"player_choice":"Left","damage_taken":0,"max_hp_gain":0,"max_hp_loss":0,"event_name":"betterThird:BetterGoop","floor":5,"gold_loss":45},{"damage_healed":0,"gold_gain":0,"player_choice":"Bought 0 Potions","damage_taken":0,"max_hp_gain":0,"max_hp_loss":0,"event_name":"The Woman in Blue","floor":12,"gold_loss":0}],"is_beta":false,"boss_relics":[],"items_purged_floors":[],"is_endless":false,"potions_floor_spawned":[1,13],"killed_by":"Hexaghost","ascension_level":0}}