{"host":"iejw1f7ltal95128","time":1612313380,"event":{"mods":["2.2 Compatiblity","AchievementEnabler","Act Like it!","BaseMod","Bestiary","Better Note","Better Sensory Stone","Better Third Choice","BetterRewards","Booster Modes","Card Forge","Colored Powertips","Energized Spire","Gremlin Skip","Minty Spire (QoL Compilation)","Pale of the Ancients","Permanent Neow","Relic Sorter","Replay The Spire","Shop Mod","StSLib","Unknown Chances","UnlockEverythingMod"],"gold_per_floor":[110,129,54,78,94,120,120,140,140,152,152,152],"floor_reached":11,"language":"ENG","playtime":606,"items_purged":["Strike_G"],"score":146,"play_id":"3238521c-8812-4240-b482-cf8e244ba034","local_time":"20210202204940","is_ascension_mode":true,"campfire_choices":[{"floor":7,"key":"REST"}],"circlet_count":0,"master_deck":["AscendersBane","Strike_G","Strike_G","Strike_G","Strike_G","Defend_G","Defend_G","Defend_G","Defend_G","Defend_G","Survivor","Neutralize","Backflip","Doppelganger","Deadly Poison","Reflex","Caltrops"],"relics":["Hammer of Thor","Seething Fire","Anvil of the Gods","energizedSpire:MagnifyingGlass","Pondfish Scales","Mummified Hand","Blood Vial"],"acts_visited":["Exordium"],"potions_floor_usage":[6,11],"damage_taken":[{"damage":3,"enemies":"2 Louse","floor":1,"turns":3},{"damage":4,"enemies":"Small Slimes","floor":5,"turns":8},{"damage":23,"enemies":"Lagavulin","floor":6,"turns":9},{"damage":9,"enemies":"Cultist","floor":8,"turns":5},{"damage":1,"enemies":"Exordium Wildlife","floor":10,"turns":6},{"damage":57,"enemies":"Gremlin Nob","floor":11,"turns":4}],"seed_played":"1966437503374705737","potions_obtained":[{"floor":5,"key":"Strength Potion"},{"floor":6,"key":"GamblersBrew"}],"is_trial":false,"path_per_floor":["M","?","$","T","M","E","R","M","T","M","E"],"character_chosen":"THE_SILENT","items_purchased":[],"campfire_rested":1,"item_purchase_floors":[],"current_hp_per_floor":[56,56,56,56,52,29,48,39,39,40,0,0],"gold":152,"neow_bonus":"BOSS_RELIC","is_daily":false,"chose_seed":false,"campfire_upgraded":0,"win_rate":0.0,"timestamp":1612313380,"path_taken":["M","?","?","?","M","E","R","?","T","M","E"],"items_purchased_type":[],"build_version":"2020-12-22","purchased_purges":1,"victory":false,"max_hp_per_floor":[66,66,66,66,66,66,66,66,66,66,66,66],"card_choices":[{"not_picked":["Dagger Spray","Replay:Poison Smokescreen"],"picked":"Backflip","floor":1},{"not_picked":["Prepared","ReplayTheSpireMod:Shiv Toss"],"picked":"Doppelganger","floor":2},{"not_picked":["Cloak And Dagger","Tactician"],"picked":"Deadly Poison","floor":5},{"not_picked":["Slice","Sneak Up"],"picked":"Reflex","floor":6},{"not_picked":["Footwork","Quick Slash"],"picked":"Caltrops","floor":8},{"not_picked":["Deadly Poison","Backflip","Cloak And Dagger"],"picked":"SKIP","floor":10}],"player_experience":439581,"relics_obtained":[{"floor":2,"key":"Pondfish Scales"},{"floor":6,"key":"Mummified Hand"},{"floor":9,"key":"Blood Vial"}],"event_choices":[],"is_beta":false,"boss_relics":[],"items_purged_floors":[3],"is_endless":false,"potions_floor_spawned":[5,6],"killed_by":"Gremlin Nob","ascension_level":20}}