{"host":"kda2p2afd6bvz6qo","time":1612395231,"event":{"mods":["BaseMod","Colored Map","Minty Spire (QoL Compilation)","Relic Stats"],"gold_per_floor":[115,132,5,24,24,57,57,57,82,107,125,160,6,22,22,117,117,128,128,147,167,92,92,92],"floor_reached":23,"language":"ENG","playtime":1143,"items_purged":["Regret"],"score":232,"play_id":"e1f22476-f30c-44e2-b489-7caf5ba5d1e5","local_time":"20210203233351","is_ascension_mode":true,"campfire_choices":[{"floor":7,"key":"REST"},{"floor":15,"key":"REST"}],"circlet_count":0,"master_deck":["Defend_B","Defend_B","Defend_B","Defend_B","Zap","Dualcast","Defragment","Recycle","Defragment","Go for the Eyes","Defragment","Turbo","Meteor Strike","Tempest","Capacitor","Conserve Battery","Electrodynamics","Capacitor+1","Conserve Battery+1","Fusion+1","Ball Lightning+1","Redo+1","Storm"],"relics":["Runic Pyramid","Potion Belt","Omamori","WarpedTongs","Nunchaku","Bottled Lightning","Peace Pipe","Astrolabe"],"acts_visited":["Exordium","TheCity"],"potions_floor_usage":[14,20,23],"damage_taken":[{"damage":0,"enemies":"Cultist","floor":1,"turns":4},{"damage":0,"enemies":"Small Slimes","floor":2,"turns":3},{"damage":1,"enemies":"2 Louse","floor":4,"turns":3},{"damage":45,"enemies":"Gremlin Nob","floor":6,"turns":5},{"damage":11,"enemies":"Lagavulin","floor":10,"turns":7},{"damage":5,"enemies":"2 Fungi Beasts","floor":11,"turns":3},{"damage":19,"enemies":"Gremlin Nob","floor":12,"turns":4},{"damage":9,"enemies":"Blue Slaver","floor":14,"turns":2},{"damage":10,"enemies":"Hexaghost","floor":16,"turns":8},{"damage":6,"enemies":"Spheric Guardian","floor":18,"turns":4},{"damage":12,"enemies":"2 Thieves","floor":20,"turns":4},{"damage":29,"enemies":"Snake Plant","floor":21,"turns":5},{"damage":37,"enemies":"Book of Stabbing","floor":23,"turns":3}],"seed_played":"8276622510472475855","potions_obtained":[{"floor":6,"key":"DistilledChaos"},{"floor":10,"key":"ColorlessPotion"},{"floor":11,"key":"FearPotion"},{"floor":12,"key":"Explosive Potion"}],"is_trial":false,"path_per_floor":["M","M","$","M","?","E","R","?","T","E","M","E","$","M","R","B",null,"M","?","M","M","?","E"],"character_chosen":"DEFECT","items_purchased":["Defragment","Go for the Eyes","Capacitor"],"campfire_rested":2,"item_purchase_floors":[3,3,13],"current_hp_per_floor":[75,75,75,74,74,29,51,51,51,40,35,16,16,7,29,19,75,69,69,57,28,28,0,0],"gold":92,"neow_bonus":"BOSS_RELIC","is_daily":false,"chose_seed":false,"campfire_upgraded":0,"win_rate":0.0,"timestamp":1612395231,"path_taken":["M","M","$","M","?","E","R","?","T","E","M","E","$","M","R","BOSS","M","?","M","M","?","E"],"items_purchased_type":["Card","Card","Card"],"build_version":"2020-12-22","purchased_purges":1,"victory":false,"max_hp_per_floor":[75,75,75,75,75,75,75,75,75,75,75,75,75,75,75,75,75,75,75,75,75,75,75,75],"relic_stats":{"Peace Pipe":0,"Nunchaku":[4],"counters":[13,55],"Astrolabe":["Capacitor","Conserve Battery","Fusion"],"obtain_stats":[{"Potion Belt":5,"Peace Pipe":12,"Nunchaku":9,"Astrolabe":17,"Omamori":6,"Bottled Lightning":10,"Cracked Core":0,"Runic Pyramid":0,"WarpedTongs":8},{"Potion Belt":3,"Peace Pipe":7,"Nunchaku":4,"Astrolabe":9,"Omamori":4,"Bottled Lightning":5,"Cracked Core":0,"Runic Pyramid":0,"WarpedTongs":4},{"Potion Belt":10,"Peace Pipe":29,"Nunchaku":15,"Astrolabe":39,"Omamori":15,"Bottled Lightning":22,"Cracked Core":0,"Runic Pyramid":0,"WarpedTongs":15}],"WarpedTongs":[40]},"card_choices":[{"not_picked":["Barrage","Rebound"],"picked":"Defragment","floor":1},{"not_picked":["Storm","Undo"],"picked":"Recycle","floor":2},{"not_picked":["Redo","Gash","Blizzard"],"picked":"SKIP","floor":4},{"not_picked":["Redo","Storm"],"picked":"Defragment","floor":6},{"not_picked":["Compile Driver","Hello World"],"picked":"Turbo","floor":10},{"not_picked":["Leap","Go for the Eyes"],"picked":"Meteor Strike","floor":11},{"not_picked":["Stack","Hello World"],"picked":"Tempest","floor":12},{"not_picked":["BootSequence","Compile Driver"],"picked":"Conserve Battery","floor":14},{"not_picked":["Rainbow","Hyperbeam"],"picked":"Electrodynamics","floor":16},{"not_picked":["Chaos","Compile Driver"],"picked":"Ball Lightning+1","floor":18},{"not_picked":["Ball Lightning+1","Darkness"],"picked":"Redo+1","floor":20},{"not_picked":["Recycle","Go for the Eyes+1"],"picked":"Storm","floor":21}],"player_experience":200675,"relics_obtained":[{"floor":6,"key":"Omamori"},{"floor":9,"key":"Nunchaku"},{"floor":10,"key":"Bottled Lightning"},{"floor":12,"key":"Peace Pipe"}],"event_choices":[{"damage_healed":0,"gold_gain":0,"player_choice":"Box","damage_taken":0,"relics_obtained":["Potion Belt"],"max_hp_gain":0,"max_hp_loss":0,"event_name":"Big Fish","floor":5,"gold_loss":0,"cards_obtained":["Regret"]},{"damage_healed":0,"gold_gain":0,"player_choice":"Rummage","damage_taken":0,"relics_obtained":["WarpedTongs"],"max_hp_gain":0,"max_hp_loss":0,"event_name":"Accursed Blacksmith","floor":8,"gold_loss":0,"cards_obtained":["Pain"]},{"damage_healed":0,"gold_gain":0,"player_choice":"Ignored","damage_taken":0,"max_hp_gain":0,"max_hp_loss":0,"event_name":"Ghosts","floor":19,"gold_loss":0},{"cards_removed":["Strike_B"],"damage_healed":0,"gold_gain":0,"player_choice":"Gave Gold","damage_taken":0,"max_hp_gain":0,"max_hp_loss":0,"event_name":"Beggar","floor":22,"gold_loss":75}],"is_beta":false,"boss_relics":[{"not_picked":["Busted Crown","Calling Bell"],"picked":"Astrolabe"}],"items_purged_floors":[13],"is_endless":false,"potions_floor_spawned":[6,10,11,12],"killed_by":"Book of Stabbing","ascension_level":2}}