{"host":"sp1f3sybb350mzsh","time":1612323357,"event":{"mods":["AchievementEnabler","BaseMod","Bestiary","Colored Map","Colored Powertips","Filter the Spire","Minty Spire (QoL Compilation)","Puzzle Mod","Relic Stats","StSLib"],"gold_per_floor":[15,29,29,48,48,48,73,73,73,109,109,134,178,193,193,312,312,335,260,17,17,17,17,37,37,37,37,55,88,88,123,123,246,246,265,283,308,59,0,43,43,87,114,135,148,148,227,243,243,243,243,243,10,46,46],"floor_reached":56,"language":"ENG","playtime":2709,"items_purged":["Strike_G","Strike_G"],"score":1379,"play_id":"da5ef57d-bce2-465e-a7d5-11250a7b0f07","local_time":"20210202213557","is_ascension_mode":true,"campfire_choices":[{"data":"1","floor":6.0,"key":"LIFT"},{"data":"2","floor":8.0,"key":"LIFT"},{"data":"3","floor":15.0,"key":"LIFT"},{"data":"Blade Dance","floor":23.0,"key":"SMITH"},{"data":"Footwork","floor":25.0,"key":"SMITH"},{"data":"Phantasmal Killer","floor":27.0,"key":"SMITH"},{"data":"PiercingWail","floor":30.0,"key":"SMITH"},{"data":"Outmaneuver","floor":32,"key":"SMITH"},{"data":"Glass Knife","floor":41,"key":"SMITH"},{"floor":46,"key":"RECALL"},{"data":"Adrenaline","floor":49,"key":"SMITH"},{"data":"Backflip","floor":52,"key":"SMITH"}],"circlet_count":0,"master_deck":["Strike_G","Defend_G","Defend_G","Defend_G","Defend_G","Defend_G+1","Survivor","Neutralize","Predator","Slice","Infinite Blades","Deflect","Adrenaline+1","Blur","Dagger Spray","Backflip+1","PiercingWail+1","Backstab","Phantasmal Killer+1","Terror","Poisoned Stab+1","Blade Dance+1","Catalyst","Footwork+1","Prepared","Outmaneuver+1","Choke+1","Backflip+1","Glass Knife+1","PiercingWail+1","Outmaneuver+1","Burst","Blade Dance","All Out Attack+1","Prepared+1","Accuracy","Escape Plan+1"],"relics":["Ring of the Snake","Girya","Golden Idol","Letter Opener","Ninja Scroll","Prayer Wheel","Du-Vu Doll","Sozu","Pen Nib","Darkstone Periapt","Bag of Preparation","Kunai","Busted Crown","Oddly Smooth Stone","Red Mask","War Paint","StrikeDummy","Snake Skull","HornCleat","OrangePellets","Pear"],"acts_visited":["Exordium","TheCity","TheBeyond","TheEnding"],"potions_floor_usage":[33,54],"damage_taken":[{"damage":2.0,"enemies":"Jaw Worm","floor":1.0,"turns":6.0},{"damage":0.0,"enemies":"Small Slimes","floor":2.0,"turns":3.0},{"damage":2.0,"enemies":"2 Louse","floor":4.0,"turns":3.0},{"damage":4.0,"enemies":"Exordium Wildlife","floor":7.0,"turns":4.0},{"damage":21.0,"enemies":"Gremlin Nob","floor":10.0,"turns":5.0},{"damage":1.0,"enemies":"Looter","floor":12.0,"turns":2.0},{"damage":0.0,"enemies":"3 Sentries","floor":13.0,"turns":3.0},{"damage":0.0,"enemies":"Large Slime","floor":14.0,"turns":3.0},{"damage":16.0,"enemies":"Hexaghost","floor":16.0,"turns":10.0},{"damage":1.0,"enemies":"Shell Parasite","floor":18.0,"turns":2.0},{"damage":0.0,"enemies":"3 Byrds","floor":24.0,"turns":3.0},{"damage":0.0,"enemies":"Snake Plant","floor":28.0,"turns":2.0},{"damage":0.0,"enemies":"Book of Stabbing","floor":29.0,"turns":4.0},{"damage":5,"enemies":"Slavers","floor":31,"turns":4},{"damage":28,"enemies":"Collector","floor":33,"turns":8},{"damage":0,"enemies":"Orb Walker","floor":35,"turns":1},{"damage":0,"enemies":"3 Shapes","floor":36,"turns":1},{"damage":0,"enemies":"Giant Head","floor":40,"turns":6},{"damage":0,"enemies":"Reptomancer","floor":42,"turns":6},{"damage":0,"enemies":"Transient","floor":44,"turns":5},{"damage":0,"enemies":"Writhing Mass","floor":45,"turns":4},{"damage":6,"enemies":"Spire Growth","floor":48,"turns":3},{"damage":50,"enemies":"Donu and Deca","floor":50,"turns":6},{"damage":19,"enemies":"Shield and Spear","floor":54,"turns":5},{"damage":73,"enemies":"The Heart","floor":55,"turns":9}],"seed_played":"7062924017340873921","potions_obtained":[{"floor":2.0,"key":"BlessingOfTheForge"},{"floor":10.0,"key":"LiquidMemories"},{"floor":14.0,"key":"FairyPotion"}],"is_trial":false,"path_per_floor":["M","M","?","M","?","R","M","R","T","E","?","M","E","M","R","B",null,"M","?","$","?","$","R","M","R","T","R","M","E","R","E","R","B",null,"M","M","T","$","?","E","R","E","T","M","M","R","T","M","R","B",null,"R","$","E","B",null],"character_chosen":"THE_SILENT","items_purchased":["Pen Nib","Blade Dance","Oddly Smooth Stone","OrangePellets","Accuracy"],"campfire_rested":0,"item_purchase_floors":[20,20,38,53,53],"current_hp_per_floor":[68,68,65,63,63,63,59,59,59,38,26,25,25,25,25,9,65,64,64,64,64,64,64,64,64,64,64,64,64,64,59,59,31,65,65,65,65,65,65,65,65,65,65,65,65,65,65,59,59,9,65,65,65,56,7],"gold":46,"neow_bonus":"ONE_RARE_RELIC","is_daily":false,"chose_seed":false,"campfire_upgraded":8,"win_rate":0.0,"timestamp":1612323357,"path_taken":["M","M","?","M","?","R","M","R","T","E","?","M","E","?","R","BOSS","M","?","$","?","$","R","M","R","T","R","M","E","R","E","R","BOSS","M","M","?","$","?","E","R","E","T","M","M","R","?","M","R","BOSS","R","$","E","BOSS"],"items_purchased_type":["Relic","Card","Relic","Relic","Card"],"build_version":"2020-12-22","purchased_purges":2,"victory":true,"max_hp_per_floor":[70,70,65,65,65,65,65,65,65,65,65,65,65,65,65,65,65,65,65,65,65,65,65,65,65,65,65,65,65,65,65,65,65,65,65,65,65,65,65,65,65,65,65,65,65,65,65,65,65,65,65,65,65,75,75],"relic_stats":{"Darkstone Periapt":0,"counters":[25,108],"Golden Idol":203,"Pen Nib":[23],"Snake Skull":[5],"Bag of Preparation":[0],"Letter Opener":[356],"War Paint":["Defend_G","Backflip"],"Sozu":4,"OrangePellets":[3],"Busted Crown":26,"Prayer Wheel":10,"Kunai":[42],"obtain_stats":[{"Darkstone Periapt":26,"Girya":0,"Pear":54,"Golden Idol":3,"Oddly Smooth Stone":38,"Pen Nib":20,"Snake Skull":43,"Bag of Preparation":29,"Letter Opener":9,"War Paint":40,"Du-Vu Doll":13,"Sozu":17,"OrangePellets":53,"Busted Crown":34,"HornCleat":47,"Ninja Scroll":10,"Prayer Wheel":11,"Red Mask":39,"Kunai":31,"StrikeDummy":42,"Ring of the Snake":0},{"Darkstone Periapt":11,"Girya":0,"Pear":24,"Golden Idol":2,"Oddly Smooth Stone":17,"Pen Nib":10,"Snake Skull":19,"Bag of Preparation":13,"Letter Opener":4,"War Paint":18,"Du-Vu Doll":7,"Sozu":9,"OrangePellets":23,"Busted Crown":15,"HornCleat":21,"Ninja Scroll":5,"Prayer Wheel":5,"Red Mask":17,"Kunai":14,"StrikeDummy":19,"Ring of the Snake":0},{"Darkstone Periapt":44,"Girya":0,"Pear":99,"Golden Idol":9,"Oddly Smooth Stone":64,"Pen Nib":41,"Snake Skull":76,"Bag of Preparation":50,"Letter Opener":16,"War Paint":70,"Du-Vu Doll":26,"Sozu":39,"OrangePellets":94,"Busted Crown":62,"HornCleat":85,"Ninja Scroll":21,"Prayer Wheel":21,"Red Mask":64,"Kunai":54,"StrikeDummy":76,"Ring of the Snake":0}],"Ring of the Snake":[50]},"card_choices":[{"not_picked":["Sucker Punch","Deadly Poison"],"picked":"Predator","floor":1.0},{"not_picked":["Acrobatics","Sucker Punch"],"picked":"Slice","floor":2.0},{"not_picked":["Underhanded Strike","Dodge and Roll"],"picked":"Infinite Blades","floor":4.0},{"not_picked":["Prepared","Tactician"],"picked":"Deflect","floor":7.0},{"not_picked":["Dagger Throw","Sucker Punch"],"picked":"Adrenaline","floor":10.0},{"not_picked":["Deflect","Underhanded Strike"],"picked":"Blur","floor":12.0},{"not_picked":["Escape Plan","Slice"],"picked":"Dagger Spray","floor":12.0},{"not_picked":["All Out Attack","Reflex"],"picked":"Backflip","floor":13.0},{"not_picked":["Bouncing Flask","Dagger Spray"],"picked":"PiercingWail","floor":14.0},{"not_picked":["Quick Slash","Underhanded Strike"],"picked":"Backstab","floor":14.0},{"not_picked":["Grand Finale","Malaise"],"picked":"Phantasmal Killer","floor":16.0},{"not_picked":["Dagger Spray","Outmaneuver"],"picked":"Terror","floor":18.0},{"not_picked":["Underhanded Strike","Endless Agony"],"picked":"Poisoned Stab+1","floor":18.0},{"not_picked":["Distraction","Setup"],"picked":"Catalyst","floor":24.0},{"not_picked":["All Out Attack+1","Sucker Punch"],"picked":"Footwork","floor":24.0},{"not_picked":["Deadly Poison","Reflex"],"picked":"Prepared","floor":28.0},{"not_picked":["Backflip","Dash"],"picked":"Outmaneuver","floor":28.0},{"not_picked":["Flying Knee","Distraction"],"picked":"Choke+1","floor":29.0},{"not_picked":["Poisoned Stab","Masterful Stab"],"picked":"Backflip","floor":31},{"not_picked":["Venomology","Adrenaline"],"picked":"Glass Knife","floor":33},{"not_picked":[],"picked":"PiercingWail+1","floor":35},{"not_picked":["Underhanded Strike+1"],"picked":"SKIP","floor":35},{"not_picked":[],"picked":"Outmaneuver+1","floor":36},{"not_picked":["Bane"],"picked":"SKIP","floor":36},{"not_picked":[],"picked":"Burst","floor":40},{"not_picked":[],"picked":"Blade Dance","floor":42},{"not_picked":[],"picked":"All Out Attack+1","floor":44},{"not_picked":["Slice+1"],"picked":"SKIP","floor":44},{"not_picked":["Sucker Punch"],"picked":"SKIP","floor":45},{"not_picked":["Flying Knee+1"],"picked":"SKIP","floor":45},{"not_picked":[],"picked":"Prepared+1","floor":48},{"not_picked":["Cloak And Dagger"],"picked":"SKIP","floor":48},{"not_picked":[],"picked":"Escape Plan+1","floor":54}],"player_experience":163898,"relics_obtained":[{"floor":9.0,"key":"Letter Opener"},{"floor":10.0,"key":"Ninja Scroll"},{"floor":13.0,"key":"Du-Vu Doll"},{"floor":26.0,"key":"Darkstone Periapt"},{"floor":29.0,"key":"Bag of Preparation"},{"floor":31,"key":"Kunai"},{"floor":40,"key":"War Paint"},{"floor":42,"key":"StrikeDummy"},{"floor":43,"key":"Snake Skull"},{"floor":47,"key":"HornCleat"},{"floor":54,"key":"Pear"}],"event_choices":[{"damage_healed":0.0,"max_hp_gain":0.0,"max_hp_loss":5.0,"gold_gain":0.0,"event_name":"Golden Idol","player_choice":"Lose Max HP","floor":3.0,"gold_loss":0.0,"damage_taken":0.0,"relics_obtained":["Golden Idol"]},{"damage_healed":0.0,"max_hp_gain":0.0,"max_hp_loss":0.0,"gold_gain":0.0,"event_name":"Liars Game","player_choice":"Ignored","floor":5.0,"gold_loss":0.0,"damage_taken":0.0},{"damage_healed":0.0,"max_hp_gain":0.0,"max_hp_loss":0.0,"gold_gain":0.0,"event_name":"Scrap Ooze","player_choice":"Success","floor":11.0,"gold_loss":0.0,"damage_taken":12.0,"relics_obtained":["Prayer Wheel"]},{"cards_removed":["Strike_G"],"damage_healed":0.0,"max_hp_gain":0.0,"max_hp_loss":0.0,"gold_gain":0.0,"event_name":"Beggar","player_choice":"Gave Gold","floor":19.0,"gold_loss":75.0,"damage_taken":0.0},{"cards_removed":["Strike_G"],"damage_healed":0.0,"max_hp_gain":0.0,"max_hp_loss":0.0,"gold_gain":0.0,"event_name":"Purifier","player_choice":"Purged","floor":21.0,"gold_loss":0.0,"damage_taken":0.0},{"damage_healed":0,"gold_gain":0,"player_choice":"Paid","damage_taken":0,"relics_obtained":["Red Mask"],"max_hp_gain":0,"max_hp_loss":0,"event_name":"Tomb of Lord Red Mask","floor":39,"gold_loss":59}],"is_beta":false,"boss_relics":[{"not_picked":["HoveringKite","SlaversCollar"],"picked":"Sozu"},{"not_picked":["Coffee Dripper","SacredBark"],"picked":"Busted Crown"}],"items_purged_floors":[20,38],"is_endless":false,"potions_floor_spawned":[2,10,14,16,24,36,44,45],"ascension_level":1}}