{"host":"9mz6x6ekz95y53i5","time":1612365065,"event":{"mods":["AchievementEnabler","BaseMod","Downfall","Energized Spire","Minty Spire (QoL Compilation)","Reliquary","Replay The Spire","Spicy Shops","StSLib","The Bug Knight","UnlockEverythingMod","¡¾ÒÅÎï¿¨ÅÆ¡¿REMEMod"],"gold_per_floor":[114,126,141,141,159,159,159,159],"floor_reached":7,"language":"ZHS","playtime":970,"items_purged":[],"score":86,"play_id":"6c52b4eb-e820-4f95-a808-717772b74eff","local_time":"20210203231105","is_ascension_mode":true,"campfire_choices":[{"data":"Envenom","floor":6.0,"key":"SMITH"},{"data":"True Grit","floor":6.0,"key":"SMITH"}],"circlet_count":0,"master_deck":["AscendersBane","Strike_R","Strike_R","Strike_R","Strike_R","Strike_R","Defend_R","Defend_R","Defend_R","Defend_R","Bash","Envenom+1","Slimebound:Strike_Slimebound","Shrug It Off","Replay:Undeath\u0027s Touch","True Grit+1"],"relics":["Burning Blood","REME_ComplimentaryCards","Replay:Arrowhead"],"acts_visited":["Exordium"],"potions_floor_usage":[7],"damage_taken":[{"damage":7.0,"enemies":"Small Slimes","floor":1.0,"turns":3.0},{"damage":8.0,"enemies":"2 Louse","floor":2.0,"turns":4.0},{"damage":1.0,"enemies":"Cultist","floor":3.0,"turns":4.0},{"damage":40.0,"enemies":"Exordium Thugs","floor":5.0,"turns":9.0},{"damage":56,"enemies":"Gremlin Nob","floor":7,"turns":4}],"seed_played":"-1673980208677024240","potions_obtained":[{"floor":5.0,"key":"BlessingOfTheForge"}],"is_trial":false,"path_per_floor":["M","M","M","?","M","R","E"],"character_chosen":"IRONCLAD","items_purchased":[],"campfire_rested":0,"item_purchase_floors":[],"current_hp_per_floor":[67,65,70,70,36,36,0,0],"gold":159,"neow_bonus":"ONE_RARE_RELIC","is_daily":false,"chose_seed":false,"campfire_upgraded":2,"win_rate":0.0,"timestamp":1612365065,"path_taken":["M","M","M","?","M","R","E"],"items_purchased_type":[],"build_version":"2020-12-22","purchased_purges":0,"victory":false,"max_hp_per_floor":[75,75,75,75,75,75,75,75],"card_choices":[{"not_picked":["Anger","Replay:Undeath\u0027s Touch"],"picked":"Shrug It Off","floor":1.0},{"not_picked":["Wild Strike","Searing Blow"],"picked":"Replay:Undeath\u0027s Touch","floor":2.0},{"not_picked":["Body Slam","Sword Boomerang"],"picked":"True Grit","floor":3.0},{"not_picked":["Carnage","Body Slam","Blood for Blood"],"picked":"SKIP","floor":5.0}],"player_experience":232925,"relics_obtained":[],"event_choices":[{"cards_removed":["sneckomod:Defend"],"damage_healed":0.0,"max_hp_gain":0.0,"max_hp_loss":0.0,"gold_gain":0.0,"event_name":"Living Wall","player_choice":"Forget","floor":4.0,"gold_loss":0.0,"damage_taken":0.0}],"is_beta":false,"boss_relics":[],"items_purged_floors":[],"is_endless":false,"potions_floor_spawned":[5],"killed_by":"Gremlin Nob","ascension_level":20}}