{"host":"ftw8honmdnhsve3j","time":1612386830,"event":{"mods":["BaseMod","Colored Powertips","Minty Spire (QoL Compilation)","StSLib","The Wild Card"],"gold_per_floor":[113,38,38,38,50,50,66,66,66,66,66,82,98,108,108,108,108],"floor_reached":16,"language":"ENG","playtime":337,"items_purged":["theWildCard:BasicStrike"],"score":115,"play_id":"103a0860-5b93-41e4-8cc3-03a16e5a193a","local_time":"20210203221350","is_ascension_mode":true,"campfire_choices":[{"data":"theWildCard:BasicDefend","floor":6,"key":"SMITH"},{"data":"theWildCard:CallToAdventure","floor":11,"key":"SMITH"},{"data":"theWildCard:BasicDefend","floor":15,"key":"SMITH"}],"circlet_count":0,"master_deck":["theWildCard:BasicStrike","theWildCard:BasicStrike","theWildCard:BasicStrike","theWildCard:BasicDefend+1","theWildCard:BasicDefend","theWildCard:BasicDefend","theWildCard:BasicDefend+1","theWildCard:CallToAdventure+1","theWildCard:Arsene"],"relics":["Busted Crown","Thread and Needle"],"acts_visited":["Exordium"],"potions_floor_usage":[16],"damage_taken":[{"damage":0,"enemies":"Cultist","floor":1,"turns":2},{"damage":0,"enemies":"Jaw Worm","floor":5,"turns":3},{"damage":0,"enemies":"2 Louse","floor":7,"turns":2},{"damage":0,"enemies":"Looter","floor":12,"turns":3},{"damage":0,"enemies":"Red Slaver","floor":13,"turns":4},{"damage":0,"enemies":"Blue Slaver","floor":14,"turns":3},{"damage":59,"enemies":"Hexaghost","floor":16,"turns":11}],"seed_played":"1370218028621301322","potions_obtained":[{"floor":1,"key":"Swift Potion"},{"floor":14,"key":"BlessingOfTheForge"}],"is_trial":false,"path_per_floor":["M","$","?","$","M","R","M","$","T","$","R","M","M","M","R","B"],"character_chosen":"THE_WILD_CARD","items_purchased":[],"campfire_rested":0,"item_purchase_floors":[],"current_hp_per_floor":[60,60,54,54,54,54,54,54,54,54,54,54,54,54,54,0,0],"gold":108,"neow_bonus":"BOSS_RELIC","is_daily":false,"chose_seed":false,"campfire_upgraded":3,"win_rate":0.0,"timestamp":1612386830,"path_taken":["M","?","?","$","?","R","M","?","T","$","R","M","M","M","R","BOSS"],"items_purchased_type":[],"build_version":"2020-12-22","purchased_purges":1,"victory":false,"max_hp_per_floor":[60,60,60,60,60,60,60,60,60,60,60,60,60,60,60,60,60],"card_choices":[{"not_picked":["theWildCard:SacrificialStroke"],"picked":"SKIP","floor":1},{"not_picked":["theWildCard:MaskChange"],"picked":"SKIP","floor":5},{"not_picked":["theWildCard:EnergizedStroke"],"picked":"SKIP","floor":7},{"not_picked":["theWildCard:Michael"],"picked":"SKIP","floor":12},{"not_picked":["theWildCard:StingingStrike"],"picked":"SKIP","floor":13},{"not_picked":["theWildCard:BladeOfGenerations"],"picked":"SKIP","floor":14}],"player_experience":552981,"relics_obtained":[{"floor":9,"key":"Thread and Needle"}],"event_choices":[{"damage_healed":0,"gold_gain":0,"player_choice":"Damaged","damage_taken":6,"max_hp_gain":0,"max_hp_loss":0,"event_name":"Wheel of Change","floor":3,"gold_loss":0}],"is_beta":false,"boss_relics":[],"items_purged_floors":[2],"is_endless":false,"potions_floor_spawned":[1,14],"killed_by":"Hexaghost","ascension_level":5}}