{"host":"h5acbxt0wmjo1kpm","time":1612342670,"event":{"mods":["2.2 Compatiblity","Act Like it!","AlwaysNeverKeys","Aspiration","Bard","Bartender","BaseMod","Better Third Choice","Colored Map","Downfall","Elementarium","Gensokyo","GifTheSpireLib","Hallownest","Marisa????????","Menagerie","Minty Spire (QoL Compilation)","Permanent Neow","Potionbrewer","Quick Restart","Relic Filter","Reliquary","Robot Space Explorer","RumiaBox-????????","Shade Mod","Spicy Shops","StSLib","Strawberry Spire","The Blackbeard","The Dragon Tamer","The Gatherer","The Hayseed","The Problem Sleuth","The Servant 0.9.4","Wandering Minibosses","Wide Potions"],"gold_per_floor":[99,113,127,42,61,61,107,107,127,137,137,162,173,173,184,289,289,289,306,306,263,101,125,125,138,172,172,172,197,97,122,137,237,237,237,249,249,1066,1116,1016,1069,1085,985,1015,1015,1035,402,419,436,436,436,467,26,26,26,26,26,26],"floor_reached":56,"language":"ENG","playtime":4842,"items_purged":["theSleuth:OglogMRubbit"],"score":1022,"play_id":"098f89a5-06b7-48a9-ad5f-c5e496a80b9f","local_time":"20210203005750","is_ascension_mode":true,"campfire_choices":[{"data":"bronze:InfiniteLoop","floor":1,"key":"SMITH"},{"data":"bronze:Library","floor":6,"key":"SMITH"},{"data":"bronze:Optimize","floor":11,"key":"SMITH"},{"data":"bronze:RecursiveStrike","floor":18,"key":"SMITH"},{"data":"bronze:Assembly","floor":28,"key":"SMITH"},{"floor":30,"key":"REST"},{"floor":35,"key":"RECALL"},{"data":"bronze:FineTuning","floor":40,"key":"SMITH"},{"data":"bronze:InfiniteBeams","floor":43,"key":"SMITH"},{"data":"bronze:Boost","floor":45,"key":"SMITH"},{"data":"bronze:Format","floor":54,"key":"SMITH"}],"circlet_count":0,"master_deck":["bronze:Defend","bronze:Defend","bronze:Defend","bronze:Defend","bronze:Replicate","bronze:Goto","bronze:InfiniteLoop+1","bronze:Flail+1","bronze:Constructor","bronze:Library+1","bronze:Optimize+1","bronze:CutThrough","Sucker Punch","strawberrySpire:DreamfoilDart","strawberrySpire:Plunge","bronze:Constructor","bronze:Fortify","bronze:Backtrace+1","bronze:RecursiveStrike+1","Menagerie:MirarisWake+1","bronze:OilSpill","bronze:Assembly+1","bronze:ClassDefault+1","bronze:Terminator+1","bronze:Boost+1","bronze:FineTuning+1","bronze:ClassDefault","bronze:Assembly+1","bronze:Verify","bronze:ThunderWave","bronze:FineTuning","bronze:Terminator","bronze:InfiniteBeams+1","Parasite","bronze:GetLatest+1","bronze:CloningBeam","bronze:FineTuning+1","bronze:Format+1"],"relics":["bronze:BronzeCore","Protect_Vest","Dream Catcher","Philosopher\u0027s Stone","Bottled Lightning","Mummified Hand","aspiration:StickyExplosives","DollysMirror","Lantern","Juzu Bracelet","downfall:HeartBlessingGreen","Mango","reliquary:WritOfMandamus","wanderingMiniBosses:MasterThiefsPresence","Unceasing Top","downfall:HeartBlessingRed","downfall:HeartBlessingBlue","White Beast Statue","reliquary:Buckler","MagicDraw2","OrangePellets","reliquary:OuijaBoard","HandDrill","Anchor"],"acts_visited":["Menagerie:Menagerie","TheCity","TheBeyond","TheEnding"],"potions_floor_usage":[13,16,21,26,31,38,42,49,50,50,50,55,55,55],"damage_taken":[{"damage":2,"enemies":"Menagerie:StygianBoar","floor":2,"turns":2},{"damage":6,"enemies":"Menagerie:2_RABBITS","floor":3,"turns":3},{"damage":0,"enemies":"downfall:FleeingMerchant","floor":4,"turns":4},{"damage":6,"enemies":"Menagerie:WhisperingWraith","floor":5,"turns":4},{"damage":4,"enemies":"Menagerie:KEEPER_AND_YOUNG_SUNEATER","floor":9,"turns":5},{"damage":0,"enemies":"Menagerie:STYGIAN_BOAR_AND_RABBIT","floor":10,"turns":2},{"damage":18,"enemies":"Menagerie:Hydra","floor":12,"turns":5},{"damage":1,"enemies":"Menagerie:MENAGERIE_WILDLIFE","floor":13,"turns":1},{"damage":0,"enemies":"Menagerie:RedMage","floor":15,"turns":2},{"damage":0,"enemies":"DF_ARCHETYPE_STREAMLINE","floor":16,"turns":6},{"damage":0,"enemies":"Spheric Guardian","floor":19,"turns":3},{"damage":14,"enemies":"Chosen and Byrds","floor":21,"turns":6},{"damage":0,"enemies":"downfall:FleeingMerchant","floor":22,"turns":4},{"damage":22,"enemies":"Gremlin Leader","floor":23,"turns":9},{"damage":0,"enemies":"Snake Plant","floor":25,"turns":3},{"damage":2,"enemies":"downfall:FleeingMerchant","floor":26,"turns":3},{"damage":21,"enemies":"Slavers","floor":29,"turns":5},{"damage":0,"enemies":"Book of Stabbing","floor":31,"turns":2},{"damage":0,"enemies":"3 Cultists","floor":32,"turns":2},{"damage":3,"enemies":"WA_ARCHETYPE_CALM","floor":33,"turns":5},{"damage":0,"enemies":"3 Darklings","floor":36,"turns":2},{"damage":6,"enemies":"3 Shapes","floor":38,"turns":7},{"damage":10,"enemies":"3 Shapes","floor":39,"turns":3},{"damage":8,"enemies":"Sphere and 2 Shapes","floor":42,"turns":4},{"damage":0,"enemies":"Reptomancer","floor":44,"turns":4},{"damage":8,"enemies":"Writhing Mass","floor":46,"turns":4},{"damage":0,"enemies":"4 Shapes","floor":48,"turns":1},{"damage":0,"enemies":"Transient","floor":49,"turns":5},{"damage":46,"enemies":"IC_BLOCK_ARCHETYPE","floor":50,"turns":5},{"damage":0,"enemies":"downfall:CharBossMerchant","floor":52,"turns":3},{"damage":26,"enemies":"downfall:NeowBoss","floor":55,"turns":9},{"damage":77,"enemies":"downfall:NeowBossFinal","floor":56,"turns":11}],"seed_played":"1265968083501843824","potions_obtained":[{"floor":2,"key":"potionbrewer:CleansingPotion"},{"floor":3,"key":"potionbrewer:NoxiousPotion"},{"floor":5,"key":"BlessingOfTheForge"},{"floor":15,"key":"AttackPotion"},{"floor":19,"key":"potionbrewer:ToxicPotion"},{"floor":23,"key":"SkillPotion"},{"floor":29,"key":"champ:CounterPotion"},{"floor":31,"key":"PowerPotion"},{"floor":33,"key":"bronze:BuildAFunctionPotion"},{"floor":36,"key":"potionbrewer:EndurancePotion"},{"floor":44,"key":"hexamod:SoulburnPotion"},{"floor":46,"key":"bronze:FreeFunctionsPotion"},{"floor":49,"key":"EntropicBrew"},{"floor":52,"key":"ColorlessPotion"}],"is_trial":false,"path_per_floor":["R","M","M","$","M","R","T","?","M","M","R","E","M","?","M","B",null,"R","M","T","M","$","E","T","M","$","?","R","E","R","E","M","B",null,"R","M","$","M","?","R","T","M","R","E","R","M","$","M","M","B",null,"E","$","R","B","B"],"character_chosen":"THE_AUTOMATON","items_purchased":["bronze:Optimize","bronze:FineTuning","DollysMirror","Lantern","reliquary:Buckler","MagicDraw2","OrangePellets","HandDrill","bronze:Format","Anchor"],"campfire_rested":1,"item_purchase_floors":[4,22,26,26,47,47,47,53,53,53],"current_hp_per_floor":[70,68,62,62,56,56,56,56,52,52,52,34,33,33,33,33,70,70,70,70,56,56,34,34,34,32,32,32,11,32,46,46,43,84,84,84,84,78,68,68,68,60,70,70,70,62,62,62,62,16,94,94,94,94,68,0,0,0],"gold":26,"neow_bonus":"ONE_RANDOM_RARE_CARD","is_daily":false,"chose_seed":false,"campfire_upgraded":9,"win_rate":0.0,"timestamp":1612342670,"path_taken":["R","M","M","$","M","R","T","?","M","M","R","E","?","?","M","BOSS","R","M","?","M","$","E","T","M","$","?","R","E","R","E","M","BOSS","R","M","$","M","?","R","T","M","R","E","R","M","$","M","M","BOSS","E","$","R","BOSS","BOSS"],"items_purchased_type":["Card","Card","Relic","Relic","Relic","Relic","Relic","Relic","Card","Relic"],"build_version":"2020-12-22","purchased_purges":1,"victory":false,"max_hp_per_floor":[70,70,70,70,70,70,70,70,70,70,70,70,70,70,70,70,70,70,70,70,70,70,70,70,70,70,70,70,70,70,84,84,84,84,84,84,84,84,84,84,84,84,94,94,94,94,94,94,94,94,94,94,94,94,94,94,94,94],"card_choices":[{"not_picked":["bronze:ForLoop","bronze:MaxOutput"],"picked":"bronze:Flail","floor":2},{"not_picked":["bronze:NullPointer","bronze:Overload"],"picked":"bronze:Constructor","floor":3},{"not_picked":["bronze:Refactor","bronze:Branch"],"picked":"bronze:Library","floor":4},{"not_picked":["bronze:Deprecate","bronze:DelayedSlice"],"picked":"bronze:CutThrough","floor":5},{"not_picked":["bronze:BugBarrage","bronze:Shield"],"picked":"bronze:Constructor","floor":9},{"not_picked":["bronze:Constructor","bronze:BuggyMess"],"picked":"bronze:Fortify","floor":10},{"not_picked":["bronze:Iterate","bronze:BuggyMess"],"picked":"bronze:Backtrace","floor":12},{"not_picked":["bronze:BugBarrage","bronze:Safeguard"],"picked":"bronze:RecursiveStrike","floor":13},{"not_picked":["bronze:Invalidate","bronze:Frontload"],"picked":"bronze:OilSpill","floor":15},{"not_picked":["bronze:Break","bronze:FindAndReplace"],"picked":"bronze:Assembly","floor":16},{"not_picked":["bronze:Iterate","bronze:MaxOutput"],"picked":"bronze:ClassDefault+1","floor":19},{"not_picked":["bronze:ChildClass","bronze:DelayedGuard+1"],"picked":"bronze:Terminator+1","floor":21},{"not_picked":["bronze:Iterate","bronze:Overload"],"picked":"bronze:Boost","floor":22},{"not_picked":["bronze:Iterate+1","bronze:NullPointer+1"],"picked":"bronze:ClassDefault","floor":23},{"not_picked":["bronze:Separator","bronze:Backtrace","bronze:Iterate"],"picked":"SKIP","floor":25},{"not_picked":["bronze:Allocate","bronze:ForceShield","bronze:DarkDash"],"picked":"SKIP","floor":26},{"not_picked":["bronze:FollowUp","bronze:Separator","bronze:RecursiveStrike"],"picked":"SKIP","floor":29},{"not_picked":["bronze:Turbo+1","bronze:FineTuning+1"],"picked":"bronze:Verify","floor":31},{"not_picked":["bronze:Branch","bronze:Separator","bronze:MaxOutput"],"picked":"SKIP","floor":32},{"not_picked":["bronze:Format","bronze:AlphaBuild"],"picked":"bronze:ThunderWave","floor":33},{"not_picked":["bronze:Iterate","bronze:WildBeam+1"],"picked":"bronze:FineTuning","floor":36},{"not_picked":["bronze:Frontload+1","bronze:Refactor+1"],"picked":"bronze:Terminator","floor":38},{"not_picked":["bronze:BitShift","bronze:DarkDash+1"],"picked":"bronze:InfiniteBeams","floor":42},{"not_picked":["bronze:Repair","bronze:InfiniteLoop","bronze:Shield+1"],"picked":"SKIP","floor":44},{"not_picked":["bronze:Return","bronze:Frontload+1"],"picked":"bronze:GetLatest+1","floor":46},{"not_picked":["bronze:GetLatest+1","bronze:OilSpill"],"picked":"bronze:CloningBeam","floor":48},{"not_picked":["bronze:NullPointer+1","bronze:Branch+1"],"picked":"bronze:FineTuning+1","floor":49},{"not_picked":["bronze:InfiniteBeams+1","bronze:Overheat+1","bronze:Backtrace"],"picked":"SKIP","floor":52}],"player_experience":2654589,"relics_obtained":[{"floor":7,"key":"Protect_Vest"},{"floor":12,"key":"Dream Catcher"},{"floor":20,"key":"Bottled Lightning"},{"floor":23,"key":"Mummified Hand"},{"floor":24,"key":"aspiration:StickyExplosives"},{"floor":29,"key":"Juzu Bracelet"},{"floor":31,"key":"Mango"},{"floor":38,"key":"wanderingMiniBosses:MasterThiefsPresence"},{"floor":39,"key":"Unceasing Top"},{"floor":44,"key":"White Beast Statue"},{"floor":52,"key":"reliquary:OuijaBoard"}],"event_choices":[{"damage_healed":0,"gold_gain":0,"cards_transformed":["bronze:Strike"],"player_choice":"Grasp","damage_taken":0,"max_hp_gain":0,"max_hp_loss":0,"event_name":"Menagerie:MagesHand","floor":14,"gold_loss":0,"cards_obtained":["Menagerie:MirarisWake"]}],"is_beta":false,"boss_relics":[{"not_picked":["aspiration:PoetsPen_weak","SoulBox"],"picked":"Philosopher\u0027s Stone"},{"not_picked":["EasyGame_NEW","Coffee Dripper"],"picked":"reliquary:WritOfMandamus"}],"items_purged_floors":[47],"is_endless":false,"potions_floor_spawned":[2,3,5,15,19,23,29,31,33,36,44,46,48,49,52],"killed_by":"downfall:NeowBossFinal","ascension_level":2}}