{"host":"r0e4s450fexxrjel","time":1612374027,"event":{"mods":["AchievementEnabler","Act Like it!","Aspiration","BaseMod","Better Third Choice","Clawfect","Colored Map","Conspire","Dota2Spire","Downfall","Energized Spire","Friendly Minions","GifTheSpireLib","Gold Saver","Hubris","Infinite Spire","Minty Spire (QoL Compilation)","Pale of the Ancients","RRrroohrrRGHHhhh!!","Reliquary","Replay The Spire","Shop Mod","StSLib"],"gold_per_floor":[729,745,757,857,873,873,885,885,930,930,930,944,944,956,956,956,956],"floor_reached":16,"language":"DEU","playtime":311,"items_purged":[],"score":119,"play_id":"9eaa7ff7-d80f-4ec1-a2a9-70af6d214116","local_time":"20210203184027","is_ascension_mode":false,"campfire_choices":[{"floor":6,"key":"REST"},{"floor":8,"key":"REST"},{"data":"Gash","floor":10,"key":"SMITH"},{"data":"Gash","floor":15,"key":"SMITH"}],"circlet_count":0,"master_deck":["Gash","Gash","Gash+1","Gash+1","Gash","Defend_B","Defend_B","Defend_B","Defend_B","Defend_B","FTL","Clawfect:ClawCell","Clawfect:ClawingBeam"],"relics":["Clawfect:DRClaw"],"acts_visited":["Exordium"],"potions_floor_usage":[],"damage_taken":[{"damage":6,"enemies":"infinitespire:Voidling","floor":1,"turns":4},{"damage":2,"enemies":"Small Slimes","floor":2,"turns":4},{"damage":0,"enemies":"Cultist","floor":3,"turns":4},{"damage":12,"enemies":"Lots of Slimes","floor":5,"turns":4},{"damage":13,"enemies":"Exordium Thugs","floor":7,"turns":5},{"damage":9,"enemies":"Blue Slaver","floor":12,"turns":4},{"damage":10,"enemies":"Gremlin Gang","floor":14,"turns":4},{"damage":56,"enemies":"The Guardian","floor":16,"turns":5}],"seed_played":"-4937081845135952114","potions_obtained":[{"floor":1,"key":"hexamod:SoulburnPotion"},{"floor":7,"key":"Dexterity Potion"},{"floor":14,"key":"Block Potion"}],"is_trial":false,"path_per_floor":["M","M","M","?","M","R","M","R","T","R","$","M","$","M","R","B"],"character_chosen":"DEFECT","items_purchased":[],"campfire_rested":2,"item_purchase_floors":[],"current_hp_per_floor":[69,67,67,67,55,75,62,75,75,75,75,66,66,56,56,0,0],"gold":956,"neow_bonus":"HUNDRED_GOLD","is_daily":false,"chose_seed":false,"campfire_upgraded":2,"win_rate":0.0,"timestamp":1612374027,"path_taken":["M","?","M","?","M","R","M","R","T","R","$","M","$","?","R","BOSS"],"items_purchased_type":[],"build_version":"2020-12-22","purchased_purges":0,"victory":false,"max_hp_per_floor":[75,75,75,75,75,75,75,75,75,75,75,75,75,75,75,75,75],"card_choices":[{"not_picked":["Redo","Stack","ReplaySort"],"picked":"SKIP","floor":1},{"not_picked":["ReplayTheSpireMod:Calculation Training","Hello World"],"picked":"FTL","floor":2},{"not_picked":["Rebound","hubris:Ukulele"],"picked":"Clawfect:ClawCell","floor":3},{"not_picked":["rorgmod:Leap","rorgmod:Hardcode","FIFO Queue"],"picked":"SKIP","floor":5},{"not_picked":["Clawfect:ScrapingClaw","Clawfect:Clawrage","rorgmod:LRU Cache"],"picked":"SKIP","floor":7},{"not_picked":["rorgmod:Leap","Clawfect:Clawter"],"picked":"Clawfect:ClawingBeam","floor":12},{"not_picked":["rorgmod:Leap","rorgmod:Fuse Blower","Genetic Algorithm"],"picked":"SKIP","floor":14}],"player_experience":79214,"relics_obtained":[],"event_choices":[{"damage_healed":0,"gold_gain":100,"player_choice":"Pray","damage_taken":0,"max_hp_gain":0,"max_hp_loss":0,"event_name":"Golden Shrine","floor":4,"gold_loss":0}],"is_beta":false,"boss_relics":[],"items_purged_floors":[],"is_endless":false,"potions_floor_spawned":[1,7,14],"killed_by":"The Guardian","ascension_level":0}}