{"host":"Jamie","time":1612383453,"event":{"mods":["AchievementEnabler","BaseMod","Beaked The Cultist","Conspire","Hubris","Marisa????????","Minty Spire (QoL Compilation)","StSLib","Td1madao Mod","The Necromancer","The Servant 0.9.4"],"gold_per_floor":[114,134,149,159,159,189,208,224,248,248,248,275,125,135,135,230,230,230,230],"floor_reached":18,"language":"ENG","playtime":945,"items_purged":[],"score":199,"play_id":"5b8a96d9-8658-49e1-96fe-8ffc90a329ee","local_time":"20210203201733","is_ascension_mode":false,"campfire_choices":[{"floor":15,"key":"REST"}],"circlet_count":0,"master_deck":["Strike_MRS","Strike_MRS","Strike_MRS","Strike_MRS","Defend_MRS","Defend_MRS","Defend_MRS","Defend_MRS","MasterSpark","UpSweep","GrandCross","DoubleSpark","SporeBomb","LuminesStrike","ChargeUpSpray","GrandCross"],"relics":["MiniHakkero","hubris:Towel","hubris:TinFlute","Toy Ornithopter","hubris:BottledRain","hubris:Icosahedron","Art of War","Bag of Marbles","beaked:MawFillet"],"acts_visited":["Exordium","TheCity"],"potions_floor_usage":[16,16],"damage_taken":[{"damage":0,"enemies":"Small Slimes","floor":1,"turns":3},{"damage":1,"enemies":"Jaw Worm","floor":2,"turns":4},{"damage":1,"enemies":"Cultist","floor":3,"turns":3},{"damage":3,"enemies":"Red Slaver","floor":4,"turns":2},{"damage":34,"enemies":"3 Sentries","floor":6,"turns":7},{"damage":8,"enemies":"Lots of Slimes","floor":7,"turns":3},{"damage":10,"enemies":"Looter","floor":8,"turns":2},{"damage":0,"enemies":"Gremlin Nob","floor":12,"turns":2},{"damage":5,"enemies":"3 Louse","floor":14,"turns":2},{"damage":60,"enemies":"The Guardian","floor":16,"turns":6},{"damage":86,"enemies":"Shell Parasite","floor":18,"turns":8}],"seed_played":"-5279738803276043351","potions_obtained":[{"floor":2,"key":"Dexterity Potion"},{"floor":3,"key":"Explosive Potion"},{"floor":6,"key":"Regen Potion"},{"floor":8,"key":"SpeedPotion"}],"is_trial":false,"path_per_floor":["M","M","M","M","?","E","M","M","T","T","?","E","$","M","R","B",null,"M"],"character_chosen":"MARISA","items_purchased":["Bag of Marbles"],"campfire_rested":1,"item_purchase_floors":[13],"current_hp_per_floor":[82,81,80,77,77,43,35,25,25,25,25,25,25,20,44,9,82,0,0],"gold":230,"neow_bonus":"TEN_PERCENT_HP_BONUS","is_daily":false,"chose_seed":false,"campfire_upgraded":0,"win_rate":0.0,"timestamp":1612383453,"path_taken":["M","M","M","M","?","E","M","M","T","?","?","E","?","M","R","BOSS","M"],"items_purchased_type":["Relic"],"build_version":"2020-12-18","purchased_purges":0,"victory":false,"max_hp_per_floor":[82,82,82,82,82,82,82,82,82,82,82,82,82,82,82,82,82,82,82],"card_choices":[{"not_picked":["DC","AsteroidBelt"],"picked":"GrandCross","floor":1},{"not_picked":["MilkyWay","Orbital"],"picked":"DoubleSpark","floor":2},{"not_picked":["ChargingUp","Occultation"],"picked":"SporeBomb","floor":3},{"not_picked":["WitchOfGreed","ShootingEcho","Singularity"],"picked":"SKIP","floor":4},{"not_picked":["EnergyFlow","OpenUniverse","ShootingEcho"],"picked":"SKIP","floor":6},{"not_picked":["RefractionSpark","NonDirectionalLaser"],"picked":"LuminesStrike","floor":7},{"not_picked":["DoubleSpark","ShootingEcho"],"picked":"ChargeUpSpray","floor":8},{"not_picked":["FairyDestructionRay","StarlightTyphoon"],"picked":"GrandCross","floor":12},{"not_picked":["Acceleration","MilkyWay","BlazeAway"],"picked":"SKIP","floor":14}],"player_experience":66862,"relics_obtained":[{"floor":6,"key":"hubris:TinFlute"},{"floor":9,"key":"Toy Ornithopter"},{"floor":10,"key":"hubris:BottledRain"},{"floor":12,"key":"Art of War"}],"event_choices":[],"is_beta":true,"boss_relics":[{"not_picked":["hubris:ScarierMask","Philosopher\u0027s Stone"],"picked":"beaked:MawFillet"}],"items_purged_floors":[],"is_endless":false,"potions_floor_spawned":[2,3,6,8,14],"killed_by":"Shell Parasite","ascension_level":0}}