{"host":"ayh4nqhr0ddw4ozv","time":1612332454,"event":{"mods":["BaseMod","Minty Spire (QoL Compilation)","Relic Stats","Replay The Spire","Robot Space Explorer","StSLib"],"gold_per_floor":[113,125,141,141,12,46,46,77,77,77,111,111,122,141,141,215,215,234,248,248,262,342,432,466,23,98,98,118,118,147,147,147,226,226,238,248,248,295,44,44,61,87,87,87,87,87,168,180,180,180,180,180,30,64,64],"floor_reached":56,"language":"ENG","playtime":4543,"items_purged":["Strike_G","Strike_G","Skewer","Decay"],"score":2090,"play_id":"86935ce3-f545-413c-abdc-8364a75612d9","local_time":"20210202220734","is_ascension_mode":true,"campfire_choices":[{"floor":7.0,"key":"REST"},{"data":"Deadly Poison","floor":12.0,"key":"SMITH"},{"data":"Fluid Movement","floor":15.0,"key":"SMITH"},{"data":"Poison Darts","floor":27,"key":"SMITH"},{"floor":32,"key":"REST"},{"data":"Adrenaline","floor":40,"key":"SMITH"},{"data":"Tactician","floor":44,"key":"SMITH"},{"floor":49,"key":"RECALL"},{"data":"Flechettes","floor":52,"key":"SMITH"}],"circlet_count":0,"master_deck":["AscendersBane","Survivor","Neutralize","Dagger Throw","Fluid Movement+1","Bouncing Flask+1","Bane","PiercingWail","Deadly Poison+1","ReplayTheSpireMod:Necrosis","Crippling Poison","Poison Darts+1","Well Laid Plans","Deflect","Leg Sweep","Corpse Explosion","ReplayTheSpireMod:Speed Training","Tools of the Trade+1","Adrenaline+1","Flechettes+1","Night Terror","Hidden Blade","ReplayTheSpireMod:Tripwire","Wraith Form v2+1","Doppelganger","ReplayTheSpireMod:Exploit Weakness","Blur","Dodge and Roll+1","PiercingWail","Footwork+1","Escape Plan","Tactician+1","ReplayTheSpireMod:Tripwire+1","Acrobatics","Sucker Punch+1"],"relics":["Ring of the Snake","Question Card","Tiny Chest","Eternal Feather","Bird Faced Urn","Honey Jar","Frozen Egg 2","Mummified Hand","Gambling Chip","Lantern","Pandora\u0027s Box","FossilizedHelix","BranchBurnRelic","PreservedInsect","Replay:Accelerometer","Iron Hammer","Ginger"],"acts_visited":["Exordium","TheCity","TheBeyond","TheEnding"],"potions_floor_usage":[30,33,55,55,55],"damage_taken":[{"damage":3.0,"enemies":"Small Slimes","floor":1.0,"turns":4.0},{"damage":5.0,"enemies":"Jaw Worm","floor":2.0,"turns":5.0},{"damage":6.0,"enemies":"Cultist","floor":3.0,"turns":4.0},{"damage":30.0,"enemies":"Gremlin Nob","floor":6.0,"turns":5.0},{"damage":22.0,"enemies":"Lagavulin","floor":8.0,"turns":5.0},{"damage":22.0,"enemies":"Gremlin Nob","floor":11.0,"turns":4.0},{"damage":1.0,"enemies":"Blue Slaver","floor":13.0,"turns":3.0},{"damage":10.0,"enemies":"Red Slaver","floor":14.0,"turns":2.0},{"damage":11.0,"enemies":"Hexaghost","floor":16.0,"turns":9.0},{"damage":3.0,"enemies":"Spheric Guardian","floor":18.0,"turns":3.0},{"damage":0.0,"enemies":"Chosen","floor":19.0,"turns":4.0},{"damage":10.0,"enemies":"Snecko","floor":21.0,"turns":6.0},{"damage":9.0,"enemies":"Replay:Snechameleon","floor":24.0,"turns":7.0},{"damage":11,"enemies":"Centurion and Healer","floor":28,"turns":7},{"damage":30,"enemies":"Slavers","floor":30,"turns":5},{"damage":10,"enemies":"Automaton","floor":33,"turns":12},{"damage":4,"enemies":"3 Darklings","floor":35,"turns":3},{"damage":0,"enemies":"Orb Walker","floor":36,"turns":4},{"damage":20,"enemies":"2 Orb Walkers","floor":38,"turns":4},{"damage":0,"enemies":"Jaw Worm Horde","floor":41,"turns":4},{"damage":0,"enemies":"Nemesis","floor":42,"turns":8},{"damage":7,"enemies":"Spire Growth","floor":48,"turns":8},{"damage":7,"enemies":"Time Eater","floor":50,"turns":14},{"damage":0,"enemies":"Shield and Spear","floor":54,"turns":5},{"damage":52,"enemies":"The Heart","floor":55,"turns":17}],"seed_played":"5808695636992780506","potions_obtained":[{"floor":0.0,"key":"Languid Potion"},{"floor":0.0,"key":"EssenceOfSteel"},{"floor":6.0,"key":"FearPotion"},{"floor":8.0,"key":"Milkshake"},{"floor":13.0,"key":"Flashbang"},{"floor":20.0,"key":"Languid Potion"},{"floor":20.0,"key":"Dexterity Potion"},{"floor":21.0,"key":"GhostInAJar"},{"floor":33,"key":"Dexterity Potion"},{"floor":41,"key":"ColorlessPotion"},{"floor":42,"key":"Adrenaline Potion"}],"is_trial":false,"path_per_floor":["M","M","M","?","$","E","R","E","T","?","E","R","M","M","R","B",null,"M","M","?","M","T","?","E","$","T","R","M","$","E","T","R","B",null,"M","M","?","?","$","R","M","E","T","R","$","?","T","M","R","B",null,"R","$","E","B",null],"character_chosen":"THE_SILENT","items_purchased":["Bane","Gambling Chip","Footwork+1","Escape Plan"],"campfire_rested":2,"item_purchase_floors":[5,25,39,39],"current_hp_per_floor":[56,51,45,66,66,36,55,33,33,33,11,20,21,11,23,14,53,50,52,52,46,46,34,29,29,29,41,34,34,8,8,42,40,60,62,66,66,52,52,66,66,66,66,66,66,66,66,66,66,59,64,66,66,66,22],"gold":64,"neow_bonus":"THREE_SMALL_POTIONS","is_daily":false,"chose_seed":false,"campfire_upgraded":6,"win_rate":0.0,"timestamp":1612332454,"path_taken":["M","M","M","?","$","E","R","E","T","?","E","R","M","?","R","BOSS","M","M","?","M","?","?","E","$","T","R","?","?","E","?","R","BOSS","M","M","?","?","$","R","M","E","T","R","$","?","?","M","R","BOSS","R","$","E","BOSS"],"items_purchased_type":["Card","Relic","Card","Card"],"build_version":"2020-12-22","purchased_purges":4,"victory":true,"max_hp_per_floor":[66,66,66,66,66,66,66,66,66,66,66,66,66,66,66,66,66,66,66,66,66,66,66,66,66,66,66,66,66,66,66,66,66,66,66,66,66,66,66,66,66,66,66,66,66,66,66,66,66,66,66,66,66,66,66],"relic_stats":{"counters":[25,152],"Mummified Hand":[97],"Bird Faced Urn":[60],"Gambling Chip":[34],"Tiny Chest":3,"Eternal Feather":64,"Pandora\u0027s Box":["Flechettes","Skewer","Night Terror","Hidden Blade","ReplayTheSpireMod:Tripwire","Wraith Form v2","Doppelganger","ReplayTheSpireMod:Exploit Weakness"],"PreservedInsect":77,"Ginger":[2],"Question Card":19,"obtain_stats":[{"Replay:Accelerometer":43,"Lantern":30,"Dead Branch":31,"Eternal Feather":9,"PreservedInsect":42,"Ginger":54,"Frozen Egg 2":22,"Question Card":6,"BranchBurnRelic":40,"Mummified Hand":24,"Bird Faced Urn":11,"Gambling Chip":25,"Honey Jar":17,"Tiny Chest":8,"Pandora\u0027s Box":34,"Iron Hammer":47,"FossilizedHelix":38,"Ring of the Snake":0},{"Replay:Accelerometer":21,"Lantern":15,"Dead Branch":15,"Eternal Feather":5,"PreservedInsect":21,"Ginger":24,"Frozen Egg 2":12,"Question Card":4,"BranchBurnRelic":19,"Mummified Hand":13,"Bird Faced Urn":6,"Gambling Chip":13,"Honey Jar":9,"Tiny Chest":5,"Pandora\u0027s Box":16,"Iron Hammer":21,"FossilizedHelix":19,"Ring of the Snake":0},{"Replay:Accelerometer":108,"Lantern":73,"Dead Branch":73,"Eternal Feather":23,"PreservedInsect":108,"Ginger":135,"Frozen Egg 2":54,"Question Card":18,"BranchBurnRelic":96,"Mummified Hand":61,"Bird Faced Urn":27,"Gambling Chip":61,"Honey Jar":41,"Tiny Chest":23,"Pandora\u0027s Box":85,"Iron Hammer":108,"FossilizedHelix":96,"Ring of the Snake":0}],"Ring of the Snake":[50]},"card_choices":[{"not_picked":["PiercingWail","Accuracy"],"picked":"Dagger Throw","floor":1.0},{"not_picked":["ReplayTheSpireMod:Scrap Shanks","Prepared"],"picked":"Fluid Movement","floor":2.0},{"not_picked":["Phantasmal Killer","Underhanded Strike"],"picked":"Bouncing Flask","floor":3.0},{"not_picked":["Quick Slash","Deflect"],"picked":"PiercingWail","floor":6.0},{"not_picked":["Draining Mist","Concentrate","All Out Attack"],"picked":"Deadly Poison","floor":8.0},{"not_picked":["Riddle With Holes","Flying Knee","Slice","Dagger Throw"],"picked":"SKIP","floor":11.0},{"not_picked":["Deflect","Hidden Blade","Dagger Spray"],"picked":"ReplayTheSpireMod:Necrosis","floor":13.0},{"not_picked":["Endless Agony","Backflip","Acrobatics"],"picked":"Crippling Poison","floor":14.0},{"not_picked":["Envenom","ReplayTheSpireMod:From All Sides","Phantasmal Killer"],"picked":"Poison Darts","floor":16.0},{"not_picked":["Outmaneuver","Caltrops","Expertise","Dagger Spray"],"picked":"Well Laid Plans","floor":18.0},{"not_picked":["Endless Agony","Poisoned Stab","Bane","Hidden Blade"],"picked":"Deflect","floor":19.0},{"not_picked":["Poisoned Stab","Underhanded Strike","Deflect","Backflip"],"picked":"Leg Sweep","floor":21.0},{"not_picked":["Outmaneuver","Deflect","Quick Slash","Backflip"],"picked":"Corpse Explosion","floor":24.0},{"not_picked":["ReplayTheSpireMod:The Works","Slice","Deflect","Prepared"],"picked":"ReplayTheSpireMod:Speed Training","floor":28},{"not_picked":["ReplayTheSpireMod:Scrap Shanks+1","Terror","Crippling Poison","ReplayTheSpireMod:From All Sides"],"picked":"Tools of the Trade+1","floor":30},{"not_picked":["Storm of Steel","Malaise","ReplayTheSpireMod:From All Sides","Venomology"],"picked":"Adrenaline","floor":33},{"not_picked":["Endless Agony+1","Quick Slash+1","Blade Dance+1","Slice"],"picked":"Blur","floor":35},{"not_picked":["Sneak Up","ReplayTheSpireMod:Shiv Toss","Blade Dance","Deflect"],"picked":"Dodge and Roll+1","floor":36},{"not_picked":["Blade Dance","Outmaneuver","Quick Slash","Endless Agony+1"],"picked":"PiercingWail","floor":38},{"not_picked":["Poisoned Stab","Choke","Underhanded Strike","Bane"],"picked":"Tactician","floor":41},{"not_picked":["Venomology","Dagger Throw","Dodge and Roll","Deadly Poison"],"picked":"ReplayTheSpireMod:Tripwire+1","floor":42},{"not_picked":["Deadly Poison+1","Dodge and Roll","Distraction","Quick Slash"],"picked":"Acrobatics","floor":48},{"not_picked":["Concentrate+1","Hidden Blade","Dodge and Roll","Underhanded Strike"],"picked":"Sucker Punch+1","floor":54}],"player_experience":417636,"relics_obtained":[{"floor":6.0,"key":"Question Card"},{"floor":8.0,"key":"Tiny Chest"},{"floor":9.0,"key":"Eternal Feather"},{"floor":11.0,"key":"Bird Faced Urn"},{"floor":22.0,"key":"Frozen Egg 2"},{"floor":24.0,"key":"Mummified Hand"},{"floor":30,"key":"Lantern"},{"floor":31,"key":"Dead Branch"},{"floor":38,"key":"FossilizedHelix"},{"floor":42,"key":"PreservedInsect"},{"floor":43,"key":"Replay:Accelerometer"},{"floor":47,"key":"Iron Hammer"},{"floor":54,"key":"Ginger"}],"event_choices":[{"damage_healed":22.0,"max_hp_gain":0.0,"max_hp_loss":0.0,"gold_gain":0.0,"event_name":"Big Fish","player_choice":"Banana","floor":4.0,"gold_loss":0.0,"damage_taken":0.0},{"damage_healed":0.0,"max_hp_gain":0.0,"max_hp_loss":0.0,"gold_gain":0.0,"event_name":"Upgrade Shrine","player_choice":"Upgraded","floor":10.0,"gold_loss":0.0,"damage_taken":0.0,"cards_upgraded":["Bouncing Flask"]},{"damage_healed":0.0,"max_hp_gain":0.0,"max_hp_loss":0.0,"gold_gain":0.0,"event_name":"Lab","player_choice":"Got Potions","floor":20.0,"gold_loss":0.0,"damage_taken":0.0},{"damage_healed":0.0,"max_hp_gain":0.0,"max_hp_loss":0.0,"gold_gain":90.0,"event_name":"Knowing Skull","player_choice":"GOLD ","floor":23.0,"potions_obtained":[],"gold_loss":0.0,"damage_taken":12.0,"cards_obtained":[]},{"damage_healed":0,"gold_gain":0,"player_choice":"Ignored","damage_taken":0,"max_hp_gain":0,"max_hp_loss":0,"event_name":"Tomb of Lord Red Mask","floor":37,"gold_loss":0},{"damage_healed":0,"gold_gain":0,"player_choice":"Fight","damage_taken":0,"max_hp_gain":0,"max_hp_loss":0,"event_name":"Mysterious Sphere","floor":38,"gold_loss":0},{"damage_healed":0,"gold_gain":0,"player_choice":"Cursed","damage_taken":0,"max_hp_gain":0,"max_hp_loss":0,"event_name":"Wheel of Change","floor":46,"gold_loss":0,"cards_obtained":["Decay"]}],"is_beta":false,"boss_relics":[{"not_picked":["Philosopher\u0027s Stone","SlaversCollar"],"picked":"Honey Jar"},{"not_picked":["Velvet Choker","ChewingGum"],"picked":"Pandora\u0027s Box"}],"items_purged_floors":[5,25,39,53],"is_endless":false,"potions_floor_spawned":[3,6,8,13,21,33,41,42],"ascension_level":17}}