{"host":"oewe6473mh2zp5ss","time":1612321833,"event":{"mods":["AchievementEnabler","Aspiration","Bard","BaseMod","Challenge The Spire","Conspire","Curses Come First","Custom Start","Downfall","Emptier Cage","Gremlin Mod","Halation","Hubris","Infinite Spire","Minty Spire (QoL Compilation)","Permanent Neow","Reliquary","Replay The Spire","Robot Space Explorer","Somnambulant","Spikes Relics","StSLib","The Cursed","The Disciple","The Jungle","The Senshi","thorton"],"gold_per_floor":[110,10,20,20,20,20,35,35,35,35,58,58,90,109,136,152,152,152,152],"floor_reached":18,"language":"ENG","playtime":1247,"items_purged":[],"score":120,"play_id":"a19a1fff-3487-494a-9dbc-72ed6a4fc95d","local_time":"20210202191033","is_ascension_mode":false,"campfire_choices":[{"data":"Crescendo","floor":8,"key":"SMITH"},{"data":"Eruption","floor":10,"key":"SMITH"},{"data":"Fasting2","floor":12,"key":"SMITH"},{"floor":17,"key":"REST"}],"circlet_count":0,"master_deck":["Strike_P","Strike_P","Strike_P","Strike_P","Defend_P","Defend_P","Defend_P","Defend_P","Eruption+1","Vigilance","Fasting2+1","JustLucky","Ghostly","Crescendo+1","Halt","ClearTheMind","CutThroughFate","Worship","FlyingSleeves"],"relics":["PureWater","Damaru","Gambling Chip","reliquary:TatteredRug"],"acts_visited":["Exordium"],"potions_floor_usage":[13,15,15],"damage_taken":[{"damage":0,"enemies":"2 Louse","floor":1,"turns":3},{"damage":0,"enemies":"Jaw Worm","floor":3,"turns":3},{"damage":0,"enemies":"Small Slimes","floor":7,"turns":3},{"damage":24,"enemies":"Lagavulin","floor":13,"turns":4},{"damage":10,"enemies":"Gremlin Gang","floor":14,"turns":4},{"damage":33,"enemies":"Gremlin Nob","floor":15,"turns":4},{"damage":15,"enemies":"Blue Slaver","floor":16,"turns":4},{"damage":63,"enemies":"Slime Boss","floor":18,"turns":5}],"seed_played":"1418567905319638537","potions_obtained":[{"floor":3,"key":"conspire:TimeTravelPotion"},{"floor":14,"key":"Block Potion"},{"floor":15,"key":"Fruit Juice"}],"is_trial":false,"path_per_floor":["M","?","M","?","PTL","PTL","M","R","$","R","T","R","E","M","E","M","R","B"],"character_chosen":"WATCHER","items_purchased":[],"campfire_rested":1,"item_purchase_floors":[],"current_hp_per_floor":[72,72,72,72,72,72,72,72,72,72,72,72,72,62,34,19,42,0,0],"gold":152,"neow_bonus":"RANDOM_EVENT","is_daily":false,"chose_seed":false,"campfire_upgraded":3,"win_rate":0.0,"timestamp":1612321833,"path_taken":["M","?","M","?","PTL","PTL","M","R","$","R","T","R","E","M","E","M","R","BOSS"],"items_purchased_type":[],"build_version":"2020-12-22","purchased_purges":0,"victory":false,"max_hp_per_floor":[72,72,72,72,72,72,72,72,72,72,72,72,72,72,77,77,77,77,77],"card_choices":[{"not_picked":["FlyingSleeves","SashWhip"],"picked":"JustLucky","floor":1},{"not_picked":["FlyingSleeves","Replay:BluntJabs"],"picked":"Crescendo","floor":3},{"not_picked":["SignatureMove","EmptyFist"],"picked":"Halt","floor":7},{"not_picked":["BattleHymn","Protect"],"picked":"ClearTheMind","floor":13},{"not_picked":["SignatureMove","Replay:Hum"],"picked":"CutThroughFate","floor":14},{"not_picked":["Vengeance","Scrawl"],"picked":"Worship","floor":15},{"not_picked":["CarveReality","Replay:AtTheReady"],"picked":"FlyingSleeves","floor":16}],"player_experience":56413,"relics_obtained":[{"floor":11,"key":"Damaru"},{"floor":13,"key":"Gambling Chip"},{"floor":15,"key":"reliquary:TatteredRug"}],"event_choices":[{"damage_healed":0,"gold_gain":0,"player_choice":"Argue","damage_taken":0,"max_hp_gain":0,"max_hp_loss":0,"event_name":"conspire:LoneGhost","floor":2,"gold_loss":0}],"is_beta":false,"boss_relics":[],"items_purged_floors":[],"is_endless":false,"potions_floor_spawned":[3,14,15],"killed_by":"Slime Boss","ascension_level":0}}