{"host":"c5nmr31n6e3biqyd","time":1612374320,"event":{"mods":["AchievementEnabler","BaseMod","Minty Spire (QoL Compilation)"],"gold_per_floor":[115,115,126,144,319,319,329,329,329,347,347,367,367,467,467,571,571,587,601,302,321,272,289,306,306,306,306,167,167,191,210,210,312,312,324,24,24,35,0,25,39,39,88,88,88,108,143,157,157,253,253,269,269,282,59,72,102,102,121,121,121,121,20,20,33,33,133,183,195,395,140,140,159,159,171,202,228,22,33,44,44,58,58,156,156,168,168,46,62,74,74,24,24,59,74,100,131,34,47,47,142,142,153,172,172,122,134,134,167,202,237,33,53,82,98,0,0,97,97,109,129,229,245,39,64,64,80,109,31,41,41,41,72,72,170,170,187,38,52,274,549,549,86,105,130,130,145,155,174,186,186,186,186],"floor_reached":152,"language":"KOR","playtime":9277,"items_purged":["Fire Breathing","Writhe","Wild Strike+1","Rupture+1","Iron Wave+1","Iron Wave+1","Dropkick+1","Thunderclap+1","Regret"],"score":3838,"play_id":"0ca2da4e-8d64-4d08-94ba-6e43d224c87f","local_time":"20210204024520","daily_mods":["Draft"],"is_ascension_mode":false,"campfire_choices":[{"data":"Spot Weakness","floor":6.0,"key":"SMITH"},{"data":"Heavy Blade","floor":8.0,"key":"SMITH"},{"data":"Body Slam","floor":11.0,"key":"SMITH"},{"data":"Body Slam","floor":15.0,"key":"SMITH"},{"floor":29.0,"key":"REST"},{"floor":32.0,"key":"REST"},{"data":"Thunderclap","floor":42.0,"key":"SMITH"},{"data":"Shockwave","floor":45.0,"key":"SMITH"},{"data":"Pommel Strike","floor":49.0,"key":"SMITH"},{"data":"Whirlwind","floor":58.0,"key":"SMITH"},{"data":"Flame Barrier","floor":62.0,"key":"SMITH"},{"data":"Shrug It Off","floor":64.0,"key":"SMITH"},{"data":"Shrug It Off","floor":66.0,"key":"SMITH"},{"data":"Reaper","floor":74.0,"key":"SMITH"},{"data":"Headbutt","floor":83.0,"key":"SMITH"},{"data":"Dropkick","floor":91.0,"key":"SMITH"},{"data":"Dropkick","floor":93.0,"key":"SMITH"},{"floor":100.0,"key":"REST"},{"data":"Battle Trance","floor":108.0,"key":"SMITH"},{"data":"Second Wind","floor":117,"key":"SMITH"},{"floor":126,"key":"REST"},{"floor":132,"key":"REST"},{"data":"Rage","floor":134,"key":"SMITH"},{"floor":142,"key":"REST"},{"floor":146,"key":"REST"},{"floor":151,"key":"REST"}],"circlet_count":0,"master_deck":["Shrug It Off+1","Spot Weakness+1","Heavy Blade+1","Battle Trance+1","Body Slam+1","Headbutt+1","Shockwave+1","Pommel Strike+1","Body Slam+1","Flame Barrier+1","Fire Breathing+1","Reaper+1","Shrug It Off+1","Shrug It Off+1","Metallicize+1","Immolate+1","Power Through+1","CurseOfTheBell","Fiend Fire+1","Evolve+1","Berserk+1","Body Slam+1","Feel No Pain+1","Juggernaut+1","Power Through+1","True Grit+1","Battle Trance+1","Fiend Fire+1","Rage+1","Corruption+1","Second Wind+1","Immolate+1","Dramatic Entrance+1","Feed+1","Spot Weakness+1","Rage+1"],"relics":["Burning Blood","Frozen Egg 2","Mark of Pain","Red Skull","Kunai","Bronze Scales","Enchiridion","Vajra","Runic Cube","Bag of Preparation","Red Mask","Self Forming Clay","War Paint","Eternal Feather","Calling Bell","Smiling Mask","Molten Egg 2","StoneCalendar","Mercury Hourglass","ClockworkSouvenir","Dream Catcher","Tiny House","Bottled Lightning","Nloth\u0027s Gift","Tiny Chest","Busted Crown","Astrolabe","Potion Belt","SlaversCollar","SacredBark","Bottled Tornado"],"acts_visited":["Exordium","TheCity","TheBeyond","Exordium","TheCity","TheBeyond","Exordium","TheCity","TheBeyond"],"potions_floor_usage":[118,118,118,118,127,127,127,128,130,135,143,145,147,148,150,152,152,152],"damage_taken":[{"damage":0.0,"enemies":"2 Louse","floor":1.0,"turns":2.0},{"damage":11.0,"enemies":"Jaw Worm","floor":3.0,"turns":3.0},{"damage":6.0,"enemies":"Cultist","floor":4.0,"turns":3.0},{"damage":6.0,"enemies":"Exordium Wildlife","floor":7.0,"turns":2.0},{"damage":1.0,"enemies":"2 Fungi Beasts","floor":10.0,"turns":3.0},{"damage":0.0,"enemies":"The Mushroom Lair","floor":12.0,"turns":2.0},{"damage":20.0,"enemies":"Slime Boss","floor":16.0,"turns":6.0},{"damage":2.0,"enemies":"Shell Parasite","floor":18.0,"turns":2.0},{"damage":22.0,"enemies":"Spheric Guardian","floor":19.0,"turns":5.0},{"damage":6.0,"enemies":"Snecko","floor":21.0,"turns":4.0},{"damage":20.0,"enemies":"Shelled Parasite and Fungi","floor":23.0,"turns":3.0},{"damage":34.0,"enemies":"Sentry and Sphere","floor":24.0,"turns":5.0},{"damage":4.0,"enemies":"Snecko","floor":31.0,"turns":4.0},{"damage":32.0,"enemies":"Collector","floor":33.0,"turns":8.0},{"damage":1.0,"enemies":"Orb Walker","floor":35.0,"turns":3.0},{"damage":0.0,"enemies":"3 Shapes","floor":38.0,"turns":3.0},{"damage":40.0,"enemies":"Nemesis","floor":40.0,"turns":7.0},{"damage":0.0,"enemies":"Transient","floor":41.0,"turns":5.0},{"damage":15.0,"enemies":"3 Darklings","floor":46.0,"turns":3.0},{"damage":15.0,"enemies":"Reptomancer","floor":47.0,"turns":5.0},{"damage":11.0,"enemies":"4 Shapes","floor":48.0,"turns":2.0},{"damage":33.0,"enemies":"Donu and Deca","floor":50.0,"turns":4.0},{"damage":0.0,"enemies":"2 Louse","floor":52.0,"turns":1.0},{"damage":0.0,"enemies":"Jaw Worm","floor":54.0,"turns":2.0},{"damage":0.0,"enemies":"Small Slimes","floor":56.0,"turns":2.0},{"damage":15.0,"enemies":"Lagavulin","floor":57.0,"turns":3.0},{"damage":10.0,"enemies":"Exordium Thugs","floor":59.0,"turns":2.0},{"damage":0.0,"enemies":"Looter","floor":65.0,"turns":2.0},{"damage":0.0,"enemies":"The Guardian","floor":67.0,"turns":4.0},{"damage":24.0,"enemies":"2 Thieves","floor":69.0,"turns":3.0},{"damage":0.0,"enemies":"Spheric Guardian","floor":73.0,"turns":2.0},{"damage":3.0,"enemies":"3 Cultists","floor":75.0,"turns":3.0},{"damage":11.0,"enemies":"Gremlin Leader","floor":76.0,"turns":3.0},{"damage":15.0,"enemies":"Book of Stabbing","floor":77.0,"turns":3.0},{"damage":20.0,"enemies":"Centurion and Healer","floor":79.0,"turns":4.0},{"damage":12.0,"enemies":"Snecko","floor":80.0,"turns":4.0},{"damage":10.0,"enemies":"Cultist and Chosen","floor":82.0,"turns":3.0},{"damage":43.0,"enemies":"Automaton","floor":84.0,"turns":6.0},{"damage":0.0,"enemies":"Orb Walker","floor":86.0,"turns":2.0},{"damage":3.0,"enemies":"3 Shapes","floor":89.0,"turns":2.0},{"damage":6.0,"enemies":"Sphere and 2 Shapes","floor":90.0,"turns":1.0},{"damage":21.0,"enemies":"Reptomancer","floor":94.0,"turns":4.0},{"damage":24.0,"enemies":"Spire Growth","floor":95.0,"turns":4.0},{"damage":2.0,"enemies":"Giant Head","floor":96.0,"turns":5.0},{"damage":50.0,"enemies":"Nemesis","floor":97.0,"turns":5.0},{"damage":15.0,"enemies":"Maw","floor":99.0,"turns":5.0},{"damage":61.0,"enemies":"Donu and Deca","floor":101.0,"turns":5.0},{"damage":0.0,"enemies":"Cultist","floor":103.0,"turns":2.0},{"damage":0.0,"enemies":"2 Louse","floor":104.0,"turns":1.0},{"damage":0.0,"enemies":"Jaw Worm","floor":107.0,"turns":1.0},{"damage":0.0,"enemies":"3 Sentries","floor":109.0,"turns":4.0},{"damage":2.0,"enemies":"Gremlin Nob","floor":110.0,"turns":3.0},{"damage":0.0,"enemies":"Lagavulin","floor":111.0,"turns":4.0},{"damage":0,"enemies":"Exordium Thugs","floor":113,"turns":3},{"damage":6,"enemies":"3 Sentries","floor":114,"turns":3},{"damage":0,"enemies":"Looter","floor":115,"turns":1},{"damage":5,"enemies":"The Guardian","floor":118,"turns":6},{"damage":43,"enemies":"2 Thieves","floor":120,"turns":3},{"damage":0,"enemies":"Chosen","floor":121,"turns":3},{"damage":0,"enemies":"Shelled Parasite and Fungi","floor":123,"turns":2},{"damage":13,"enemies":"Book of Stabbing","floor":125,"turns":3},{"damage":11,"enemies":"3 Cultists","floor":127,"turns":3},{"damage":14,"enemies":"Slavers","floor":128,"turns":3},{"damage":0,"enemies":"Centurion and Healer","floor":130,"turns":4},{"damage":0,"enemies":"Gremlin Leader","floor":133,"turns":5},{"damage":109,"enemies":"Automaton","floor":135,"turns":6},{"damage":87,"enemies":"3 Darklings","floor":137,"turns":4},{"damage":0,"enemies":"Orb Walker","floor":139,"turns":2},{"damage":44,"enemies":"Spire Growth","floor":144,"turns":4},{"damage":22,"enemies":"Nemesis","floor":145,"turns":5},{"damage":22,"enemies":"3 Darklings","floor":147,"turns":3},{"damage":8,"enemies":"Writhing Mass","floor":148,"turns":4},{"damage":7,"enemies":"Sphere and 2 Shapes","floor":149,"turns":3},{"damage":79,"enemies":"3 Darklings","floor":150,"turns":4},{"damage":175,"enemies":"Awakened One","floor":152,"turns":5}],"seed_played":"-4615227832619038985","potions_obtained":[{"floor":1.0,"key":"Strength Potion"},{"floor":4.0,"key":"SkillPotion"},{"floor":12.0,"key":"Regen Potion"},{"floor":16.0,"key":"ColorlessPotion"},{"floor":18.0,"key":"PowerPotion"},{"floor":23.0,"key":"SpeedPotion"},{"floor":35.0,"key":"Swift Potion"},{"floor":48.0,"key":"Weak Potion"},{"floor":50.0,"key":"DistilledChaos"},{"floor":54.0,"key":"BloodPotion"},{"floor":67.0,"key":"Weak Potion"},{"floor":68.0,"key":"DistilledChaos"},{"floor":69.0,"key":"DuplicationPotion"},{"floor":80.0,"key":"HeartOfIron"},{"floor":82.0,"key":"Strength Potion"},{"floor":94.0,"key":"ColorlessPotion"},{"floor":95.0,"key":"ColorlessPotion"},{"floor":97.0,"key":"AttackPotion"},{"floor":99.0,"key":"Fire Potion"},{"floor":103.0,"key":"AttackPotion"},{"floor":109.0,"key":"EntropicBrew"},{"floor":120,"key":"Fire Potion"},{"floor":121,"key":"Fire Potion"},{"floor":125,"key":"DuplicationPotion"},{"floor":133,"key":"LiquidBronze"},{"floor":137,"key":"GamblersBrew"},{"floor":139,"key":"SkillPotion"},{"floor":145,"key":"Ancient Potion"},{"floor":149,"key":"Strength Potion"}],"is_trial":true,"path_per_floor":["M","$","M","M","?","R","M","R","T","M","R","?","?","?","R","B",null,"M","M","$","M","$","M","M","?","T","?","$","R","T","M","R","B",null,"M","$","?","M","?","E","M","R","T","?","R","M","E","M","R","B",null,"M","?","M","$","M","E","R","M","T","?","R","$","R","M","R","B",null,"M","?","$","?","M","R","M","E","E","$","M","M","$","M","R","B",null,"M","?","$","M","M","R","$","R","E","M","E","E","$","M","R","B",null,"M","M","?","$","M","R","E","E","E","$","M","E","M","$","R","B",null,"M","M","?","M","$","E","R","M","E","$","M","$","R","E","R","B",null,"M","$","M","?","?","R","$","M","E","R","M","M","M","M","R","B"],"character_chosen":"IRONCLAD","items_purchased":["Red Skull","Fire Breathing+1","Shrug It Off","Metallicize+1","Bag of Preparation","CultistPotion","FearPotion","Fiend Fire+1","ClockworkSouvenir","Energy Potion","SteroidPotion","Bottled Lightning","Tiny Chest","Strength Potion","EssenceOfSteel","FairyPotion","Potion Belt","PowerPotion","Dramatic Entrance+1","Feed+1","LiquidMemories","PowerPotion","Block Potion","Block Potion","Bottled Tornado","Fruit Juice","BloodPotion"],"campfire_rested":8,"item_purchase_floors":[20,20,22,28,36,36,36,55,55,63,63,71,78,78,88,98,112,116,124,124,129,138,138,138,143,143,143],"current_hp_per_floor":[80,80,75,75,75,75,75,75,75,80,80,80,73,73,73,59,80,80,64,64,73,73,59,41,41,41,25,25,49,49,51,75,49,80,80,80,80,80,80,59,65,65,65,65,65,56,57,76,76,49,76,76,73,76,76,76,67,76,72,72,86,86,86,86,86,86,86,91,78,78,78,78,84,91,91,86,77,77,63,57,57,71,89,52,91,91,91,91,91,91,91,91,91,76,58,62,18,18,28,73,43,91,91,91,91,91,91,91,91,91,91,91,91,91,91,91,91,91,91,54,60,60,66,66,59,91,90,82,82,92,92,99,99,99,52,99,18,18,24,24,24,74,84,59,44,97,105,103,106,51,105,0,0],"gold":186,"neow_bonus":"","is_daily":false,"chose_seed":false,"campfire_upgraded":18,"win_rate":0.0,"timestamp":1612374320,"path_taken":["M","$","M","M","?","R","M","R","T","M","R","?","?","?","R","BOSS","M","?","$","M","$","M","M","?","T","?","$","R","?","M","R","BOSS","M","$","?","M","?","E","M","R","T","?","R","M","E","M","R","BOSS","M","?","M","$","M","E","R","M","T","?","R","$","R","M","R","BOSS","M","?","?","?","M","R","M","E","E","$","M","M","$","?","R","BOSS","M","?","$","M","M","R","$","R","E","?","E","?","$","?","R","BOSS","M","M","?","?","M","R","?","E","E","?","M","E","M","$","R","BOSS","M","M","?","M","$","E","R","M","E","?","M","$","R","?","R","BOSS","M","$","M","?","?","R","$","M","E","R","M","?","M","M","R","BOSS"],"items_purchased_type":["Relic","Card","Card","Card","Relic","Potion","Potion","Card","Relic","Potion","Potion","Relic","Relic","Potion","Potion","Potion","Relic","Potion","Card","Card","Potion","Potion","Potion","Potion","Relic","Potion","Potion"],"build_version":"2020-12-22","purchased_purges":9,"victory":false,"max_hp_per_floor":[80,80,80,80,80,80,80,80,80,80,80,80,80,80,80,80,80,80,80,80,80,80,80,80,80,80,80,80,80,80,80,80,80,80,80,80,80,80,80,80,80,80,80,76,76,76,76,76,76,76,76,76,76,76,76,76,76,76,76,76,86,86,86,86,86,86,86,91,91,91,91,91,91,91,91,91,91,91,91,91,91,91,91,91,91,91,91,91,91,91,91,91,91,91,91,91,91,91,91,91,91,91,91,91,91,91,91,91,91,91,91,91,91,91,91,91,91,91,91,91,91,91,91,91,91,91,95,95,95,99,99,99,99,99,99,99,99,99,99,99,99,99,109,109,109,109,109,109,113,113,113,113,113],"card_choices":[{"not_picked":["Feel No Pain","Perfected Strike"],"picked":"Dropkick","floor":0.0},{"not_picked":["Clothesline","Warcry"],"picked":"Dropkick","floor":0.0},{"not_picked":["Body Slam","Sword Boomerang"],"picked":"Cleave","floor":0.0},{"not_picked":["Sword Boomerang","Cleave"],"picked":"Shrug It Off","floor":0.0},{"not_picked":["Iron Wave","Perfected Strike"],"picked":"Fire Breathing","floor":0.0},{"not_picked":["Clothesline","Sever Soul"],"picked":"Spot Weakness","floor":0.0},{"not_picked":["Wild Strike","Inflame"],"picked":"Heavy Blade","floor":0.0},{"not_picked":["Sword Boomerang","Rage"],"picked":"Battle Trance","floor":0.0},{"not_picked":["Battle Trance","Wild Strike"],"picked":"Body Slam","floor":0.0},{"not_picked":["Dark Embrace","Burning Pact"],"picked":"Headbutt","floor":0.0},{"not_picked":["Armaments","Sword Boomerang"],"picked":"Shockwave","floor":0.0},{"not_picked":["Perfected Strike","Anger"],"picked":"Thunderclap","floor":0.0},{"not_picked":["Carnage","Spot Weakness"],"picked":"Pommel Strike","floor":0.0},{"not_picked":["True Grit","Thunderclap"],"picked":"Body Slam","floor":0.0},{"not_picked":["Clothesline","Body Slam"],"picked":"Whirlwind","floor":0.0},{"not_picked":["Clothesline","Heavy Blade","Body Slam"],"picked":"SKIP","floor":1.0},{"not_picked":["Pummel","Body Slam"],"picked":"Flame Barrier","floor":3.0},{"not_picked":["Anger","Thunderclap","Combust"],"picked":"SKIP","floor":4.0},{"not_picked":["Perfected Strike","Thunderclap","Pommel Strike"],"picked":"SKIP","floor":7.0},{"not_picked":["Inflame+1","Iron Wave","Sword Boomerang"],"picked":"SKIP","floor":10.0},{"not_picked":["Sword Boomerang","Body Slam+1","Iron Wave+1"],"picked":"SKIP","floor":18.0},{"not_picked":["Cleave","Clash+1","Anger"],"picked":"SKIP","floor":19.0},{"not_picked":["Thunderclap","Sword Boomerang"],"picked":"Reaper","floor":21.0},{"not_picked":["Inflame+1","Sword Boomerang"],"picked":"Shrug It Off","floor":23.0},{"not_picked":["Warcry+1","Rampage","Sever Soul"],"picked":"SKIP","floor":24.0},{"not_picked":["Whirlwind+1","Thunderclap","Feel No Pain+1"],"picked":"SKIP","floor":31.0},{"not_picked":["Fiend Fire","Double Tap"],"picked":"Immolate","floor":33.0},{"not_picked":["Wild Strike","Rage+1","Armaments"],"picked":"SKIP","floor":35.0},{"not_picked":["Combust+1","Spot Weakness+1","True Grit+1"],"picked":"SKIP","floor":38.0},{"not_picked":["Intimidate+1","Thunderclap"],"picked":"Power Through+1","floor":40.0},{"not_picked":["Disarm+1","Flex+1","Shockwave+1"],"picked":"SKIP","floor":41.0},{"not_picked":["Headbutt+1","Reaper","Cleave"],"picked":"SKIP","floor":46.0},{"not_picked":["Twin Strike","Clash","Anger"],"picked":"SKIP","floor":47.0},{"not_picked":["Dark Embrace+1","Rampage+1","Carnage"],"picked":"SKIP","floor":48.0},{"not_picked":["Brutality+1","Offering"],"picked":"Impervious","floor":50.0},{"not_picked":["Inflame+1","Warcry","True Grit"],"picked":"SKIP","floor":52.0},{"not_picked":["Iron Wave+1","Armaments"],"picked":"Wild Strike+1","floor":54.0},{"not_picked":["Hemokinesis+1","Havoc"],"picked":"Evolve+1","floor":56.0},{"not_picked":["Intimidate","Havoc","Sever Soul+1"],"picked":"SKIP","floor":57.0},{"not_picked":["Dark Embrace+1","Flex","True Grit"],"picked":"SKIP","floor":59.0},{"not_picked":["Thunderclap+1","Evolve+1","Ghostly Armor"],"picked":"SKIP","floor":65.0},{"not_picked":["Bludgeon+1","Barricade+1"],"picked":"Berserk+1","floor":67.0},{"not_picked":["Perfected Strike+1","Anger+1"],"picked":"Body Slam+1","floor":68.0},{"not_picked":["Armaments+1","Pommel Strike+1"],"picked":"Cleave+1","floor":69.0},{"not_picked":["Dark Embrace+1","Entrench"],"picked":"Rupture+1","floor":73.0},{"not_picked":["Rampage+1","Pommel Strike+1","Rupture+1"],"picked":"SKIP","floor":75.0},{"not_picked":["Brutality+1","Entrench","Feel No Pain+1"],"picked":"SKIP","floor":76.0},{"not_picked":["Heavy Blade+1","Immolate+1"],"picked":"Feel No Pain+1","floor":77.0},{"not_picked":["Perfected Strike+1","Body Slam+1","Anger+1"],"picked":"SKIP","floor":79.0},{"not_picked":["Anger+1","Warcry","Body Slam+1"],"picked":"SKIP","floor":80.0},{"not_picked":["Spot Weakness","Second Wind+1","Anger+1"],"picked":"SKIP","floor":82.0},{"not_picked":["Double Tap","Berserk+1"],"picked":"Juggernaut+1","floor":84.0},{"not_picked":["Warcry"],"picked":"SKIP","floor":86.0},{"not_picked":["Iron Wave+1"],"picked":"SKIP","floor":89.0},{"not_picked":["Cleave+1"],"picked":"SKIP","floor":90.0},{"not_picked":["Shrug It Off"],"picked":"SKIP","floor":94.0},{"not_picked":[],"picked":"True Grit+1","floor":95.0},{"not_picked":["Dual Wield+1"],"picked":"SKIP","floor":96.0},{"not_picked":["Combust+1"],"picked":"SKIP","floor":97.0},{"not_picked":["Headbutt+1"],"picked":"SKIP","floor":99.0},{"not_picked":[],"picked":"Battle Trance","floor":100.0},{"not_picked":[],"picked":"Fiend Fire+1","floor":101.0},{"not_picked":["Cleave+1"],"picked":"SKIP","floor":103.0},{"not_picked":["Perfected Strike+1"],"picked":"SKIP","floor":104.0},{"not_picked":["Wild Strike+1"],"picked":"SKIP","floor":107.0},{"not_picked":["Warcry"],"picked":"SKIP","floor":109.0},{"not_picked":[],"picked":"Corruption+1","floor":110.0},{"not_picked":["Intimidate"],"picked":"SKIP","floor":111.0},{"not_picked":["Clothesline+1"],"picked":"SKIP","floor":113},{"not_picked":["Exhume"],"picked":"SKIP","floor":114},{"not_picked":[],"picked":"Second Wind","floor":115},{"not_picked":[],"picked":"Immolate+1","floor":118},{"not_picked":["Intimidate"],"picked":"SKIP","floor":120},{"not_picked":["Thunderclap+1"],"picked":"SKIP","floor":121},{"not_picked":["Ghostly Armor"],"picked":"SKIP","floor":123},{"not_picked":["Pommel Strike+1"],"picked":"SKIP","floor":125},{"not_picked":["Second Wind"],"picked":"SKIP","floor":127},{"not_picked":["Armaments"],"picked":"SKIP","floor":128},{"not_picked":[],"picked":"Spot Weakness+1","floor":130},{"not_picked":[],"picked":"Rage","floor":133},{"not_picked":["Metallicize+1"],"picked":"SKIP","floor":137},{"not_picked":["Heavy Blade+1"],"picked":"SKIP","floor":139},{"not_picked":["Anger+1"],"picked":"SKIP","floor":144},{"not_picked":["Anger+1"],"picked":"SKIP","floor":145},{"not_picked":["True Grit"],"picked":"SKIP","floor":147},{"not_picked":["Metallicize+1"],"picked":"SKIP","floor":148},{"not_picked":["Body Slam+1"],"picked":"SKIP","floor":149},{"not_picked":["Twin Strike+1"],"picked":"SKIP","floor":150}],"player_experience":188634,"relics_obtained":[{"floor":9.0,"key":"Frozen Egg 2"},{"floor":12.0,"key":"Odd Mushroom"},{"floor":26.0,"key":"Bronze Scales"},{"floor":27.0,"key":"Enchiridion"},{"floor":30.0,"key":"Vajra"},{"floor":40.0,"key":"Self Forming Clay"},{"floor":43.0,"key":"War Paint"},{"floor":47.0,"key":"Eternal Feather"},{"floor":51.0,"key":"Smiling Mask"},{"floor":51.0,"key":"Molten Egg 2"},{"floor":51.0,"key":"StoneCalendar"},{"floor":60.0,"key":"Dream Catcher"}],"event_choices":[{"damage_healed":0.0,"max_hp_gain":0.0,"max_hp_loss":0.0,"gold_gain":175.0,"event_name":"Liars Game","player_choice":"AGREE","floor":5.0,"gold_loss":0.0,"damage_taken":0.0,"cards_obtained":["Doubt"]},{"damage_healed":0.0,"max_hp_gain":0.0,"max_hp_loss":0.0,"gold_gain":0.0,"event_name":"Mushrooms","player_choice":"Fought Mushrooms","floor":12.0,"gold_loss":0.0,"damage_taken":0.0},{"cards_removed":["Doubt"],"damage_healed":0.0,"max_hp_gain":0.0,"max_hp_loss":0.0,"gold_gain":0.0,"event_name":"Golden Wing","player_choice":"Card Removal","floor":13.0,"gold_loss":0.0,"damage_taken":7.0},{"damage_healed":0.0,"max_hp_gain":0.0,"max_hp_loss":0.0,"gold_gain":100.0,"event_name":"Golden Shrine","player_choice":"Pray","floor":14.0,"gold_loss":0.0,"damage_taken":0.0},{"damage_healed":0.0,"max_hp_gain":0.0,"max_hp_loss":0.0,"gold_gain":0.0,"event_name":"The Mausoleum","player_choice":"Opened","floor":25.0,"gold_loss":0.0,"damage_taken":0.0,"relics_obtained":["Kunai"],"cards_obtained":["Writhe"]},{"damage_healed":0.0,"max_hp_gain":0.0,"max_hp_loss":0.0,"gold_gain":0.0,"event_name":"Cursed Tome","player_choice":"Obtained Book","floor":27.0,"gold_loss":0.0,"damage_taken":16.0},{"cards_removed":["Cleave"],"damage_healed":0.0,"max_hp_gain":0.0,"max_hp_loss":0.0,"gold_gain":0.0,"event_name":"Falling","player_choice":"Removed Attack","floor":37.0,"gold_loss":0.0,"damage_taken":0.0},{"damage_healed":0.0,"max_hp_gain":0.0,"max_hp_loss":0.0,"gold_gain":0.0,"event_name":"Tomb of Lord Red Mask","player_choice":"Paid","floor":39.0,"gold_loss":35.0,"damage_taken":0.0,"relics_obtained":["Red Mask"]},{"damage_healed":0.0,"max_hp_gain":0.0,"max_hp_loss":4.0,"gold_gain":0.0,"event_name":"Winding Halls","player_choice":"Max HP","floor":44.0,"gold_loss":0.0,"damage_taken":0.0},{"damage_healed":0.0,"max_hp_gain":0.0,"max_hp_loss":0.0,"gold_gain":0.0,"event_name":"Scrap Ooze","player_choice":"Success","floor":53.0,"gold_loss":0.0,"damage_taken":3.0,"relics_obtained":["Mercury Hourglass"]},{"cards_removed":["Impervious"],"damage_healed":4.0,"max_hp_gain":10.0,"max_hp_loss":0.0,"gold_gain":0.0,"event_name":"Bonfire Elementals","player_choice":"Offered Rare","floor":61.0,"gold_loss":0.0,"damage_taken":0.0},{"damage_healed":0.0,"max_hp_gain":0.0,"max_hp_loss":0.0,"gold_gain":250.0,"event_name":"The Joust","player_choice":"Bet on Owner","floor":70.0,"gold_loss":50.0,"damage_taken":0.0},{"damage_healed":0.0,"max_hp_gain":0.0,"max_hp_loss":0.0,"gold_gain":0.0,"event_name":"N\u0027loth","player_choice":"Traded Relic","floor":72.0,"relics_lost":["Odd Mushroom"],"gold_loss":0.0,"damage_taken":0.0,"relics_obtained":["Nloth\u0027s Gift"]},{"damage_healed":0.0,"max_hp_gain":0.0,"max_hp_loss":0.0,"gold_gain":0.0,"event_name":"Duplicator","player_choice":"Copied","floor":87.0,"gold_loss":0.0,"damage_taken":0.0,"cards_obtained":["Power Through"]},{"cards_removed":["Demon Form"],"damage_healed":0.0,"max_hp_gain":0.0,"max_hp_loss":0.0,"gold_gain":0.0,"event_name":"NoteForYourself","player_choice":"Took Card","floor":105.0,"gold_loss":0.0,"damage_taken":0.0,"cards_obtained":["Iron Wave"]},{"damage_healed":0,"gold_gain":100,"player_choice":"Pray","damage_taken":0,"max_hp_gain":0,"max_hp_loss":0,"event_name":"Golden Shrine","floor":122,"gold_loss":0},{"damage_healed":0,"gold_gain":222,"player_choice":"Wore Mask","damage_taken":0,"max_hp_gain":0,"max_hp_loss":0,"event_name":"Tomb of Lord Red Mask","floor":140,"gold_loss":0},{"damage_healed":0,"gold_gain":275,"player_choice":"Desecrate","damage_taken":0,"max_hp_gain":0,"max_hp_loss":0,"event_name":"Golden Shrine","floor":141,"gold_loss":0,"cards_obtained":["Regret"]}],"is_beta":false,"boss_relics":[{"not_picked":["Cursed Key","Velvet Choker"],"picked":"Mark of Pain"},{"not_picked":["Sozu","Empty Cage"],"picked":"Runic Cube"},{"not_picked":["Fusion Hammer","Tiny House"],"picked":"Calling Bell"},{"not_picked":["Coffee Dripper","Runic Dome"],"picked":"Tiny House"},{"not_picked":["Velvet Choker","Philosopher\u0027s Stone"],"picked":"Busted Crown"},{"not_picked":["Runic Pyramid","Black Star"],"picked":"Astrolabe"},{"not_picked":["Fusion Hammer","Black Star"],"picked":"SlaversCollar"},{"not_picked":["Runic Dome","Cursed Key"],"picked":"SacredBark"}],"items_purged_floors":[20,28,88,92,106,112,116,124,143],"is_endless":true,"potions_floor_spawned":[1,4,12,16,18,23,35,48,50,54,67,69,73,79,80,82,94,95,97,99,103,104,109,110,120,121,125,133,137,139,145,149],"killed_by":"Awakened One","ascension_level":0}}