{"host":"mw3dmj42qtkbha4b","time":1612315039,"event":{"mods":["BaseMod","Colored Map","Colored Powertips","DeckTracker","Minty Spire (QoL Compilation)","StSLib","SuperFastMode"],"gold_per_floor":[113,113,113,113,127,158,158,193,193,193,218,233,251,280,280,280,280],"floor_reached":16,"language":"KOR","playtime":329,"items_purged":[],"score":356,"play_id":"065107cf-5ae7-4910-a565-5a291fa0213a","local_time":"20210203101719","is_ascension_mode":true,"campfire_choices":[{"data":"Eruption","floor":7.0,"key":"SMITH"},{"floor":10.0,"key":"REST"},{"data":"BattleHymn","floor":15.0,"key":"SMITH"}],"circlet_count":0,"master_deck":["AscendersBane","Strike_P","Strike_P","Strike_P","Strike_P","Defend_P","Defend_P","Defend_P+1","Eruption+1","Vigilance","BattleHymn+1","LessonLearned","ReachHeaven"],"relics":["PureWater","NeowsBlessing","HornCleat","Boot","Unceasing Top","Smiling Mask","TeardropLocket","Damaru"],"acts_visited":["Exordium"],"potions_floor_usage":[],"damage_taken":[{"damage":0.0,"enemies":"Small Slimes","floor":1.0,"turns":1.0},{"damage":0.0,"enemies":"Jaw Worm","floor":5.0,"turns":1.0},{"damage":0.0,"enemies":"Lagavulin","floor":6.0,"turns":1.0},{"damage":31.0,"enemies":"3 Sentries","floor":8.0,"turns":5.0},{"damage":2.0,"enemies":"Gremlin Nob","floor":11.0,"turns":3.0},{"damage":0.0,"enemies":"Cultist","floor":12.0,"turns":2.0},{"damage":9.0,"enemies":"3 Louse","floor":13.0,"turns":2.0},{"damage":0.0,"enemies":"Lagavulin","floor":14.0,"turns":3.0},{"damage":22,"enemies":"The Guardian","floor":16,"turns":2}],"seed_played":"-880930038390889631","potions_obtained":[{"floor":5.0,"key":"StancePotion"},{"floor":8.0,"key":"Swift Potion"},{"floor":12.0,"key":"StancePotion"},{"floor":13.0,"key":"DuplicationPotion"}],"is_trial":false,"path_per_floor":["M","$","?","?","M","E","R","E","T","R","E","M","M","E","R","B"],"character_chosen":"WATCHER","items_purchased":[],"campfire_rested":1,"item_purchase_floors":[],"current_hp_per_floor":[61,61,54,43,43,43,43,12,12,32,30,30,21,21,21,0,0],"gold":280,"neow_bonus":"THREE_ENEMY_KILL","is_daily":false,"chose_seed":false,"campfire_upgraded":2,"win_rate":0.0,"timestamp":1612315039,"path_taken":["M","$","?","?","M","E","R","E","T","R","E","M","M","E","R","BOSS"],"items_purchased_type":[],"build_version":"2020-12-22","purchased_purges":0,"victory":false,"max_hp_per_floor":[68,68,68,68,68,68,68,68,68,68,68,68,68,68,68,68,68],"card_choices":[{"not_picked":["EmptyFist","EmptyMind","Nirvana"],"picked":"SKIP","floor":1.0},{"not_picked":["MentalFortress","FollowUp","TalkToTheHand"],"picked":"SKIP","floor":5.0},{"not_picked":["Wireheading","Crescendo"],"picked":"BattleHymn","floor":6.0},{"not_picked":["Consecrate","WreathOfFlame"],"picked":"LessonLearned","floor":8.0},{"not_picked":["SashWhip","ForeignInfluence","DeceiveReality"],"picked":"SKIP","floor":11.0},{"not_picked":["FlurryOfBlows","ThirdEye","Evaluate"],"picked":"SKIP","floor":12.0},{"not_picked":["BowlingBash","WreathOfFlame","Adaptation"],"picked":"SKIP","floor":13.0},{"not_picked":["MentalFortress","Worship"],"picked":"ReachHeaven","floor":14.0}],"player_experience":1787974,"relics_obtained":[{"floor":6.0,"key":"Boot"},{"floor":8.0,"key":"Unceasing Top"},{"floor":9.0,"key":"Smiling Mask"},{"floor":11.0,"key":"TeardropLocket"},{"floor":14.0,"key":"Damaru"}],"event_choices":[{"cards_removed":["Defend_P"],"damage_healed":0.0,"max_hp_gain":0.0,"max_hp_loss":0.0,"gold_gain":0.0,"event_name":"Golden Wing","player_choice":"Card Removal","floor":3.0,"gold_loss":0.0,"damage_taken":7.0},{"damage_healed":0.0,"max_hp_gain":0.0,"max_hp_loss":0.0,"gold_gain":0.0,"event_name":"Scrap Ooze","player_choice":"Success","floor":4.0,"gold_loss":0.0,"damage_taken":11.0,"relics_obtained":["HornCleat"]}],"is_beta":false,"boss_relics":[],"items_purged_floors":[],"is_endless":false,"potions_floor_spawned":[5,8,12,13],"killed_by":"The Guardian","ascension_level":20}}