{"host":"smvt3ad3q31g2j4m","time":1612313443,"event":{"mods":["BaseMod","Better Skull","Better Third Choice","Colored Map","Downfall","GifTheSpireLib","Minty Spire (QoL Compilation)","Replay The Spire","StSLib"],"gold_per_floor":[99,110,129,279,291,291,291,348,348,348,348,348,348,363,363,391,404,404,404,404],"floor_reached":18,"language":"ENG","playtime":836,"items_purged":[],"score":110,"play_id":"1a84bb5a-98f2-4fdf-8f98-5b03b23e1a3c","local_time":"20210202185043","is_ascension_mode":false,"campfire_choices":[{"data":"Guardian:Defend_Guardian","floor":1.0,"key":"PURGE"},{"data":"Guardian:TwinSlam","floor":6.0,"key":"SMITH"},{"data":"Guardian:PrimingBeam","floor":11.0,"key":"SMITH"},{"data":"Guardian:CurlUp","floor":15,"key":"SMITH"}],"circlet_count":0,"master_deck":["Guardian:Strike_Guardian","Guardian:Strike_Guardian","Guardian:Strike_Guardian","Guardian:Strike_Guardian","Guardian:Defend_Guardian","Guardian:Defend_Guardian","Guardian:CurlUp+1","Guardian:TwinSlam+1","Guardian:Incinerate","Guardian:PrimingBeam+1","downfall:Icky","Guardian:Preprogram","Guardian:FastForward+1","Guardian:ShieldSpikes","Guardian:TemporalStrike","Guardian:Planning"],"relics":["Guardian:ModeShifter","MealTicket","HornCleat","Blood Vial","Turnip"],"acts_visited":["Exordium"],"potions_floor_usage":[16,18,18,18,18,18],"damage_taken":[{"damage":0.0,"enemies":"2 Louse","floor":2.0,"turns":3.0},{"damage":0.0,"enemies":"Small Slimes","floor":3.0,"turns":3.0},{"damage":3.0,"enemies":"Jaw Worm","floor":5.0,"turns":4.0},{"damage":30.0,"enemies":"Lagavulin Event","floor":8.0,"turns":9.0},{"damage":8,"enemies":"3 Louse","floor":14,"turns":4},{"damage":10,"enemies":"3 Sentries","floor":16,"turns":9},{"damage":7,"enemies":"Exordium Thugs","floor":17,"turns":6},{"damage":46,"enemies":"WA_ARCHETYPE_RETAIN","floor":18,"turns":7}],"seed_played":"1783260510526009774","potions_obtained":[{"floor":14,"key":"Explosive Potion"},{"floor":16,"key":"BlessingOfTheForge"},{"floor":17,"key":"EntropicBrew"}],"is_trial":false,"path_per_floor":["R_BF","M","M","?","M","R","T","?","PTL","PTL","R","?","?","M","R","E","M","B"],"character_chosen":"GUARDIAN","items_purchased":[],"campfire_rested":0,"item_purchase_floors":[],"current_hp_per_floor":[80,80,80,80,77,77,77,47,47,47,47,47,47,41,41,33,28,0,0,0],"gold":404,"neow_bonus":"RANDOM_COMMON_RELIC","is_daily":false,"chose_seed":false,"campfire_upgraded":3,"win_rate":0.0,"timestamp":1612313443,"path_taken":["R_BF","M","M","?","M","R","T","?","PTL","PTL","R","?","?","M","R","E","M","BOSS"],"items_purchased_type":[],"build_version":"2020-12-22","purchased_purges":0,"victory":false,"max_hp_per_floor":[80,80,80,80,80,80,80,80,80,80,80,80,80,80,80,80,80,80,80,80],"card_choices":[{"not_picked":["Guardian:CrystalBeam","Guardian:TemporalShield"],"picked":"Guardian:Incinerate","floor":2.0},{"not_picked":["Guardian:EvasiveProtocol","Guardian:TemporalShield"],"picked":"Guardian:PrimingBeam","floor":3.0},{"not_picked":["Guardian:TemporalStrike","Guardian:ShieldSpikes"],"picked":"Guardian:Preprogram","floor":5.0},{"not_picked":["Guardian:WalkerClaw","Guardian:ShieldCharger"],"picked":"Guardian:Gem_Cyan","floor":8.0},{"not_picked":["Guardian:CrystalBeam","Guardian:Gem_Lightblue"],"picked":"Guardian:ShieldSpikes","floor":14},{"not_picked":["Guardian:RollAttack","Guardian:GatlingBeam"],"picked":"Guardian:TemporalStrike","floor":16},{"not_picked":["Guardian:DecasProtection","Guardian:FloatingOrbs"],"picked":"Guardian:Planning","floor":17}],"player_experience":129752,"relics_obtained":[{"floor":7.0,"key":"HornCleat"},{"floor":8.0,"key":"Blood Vial"},{"floor":16,"key":"Turnip"}],"event_choices":[],"is_beta":false,"boss_relics":[],"items_purged_floors":[],"is_endless":false,"potions_floor_spawned":[14,16,17],"killed_by":"WA_ARCHETYPE_RETAIN","ascension_level":0}}