{"host":"l2kmo5ss1fnqnmvo","time":1612334743,"event":{"mods":["BaseMod","Colored Powertips","Decade(王小明)","Lobotomy","Minty Spire (QoL Compilation)","Reimu（博丽灵梦）","WarShipGirlsR/战舰少女R mod"],"gold_per_floor":[116,132,142,161,161,193,193,226,226,244,344,344,363,380,380,478,478,497,551,567,567,29,62,77,77,77],"floor_reached":25,"language":"ZHS","playtime":2686,"items_purged":[],"score":247,"play_id":"55d26834-aa21-4063-9f89-0b0d74154fb8","local_time":"20210203154543","is_ascension_mode":true,"campfire_choices":[{"floor":7,"key":"REST"},{"floor":12,"key":"REST"},{"floor":15,"key":"REST"}],"circlet_count":0,"master_deck":["Decade_Attack","Decade_Attack","Decade_Attack","Decade_Attack","KamenRide","Decade_SpecialSkill","Decade_Defend","Decade_Defend","Decade_Defend","Decade_Defend","WallGazer","Blade_Mach","FormRideJack","Decade_Defend2","OSAHOGD","UnarmedAttack5","Blade_Mach","Blade_Beat","Scarecrow","FormRide","UnarmedAttack7","QueenOfHatred","VoidDream","FormRideAxel","Blade_Metal","Blade_Kick+1","RideBooker","BigBird","UnarmedAttack4+1"],"relics":["Decadriver","TOEIDeficitBill","CogitoBucket","Gremlin Horn","Boot","FossilizedHelix","AspirationHeart","Cursed Key","Orichalcum","BackwardClock","TentaclePot:ReiMu","Kunai","Nunchaku","Oddly Smooth Stone"],"acts_visited":["Exordium","TheCity"],"potions_floor_usage":[6,16,20,20],"damage_taken":[{"damage":5,"enemies":"Small Slimes","floor":1,"turns":4},{"damage":5,"enemies":"2 Louse","floor":2,"turns":4},{"damage":6,"enemies":"Cultist","floor":3,"turns":6},{"damage":8,"enemies":"Red Slaver","floor":4,"turns":6},{"damage":18,"enemies":"Gremlin Nob","floor":6,"turns":6},{"damage":20,"enemies":"Lagavulin","floor":8,"turns":11},{"damage":31,"enemies":"Looter","floor":10,"turns":6},{"damage":14,"enemies":"Gremlin Gang","floor":13,"turns":6},{"damage":22,"enemies":"Blue Slaver","floor":14,"turns":5},{"damage":34,"enemies":"Slime Boss","floor":16,"turns":15},{"damage":19,"enemies":"Shell Parasite","floor":18,"turns":6},{"damage":26,"enemies":"3 Byrds","floor":20,"turns":13},{"damage":11,"enemies":"Book of Stabbing","floor":23,"turns":7},{"damage":52,"enemies":"Cultist and Chosen","floor":24,"turns":9},{"damage":48,"enemies":"Gremlin Leader","floor":25,"turns":6}],"seed_played":"-1378750222171975549","potions_obtained":[{"floor":4,"key":"FearPotion"},{"floor":13,"key":"BlessingOfTheForge"},{"floor":14,"key":"Strength Potion"},{"floor":16,"key":"SteroidPotion"},{"floor":18,"key":"Swift Potion"}],"is_trial":false,"path_per_floor":["M","M","M","M","?","E","R","E","T","M","?","R","M","M","R","B",null,"M","T","M","?","$","E","M","E"],"character_chosen":"Decade","items_purchased":["TentaclePot:ReiMu","Kunai","Nunchaku"],"campfire_rested":3,"item_purchase_floors":[22,22,22],"current_hp_per_floor":[65,60,54,46,46,28,49,29,29,12,12,36,26,18,42,30,80,71,71,79,79,79,71,32,0,0],"gold":77,"neow_bonus":"","is_daily":false,"chose_seed":false,"campfire_upgraded":0,"win_rate":0.0,"timestamp":1612334743,"path_taken":["M","M","M","M","?","E","R","E","T","M","?","R","M","?","R","BOSS","M","?","M","?","$","E","M","E"],"items_purchased_type":["Relic","Relic","Relic"],"build_version":"2020-12-22","purchased_purges":0,"victory":false,"max_hp_per_floor":[70,70,70,70,70,70,70,70,70,80,80,80,80,80,80,80,80,80,80,80,80,80,80,80,80,80],"card_choices":[{"not_picked":["Freischutz","GalaxyChild"],"picked":"WallGazer","floor":1},{"not_picked":["Kiva_Frozen","UnarmedAttack9"],"picked":"Blade_Mach","floor":1},{"not_picked":["Hibiki_Attack1","Decade_Dash2","KamenRideAgito"],"picked":"SKIP","floor":1},{"not_picked":["FormRidePegasus","KamenRideBlade"],"picked":"FormRideJack","floor":2},{"not_picked":["FormRideJack","KamenRideDecade"],"picked":"Decade_Defend2","floor":2},{"not_picked":["MeatLantern","Freischutz","HeroicMonk"],"picked":"Singing Bowl","floor":3},{"not_picked":["Yin","ShyLook"],"picked":"OSAHOGD","floor":3},{"not_picked":["DenO_Rod","KamenRideDecade"],"picked":"UnarmedAttack5","floor":3},{"not_picked":["UnarmedAttack1","UnarmedAttack7"],"picked":"Blade_Mach","floor":3},{"not_picked":["Kiva_Swallow","PhotonAcceleration","DragShield"],"picked":"SKIP","floor":4},{"not_picked":["FormRideBasshaa","KamenRideDecade","MirrorWorld"],"picked":"SKIP","floor":4},{"not_picked":["DenO_Sword","RideBooker"],"picked":"Blade_Beat","floor":6},{"not_picked":["DenO_Gun","KamenRideDecade","FormRideBasshaa"],"picked":"SKIP","floor":6},{"not_picked":["ShyLook","Scorched"],"picked":"Scarecrow","floor":8},{"not_picked":["DenO_Rod","KamenRideDenO"],"picked":"FormRide","floor":8},{"not_picked":["UnarmedAttack5","PhotonAcceleration","Decade_Invisible"],"picked":"SKIP","floor":8},{"not_picked":["TimeVent","FormRideDogga"],"picked":"UnarmedAttack7","floor":10},{"not_picked":["KamenRideDecade","FormRideBasshaa","DenO_Rod"],"picked":"SKIP","floor":10},{"not_picked":["CherryBlossoms","CrumblingArmor","PunishingBird"],"picked":"Singing Bowl","floor":13},{"not_picked":["UnarmedAttack4","DenO_Rod","Dragreder"],"picked":"SKIP","floor":13},{"not_picked":["UnarmedAttack7","Dragreder","MirrorWorld"],"picked":"SKIP","floor":13},{"not_picked":["CherryBlossoms","ShyLook"],"picked":"QueenOfHatred","floor":14},{"not_picked":["DenO_Rod","DenO_Gun","AttackRide"],"picked":"SKIP","floor":14},{"not_picked":["DenO_Climax","Hibiki_Attack2","Decade_Defend2"],"picked":"SKIP","floor":14},{"not_picked":["Mercenary","HeroicMonk"],"picked":"VoidDream","floor":16},{"not_picked":["Hibiki_FEVER","Kiva_Swallow"],"picked":"FormRideAxel","floor":16},{"not_picked":["KamenRideDenO+1","KamenRideBlade"],"picked":"Blade_Metal","floor":18},{"not_picked":["FormRideDogga","Dragreder+1","FormRideDragon"],"picked":"SKIP","floor":18},{"not_picked":["GalaxyChild","PunishingBird","Bloodbath"],"picked":"Singing Bowl","floor":20},{"not_picked":["KamenRideKuuga","RideBooker_Skill_2+1"],"picked":"Blade_Kick+1","floor":20},{"not_picked":["Decade_Dash2+1","FormRideFlame"],"picked":"RideBooker","floor":20},{"not_picked":["BeautyBeast","SpiderBud"],"picked":"BigBird","floor":23},{"not_picked":["DenO_Ax+1","MirrorWorld","FormRideFlame"],"picked":"SKIP","floor":23},{"not_picked":["Blade_Kick","UnarmedAttack7"],"picked":"UnarmedAttack4+1","floor":24},{"not_picked":["UnarmedAttack3","DenO_Gun","KamenRideKiva+1"],"picked":"SKIP","floor":24}],"player_experience":603010,"relics_obtained":[{"floor":6,"key":"Boot"},{"floor":8,"key":"FossilizedHelix"},{"floor":19,"key":"Orichalcum"},{"floor":23,"key":"Oddly Smooth Stone"}],"event_choices":[{"damage_healed":0,"gold_gain":0,"player_choice":"Box","damage_taken":0,"relics_obtained":["Gremlin Horn"],"max_hp_gain":0,"max_hp_loss":0,"event_name":"Big Fish","floor":5,"gold_loss":0,"cards_obtained":["Regret"]},{"damage_healed":0,"gold_gain":100,"player_choice":"Gold","damage_taken":0,"max_hp_gain":0,"max_hp_loss":0,"event_name":"Wheel of Change","floor":11,"gold_loss":0},{"cards_removed":["Decay","Regret"],"damage_healed":0,"gold_gain":0,"player_choice":"Removed Curses","damage_taken":0,"max_hp_gain":0,"max_hp_loss":0,"event_name":"Fountain of Cleansing","floor":21,"gold_loss":0}],"is_beta":false,"boss_relics":[{"not_picked":["Astrolabe","Black Star"],"picked":"Cursed Key"}],"items_purged_floors":[],"is_endless":false,"potions_floor_spawned":[4,13,14,16,18],"killed_by":"Gremlin Leader","ascension_level":1}}