{"host":"fa19f27vz2zfochh","time":1612353601,"event":{"mods":["Act Like it!","Aspiration","BaseMod","Better Third Choice","Conspire","Downfall","Energized Spire","Halation","Hallownest","Hubris","Infinite Spire","Ironclad Rager","Minty Spire (QoL Compilation)","Relic Stats","Replay The Spire","StSLib","The Bug Knight"],"gold_per_floor":[99,99,99,99,99,9,35,35,35,35,68,68,68,68,78,78,78,78],"floor_reached":16,"language":"ENG","playtime":409,"items_purged":["bronze:Strike"],"score":101,"play_id":"ce3010a0-733f-4d05-8ecd-83527fd814b2","local_time":"20210203130001","is_ascension_mode":true,"campfire_choices":[{"data":"bronze:Goto","floor":1,"key":"SMITH"},{"data":"bronze:Verify","floor":9,"key":"SMITH"},{"data":"bronze:Replicate","floor":13,"key":"SMITH"}],"circlet_count":0,"master_deck":["bronze:Strike","bronze:Strike","bronze:Defend","bronze:Defend","bronze:Defend","bronze:Defend+1","bronze:Replicate+1","bronze:Goto+1","bronze:WildBeam","bronze:Verify+1","bronze:Flail"],"relics":["bronze:BronzeCore","downfall:HeartsMalice","Juzu Bracelet","hubris:Towel","Ice Cream","Shuriken"],"acts_visited":["Exordium"],"potions_floor_usage":[16,16],"damage_taken":[{"damage":0,"enemies":"2 Louse","floor":2,"turns":1},{"damage":0,"enemies":"Cultist","floor":4,"turns":1},{"damage":0,"enemies":"downfall:FleeingMerchant","floor":5,"turns":1},{"damage":5,"enemies":"downfall:FleeingMerchant","floor":6,"turns":4},{"damage":21,"enemies":"Lagavulin","floor":11,"turns":5},{"damage":8,"enemies":"Small Slimes","floor":15,"turns":2},{"damage":37,"enemies":"IC_STATUS_ARCHETYPE","floor":16,"turns":4}],"seed_played":"-5919900273101082808","potions_obtained":[{"floor":11,"key":"EntropicBrew"},{"floor":15,"key":"Block Potion"}],"is_trial":false,"path_per_floor":["R","M","?","M","$","$","T","?","R","?","E","T","R","?","M","B"],"character_chosen":"THE_AUTOMATON","items_purchased":[],"campfire_rested":0,"item_purchase_floors":[],"current_hp_per_floor":[70,70,70,70,70,65,65,65,65,65,44,44,44,44,36,0,0,0],"gold":78,"neow_bonus":"THREE_ENEMY_KILL","is_daily":false,"chose_seed":false,"campfire_upgraded":3,"win_rate":0.0,"timestamp":1612353601,"path_taken":["R","M","?","M","?","$","T","?","R","?","E","?","R","?","M","BOSS"],"items_purchased_type":[],"build_version":"2020-12-22","purchased_purges":1,"victory":false,"max_hp_per_floor":[70,70,70,70,70,70,70,70,70,70,70,70,70,70,70,70,70,70],"relic_stats":{"counters":[7,15],"Shuriken":[3],"Juzu Bracelet":1,"obtain_stats":[{"Ice Cream":11,"bronze:BronzeCore":0,"Shuriken":12,"downfall:HeartsMalice":0,"Juzu Bracelet":7,"hubris:Towel":8},{"Ice Cream":5,"bronze:BronzeCore":0,"Shuriken":5,"downfall:HeartsMalice":0,"Juzu Bracelet":4,"hubris:Towel":4},{"Ice Cream":9,"bronze:BronzeCore":0,"Shuriken":9,"downfall:HeartsMalice":0,"Juzu Bracelet":4,"hubris:Towel":4}]},"card_choices":[{"not_picked":["bronze:BuggyMess","bronze:Deprecate","bronze:ForLoop"],"picked":"SKIP","floor":2},{"not_picked":["bronze:NullPointer","bronze:Frontload"],"picked":"bronze:WildBeam","floor":4},{"not_picked":["bronze:InfiniteBeams","bronze:CloningBeam"],"picked":"bronze:Verify","floor":5},{"not_picked":["bronze:Frontload","bronze:ForLoop"],"picked":"bronze:Flail","floor":6},{"not_picked":["bronze:Invalidate","bronze:BronzeArmor","bronze:Turbo"],"picked":"SKIP","floor":11},{"not_picked":["bronze:Invalidate","bronze:Turbo","bronze:BronzeArmor"],"picked":"SKIP","floor":15}],"player_experience":414384,"relics_obtained":[{"floor":7,"key":"Juzu Bracelet"},{"floor":11,"key":"Ice Cream"},{"floor":12,"key":"Shuriken"}],"event_choices":[],"is_beta":false,"boss_relics":[],"items_purged_floors":[6],"is_endless":false,"potions_floor_spawned":[11,15],"killed_by":"IC_STATUS_ARCHETYPE","ascension_level":2}}