{"host":"7iv10lxbxedtd0qh","time":1612389667,"event":{"mods":["BaseMod","Colored Map","Colored Powertips","Downfall","Minty Spire (QoL Compilation)","StSLib"],"gold_per_floor":[99,110,120,395,413,447,474,474,484,484,503,503,514,545,557,661,661,661,675,362,362,380,408,432,432,432,432,432,169,187,214,228,330,330,330,340,340,463,463,498,498,509,541,441,451,726,743,777,801,813],"floor_reached":51,"language":"ENG","playtime":2135,"items_purged":["Guardian:Strike_Guardian","Guardian:Gem_Green","Guardian:Defend_Guardian"],"score":1091,"play_id":"0335f6c8-e6a9-4d3f-ad06-5e20ab5d6d63","local_time":"20210203230107","is_ascension_mode":true,"campfire_choices":[{"data":"Guardian:TwinSlam","floor":1.0,"key":"SMITH"},{"data":"Guardian:RefractedBeam","floor":10.0,"key":"SMITH"},{"data":"Guardian:RefractedBeam+1","floor":12.0,"key":"SMITH"},{"data":"Guardian:RefractedBeam+2","floor":18.0,"key":"SMITH"},{"floor":26.0,"key":"REST"},{"data":"Guardian:RefractedBeam+3","floor":28.0,"key":"SMITH"},{"data":"Guardian:RefractedBeam+4","floor":35,"key":"SMITH"},{"data":"Guardian:PolyBeam","floor":44,"key":"SMITH"}],"circlet_count":0,"master_deck":["Guardian:Defend_Guardian+1","Guardian:Defend_Guardian","Guardian:Defend_Guardian","Guardian:CurlUp+1","Guardian:TwinSlam+1","Guardian:RefractedBeam+5","Regret","Guardian:PolyBeam+1","Guardian:PolyBeam","Guardian:ChargeCore","Guardian:BronzeArmor","Bite","Bite","Bite","Bite","Bite","Guardian:ShieldSpikes+1","downfall:Aged","Guardian:SphericShield","Guardian:ChargeUp+1","Regret","Guardian:Repulse+1"],"relics":["Guardian:ModeShifter","Du-Vu Doll","Bag of Marbles","War Paint","WarpedTongs","Guardian:StasisSlotReductionRelic","Regal Pillow","Bottled Lightning","Bronze Scales","PreservedInsect","Blue Candle","Sozu","Guardian:StasisEgg","bronze:BronzeIdol","Ice Cream","Akabeko","downfall:HeartBlessingGreen","MawBank"],"acts_visited":["Exordium","TheCity","TheBeyond"],"potions_floor_usage":[33,33],"damage_taken":[{"damage":0.0,"enemies":"2 Louse","floor":2.0,"turns":2.0},{"damage":1.0,"enemies":"Cultist","floor":3.0,"turns":3.0},{"damage":3.0,"enemies":"Small Slimes","floor":5.0,"turns":3.0},{"damage":23.0,"enemies":"Lagavulin","floor":6.0,"turns":5.0},{"damage":5.0,"enemies":"Exordium Wildlife","floor":9.0,"turns":2.0},{"damage":3.0,"enemies":"3 Louse","floor":11.0,"turns":2.0},{"damage":12.0,"enemies":"Red Slaver","floor":13.0,"turns":4.0},{"damage":7.0,"enemies":"3 Sentries","floor":14.0,"turns":5.0},{"damage":2.0,"enemies":"Exordium Wildlife","floor":15.0,"turns":2.0},{"damage":15.0,"enemies":"SI_SHIV_ARCHETYPE","floor":16.0,"turns":6.0},{"damage":15.0,"enemies":"Shell Parasite","floor":19.0,"turns":2.0},{"damage":3.0,"enemies":"downfall:FleeingMerchant","floor":20.0,"turns":4.0},{"damage":14.0,"enemies":"Chosen","floor":22.0,"turns":2.0},{"damage":19.0,"enemies":"Book of Stabbing","floor":23.0,"turns":4.0},{"damage":10.0,"enemies":"downfall:FleeingMerchant","floor":29.0,"turns":4.0},{"damage":10.0,"enemies":"Centurion and Healer","floor":30.0,"turns":3.0},{"damage":20.0,"enemies":"Slavers","floor":31.0,"turns":3.0},{"damage":14.0,"enemies":"Snecko","floor":32.0,"turns":3.0},{"damage":46,"enemies":"IC_MUSHROOM_ARCHETYPE","floor":33,"turns":10},{"damage":20,"enemies":"3 Darklings","floor":36,"turns":4},{"damage":1,"enemies":"downfall:FleeingMerchant","floor":38,"turns":2},{"damage":22,"enemies":"Nemesis","floor":40,"turns":5},{"damage":16,"enemies":"Orb Walker","floor":42,"turns":2},{"damage":9,"enemies":"Giant Head","floor":43,"turns":5},{"damage":23,"enemies":"Jaw Worm Horde","floor":45,"turns":3},{"damage":2,"enemies":"4 Shapes","floor":47,"turns":4},{"damage":1,"enemies":"Reptomancer","floor":48,"turns":3},{"damage":0,"enemies":"Spire Growth","floor":49,"turns":1},{"damage":38,"enemies":"WA_ARCHETYPE_DIVINITY","floor":50,"turns":7}],"seed_played":"-3687401433630443446","potions_obtained":[{"floor":2.0,"key":"Explosive Potion"},{"floor":5.0,"key":"SkillPotion"},{"floor":11.0,"key":"Block Potion"},{"floor":13.0,"key":"SteroidPotion"},{"floor":23.0,"key":"DuplicationPotion"},{"floor":30.0,"key":"Regen Potion"},{"floor":31.0,"key":"Regen Potion"}],"is_trial":false,"path_per_floor":["R","M","M","?","M","E","T","?","M","R","M","R","M","E","M","B",null,"R","M","$","?","M","E","T","?","R","?","R","$","M","E","M","B",null,"R","M","?","$","?","E","T","M","E","R","M","?","M","E","M","B",null],"character_chosen":"GUARDIAN","items_purchased":["Regal Pillow","Guardian:Gem_Crimson","PreservedInsect","Guardian:SphericShield"],"campfire_rested":1,"item_purchase_floors":[20,20,29,38],"current_hp_per_floor":[72,72,71,71,68,45,45,45,40,40,37,37,25,18,18,5,55,55,42,41,41,29,12,12,12,48,48,48,49,50,42,32,51,67,67,61,61,65,65,56,56,48,51,51,33,33,46,50,50,31],"gold":825,"neow_bonus":"ONE_RARE_RELIC","is_daily":false,"chose_seed":false,"campfire_upgraded":7,"win_rate":0.0,"timestamp":1612389667,"path_taken":["R","M","M","?","?","E","T","?","?","R","M","R","M","E","M","BOSS","R","M","?","?","M","E","T","?","R","?","R","$","M","E","M","BOSS","R","M","?","$","?","E","T","M","E","R","M","?","?","E","M","BOSS"],"items_purchased_type":["Relic","Card","Relic","Card"],"build_version":"2020-12-22","purchased_purges":3,"victory":true,"max_hp_per_floor":[72,72,72,72,72,72,72,72,72,72,72,72,72,72,72,72,72,72,72,72,72,72,72,72,72,72,72,72,72,72,72,72,72,72,72,72,72,72,72,72,72,72,72,72,72,72,72,72,72,72],"card_choices":[{"not_picked":["Guardian:ArmoredProtocol","Guardian:PiercingHide"],"picked":"Guardian:RefractedBeam","floor":2.0},{"not_picked":["Guardian:Gem_Red","Guardian:CrystalBeam","Guardian:PrismaticBeam"],"picked":"SKIP","floor":3.0},{"not_picked":["Guardian:Suspension","Guardian:Incinerate"],"picked":"Guardian:PolyBeam","floor":5.0},{"not_picked":["Guardian:TemporalStrike","Guardian:VentSteam"],"picked":"Guardian:PolyBeam","floor":6.0},{"not_picked":["Guardian:Gem_Lightblue","Guardian:TemporalShield","Guardian:Gem_Yellow"],"picked":"SKIP","floor":9.0},{"not_picked":["Guardian:GatlingBeam","Guardian:PrimingBeam"],"picked":"Guardian:ChargeCore","floor":11.0},{"not_picked":["Guardian:WalkerClaw","Guardian:TimeCapacitor","Guardian:ShieldCharger"],"picked":"SKIP","floor":13.0},{"not_picked":["Guardian:TemporalStrike","Guardian:FloatingOrbs","Guardian:WalkerClaw"],"picked":"SKIP","floor":14.0},{"not_picked":["Guardian:WalkerClaw","Guardian:ChargeCore","Guardian:Gem_White"],"picked":"SKIP","floor":15.0},{"not_picked":["Guardian:WalkerClaw","Guardian:ChargeCore","Guardian:Gem_White"],"picked":"SKIP","floor":15.0},{"not_picked":["Guardian:FastForward","Guardian:GatlingBeam"],"picked":"Guardian:Gem_Orange","floor":16.0},{"not_picked":["Guardian:FloatingOrbs","Guardian:WalkerClaw","Guardian:Gem_Cyan"],"picked":"SKIP","floor":19.0},{"not_picked":["Guardian:ArmoredProtocol","Guardian:ChargeCore"],"picked":"Guardian:BronzeArmor","floor":20.0},{"not_picked":["Guardian:BronzeArmor","Guardian:Gem_Fragmented","Guardian:ChargeCore"],"picked":"SKIP","floor":22.0},{"not_picked":["Guardian:TemporalShield","Guardian:ShieldCharger","Guardian:Suspension+1"],"picked":"SKIP","floor":23.0},{"not_picked":["Guardian:RollAttack","Guardian:Incinerate","Guardian:ChargeCore+1"],"picked":"SKIP","floor":29.0},{"not_picked":["Guardian:CrystalBeam+1","Guardian:Orbwalk+1","Guardian:Gem_Yellow"],"picked":"SKIP","floor":30.0},{"not_picked":["Guardian:ArmoredProtocol+1","Guardian:CompilePackage","Guardian:Gem_Red"],"picked":"SKIP","floor":31.0},{"not_picked":["Guardian:PrimingBeam","Guardian:TimeBomb+1"],"picked":"Guardian:ShieldSpikes+1","floor":32.0},{"not_picked":["Guardian:FastForward","Guardian:StasisEngine"],"picked":"Guardian:RevengeProtocol","floor":33},{"not_picked":["Guardian:TemporalStrike+1","Guardian:Gem_Lightblue","Guardian:TimeCapacitor+1"],"picked":"SKIP","floor":36},{"not_picked":["Guardian:Gem_Red","Guardian:PrismaticBarrier","Guardian:Gem_Cyan"],"picked":"SKIP","floor":38},{"not_picked":["Guardian:PolyBeam","Guardian:GuardianWhirl+1"],"picked":"Guardian:ChargeUp+1","floor":40},{"not_picked":["Guardian:TemporalShield","Guardian:PrismaticBeam+1","Guardian:WalkerClaw+1"],"picked":"SKIP","floor":42},{"not_picked":["Guardian:Gem_Purple","Guardian:Gem_Lightblue","Guardian:VentSteam+1"],"picked":"SKIP","floor":43},{"not_picked":["Guardian:SentryBeam+1","Guardian:BaubleBeam","Guardian:CrystalBeam+1"],"picked":"SKIP","floor":45},{"not_picked":["Guardian:Gem_Green","Guardian:SentryBeam+1","Guardian:Emergency+1"],"picked":"SKIP","floor":47},{"not_picked":["Guardian:GuardianWhirl+1","Guardian:Gem_Cyan"],"picked":"Guardian:Repulse+1","floor":48},{"not_picked":["Guardian:PrimingBeam+1","Guardian:Suspension+1","Guardian:Gem_Cyan"],"picked":"SKIP","floor":49}],"player_experience":815779,"relics_obtained":[{"floor":6.0,"key":"Bag of Marbles"},{"floor":7.0,"key":"War Paint"},{"floor":14.0,"key":"Blood Vial"},{"floor":23.0,"key":"Bottled Lightning"},{"floor":24.0,"key":"Bronze Scales"},{"floor":31.0,"key":"Blue Candle"},{"floor":40,"key":"bronze:BronzeIdol"},{"floor":41,"key":"Ice Cream"},{"floor":43,"key":"Akabeko"},{"floor":48,"key":"MawBank"}],"event_choices":[{"damage_healed":0.0,"max_hp_gain":0.0,"max_hp_loss":0.0,"gold_gain":0.0,"event_name":"Vampires","player_choice":"Became a vampire (Vial)","floor":27.0,"relics_lost":["Blood Vial"],"gold_loss":0.0,"damage_taken":0.0,"cards_obtained":["Bite","Bite","Bite","Bite","Bite"]},{"cards_removed":["Guardian:RevengeProtocol"],"damage_healed":0,"gold_gain":0,"player_choice":"Removed Power","damage_taken":0,"max_hp_gain":0,"max_hp_loss":0,"event_name":"Falling","floor":39,"gold_loss":0}],"is_beta":false,"boss_relics":[{"not_picked":["Velvet Choker","Snecko Eye"],"picked":"Guardian:StasisSlotReductionRelic"},{"not_picked":["bronze:MakeshiftBattery","Philosopher\u0027s Stone"],"picked":"Sozu"}],"items_purged_floors":[20,29,38],"is_endless":false,"potions_floor_spawned":[2,5,11,13,23,30,31,36,42,48,49],"ascension_level":6}}