{"host":"33ltvdtrpyofvchf","time":1612358130,"event":{"mods":["AchievementEnabler","Act Like it!","AlwaysNeverKeys","Aspiration","BaseMod","Conspire","Hubris","Infinite Spire","Marisa????????","Minty Spire (QoL Compilation)","Pale of the Ancients","StSLib","The Death Knight","TheVacant","Trackpad","slay the spire mod where everything is the same but ironclad has a cowboy hat","vexMod"],"gold_per_floor":[109,128,128,128,148,183,183,183,230,259,278,291,291,231,231,330,330,340,359,369,369,319,319,331,331,331],"floor_reached":25,"language":"ENG","playtime":6441,"items_purged":[],"score":263,"play_id":"c26d2f85-964f-43f3-93ac-3b7badb06bf5","local_time":"20210203141530","is_ascension_mode":false,"campfire_choices":[{"data":"DeathKnight:FrostStrike","floor":8.0,"key":"SMITH"},{"data":"DeathKnight:RuneTap","floor":13.0,"key":"SMITH"},{"floor":15.0,"key":"REST"},{"data":"DeathKnight:Obliterate","floor":23.0,"key":"SMITH"}],"circlet_count":0,"master_deck":["DeathKnight:Strike_DeathKnight","DeathKnight:Strike_DeathKnight","DeathKnight:Strike_DeathKnight","DeathKnight:Strike_DeathKnight","DeathKnight:Strike_DeathKnight","DeathKnight:Defend_DeathKnight","DeathKnight:Defend_DeathKnight","DeathKnight:Defend_DeathKnight","DeathKnight:Defend_DeathKnight","DeathKnight:Defend_DeathKnight","DeathKnight:RuneTap+1","DeathKnight:RuneStrike","DeathKnight:FrosPresence+1","DeathKnight:RuneShock","DeathKnight:FrostStrike+1","DeathKnight:Frostscythe","DeathKnight:HornOfWinter","DeathKnight:Obliterate+1","DeathKnight:Obliterate"],"relics":["DeathKnight:BrokenRuneblade","NeowsBlessing","hubris:Towel","aspiration:Lifesprig","hubris:Icosahedron","Strawberry","Blood Vial","Orichalcum","vexMod:BigBerry"],"acts_visited":["Exordium","TheCity"],"potions_floor_usage":[25],"damage_taken":[{"damage":0.0,"enemies":"Jaw Worm","floor":1.0,"turns":1.0},{"damage":0.0,"enemies":"2 Louse","floor":2.0,"turns":1.0},{"damage":0.0,"enemies":"Small Slimes","floor":5.0,"turns":2.0},{"damage":22.0,"enemies":"Lagavulin","floor":6.0,"turns":8.0},{"damage":32.0,"enemies":"Gremlin Nob","floor":10.0,"turns":5.0},{"damage":16.0,"enemies":"Red Slaver","floor":11.0,"turns":6.0},{"damage":10.0,"enemies":"Exordium Wildlife","floor":12.0,"turns":5.0},{"damage":29.0,"enemies":"The Guardian","floor":16.0,"turns":13.0},{"damage":26.0,"enemies":"3 Byrds","floor":18.0,"turns":6.0},{"damage":43.0,"enemies":"2 Thieves","floor":19.0,"turns":5.0},{"damage":31.0,"enemies":"Snake Plant","floor":20.0,"turns":7.0},{"damage":1.0,"enemies":"conspire:HollyBat","floor":24.0,"turns":7.0},{"damage":17,"enemies":"3 Cultists","floor":25,"turns":4}],"seed_played":"-2863450008756564242","potions_obtained":[{"floor":2.0,"key":"DeathKnight:VirulencePotion"},{"floor":5.0,"key":"SteroidPotion"},{"floor":16.0,"key":"Strength Potion"},{"floor":18.0,"key":"SteroidPotion"},{"floor":19.0,"key":"Explosive Potion"}],"is_trial":false,"path_per_floor":["M","M","?","?","M","E","?","R","T","E","M","M","R","?","R","B",null,"M","M","M","$","?","R","M","M"],"character_chosen":"DEATH_KNIGHT","items_purchased":[],"campfire_rested":1,"item_purchase_floors":[],"current_hp_per_floor":[75,75,75,75,75,53,53,53,60,28,14,6,6,6,30,3,112,86,45,16,16,16,16,17,2,2],"gold":331,"neow_bonus":"THREE_ENEMY_KILL","is_daily":false,"chose_seed":false,"campfire_upgraded":3,"win_rate":0.0,"timestamp":1612358130,"path_taken":["M","M","?","?","M","E","?","R","T","E","M","?","R","?","R","BOSS","M","M","M","$","?","R","?","M"],"items_purchased_type":[],"build_version":"2020-12-22","purchased_purges":0,"victory":false,"max_hp_per_floor":[75,75,75,75,75,75,75,75,82,82,82,82,82,82,82,82,112,112,112,112,112,112,112,112,112,112],"card_choices":[{"not_picked":["DeathKnight:DeathsAdvance","DeathKnight:ChainsOfIce"],"picked":"DeathKnight:FrosPresence","floor":1.0},{"not_picked":["DeathKnight:BoneSpear","DeathKnight:BloodTap","DeathKnight:DeathStrike"],"picked":"SKIP","floor":2.0},{"not_picked":["DeathKnight:FoulBulwark","DeathKnight:Rot"],"picked":"DeathKnight:RuneShock","floor":5.0},{"not_picked":["DeathKnight:Lichborne","DeathKnight:ShatteringStrikes"],"picked":"DeathKnight:FrostStrike","floor":6.0},{"not_picked":["DeathKnight:FrostStrike","DeathKnight:Pestilence"],"picked":"DeathKnight:Frostscythe","floor":10.0},{"not_picked":["DeathKnight:ScourgeStrike","DeathKnight:DeathCoil"],"picked":"DeathKnight:HornOfWinter","floor":11.0},{"not_picked":["DeathKnight:Hysteria","DeathKnight:DeathsAdvance"],"picked":"DeathKnight:Obliterate","floor":12.0},{"not_picked":["DeathKnight:ChainsOfIce+1","DeathKnight:UnholyFrenzy+1","DeathKnight:BoneSpear"],"picked":"SKIP","floor":18.0},{"not_picked":["DeathKnight:BloodPact","DeathKnight:WraithWalk","DeathKnight:GargoyleSkin"],"picked":"SKIP","floor":19.0},{"not_picked":["DeathKnight:BoneShield","DeathKnight:MutagenicPlague","DeathKnight:FoulBulwark"],"picked":"SKIP","floor":20.0},{"not_picked":["DeathKnight:Culling","DeathKnight:Outbreak"],"picked":"DeathKnight:Obliterate","floor":24.0}],"player_experience":280060,"relics_obtained":[{"floor":6.0,"key":"aspiration:Lifesprig"},{"floor":9.0,"key":"Strawberry"},{"floor":10.0,"key":"Blood Vial"}],"event_choices":[{"damage_healed":0.0,"max_hp_gain":0.0,"max_hp_loss":0.0,"gold_gain":0.0,"event_name":"WeMeetAgain","player_choice":"Paid Gold","floor":14.0,"gold_loss":60.0,"damage_taken":0.0,"relics_obtained":["Orichalcum"]},{"damage_healed":0.0,"max_hp_gain":0.0,"max_hp_loss":0.0,"gold_gain":0.0,"event_name":"The Joust","player_choice":"Bet on Owner","floor":22.0,"gold_loss":50.0,"damage_taken":0.0}],"is_beta":false,"boss_relics":[{"not_picked":["hubris:ScarierMask","aspiration:SecretTechniqueScroll"],"picked":"vexMod:BigBerry"}],"items_purged_floors":[],"is_endless":false,"potions_floor_spawned":[2,5,16,18,19],"killed_by":"3 Cultists","ascension_level":0}}