{"host":"7iv10lxbxedtd0qh","time":1612360484,"event":{"mods":["BaseMod","Colored Map","Colored Powertips","Downfall","Minty Spire (QoL Compilation)","StSLib"],"gold_per_floor":[99,116,135,146,165,239,239,256,256,270,420,420,453,65,84,184,184,84,103,123,141,26,26,52,67,67,102,102,129,129,139,152,250,250,250,250,300,320,11,11,11,11,111,142,189,289,36,362,374,374,374,403,16,16,16,16],"floor_reached":57,"language":"ENG","playtime":4291,"items_purged":["downfall:Icky","Guardian:Defend_Guardian","Guardian:Defend_Guardian","Guardian:Strike_Guardian"],"score":1420,"play_id":"6cc1da80-9e95-471f-8c49-b46ffd8bf480","local_time":"20210203145444","is_ascension_mode":true,"campfire_choices":[{"data":"Guardian:TwinSlam","floor":1.0,"key":"SMITH"},{"data":"Guardian:PrismaticBarrier","floor":9.0,"key":"SMITH"},{"floor":12.0,"key":"RECALL"},{"data":"Guardian:PiercingHide","floor":18.0,"key":"SMITH"},{"data":"Guardian:Planning","floor":23.0,"key":"SMITH"},{"data":"Guardian:PiercingHide","floor":30.0,"key":"SMITH"},{"data":"Guardian:AncientConstruct","floor":35.0,"key":"SMITH"},{"data":"expansioncontent:StudyTheSpire","floor":42.0,"key":"SMITH"},{"data":"1","floor":46.0,"key":"LIFT"},{"data":"2","floor":54.0,"key":"LIFT"}],"circlet_count":0,"master_deck":["Guardian:Strike_Guardian","Guardian:Strike_Guardian","Guardian:Defend_Guardian","Guardian:CurlUp","Guardian:TwinSlam+1","Guardian:PrismaticBarrier+1","Guardian:Planning+1","Guardian:PiercingHide+1","Guardian:PiercingHide+1","Guardian:AncientConstruct+1","Guardian:AncientConstruct","expansioncontent:StudyTheSpire+1","Guardian:StasisEngine","Guardian:Repulse","expansioncontent:StudyTheSpire+1","Impatience","expansioncontent:YouAreMine"],"relics":["Guardian:ModeShifter","Singing Bowl","Eternal Feather","Potion Belt","Question Card","SlaversCollar","downfall:HeartBlessingRed","Juzu Bracelet","Dream Catcher","Red Mask","Coffee Dripper","Pocketwatch","downfall:GremlinWheel","Strawberry","Girya","downfall:HeartBlessingGreen","downfall:HeartBlessingBlue","Mummified Hand","Old Coin","Bronze Scales","Guardian:PocketSentry"],"acts_visited":["Exordium","TheCity","TheBeyond","TheEnding"],"potions_floor_usage":[56,56,56],"damage_taken":[{"damage":1.0,"enemies":"Cultist","floor":2.0,"turns":3.0},{"damage":6.0,"enemies":"Small Slimes","floor":3.0,"turns":3.0},{"damage":1.0,"enemies":"2 Louse","floor":4.0,"turns":2.0},{"damage":6.0,"enemies":"Blue Slaver","floor":5.0,"turns":4.0},{"damage":5.0,"enemies":"3 Louse","floor":8.0,"turns":4.0},{"damage":0.0,"enemies":"Exordium Wildlife","floor":10.0,"turns":4.0},{"damage":16.0,"enemies":"Gremlin Nob","floor":13.0,"turns":3.0},{"damage":0.0,"enemies":"downfall:FleeingMerchant","floor":14.0,"turns":4.0},{"damage":0.0,"enemies":"Gremlin Gang","floor":15.0,"turns":2.0},{"damage":30.0,"enemies":"DF_ARCHETYPE_STREAMLINE","floor":16.0,"turns":11.0},{"damage":20.0,"enemies":"Spheric Guardian","floor":19.0,"turns":6.0},{"damage":15.0,"enemies":"Chosen","floor":20.0,"turns":8.0},{"damage":20.0,"enemies":"Snake Plant","floor":21.0,"turns":5.0},{"damage":0.0,"enemies":"downfall:FleeingMerchant","floor":22.0,"turns":4.0},{"damage":6.0,"enemies":"Snecko","floor":25.0,"turns":7.0},{"damage":10.0,"enemies":"Slavers","floor":27.0,"turns":8.0},{"damage":3.0,"enemies":"Masked Bandits","floor":29.0,"turns":3.0},{"damage":13.0,"enemies":"Centurion and Healer","floor":31.0,"turns":6.0},{"damage":0.0,"enemies":"Cultist and Chosen","floor":32.0,"turns":7.0},{"damage":5.0,"enemies":"SI_MIRROR_ARCHETYPE","floor":33.0,"turns":12.0},{"damage":0.0,"enemies":"SI_MIRROR_ARCHETYPE","floor":37.0,"turns":7.0},{"damage":32.0,"enemies":"3 Darklings","floor":38.0,"turns":5.0},{"damage":0.0,"enemies":"downfall:FleeingMerchant","floor":39.0,"turns":4.0},{"damage":6.0,"enemies":"downfall:FleeingMerchant","floor":43.0,"turns":3.0},{"damage":0.0,"enemies":"Giant Head","floor":44.0,"turns":6.0},{"damage":39.0,"enemies":"2 Orb Walkers","floor":45.0,"turns":5.0},{"damage":0.0,"enemies":"downfall:FleeingMerchant","floor":47.0,"turns":4.0},{"damage":6.0,"enemies":"Nemesis","floor":48.0,"turns":9.0},{"damage":4.0,"enemies":"Orb Walker","floor":49.0,"turns":4.0},{"damage":48.0,"enemies":"IC_BLOCK_ARCHETYPE","floor":50.0,"turns":7.0},{"damage":2.0,"enemies":"downfall:CharBossMerchant","floor":52.0,"turns":7.0},{"damage":0.0,"enemies":"downfall:NeowBoss","floor":55.0,"turns":14.0},{"damage":8,"enemies":"downfall:NeowBossFinal","floor":56,"turns":9}],"seed_played":"7540616465628378793","potions_obtained":[{"floor":3.0,"key":"Fire Potion"},{"floor":4.0,"key":"LiquidMemories"},{"floor":5.0,"key":"Explosive Potion"},{"floor":8.0,"key":"hexamod:SoulburnPotion"},{"floor":15.0,"key":"AttackPotion"},{"floor":19.0,"key":"Strength Potion"},{"floor":21.0,"key":"Block Potion"},{"floor":25.0,"key":"Regen Potion"},{"floor":27.0,"key":"AttackPotion"},{"floor":31.0,"key":"SteroidPotion"},{"floor":43.0,"key":"Regen Potion"},{"floor":44.0,"key":"Dexterity Potion"},{"floor":48.0,"key":"LiquidBronze"}],"is_trial":false,"path_per_floor":["R","M","M","M","M","T","T","M","R","M","?","R","E","$","M","B",null,"R","M","M","M","$","R","T","M","?","E","?","?","R","M","M","B",null,"R","?","?","M","$","?","T","R","?","E","?","R","$","E","M","B",null,"E","$","R","B","B",null],"character_chosen":"GUARDIAN","items_purchased":["Question Card","Guardian:PiercingHide","expansioncontent:StudyTheSpire","Guardian:Repulse","Mummified Hand","expansioncontent:StudyTheSpire+1","Impatience","Guardian:PocketSentry","expansioncontent:YouAreMine"],"campfire_rested":0,"item_purchase_floors":[14,14,39,47,47,47,47,53,53],"current_hp_per_floor":[56,55,49,48,42,42,42,39,45,45,45,51,35,35,35,5,82,82,62,49,29,29,38,38,34,62,54,54,53,59,48,48,43,92,92,92,94,64,66,66,66,72,66,75,38,54,54,50,48,45,123,123,123,125,125,117],"gold":16,"neow_bonus":"REMOVE_TWO","is_daily":false,"chose_seed":false,"campfire_upgraded":7,"win_rate":0.0,"timestamp":1612360484,"path_taken":["R","M","M","M","?","?","T","M","R","M","?","R","E","$","M","BOSS","R","M","M","M","$","R","T","M","?","E","?","?","R","M","M","BOSS","R","?","?","M","$","?","T","R","?","E","?","R","$","E","M","BOSS","E","$","R","BOSS","BOSS"],"items_purchased_type":["Relic","Card","Card","Card","Relic","Card","Card","Relic","Card"],"build_version":"2020-12-22","purchased_purges":4,"victory":true,"max_hp_per_floor":[80,80,80,80,80,80,80,82,82,82,82,82,82,82,82,82,82,82,82,84,84,84,84,84,86,86,88,88,90,90,92,92,92,92,92,92,94,96,98,98,98,98,98,107,109,119,119,121,123,123,123,125,125,125,125,125],"card_choices":[{"not_picked":["Guardian:WalkerClaw","Guardian:Recover"],"picked":"Guardian:Gem_Green","floor":2.0},{"not_picked":["Guardian:Planning","Guardian:DonusPower"],"picked":"Guardian:Gem_Red","floor":3.0},{"not_picked":["Guardian:Emergency","Guardian:Preprogram"],"picked":"Guardian:PrismaticBarrier","floor":4.0},{"not_picked":["Guardian:ShieldSpikes","Guardian:BodySlam"],"picked":"Guardian:Gem_Red","floor":5.0},{"not_picked":["Guardian:RefractedBeam","Guardian:ArmoredProtocol","Guardian:TimeCapacitor"],"picked":"Singing Bowl","floor":8.0},{"not_picked":["Guardian:ChargeCore","Guardian:RefractedBeam"],"picked":"Guardian:Gem_Crimson","floor":10.0},{"not_picked":["Guardian:Incinerate","Guardian:Gem_Crimson"],"picked":"Guardian:Planning","floor":13.0},{"not_picked":["Guardian:Reroute","Guardian:Gem_Blue"],"picked":"Guardian:PiercingHide","floor":14.0},{"not_picked":["Guardian:PiercingHide","Guardian:CrystalBeam","Guardian:BronzeOrb"],"picked":"Guardian:Gem_Cyan","floor":15.0},{"not_picked":["Guardian:CompilePackage","Guardian:ExploitGems","Guardian:FierceBash"],"picked":"Guardian:AncientConstruct","floor":16.0},{"not_picked":["Guardian:TemporalStrike","Guardian:Planning","Guardian:ChargeCore"],"picked":"Guardian:Gem_Fragmented","floor":19.0},{"not_picked":["Guardian:PrimingBeam","Guardian:Orbwalk+1","Guardian:GuardianWhirl+1","Guardian:SpikerProtocol"],"picked":"Singing Bowl","floor":20.0},{"not_picked":["Guardian:TemporalShield","Guardian:FloatingOrbs","Guardian:VentSteam"],"picked":"Guardian:Gem_White","floor":21.0},{"not_picked":["Guardian:TemporalShield","Guardian:Incinerate+1","Guardian:DonusPower+1"],"picked":"Guardian:Gem_Cyan","floor":22.0},{"not_picked":["Guardian:Suspension","Guardian:Reroute","Guardian:PiercingHide","Guardian:GemFire"],"picked":"Singing Bowl","floor":25.0},{"not_picked":["Guardian:Gem_Red","Guardian:RefractedBeam","Guardian:VentSteam","Guardian:CompilePackage"],"picked":"Singing Bowl","floor":27.0},{"not_picked":["Guardian:Gem_Red","Guardian:PiercingHide","Guardian:Incinerate+1","Guardian:Suspension"],"picked":"Singing Bowl","floor":29.0},{"not_picked":["Guardian:Planning","Guardian:Recover","Guardian:PiercingHide","Guardian:ArmoredProtocol+1"],"picked":"Singing Bowl","floor":31.0},{"not_picked":["Guardian:FloatingOrbs","Guardian:Gem_Lightblue","Guardian:Incinerate"],"picked":"Guardian:Gem_Cyan","floor":32.0},{"not_picked":["Guardian:Gem_Orange","Guardian:HyperBeam_Guardian","Guardian:FastForward"],"picked":"Guardian:AncientConstruct","floor":33.0},{"not_picked":["Guardian:PrimingBeam+1","Guardian:RefractedBeam","Guardian:PiercingHide","Guardian:Gem_Cyan"],"picked":"Singing Bowl","floor":37.0},{"not_picked":["Guardian:Incinerate+1","Guardian:Gem_Lightblue","Guardian:Gem_Red","Guardian:Repulse"],"picked":"Singing Bowl","floor":38.0},{"not_picked":["Guardian:VentSteam+1","Guardian:GemFinder","Guardian:Gem_Lightblue","Guardian:Gem_Green"],"picked":"Singing Bowl","floor":39.0},{"not_picked":["Guardian:PiercingHide","Guardian:Harden","Guardian:Gem_Yellow","Guardian:SpikerProtocol+1"],"picked":"Singing Bowl","floor":44.0},{"not_picked":["Guardian:Gem_Cyan","Guardian:ShieldCharger","Guardian:Suspension","Guardian:CrystalBeam"],"picked":"Singing Bowl","floor":45.0},{"not_picked":["Guardian:ArmoredProtocol+1","Guardian:Orbwalk","Guardian:Gem_Cyan"],"picked":"Guardian:StasisEngine","floor":47.0},{"not_picked":["Guardian:Repulse+1","Guardian:Recover","Guardian:GemFire","Guardian:ChargeUp+1"],"picked":"Singing Bowl","floor":48.0},{"not_picked":["Guardian:PiercingHide+1","Guardian:RefractedBeam+1","Guardian:TemporalStrike+1","Guardian:Gem_Cyan"],"picked":"Singing Bowl","floor":49.0},{"not_picked":["Guardian:RefractedBeam","Guardian:TemporalStrike+1","Guardian:TemporalShield","Guardian:DecasProtection+1"],"picked":"Singing Bowl","floor":52.0}],"player_experience":801631,"relics_obtained":[{"floor":6.0,"key":"Singing Bowl"},{"floor":7.0,"key":"Eternal Feather"},{"floor":13.0,"key":"Potion Belt"},{"floor":24.0,"key":"Juzu Bracelet"},{"floor":27.0,"key":"Dream Catcher"},{"floor":29.0,"key":"Red Mask"},{"floor":37.0,"key":"Pocketwatch"},{"floor":43.0,"key":"downfall:GremlinWheel"},{"floor":44.0,"key":"Strawberry"},{"floor":45.0,"key":"Girya"},{"floor":48.0,"key":"Old Coin"},{"floor":52.0,"key":"Bronze Scales"}],"event_choices":[{"damage_healed":28.0,"max_hp_gain":0.0,"max_hp_loss":0.0,"gold_gain":0.0,"event_name":"The Library","player_choice":"Heal","floor":26.0,"gold_loss":0.0,"damage_taken":0.0},{"damage_healed":0.0,"max_hp_gain":0.0,"max_hp_loss":0.0,"gold_gain":0.0,"event_name":"Ghosts","player_choice":"Ignored","floor":28.0,"gold_loss":0.0,"damage_taken":0.0},{"damage_healed":0.0,"max_hp_gain":0.0,"max_hp_loss":0.0,"gold_gain":0.0,"event_name":"Masked Bandits","player_choice":"Fought Bandits","floor":29.0,"gold_loss":0.0,"damage_taken":0.0},{"damage_healed":0.0,"max_hp_gain":0.0,"max_hp_loss":0.0,"gold_gain":0.0,"event_name":"Mysterious Sphere","player_choice":"Fight","floor":45.0,"gold_loss":0.0,"damage_taken":0.0},{"damage_healed":0.0,"max_hp_gain":0.0,"max_hp_loss":0.0,"gold_gain":300.0,"event_name":"Wheel of Change","player_choice":"Gold","floor":46.0,"gold_loss":0.0,"damage_taken":0.0}],"is_beta":false,"boss_relics":[{"not_picked":["Guardian:ModeShifterPlus","Runic Dome"],"picked":"SlaversCollar"},{"not_picked":["Pandora\u0027s Box","bronze:MakeshiftBattery"],"picked":"Coffee Dripper"}],"items_purged_floors":[14,22,39,53],"is_endless":false,"potions_floor_spawned":[3,4,5,8,15,19,21,25,27,31,43,44,45,48],"ascension_level":3}}