{"host":"o3n4et6u1y1w2h5j","time":1612329982,"event":{"mods":["AchievementEnabler","BaseMod","Block Reminder","Minty Spire (QoL Compilation)","Rare Cards Sparkle","Relic Stats","StSLib"],"gold_per_floor":[217,292,292,310,28,56,67,81,81,81,98,23,49,67,67,167,167,185,185,204,50,68,68,68],"floor_reached":23,"language":"ENG","playtime":1365,"items_purged":["Strike_G"],"score":251,"play_id":"645e6753-6823-44dc-85e4-bdfa294bfc12","local_time":"20210202212622","is_ascension_mode":true,"campfire_choices":[{"data":"Skewer","floor":10,"key":"SMITH"},{"data":"Catalyst","floor":15,"key":"SMITH"}],"circlet_count":0,"master_deck":["Defend_G","Defend_G","Defend_G","Defend_G","Defend_G","Survivor","Neutralize","Skewer+1","Deadly Poison","Catalyst+1","Footwork","Glass Knife","Well Laid Plans","Burst","Cloak And Dagger","Night Terror","Caltrops+1","Terror+1","Footwork+1","Poisoned Stab+1","Glass Knife+1","All Out Attack+1","Flying Knee+1","Flying Knee+1","Outmaneuver+1"],"relics":["Ring of the Snake","Chemical X","Nunchaku","Molten Egg 2","Shuriken","Astrolabe","Orrery"],"acts_visited":["Exordium","TheCity"],"potions_floor_usage":[4,8,8,22,23,23],"damage_taken":[{"damage":2,"enemies":"Cultist","floor":1,"turns":4},{"damage":0,"enemies":"2 Louse","floor":4,"turns":2},{"damage":13,"enemies":"3 Sentries","floor":6,"turns":7},{"damage":0,"enemies":"Jaw Worm","floor":7,"turns":3},{"damage":0,"enemies":"Lots of Slimes","floor":8,"turns":1},{"damage":5,"enemies":"Large Slime","floor":11,"turns":4},{"damage":0,"enemies":"Lagavulin","floor":13,"turns":7},{"damage":15,"enemies":"2 Fungi Beasts","floor":14,"turns":3},{"damage":1,"enemies":"The Guardian","floor":16,"turns":6},{"damage":7,"enemies":"Shell Parasite","floor":18,"turns":3},{"damage":8,"enemies":"Chosen","floor":20,"turns":2},{"damage":35,"enemies":"Shelled Parasite and Fungi","floor":22,"turns":3},{"damage":27,"enemies":"Gremlin Leader","floor":23,"turns":4}],"seed_played":"8210006279469843687","potions_obtained":[{"floor":1,"key":"DistilledChaos"},{"floor":6,"key":"AttackPotion"},{"floor":7,"key":"DistilledChaos"},{"floor":16,"key":"EssenceOfSteel"},{"floor":19,"key":"Strength Potion"},{"floor":19,"key":"ColorlessPotion"},{"floor":22,"key":"Block Potion"}],"is_trial":false,"path_per_floor":["M","?","?","M","$","E","M","M","T","R","M","$","E","M","R","B",null,"M","?","M","$","M","E"],"character_chosen":"THE_SILENT","items_purchased":["Chemical X","Catalyst","Footwork","Orrery"],"campfire_rested":0,"item_purchase_floors":[5,5,5,21],"current_hp_per_floor":[68,57,57,57,57,44,44,44,44,44,39,39,39,24,24,23,70,63,63,55,55,20,0,0],"gold":68,"neow_bonus":"HUNDRED_GOLD","is_daily":false,"chose_seed":false,"campfire_upgraded":2,"win_rate":0.0,"timestamp":1612329982,"path_taken":["M","?","?","?","$","E","?","?","T","R","M","?","E","M","R","BOSS","M","?","M","$","?","E"],"items_purchased_type":["Relic","Card","Card","Relic"],"build_version":"2020-12-22","purchased_purges":1,"victory":false,"max_hp_per_floor":[70,70,70,70,70,70,70,70,70,70,70,70,70,70,70,70,70,70,70,70,70,70,70,70],"relic_stats":{"Nunchaku":[5],"counters":[13,49],"Shuriken":[5],"Astrolabe":["Caltrops","Terror","Footwork"],"Chemical X":[13],"obtain_stats":[{"Nunchaku":6,"Shuriken":13,"Astrolabe":17,"Orrery":21,"Molten Egg 2":9,"Chemical X":5,"Ring of the Snake":0},{"Nunchaku":3,"Shuriken":7,"Astrolabe":9,"Orrery":11,"Molten Egg 2":5,"Chemical X":2,"Ring of the Snake":0},{"Nunchaku":13,"Shuriken":28,"Astrolabe":37,"Orrery":42,"Molten Egg 2":17,"Chemical X":6,"Ring of the Snake":0}],"Ring of the Snake":[26]},"card_choices":[{"not_picked":["Acrobatics","Blur"],"picked":"Skewer","floor":1},{"not_picked":["Caltrops","Deflect"],"picked":"Deadly Poison","floor":4},{"not_picked":["Reflex","Calculated Gamble"],"picked":"Glass Knife","floor":6},{"not_picked":["Flying Knee","Poisoned Stab"],"picked":"Well Laid Plans","floor":7},{"not_picked":["Quick Slash","Prepared","Flying Knee"],"picked":"SKIP","floor":8},{"not_picked":["Well Laid Plans","Choke+1","Infinite Blades"],"picked":"SKIP","floor":11},{"not_picked":["Skewer+1","Expertise"],"picked":"Burst","floor":13},{"not_picked":["PiercingWail","Riddle With Holes+1"],"picked":"Cloak And Dagger","floor":14},{"not_picked":["Envenom","Die Die Die+1"],"picked":"Night Terror","floor":16},{"not_picked":["Deadly Poison","Slice+1"],"picked":"Poisoned Stab+1","floor":18},{"not_picked":["Acrobatics","Backflip","Deadly Poison"],"picked":"SKIP","floor":20},{"not_picked":["Underhanded Strike+1","Dagger Throw+1"],"picked":"Glass Knife+1","floor":21},{"not_picked":["Calculated Gamble","Acrobatics"],"picked":"All Out Attack+1","floor":21},{"not_picked":["Cloak And Dagger+1","Slice+1"],"picked":"Flying Knee+1","floor":21},{"not_picked":["Underhanded Strike+1","Heel Hook+1"],"picked":"Flying Knee+1","floor":21},{"not_picked":["Acrobatics","Slice+1"],"picked":"Outmaneuver+1","floor":22}],"player_experience":47823,"relics_obtained":[{"floor":6,"key":"Nunchaku"},{"floor":9,"key":"Molten Egg 2"},{"floor":13,"key":"Shuriken"}],"event_choices":[{"damage_healed":0,"gold_gain":75,"player_choice":"Gather Gold","damage_taken":11,"max_hp_gain":0,"max_hp_loss":0,"event_name":"World of Goop","floor":2,"gold_loss":0},{"cards_removed":["Strike_G"],"damage_healed":0,"gold_gain":0,"player_choice":"Offered Basic","damage_taken":0,"max_hp_gain":0,"max_hp_loss":0,"event_name":"Bonfire Elementals","floor":3,"gold_loss":0},{"damage_healed":0,"gold_gain":0,"player_choice":"Got Potions","damage_taken":0,"max_hp_gain":0,"max_hp_loss":0,"event_name":"Lab","floor":19,"gold_loss":0}],"is_beta":false,"boss_relics":[{"not_picked":["Busted Crown","Black Star"],"picked":"Astrolabe"}],"items_purged_floors":[12],"is_endless":false,"potions_floor_spawned":[1,6,7,16,22],"killed_by":"Gremlin Leader","ascension_level":2}}