{"host":"9glxjasd35ghdaim","time":1612393675,"event":{"mods":["Act Like it!","AlwaysNeverKeys","Aspiration","Bard","BaseMod","Better Third Choice","CCEM2","CapriCore","Colored Map","Colored Powertips","Conspire","Dark Map","Displayed Cursed Tome","Energized Spire","GifTheSpireLib","Halation","Hermit","Hubris","Infinite Spire","Jorbs\u0027s Wanderer Trilogy","Luminous","Marisa????????","Minty Spire (QoL Compilation)","Permanent Neow","Quick Restart","Random Character Button","Rare Cards Sparkle","Relic Stats","Reliquary","Replay The Spire","Shade Mod","Spicy Shops","StS++","StSLib","Stuff the Spire","The Administrix","The Animator","The Blue Laboratory","The Bug Knight","The Construct","The Cursed","The Disciple","The Florist","The Hierophant","The Problem Sleuth","The Senshi","The Servant 0.9.4","The Wild Card","TheSwordswoman","Unceasing Turn Reminder","Wandering Minibosses"],"gold_per_floor":[117,42,42,42,60,92,111,129,129,129,129,129,257,249,249,348,348,361,369,45,45,45,167,121,121,147,147,157,263,263,1017,1017,1188,1238,1333,1333,1333,1333,1430,1430,1534,1534,1557,780,780,409,447,584,584,718,718,763,822,884,884,884,1060,388,388,388,388,425,425,425,470,470,586,586,638,681,681,681,765,765,749,749],"floor_reached":75,"language":"ENG","playtime":10854,"items_purged":["AdministrixMod:Strike_Administrix","AdministrixMod:Defend_Administrix","AdministrixMod:Strike_Administrix","AdministrixMod:Strike_Administrix","AdministrixMod:Strike_Administrix","AdministrixMod:Defend_Administrix","AdministrixMod:UnstableVigor","AdministrixMod:XianArts","AdministrixMod:ExtolVirtue+1"],"score":1592,"play_id":"0f5f4be2-16dd-4267-b198-0e0d43d60a1d","local_time":"20210203180755","is_ascension_mode":false,"campfire_choices":[{"data":"AdministrixMod:BlueCloak","floor":10.0,"key":"SMITH"},{"data":"AdministrixMod:BlueCloak","floor":12.0,"key":"SMITH"},{"floor":15.0,"key":"REST"},{"data":"AdministrixMod:ImmortalPurity","floor":25.0,"key":"SMITH"},{"floor":32.0,"key":"REST"},{"data":"AdministrixMod:Convergence","floor":40.0,"key":"SMITH"},{"data":"AdministrixMod:SyncreticSurge","floor":42.0,"key":"SMITH"},{"data":"AdministrixMod:HiddenPower","floor":45.0,"key":"SMITH"},{"data":"AdministrixMod:AmassedMasks","floor":49.0,"key":"SMITH"},{"data":"ReplayTheSpireMod:Necrogeddon","floor":63,"key":"SMITH"},{"data":"AdministrixMod:Transition","floor":66,"key":"SMITH"},{"data":"AdministrixMod:SealAway","floor":74,"key":"SMITH"}],"circlet_count":0,"master_deck":["AdministrixMod:RedCloak+1","AdministrixMod:BlueCloak+1","AdministrixMod:HopeInTheDark","AdministrixMod:ImmortalGrace","AdministrixMod:DreamsMausoleum","AdministrixMod:Overdrive","Replay:Sssssssssstrike","AdministrixMod:BlueCloak+1","AdministrixMod:FaithfulFlames","AdministrixMod:Convergence+1","AdministrixMod:ImmortalClarity","AdministrixMod:SyncreticSurge+1","AdministrixMod:HiddenPower+1","AdministrixMod:ImmortalPurity+2","AdministrixMod:RisingSunPrince","Replay:Fractal Strike","AdministrixMod:TrickOfTheLight","AdministrixMod:TouchOfCinnabar+1","AdministrixMod:DreamsMausoleum","AdministrixMod:BattleforgedBonds","AdministrixMod:BishamonBlessing","AdministrixMod:NewbornDivinity","AdministrixMod:LightOfYourLife","AdministrixMod:WifeLightning","AdministrixMod:ImmortalGrace","AdministrixMod:Transition+1","AdministrixMod:RebukeDesires","ReplayTheSpireMod:Necrogeddon+1","AdministrixMod:XianArts","AdministrixMod:LightOfYourLife","AdministrixMod:NewWardrobe","AdministrixMod:SeventeenArticleLaser","conspire:Banana+1","AdministrixMod:HarmonicReverence","AdministrixMod:HarmonicReverence","AdministrixMod:AmassedMasks+1","AdministrixMod:BloodBargain","AdministrixMod:BegetEternity+1","AdministrixMod:StarSwordSoul","AdministrixMod:NewWardrobe","AdministrixMod:WickedPunishment","AdministrixMod:Katabasis","AdministrixMod:PassageOfAges","StuffTheSpire:FreeRealEstate","Injury","AdministrixMod:WickedPunishment","AdministrixMod:WickedPunishment","Regret","AdministrixMod:SealAway+1","hubris:Rewind","AdministrixMod:GirlsDoItBetter","AdministrixMod:BloodBargain","AdministrixMod:TrickOfTheLight+1","infinitespire:Punishment","ReplayTheSpireMod:Splinters","AdministrixMod:DiversionaryTactic"],"relics":["AdministrixMod:ConductorRitualBaton","halation:EternalFortune","StuffTheSpire:TintedRock","Snack Pack","Replay:Bottled Snecko","energizedSpire:OgreHead","StuffTheSpire:Barrel","StSpp:BoiledEgg","Blue Doll","CCEMRelics:CarbonFilter","Bottled Tornado","wanderingMiniBosses:MasterThiefsPresence","infinitespire:EvilPickle","Tiny House","halation:TrafficLight","Gremlin Horn","reliquary:SilkGlove","AdministrixMod:CrackedTaijitu","Bag of Marbles","conspire:SpecialSausage","Du-Vu Doll","Quantum Egg","Toolbox","halation:NonexistentMirror","construct:BoolHorns","Golden Idol","StuffTheSpire:RedRose","Ring of Chaos","construct:FoamFinger","aspiration:RitualStick","conspire:TopHat"],"acts_visited":["Exordium","TheCity","TheBeyond","TheCity"],"potions_floor_usage":[67,75,75,75],"damage_taken":[{"damage":3.0,"enemies":"Jaw Worm","floor":1.0,"turns":3.0},{"damage":1.0,"enemies":"conspire:RoseBush","floor":5.0,"turns":2.0},{"damage":6.0,"enemies":"HollowMod:MossKnight","floor":6.0,"turns":4.0},{"damage":0.0,"enemies":"Cultist","floor":7.0,"turns":3.0},{"damage":10.0,"enemies":"3 Louse","floor":8.0,"turns":4.0},{"damage":20.0,"enemies":"3 Sentries","floor":13.0,"turns":7.0},{"damage":8.0,"enemies":"Red Slaver","floor":14.0,"turns":7.0},{"damage":35.0,"enemies":"Slime Boss","floor":16.0,"turns":11.0},{"damage":19.0,"enemies":"Spheric Guardian","floor":18.0,"turns":3.0},{"damage":8.0,"enemies":"Chosen","floor":19.0,"turns":5.0},{"damage":25.0,"enemies":"Nightmare","floor":23.0,"turns":11.0},{"damage":23.0,"enemies":"Centurion and Healer","floor":24.0,"turns":6.0},{"damage":31.0,"enemies":"Shelled Parasite and Fungi","floor":28.0,"turns":8.0},{"damage":17.0,"enemies":"Replay:Snechameleon","floor":29.0,"turns":10.0},{"damage":0.0,"enemies":"Cultist and Chosen","floor":31.0,"turns":5.0},{"damage":5.0,"enemies":"Pondfish","floor":33.0,"turns":8.0},{"damage":2.0,"enemies":"3 Darklings","floor":35.0,"turns":4.0},{"damage":3.0,"enemies":"3 Shapes","floor":39.0,"turns":2.0},{"damage":0.0,"enemies":"Spire Growth","floor":41.0,"turns":2.0},{"damage":5.0,"enemies":"4 Shapes","floor":47.0,"turns":2.0},{"damage":4.0,"enemies":"R_Hoarder","floor":48.0,"turns":5.0},{"damage":35.0,"enemies":"Awakened One","floor":50.0,"turns":8.0},{"damage":0,"enemies":"Cultist","floor":52,"turns":3},{"damage":2,"enemies":"2 Louse","floor":53,"turns":2},{"damage":2,"enemies":"Jaw Worm","floor":54,"turns":2},{"damage":0,"enemies":"Lagavulin","floor":57,"turns":3},{"damage":0,"enemies":"2 Fungi Beasts","floor":62,"turns":2},{"damage":0,"enemies":"Exordium Wildlife","floor":65,"turns":1},{"damage":0,"enemies":"Fading Forest","floor":67,"turns":6},{"damage":0,"enemies":"conspire:FuzzyDice","floor":69,"turns":1},{"damage":0,"enemies":"Spheric Guardian","floor":70,"turns":2},{"damage":80,"enemies":"Nightmare_Alpha","floor":75,"turns":3}],"seed_played":"7538023355067047091","potions_obtained":[{"floor":1.0,"key":"blueLaboratory:BubblePotion"},{"floor":6.0,"key":"GamblersBrew"},{"floor":13.0,"key":"Strength Potion"},{"floor":16.0,"key":"Death Potion"},{"floor":19.0,"key":"Fire Potion"},{"floor":23.0,"key":"blueLaboratory:AbyssPotion"},{"floor":33.0,"key":"Ancient Potion"},{"floor":34.0,"key":"Adrenaline Potion"},{"floor":39.0,"key":"StSpp:ScatteredWeakPotion"},{"floor":47.0,"key":"Elixir"},{"floor":48.0,"key":"StSpp:ScatteredWeakPotion"},{"floor":50.0,"key":"blueLaboratory:HorrorPotion"},{"floor":52,"key":"SpeedPotion"},{"floor":57,"key":"blueLaboratory:BubblePotion"},{"floor":65,"key":"blueLaboratory:EmptyBottle"},{"floor":70,"key":"SkillPotion"},{"floor":73,"key":"Dexterity Potion"},{"floor":73,"key":"LifebloodPotion"}],"is_trial":false,"path_per_floor":["M","$","?","?","M","E","M","M","T","R","?","R","E","M","R","B",null,"M","M","$","?","AVR","NM","M","R","T","?","M","E","T","M","R","B",null,"M","?","AVR","?","M","R","M","R","T","$","R","$","M","E","R","B",null,"M","M","M","?","?","E","$","AVR","T","?","M","R","?","M","R","B",null,"M","M","AVR","?","?","R","NM"],"character_chosen":"TheAdministrix","items_purchased":["AdministrixMod:HiddenPower","AdministrixMod:ImmortalPurity","AdministrixMod:RisingSunPrince","ReplayTheSpireMod:Necrogeddon","AdministrixMod:XianArts","AdministrixMod:LightOfYourLife","AdministrixMod:CrackedTaijitu","AdministrixMod:NewWardrobe","AdministrixMod:SeventeenArticleLaser","conspire:Banana+1","AdministrixMod:HarmonicReverence","AdministrixMod:AmassedMasks","StuffTheSpire:FreeRealEstate","Quantum Egg","Toolbox"],"campfire_rested":2,"item_purchase_floors":[20,20,20,44,44,44,44,44,44,44,46,46,58,58,58],"current_hp_per_floor":[62,62,65,65,64,58,58,48,48,48,48,48,35,37,58,29,71,55,53,53,53,53,50,35,35,35,35,21,16,16,28,51,76,82,82,78,78,78,76,76,78,78,78,78,78,78,79,81,81,62,84,84,82,80,80,73,77,77,77,77,77,79,79,79,79,79,86,86,86,88,88,70,70,70,0,0],"gold":749,"neow_bonus":"ONE_RANDOM_RARE_CARD","is_daily":false,"chose_seed":false,"campfire_upgraded":10,"win_rate":0.0,"timestamp":1612393675,"path_taken":["M","$","?","?","?","E","M","M","T","R","?","R","E","M","R","BOSS","M","M","$","?","AVR","NM","M","R","T","?","M","E","?","M","R","BOSS","M","?","AVR","?","?","R","M","R","T","$","R","?","M","E","R","BOSS","M","M","M","?","?","E","?","AVR","T","?","M","R","?","M","R","BOSS","M","M","AVR","?","?","R","NM"],"items_purchased_type":["Card","Card","Card","Card","Card","Card","Relic","Card","Card","Card","Card","Card","Card","Relic","Relic"],"build_version":"2020-12-22","purchased_purges":9,"victory":false,"max_hp_per_floor":[65,65,68,68,68,68,68,68,68,68,68,68,71,71,71,71,71,74,74,74,74,74,74,74,74,74,74,77,77,77,77,77,77,82,82,78,78,78,78,78,78,78,78,78,78,78,80,82,82,84,84,84,84,84,84,84,84,84,84,84,84,84,84,84,84,84,86,86,86,88,88,88,88,88,90,90],"relic_stats":{"Gremlin Horn":[12,14],"counters":[32,145],"Golden Idol":61,"obtain_stats":[{"construct:BoolHorns":60,"StuffTheSpire:Barrel":22,"Tiny House":34,"reliquary:SilkGlove":43,"construct:FoamFinger":71,"Gremlin Horn":38,"StSpp:BoiledEgg":23,"Blue Doll":26,"halation:TrafficLight":37,"AdministrixMod:CrackedTaijitu":44,"conspire:SpecialSausage":51,"AdministrixMod:ConductorRitualBaton":0,"Bottled Tornado":30,"aspiration:RitualStick":72,"conspire:TopHat":73,"Toolbox":58,"Replay:Bottled Snecko":13,"StuffTheSpire:RedRose":64,"StuffTheSpire:TintedRock":6,"CCEMRelics:CarbonFilter":29,"Golden Idol":61,"Quantum Egg":58,"wanderingMiniBosses:MasterThiefsPresence":31,"Ring of Chaos":68,"energizedSpire:OgreHead":17,"infinitespire:EvilPickle":33,"Du-Vu Doll":57,"halation:NonexistentMirror":59,"halation:EternalFortune":3,"Snack Pack":9,"Bag of Marbles":48},{"construct:BoolHorns":26,"StuffTheSpire:Barrel":10,"Tiny House":16,"reliquary:SilkGlove":19,"construct:FoamFinger":31,"Gremlin Horn":17,"StSpp:BoiledEgg":11,"Blue Doll":12,"halation:TrafficLight":17,"AdministrixMod:CrackedTaijitu":19,"conspire:SpecialSausage":22,"AdministrixMod:ConductorRitualBaton":0,"Bottled Tornado":14,"aspiration:RitualStick":31,"conspire:TopHat":31,"Toolbox":26,"Replay:Bottled Snecko":6,"StuffTheSpire:RedRose":27,"StuffTheSpire:TintedRock":3,"CCEMRelics:CarbonFilter":14,"Golden Idol":26,"Quantum Egg":26,"wanderingMiniBosses:MasterThiefsPresence":15,"Ring of Chaos":29,"energizedSpire:OgreHead":8,"infinitespire:EvilPickle":16,"Du-Vu Doll":26,"halation:NonexistentMirror":26,"halation:EternalFortune":1,"Snack Pack":5,"Bag of Marbles":21},{"construct:BoolHorns":130,"StuffTheSpire:Barrel":49,"Tiny House":97,"reliquary:SilkGlove":105,"construct:FoamFinger":142,"Gremlin Horn":101,"StSpp:BoiledEgg":60,"Blue Doll":66,"halation:TrafficLight":101,"AdministrixMod:CrackedTaijitu":105,"conspire:SpecialSausage":120,"AdministrixMod:ConductorRitualBaton":0,"Bottled Tornado":84,"aspiration:RitualStick":142,"conspire:TopHat":142,"Toolbox":130,"Replay:Bottled Snecko":23,"StuffTheSpire:RedRose":132,"StuffTheSpire:TintedRock":9,"CCEMRelics:CarbonFilter":84,"Golden Idol":130,"Quantum Egg":130,"wanderingMiniBosses:MasterThiefsPresence":89,"Ring of Chaos":139,"energizedSpire:OgreHead":41,"infinitespire:EvilPickle":97,"Du-Vu Doll":130,"halation:NonexistentMirror":130,"halation:EternalFortune":3,"Snack Pack":16,"Bag of Marbles":112}],"aspiration:RitualStick":[0]},"card_choices":[{"not_picked":["AdministrixMod:HiddenPower","AdministrixMod:Katabasis"],"picked":"AdministrixMod:RebukeDesires","floor":1.0},{"not_picked":["AdministrixMod:ExtolVirtue","AdministrixMod:ImmortalPurity"],"picked":"AdministrixMod:ImmortalGrace","floor":5.0},{"not_picked":["AdministrixMod:TrickOfTheLight","AdministrixMod:ExtolVirtue"],"picked":"AdministrixMod:DreamsMausoleum","floor":6.0},{"not_picked":["AdministrixMod:CrackingPangu","AdministrixMod:RegentEdict"],"picked":"AdministrixMod:MixOfMercury","floor":7.0},{"not_picked":["AdministrixMod:SyncreticSurge","AdministrixMod:RegentEdict"],"picked":"AdministrixMod:Overdrive","floor":8.0},{"not_picked":["AdministrixMod:CenturiesAscent","AdministrixMod:FeastOfDew"],"picked":"AdministrixMod:FaithfulFlames","floor":13.0},{"not_picked":["AdministrixMod:QuietConspiracy","AdministrixMod:TrickOfTheLight"],"picked":"AdministrixMod:Convergence","floor":14.0},{"not_picked":["AdministrixMod:BattleforgedBonds","AdministrixMod:TenDesires"],"picked":"AdministrixMod:ImmortalClarity","floor":16.0},{"not_picked":["AdministrixMod:LightOfYourLife+1","AdministrixMod:NewWardrobe"],"picked":"AdministrixMod:UnstableVigor","floor":18.0},{"not_picked":["AdministrixMod:TouchOfCinnabar","AdministrixMod:ImmortalGrace"],"picked":"AdministrixMod:SyncreticSurge","floor":19.0},{"not_picked":["infinitespire:SealOfDarkness+","infinitespire:UltimateForm"],"picked":"Replay:Fractal Strike","floor":23.0},{"not_picked":["AdministrixMod:CastOffRegrets","AdministrixMod:MixOfMercury"],"picked":"AdministrixMod:TrickOfTheLight","floor":23.0},{"not_picked":["AdministrixMod:ImmortalPurity+1","AdministrixMod:FuneraryRites"],"picked":"AdministrixMod:TouchOfCinnabar+1","floor":24.0},{"not_picked":["AdministrixMod:CrackingPangu","AdministrixMod:FuneraryRites"],"picked":"AdministrixMod:BishamonBlessing","floor":28.0},{"not_picked":["AdministrixMod:BrewingCloister","AdministrixMod:ImmortalGrace"],"picked":"AdministrixMod:NewbornDivinity","floor":29.0},{"not_picked":["AdministrixMod:PassageOfAges+1","AdministrixMod:SealAway+1"],"picked":"AdministrixMod:LightOfYourLife","floor":31.0},{"not_picked":["AdministrixMod:HaveItAll","AdministrixMod:LifeforceNet"],"picked":"AdministrixMod:WifeLightning","floor":33.0},{"not_picked":["AdministrixMod:TouchOfCinnabar+1","AdministrixMod:NoblePath+1"],"picked":"AdministrixMod:ImmortalGrace","floor":34.0},{"not_picked":["AdministrixMod:ImmortalGrace+1","AdministrixMod:Transcension"],"picked":"AdministrixMod:Transition","floor":35.0},{"not_picked":["AdministrixMod:Metempsychosis","AdministrixMod:CenturiesAscent+1"],"picked":"AdministrixMod:RebukeDesires","floor":39.0},{"not_picked":["AdministrixMod:BishamonBlessing+1","AdministrixMod:Convergence+1"],"picked":"AdministrixMod:ExtolVirtue+1","floor":41.0},{"not_picked":["AdministrixMod:SyncreticSurge+1","AdministrixMod:ExtolVirtue"],"picked":"AdministrixMod:BloodBargain","floor":47.0},{"not_picked":["AdministrixMod:ExtolVirtue","AdministrixMod:NewWardrobe"],"picked":"AdministrixMod:BegetEternity+1","floor":48.0},{"not_picked":["AdministrixMod:FearOfDeath","AdministrixMod:Schism"],"picked":"AdministrixMod:StarSwordSoul","floor":50.0},{"not_picked":["AdministrixMod:FuneraryRites","AdministrixMod:SyncreticPlunge"],"picked":"AdministrixMod:NewWardrobe","floor":52},{"not_picked":["AdministrixMod:DiversionaryTactic","AdministrixMod:ImmortalPurity"],"picked":"AdministrixMod:WickedPunishment","floor":53},{"not_picked":["AdministrixMod:ImmortalPurity","AdministrixMod:BloodlessSapphire"],"picked":"AdministrixMod:Katabasis","floor":54},{"not_picked":["AdministrixMod:ShadowPlay","AdministrixMod:ImmortalPurity"],"picked":"AdministrixMod:PassageOfAges","floor":57},{"not_picked":["AdministrixMod:ExtolVirtue","AdministrixMod:Katabasis"],"picked":"AdministrixMod:WickedPunishment","floor":62},{"not_picked":["AdministrixMod:FuneraryRites","AdministrixMod:NoblePath"],"picked":"AdministrixMod:SealAway","floor":65},{"not_picked":["infinitespire:TheBestDefense","ReplayTheSpireMod:??????????????????????"],"picked":"hubris:Rewind","floor":67},{"not_picked":["AdministrixMod:Schism","AdministrixMod:TenDesires"],"picked":"AdministrixMod:GirlsDoItBetter","floor":67},{"not_picked":["AdministrixMod:ShadowPlay","AdministrixMod:HiddenPower"],"picked":"AdministrixMod:BloodBargain","floor":69},{"not_picked":["AdministrixMod:BattleforgedBonds","AdministrixMod:DreamsMausoleum"],"picked":"AdministrixMod:TrickOfTheLight+1","floor":70},{"not_picked":["AdministrixMod:PassageOfAges+1","AdministrixMod:ImmortalPurity"],"picked":"AdministrixMod:DiversionaryTactic","floor":73}],"player_experience":243240,"relics_obtained":[{"floor":6.0,"key":"StuffTheSpire:TintedRock"},{"floor":9.0,"key":"Snack Pack"},{"floor":13.0,"key":"halation:EternalFortune"},{"floor":13.0,"key":"Replay:Bottled Snecko"},{"floor":18.0,"key":"halation:EternalFortune"},{"floor":23.0,"key":"StSpp:BoiledEgg"},{"floor":26.0,"key":"Blue Doll"},{"floor":28.0,"key":"halation:EternalFortune"},{"floor":29.0,"key":"CCEMRelics:CarbonFilter"},{"floor":30.0,"key":"Bottled Tornado"},{"floor":31.0,"key":"wanderingMiniBosses:MasterThiefsPresence"},{"floor":38.0,"key":"Gremlin Horn"},{"floor":43.0,"key":"reliquary:SilkGlove"},{"floor":48.0,"key":"Bag of Marbles"},{"floor":57,"key":"Du-Vu Doll"},{"floor":60,"key":"construct:BoolHorns"},{"floor":73,"key":"conspire:TopHat"}],"event_choices":[{"damage_healed":0.0,"max_hp_gain":0.0,"max_hp_loss":0.0,"gold_gain":0.0,"event_name":"Upgrade Shrine","player_choice":"Upgraded","floor":4.0,"gold_loss":0.0,"damage_taken":0.0,"cards_upgraded":["AdministrixMod:RedCloak"]},{"damage_healed":0.0,"max_hp_gain":0.0,"max_hp_loss":0.0,"gold_gain":0.0,"event_name":"Match and Keep!","player_choice":"2 cards matched","floor":11.0,"gold_loss":0.0,"damage_taken":0.0,"cards_obtained":["Replay:Sssssssssstrike","AdministrixMod:BlueCloak"]},{"damage_healed":0.0,"max_hp_gain":0.0,"max_hp_loss":0.0,"gold_gain":0.0,"cards_transformed":["AdministrixMod:Defend_Administrix","AdministrixMod:Defend_Administrix"],"event_name":"Drug Dealer","player_choice":"Became Test Subject","floor":27.0,"gold_loss":0.0,"damage_taken":0.0,"cards_obtained":["AdministrixMod:DreamsMausoleum","AdministrixMod:BattleforgedBonds"]},{"damage_healed":0.0,"max_hp_gain":0.0,"max_hp_loss":4.0,"gold_gain":0.0,"event_name":"Winding Halls","player_choice":"Max HP","floor":36.0,"gold_loss":0.0,"damage_taken":0.0},{"damage_healed":0.0,"max_hp_gain":0.0,"max_hp_loss":0.0,"gold_gain":0.0,"event_name":"Wheel of Change","player_choice":"Relic","floor":38.0,"gold_loss":0.0,"damage_taken":0.0},{"cards_removed":["AdministrixMod:MixOfMercury"],"damage_healed":0,"gold_gain":0,"player_choice":"Card Removal","damage_taken":7,"max_hp_gain":0,"max_hp_loss":0,"event_name":"Golden Wing","floor":56,"gold_loss":0},{"damage_healed":0,"gold_gain":0,"player_choice":"Take Wound","damage_taken":0,"relics_obtained":["Golden Idol"],"max_hp_gain":0,"max_hp_loss":0,"event_name":"Golden Idol","floor":61,"gold_loss":0,"cards_obtained":["Injury"]}],"is_beta":false,"boss_relics":[{"not_picked":["energizedSpire:RedRose","conspire:SeveredTorchhead"],"picked":"energizedSpire:OgreHead"},{"not_picked":["energizedSpire:SpiderWeb","halation:Yufonium"],"picked":"Tiny House"},{"not_picked":["halation:PlatinumPhoenix","StuffTheSpire:RunicConfusion"],"picked":"conspire:SpecialSausage"},{"not_picked":["aspiration:RitualDagger","halation:MonkeysPaw"],"picked":"Ring of Chaos"}],"items_purged_floors":[2,20,22,37,44,46,58,59,71],"is_endless":true,"potions_floor_spawned":[1,6,13,16,19,23,33,39,47,48,50,52,57,65,70],"killed_by":"Nightmare_Alpha","ascension_level":0}}