{"host":"q2l6xtlpu05lrop8","time":1612310914,"event":{"mods":["AchievementEnabler","BaseMod","Colored Map","Googly Eyes","Minty Spire (QoL Compilation)","StSLib","The IronCluck","slay the spire mod where everything is the same but ironclad has a cowboy hat"],"gold_per_floor":[116,41,51,71,71,110,110,141,177,206,246,246,246,74,74,166,175,201,222,147,170,180,212,224,250,287,299,330,342,392,46,46,131,131,157,180,22,40,49,82,104,36,45,70,104,104,133,149,149,158,167],"floor_reached":52,"language":"ENG","playtime":2526,"items_purged":[],"score":2728,"play_id":"0ce99fb8-7cb3-44e0-9aa1-a6df4dbb7a8d","local_time":"20210202160834","daily_mods":["Hoarder","Diverse","Cursed Run"],"is_ascension_mode":true,"campfire_choices":[{"data":"DevaForm","floor":7,"key":"SMITH"},{"data":"Wraith Form v2","floor":13,"key":"SMITH"},{"data":"Demon Form","floor":15,"key":"SMITH"},{"floor":24,"key":"REST"},{"data":"Fasting2","floor":27,"key":"SMITH"},{"data":"Fasting2","floor":32,"key":"SMITH"},{"data":"Fasting2","floor":46,"key":"SMITH"},{"floor":49,"key":"REST"}],"circlet_count":0,"master_deck":["Demon Form+1","Wraith Form v2+1","Echo Form+1","DevaForm+1","AscendersBane","Strike_P","Strike_P","Strike_P","Defend_P","Defend_P","Defend_P","Defend_P","Eruption","Vigilance","CutThroughFate","CutThroughFate","CutThroughFate","Acrobatics","Acrobatics","Acrobatics","SandsOfTime","SandsOfTime","SandsOfTime","Crippling Poison+1","Crippling Poison","Crippling Poison","Decay","Decay","Decay","Fiend Fire","Fiend Fire","Fiend Fire","CurseOfTheBell","CurseOfTheBell","CurseOfTheBell","Metallicize","Metallicize","Metallicize","Worship+1","Worship","Worship","Fasting2+1","Fasting2+1","Fasting2+1","True Grit+1","True Grit+1","True Grit+1","Flame Barrier","Flame Barrier","Flame Barrier","Whirlwind","Whirlwind","Whirlwind","Fiend Fire","Fiend Fire","Fiend Fire","Cloak And Dagger+1","Cloak And Dagger+1","Cloak And Dagger+1","WheelKick","WheelKick","WheelKick","Pain","Pain","Pain","Second Wind","Second Wind","Second Wind","Reinforced Body","Reinforced Body","Reinforced Body","Doubt","Doubt","Doubt","Wireheading+1","Wireheading+1","Wireheading+1","Injury","Injury","Injury","Decay","Decay","Decay"],"relics":["Cursed Key","Darkstone Periapt","Du-Vu Doll","Snecko Eye","CeramicFish","Vajra","Pen Nib","Question Card","Spirit Poop","Damaru","Calling Bell","Omamori","Ornamental Fan","Thread and Needle","MawBank","War Paint","Yang","Frozen Egg 2","Empty Cage","Frozen Eye","WarpedTongs","Mummified Hand","FossilizedHelix","Oddly Smooth Stone","Eternal Feather"],"acts_visited":["Exordium","TheCity","TheBeyond"],"potions_floor_usage":[16,23,33,36,50],"damage_taken":[{"damage":0,"enemies":"Jaw Worm","floor":1,"turns":4},{"damage":3,"enemies":"Small Slimes","floor":3,"turns":3},{"damage":0,"enemies":"2 Louse","floor":4,"turns":2},{"damage":5,"enemies":"3 Sentries","floor":6,"turns":5},{"damage":0,"enemies":"Lagavulin","floor":8,"turns":5},{"damage":9,"enemies":"Lots of Slimes","floor":10,"turns":3},{"damage":10,"enemies":"3 Sentries","floor":11,"turns":4},{"damage":22,"enemies":"Hexaghost","floor":16,"turns":4},{"damage":13,"enemies":"2 Thieves","floor":18,"turns":2},{"damage":0,"enemies":"Shell Parasite","floor":19,"turns":1},{"damage":0,"enemies":"Chosen and Byrds","floor":21,"turns":3},{"damage":0,"enemies":"Snake Plant","floor":22,"turns":2},{"damage":27,"enemies":"Gremlin Leader","floor":23,"turns":4},{"damage":0,"enemies":"Centurion and Healer","floor":25,"turns":5},{"damage":0,"enemies":"Cultist and Chosen","floor":28,"turns":3},{"damage":6,"enemies":"Book of Stabbing","floor":30,"turns":3},{"damage":2,"enemies":"Automaton","floor":33,"turns":3},{"damage":15,"enemies":"3 Darklings","floor":35,"turns":3},{"damage":0,"enemies":"Orb Walker","floor":36,"turns":1},{"damage":1,"enemies":"Transient","floor":38,"turns":5},{"damage":1,"enemies":"Nemesis","floor":40,"turns":3},{"damage":5,"enemies":"Sphere and 2 Shapes","floor":41,"turns":5},{"damage":6,"enemies":"Spire Growth","floor":44,"turns":2},{"damage":0,"enemies":"Giant Head","floor":45,"turns":1},{"damage":3,"enemies":"Reptomancer","floor":47,"turns":2},{"damage":0,"enemies":"Jaw Worm Horde","floor":48,"turns":1},{"damage":0,"enemies":"Donu and Deca","floor":50,"turns":3},{"damage":0,"enemies":"Time Eater","floor":51,"turns":5}],"seed_played":"-6753163267720439110","potions_obtained":[{"floor":8,"key":"BlessingOfTheForge"},{"floor":10,"key":"GamblersBrew"},{"floor":16,"key":"Block Potion"},{"floor":23,"key":"Block Potion"},{"floor":33,"key":"Weak Potion"},{"floor":38,"key":"DuplicationPotion"},{"floor":47,"key":"DistilledChaos"}],"is_trial":true,"path_per_floor":["M","?","M","M","?","E","R","E","T","M","E","?","R","$","R","B",null,"M","M","$","M","M","E","R","M","T","R","M","$","E","$","R","B",null,"M","M","$","M","?","E","M","$","T","M","E","R","E","M","R","B","B",null],"character_chosen":"WATCHER","items_purchased":["Damaru","Fasting2","Whirlwind","Frozen Egg 2","Frozen Eye","Reinforced Body"],"campfire_rested":2,"item_purchase_floors":[14,20,31,31,37,42],"current_hp_per_floor":[61,61,58,58,58,53,53,53,71,62,52,52,52,52,52,48,108,95,95,95,95,95,68,104,104,104,104,104,104,98,98,98,96,116,101,101,101,100,118,117,112,112,130,124,124,124,121,121,158,176,194],"gold":167,"neow_bonus":"","is_daily":false,"chose_seed":false,"campfire_upgraded":6,"win_rate":0.0,"timestamp":1612310914,"path_taken":["M","?","M","M","?","E","R","E","T","M","E","?","R","$","R","BOSS","M","M","?","?","M","E","R","M","T","R","M","$","E","$","R","BOSS","M","M","$","M","?","E","M","?","T","M","E","R","E","M","R","BOSS","BOSS"],"items_purchased_type":["Relic","Card","Card","Relic","Relic","Card"],"build_version":"2020-12-22","purchased_purges":0,"victory":true,"max_hp_per_floor":[68,68,68,68,68,68,68,68,86,86,86,86,86,86,86,104,122,122,122,122,122,122,122,122,122,122,122,122,122,122,122,122,122,122,122,122,122,122,140,140,140,140,158,158,158,158,158,158,158,176,194],"card_choices":[{"not_picked":["Consecrate","Blood for Blood"],"picked":"CutThroughFate","floor":1},{"not_picked":["Halt","Clash","Wild Strike"],"picked":"SKIP","floor":3},{"not_picked":["Study","Meditate","SashWhip"],"picked":"SKIP","floor":4},{"not_picked":["Conserve Battery","Combust"],"picked":"Acrobatics","floor":6},{"not_picked":["Exhume","Turbo","ThirdEye"],"picked":"SKIP","floor":8},{"not_picked":["FlurryOfBlows","Quick Slash"],"picked":"SandsOfTime","floor":10},{"not_picked":["Demon Form","Slice"],"picked":"Crippling Poison","floor":11},{"not_picked":["Thunder Strike","Judgement","Devotion"],"picked":"Fiend Fire","floor":16},{"not_picked":["Cleave","Slice","Outmaneuver"],"picked":"Metallicize","floor":18},{"not_picked":["Anger","Rebound","Armaments"],"picked":"Worship","floor":19},{"not_picked":["Doom and Gloom","PiercingWail","After Image"],"picked":"True Grit+1","floor":21},{"not_picked":["Rebound","BattleHymn","Perfected Strike","Havoc"],"picked":"SKIP","floor":22},{"not_picked":["Rebound","BattleHymn","Perfected Strike","Havoc"],"picked":"SKIP","floor":22},{"not_picked":["Cleave","Endless Agony","Conserve Battery","Flex"],"picked":"SKIP","floor":23},{"not_picked":["Wild Strike+1","Conserve Battery","Ball Lightning+1","Steam"],"picked":"SKIP","floor":25},{"not_picked":["JustLucky","Undo","EmptyFist","SashWhip"],"picked":"SKIP","floor":28},{"not_picked":["Electrodynamics","Outmaneuver","Recycle"],"picked":"Flame Barrier","floor":30},{"not_picked":["Feed","A Thousand Cuts+1","Scrawl"],"picked":"Fiend Fire","floor":33},{"not_picked":["Eviscerate","Cold Snap","SandsOfTime"],"picked":"Cloak And Dagger+1","floor":35},{"not_picked":["Cold Snap+1","Genetic Algorithm","Blood for Blood+1"],"picked":"WheelKick","floor":36},{"not_picked":["BowlingBash","Vengeance+1","Halt","Carnage"],"picked":"SKIP","floor":38},{"not_picked":["Beam Cell","Tactician+1","Protect","Evaluate"],"picked":"SKIP","floor":40},{"not_picked":["Flechettes","Entrench","Tempest"],"picked":"Second Wind","floor":41},{"not_picked":["Storm+1","Choke+1","Crescendo"],"picked":"Wireheading+1","floor":44},{"not_picked":["CarveReality","Seek","Blood for Blood","Tantrum"],"picked":"SKIP","floor":45},{"not_picked":["Beam Cell","Slice","Escape Plan","Expertise+1"],"picked":"SKIP","floor":47},{"not_picked":["Indignation","Prepared","Perseverance+1","Scrape"],"picked":"SKIP","floor":48}],"player_experience":821895,"relics_obtained":[{"floor":6,"key":"CeramicFish"},{"floor":8,"key":"Vajra"},{"floor":9,"key":"Pen Nib"},{"floor":11,"key":"Question Card"},{"floor":17,"key":"Omamori"},{"floor":17,"key":"Ornamental Fan"},{"floor":17,"key":"Thread and Needle"},{"floor":23,"key":"MawBank"},{"floor":26,"key":"War Paint"},{"floor":30,"key":"Yang"},{"floor":40,"key":"Mummified Hand"},{"floor":43,"key":"FossilizedHelix"},{"floor":45,"key":"Oddly Smooth Stone"},{"floor":47,"key":"Eternal Feather"}],"event_choices":[{"cards_removed":["Strike_P"],"damage_healed":0,"gold_gain":0,"player_choice":"Card Removal","damage_taken":0,"max_hp_gain":0,"max_hp_loss":0,"event_name":"The Cleric","floor":2,"gold_loss":75},{"damage_healed":0,"gold_gain":0,"player_choice":"Grow","damage_taken":0,"max_hp_gain":0,"max_hp_loss":0,"event_name":"Living Wall","floor":5,"gold_loss":0,"cards_upgraded":["Echo Form"]},{"cards_removed":["Normality"],"damage_healed":0,"gold_gain":0,"player_choice":"Offered Curse","damage_taken":0,"relics_obtained":["Spirit Poop"],"max_hp_gain":0,"max_hp_loss":0,"event_name":"Bonfire Elementals","floor":12,"gold_loss":0},{"damage_healed":0,"gold_gain":0,"player_choice":"Rummage","damage_taken":0,"relics_obtained":["WarpedTongs"],"max_hp_gain":0,"max_hp_loss":0,"event_name":"Accursed Blacksmith","floor":39,"gold_loss":0,"cards_obtained":["Pain"]}],"is_beta":false,"boss_relics":[{"not_picked":["VioletLotus","Velvet Choker"],"picked":"Calling Bell"},{"not_picked":["Pandora\u0027s Box","Sozu"],"picked":"Empty Cage"}],"items_purged_floors":[],"is_endless":false,"potions_floor_spawned":[8,10,11,16,23,25,33,38,40,41,47],"ascension_level":20}}