{"host":"neeznpvpgo0qgfkd","time":1612395035,"event":{"mods":["AchievementEnabler","BaseMod","BetterRewards","Colored Map","Colored Powertips","Exacting","Minty Spire (QoL Compilation)","Permanent Neow","Quick Restart","Shop Mod"],"gold_per_floor":[113,113,113,37,62,141,141,162,188,203,203,266,279,279,279],"floor_reached":14,"language":"ENG","playtime":782,"items_purged":[],"score":200,"play_id":"a2b5c823-221d-43e1-826d-f9b6caff13c5","local_time":"20210203183035","is_ascension_mode":true,"campfire_choices":[{"floor":7,"key":"REST"}],"circlet_count":0,"master_deck":["AscendersBane","Strike_G","Strike_G","Strike_G","Strike_G","Strike_G","Defend_G","Defend_G","Defend_G","Defend_G","Defend_G","Survivor+1","Neutralize","Footwork","Good Instincts","Blade Dance","Injury","Infinite Blades","Blade Dance+1","Slice","Sucker Punch","Bane","Tactician"],"relics":["Ring of the Snake","Ninja Scroll","Golden Idol","FaceOfCleric","Art of War","War Paint","Vajra"],"acts_visited":["Exordium"],"potions_floor_usage":[10],"damage_taken":[{"damage":0.0,"enemies":"2 Louse","floor":1.0,"turns":3.0},{"damage":0.0,"enemies":"Small Slimes","floor":5.0,"turns":3.0},{"damage":13,"enemies":"3 Sentries","floor":6,"turns":10},{"damage":0,"enemies":"Cultist","floor":8,"turns":3},{"damage":1,"enemies":"Blue Slaver","floor":10,"turns":3},{"damage":39,"enemies":"Lagavulin","floor":12,"turns":7},{"damage":16,"enemies":"Gremlin Gang","floor":13,"turns":4},{"damage":20,"enemies":"Gremlin Nob","floor":14,"turns":3}],"seed_played":"-3471279423122600415","potions_obtained":[{"floor":1.0,"key":"Energy Potion"},{"floor":6,"key":"Weak Potion"}],"is_trial":false,"path_per_floor":["M","?","?","$","M","E","R","M","T","M","?","E","M","E"],"character_chosen":"THE_SILENT","items_purchased":["Ninja Scroll","Footwork","Infinite Blades"],"campfire_rested":1,"item_purchase_floors":[0,0,4],"current_hp_per_floor":[59,59,59,59,62,50,70,71,71,71,71,33,18,0,0],"gold":279,"neow_bonus":"","is_daily":false,"chose_seed":false,"campfire_upgraded":0,"win_rate":0.0,"timestamp":1612395035,"path_taken":["M","?","?","$","M","E","R","?","T","M","?","E","M","E"],"items_purchased_type":["Relic","Card","Card"],"build_version":"2020-12-22","purchased_purges":0,"victory":false,"max_hp_per_floor":[66,66,66,66,69,70,70,71,71,72,72,73,74,74,74],"card_choices":[{"not_picked":["Bane","Dagger Throw"],"picked":"Blade Dance","floor":1.0},{"not_picked":["Predator","Calculated Gamble"],"picked":"Blade Dance","floor":5.0},{"not_picked":["Expertise","Deadly Poison"],"picked":"Slice","floor":6},{"not_picked":["Acrobatics","Leg Sweep"],"picked":"Sucker Punch","floor":8},{"not_picked":["PiercingWail","Heel Hook"],"picked":"Bane","floor":10},{"not_picked":["Crippling Poison","Grand Finale","Predator"],"picked":"SKIP","floor":12},{"not_picked":["Underhanded Strike","Sucker Punch"],"picked":"Tactician","floor":13}],"player_experience":1979154,"relics_obtained":[{"floor":6,"key":"Art of War"},{"floor":12,"key":"Vajra"}],"event_choices":[{"damage_healed":0.0,"max_hp_gain":0.0,"max_hp_loss":0.0,"gold_gain":0.0,"event_name":"Golden Idol","player_choice":"Take Wound","floor":2.0,"gold_loss":0.0,"damage_taken":0.0,"relics_obtained":["Golden Idol"],"cards_obtained":["Injury"]},{"damage_healed":0.0,"max_hp_gain":0.0,"max_hp_loss":0.0,"gold_gain":0.0,"event_name":"FaceTrader","player_choice":"Trade","floor":3.0,"gold_loss":0.0,"damage_taken":0.0,"relics_obtained":["FaceOfCleric"]},{"damage_healed":0,"gold_gain":0,"player_choice":"Gave Potion","damage_taken":0,"relics_obtained":["War Paint"],"max_hp_gain":0,"max_hp_loss":0,"event_name":"WeMeetAgain","floor":11,"gold_loss":0}],"is_beta":false,"boss_relics":[],"items_purged_floors":[],"is_endless":false,"potions_floor_spawned":[1,6,8],"killed_by":"Gremlin Nob","ascension_level":20}}