{"host":"2se5dq1do2gp0x9k","time":1612326322,"event":{"mods":["AchievementEnabler","BaseMod","Block Reminder","Colored Map","Colored Powertips","Minty Spire (QoL Compilation)","Relic Stats","StSLib","SuperFastMode"],"gold_per_floor":[111,130,148,148,148,148,159,159,159,194,206,206,221,234,234,234,234],"floor_reached":16,"language":"ENG","playtime":407,"items_purged":[],"score":208,"play_id":"70fdce95-7a32-43c6-9828-f8c0377ba260","local_time":"20210202202522","is_ascension_mode":true,"campfire_choices":[{"data":"Lockon","floor":6.0,"key":"SMITH"},{"data":"Chaos","floor":8.0,"key":"SMITH"},{"floor":12,"key":"REST"},{"floor":15,"key":"REST"}],"circlet_count":0,"master_deck":["AscendersBane","Strike_B","Strike_B+1","Strike_B","Defend_B","Defend_B","Defend_B","Defend_B","Zap","Dualcast","Rebound","Turbo+1","Lockon+1","Chaos+1","Tempest","Self Repair","Turbo","Hologram"],"relics":["Cracked Core","NeowsBlessing","Ice Cream","Kunai"],"acts_visited":["Exordium"],"potions_floor_usage":[10,11],"damage_taken":[{"damage":0.0,"enemies":"Small Slimes","floor":1.0,"turns":1.0},{"damage":0.0,"enemies":"2 Louse","floor":2.0,"turns":1.0},{"damage":0.0,"enemies":"Cultist","floor":3.0,"turns":1.0},{"damage":21.0,"enemies":"Blue Slaver","floor":7.0,"turns":3.0},{"damage":15,"enemies":"Lagavulin","floor":10,"turns":4},{"damage":3,"enemies":"3 Louse","floor":11,"turns":2},{"damage":7,"enemies":"Looter","floor":13,"turns":3},{"damage":10,"enemies":"2 Fungi Beasts","floor":14,"turns":6},{"damage":72,"enemies":"The Guardian","floor":16,"turns":8}],"seed_played":"2921648871867960232","potions_obtained":[{"floor":1.0,"key":"Strength Potion"},{"floor":10,"key":"PowerPotion"}],"is_trial":false,"path_per_floor":["M","M","M","?","?","R","M","R","T","E","M","R","M","M","R","B"],"character_chosen":"DEFECT","items_purchased":[],"campfire_rested":2,"item_purchase_floors":[],"current_hp_per_floor":[64,64,64,43,43,43,22,22,22,7,4,25,25,22,43,0,0],"gold":234,"neow_bonus":"THREE_ENEMY_KILL","is_daily":false,"chose_seed":false,"campfire_upgraded":2,"win_rate":0.0,"timestamp":1612326322,"path_taken":["M","M","M","?","?","R","M","R","T","E","M","R","M","M","R","BOSS"],"items_purchased_type":[],"build_version":"2020-12-22","purchased_purges":0,"victory":false,"max_hp_per_floor":[71,71,71,71,71,71,71,71,71,71,71,71,71,71,71,71,71],"relic_stats":{"counters":[9,29],"Kunai":[0],"obtain_stats":[{"Ice Cream":9,"NeowsBlessing":0,"Kunai":10,"Cracked Core":0},{"Ice Cream":4,"NeowsBlessing":0,"Kunai":5,"Cracked Core":0},{"Ice Cream":6,"NeowsBlessing":0,"Kunai":10,"Cracked Core":0}]},"card_choices":[{"not_picked":["Redo","Conserve Battery"],"picked":"Rebound","floor":1.0},{"not_picked":["Scrape","Barrage"],"picked":"Turbo","floor":2.0},{"not_picked":["Hologram","Barrage"],"picked":"Lockon","floor":3.0},{"not_picked":["Meteor Strike","Scrape"],"picked":"Chaos","floor":7.0},{"not_picked":["BootSequence","Streamline"],"picked":"Tempest","floor":10},{"not_picked":["Hologram","Darkness"],"picked":"Self Repair","floor":11},{"not_picked":["Heatsinks","Sweeping Beam"],"picked":"Turbo","floor":13},{"not_picked":["Redo","Heatsinks"],"picked":"Hologram","floor":14}],"player_experience":4056885,"relics_obtained":[{"floor":9.0,"key":"Ice Cream"},{"floor":10,"key":"Kunai"}],"event_choices":[{"damage_healed":0.0,"max_hp_gain":0.0,"max_hp_loss":0.0,"gold_gain":0.0,"event_name":"Shining Light","player_choice":"Entered Light","floor":4.0,"gold_loss":0.0,"damage_taken":21.0,"cards_upgraded":["Turbo","Strike_B"]},{"cards_removed":["Strike_B"],"damage_healed":0.0,"max_hp_gain":0.0,"max_hp_loss":0.0,"gold_gain":0.0,"event_name":"Bonfire Elementals","player_choice":"Offered Basic","floor":5.0,"gold_loss":0.0,"damage_taken":0.0}],"is_beta":false,"boss_relics":[],"items_purged_floors":[],"is_endless":false,"potions_floor_spawned":[1,10],"killed_by":"The Guardian","ascension_level":20}}