{"host":"6q6idgl71g9ab7at","time":1612332122,"event":{"mods":["BaseMod","Minty Spire (QoL Compilation)","StSLib","SuperFastMode"],"gold_per_floor":[116,116,134,148,168,168,168,188,266,266,286,302,302,43,43,142,142,159,159,159,30,45,77,77,88,115,115,115,115,125,225,225,326,326,346,18,18,32,82,82,97,108,180,200,212,87,98,98,98,98],"floor_reached":51,"language":"KOR","playtime":1194,"items_purged":["Strike_G","Strike_G","Writhe"],"score":761,"play_id":"b78bb62c-f5b6-4327-a8b7-46d6431af12d","local_time":"20210203150202","is_ascension_mode":false,"campfire_choices":[{"data":"Poisoned Stab","floor":7.0,"key":"SMITH"},{"data":"Poisoned Stab","floor":10.0,"key":"SMITH"},{"data":"Noxious Fumes","floor":13.0,"key":"SMITH"},{"data":"Neutralize","floor":15.0,"key":"SMITH"},{"data":"Envenom","floor":24.0,"key":"SMITH"},{"data":"Adrenaline","floor":27.0,"key":"SMITH"},{"data":"Infinite Blades","floor":29.0,"key":"SMITH"},{"data":"Acrobatics","floor":32.0,"key":"SMITH"},{"data":"Leg Sweep","floor":40.0,"key":"SMITH"},{"floor":49,"key":"REST"}],"circlet_count":0,"master_deck":["Strike_G","Strike_G","Defend_G","Defend_G","Defend_G","Defend_G","Defend_G","Survivor","Neutralize+1","Infinite Blades+1","Acrobatics+1","PiercingWail","Poisoned Stab+1","Poisoned Stab+1","Dagger Spray","Noxious Fumes+1","Adrenaline+1","Blade Dance+1","Ghostly","Ghostly","Ghostly","Ghostly","Ghostly","Slice","Envenom+1","Dodge and Roll+1","Slice","Backstab","Die Die Die","Choke+1","Leg Sweep+1","Outmaneuver+1","Reflex","Acrobatics+1","Acrobatics+1","Terror+1","Parasite"],"relics":["Ring of the Snake","NeowsBlessing","White Beast Statue","Kunai","Sozu","Unceasing Top","Happy Flower","Oddly Smooth Stone","Tingsha","Matryoshka","Philosopher\u0027s Stone","Nunchaku","Bird Faced Urn","Pen Nib","Toxic Egg 2"],"acts_visited":["Exordium","TheCity","TheBeyond"],"potions_floor_usage":[50,50,50],"damage_taken":[{"damage":0.0,"enemies":"2 Louse","floor":1.0,"turns":1.0},{"damage":0.0,"enemies":"Cultist","floor":3.0,"turns":1.0},{"damage":0.0,"enemies":"Jaw Worm","floor":4.0,"turns":1.0},{"damage":2.0,"enemies":"Blue Slaver","floor":5.0,"turns":6.0},{"damage":0.0,"enemies":"3 Louse","floor":8.0,"turns":5.0},{"damage":8.0,"enemies":"Large Slime","floor":11.0,"turns":6.0},{"damage":4.0,"enemies":"Exordium Wildlife","floor":12.0,"turns":3.0},{"damage":17.0,"enemies":"Hexaghost","floor":16.0,"turns":8.0},{"damage":0.0,"enemies":"Chosen","floor":18.0,"turns":4.0},{"damage":2.0,"enemies":"Spheric Guardian","floor":22.0,"turns":6.0},{"damage":1.0,"enemies":"Book of Stabbing","floor":23.0,"turns":6.0},{"damage":12.0,"enemies":"Centurion and Healer","floor":25.0,"turns":5.0},{"damage":0.0,"enemies":"Snake Plant","floor":30.0,"turns":6.0},{"damage":0.0,"enemies":"Colosseum Slavers","floor":31.0,"turns":4.0},{"damage":1.0,"enemies":"Colosseum Nobs","floor":31.0,"turns":5.0},{"damage":12.0,"enemies":"Automaton","floor":33.0,"turns":9.0},{"damage":0.0,"enemies":"Orb Walker","floor":35.0,"turns":3.0},{"damage":4.0,"enemies":"3 Shapes","floor":38.0,"turns":5.0},{"damage":0.0,"enemies":"Mind Bloom Boss Battle","floor":39.0,"turns":6.0},{"damage":0.0,"enemies":"Maw","floor":41.0,"turns":7.0},{"damage":23,"enemies":"Writhing Mass","floor":42,"turns":6},{"damage":0,"enemies":"Transient","floor":44,"turns":5},{"damage":7,"enemies":"Sphere and 2 Shapes","floor":45,"turns":6},{"damage":0,"enemies":"Writhing Mass","floor":47,"turns":4},{"damage":0,"enemies":"Donu and Deca","floor":50,"turns":7}],"seed_played":"-4460813792262377987","potions_obtained":[{"floor":1.0,"key":"ColorlessPotion"},{"floor":4.0,"key":"SneckoOil"},{"floor":6.0,"key":"Fire Potion"},{"floor":6.0,"key":"CunningPotion"},{"floor":11.0,"key":"CultistPotion"},{"floor":12.0,"key":"CultistPotion"}],"is_trial":false,"path_per_floor":["M","?","M","M","M","?","R","M","T","R","M","M","R","$","R","B",null,"M","?","?","$","M","E","R","M","T","R","?","R","M","?","R","B",null,"M","$","?","M","?","R","M","M","T","M","M","$","M","$","R","B",null],"character_chosen":"THE_SILENT","items_purchased":["Kunai","Slice","Leg Sweep","Nunchaku"],"campfire_rested":1,"item_purchase_floors":[14,21,36,36],"current_hp_per_floor":[70,75,75,75,73,73,73,73,73,73,65,61,61,61,61,44,75,75,75,37,37,35,34,34,22,22,22,22,22,22,21,21,9,37,37,37,35,31,31,31,35,12,12,16,15,15,21,21,31,35],"gold":98,"neow_bonus":"THREE_ENEMY_KILL","is_daily":false,"chose_seed":false,"campfire_upgraded":9,"win_rate":0.0,"timestamp":1612332122,"path_taken":["M","?","M","M","M","?","R","?","T","R","M","M","R","$","R","BOSS","M","?","?","$","M","E","R","M","T","R","?","R","M","?","R","BOSS","M","$","?","M","?","R","M","M","T","M","M","?","?","$","R","BOSS"],"items_purchased_type":["Relic","Card","Card","Relic"],"build_version":"2020-12-22","purchased_purges":3,"victory":true,"max_hp_per_floor":[70,75,75,75,75,75,75,75,75,75,75,75,75,75,75,75,75,75,75,37,37,37,37,37,37,37,37,37,37,37,37,37,37,37,37,37,35,35,35,35,35,35,35,35,35,35,35,35,35,35],"card_choices":[{"not_picked":["Backstab","Calculated Gamble"],"picked":"Infinite Blades","floor":1.0},{"not_picked":["Skewer","PiercingWail"],"picked":"Acrobatics","floor":3.0},{"not_picked":["Flechettes","All Out Attack"],"picked":"PiercingWail","floor":4.0},{"not_picked":["Escape Plan","PiercingWail"],"picked":"Poisoned Stab","floor":5.0},{"not_picked":["Slice","Deadly Poison"],"picked":"Poisoned Stab","floor":8.0},{"not_picked":["Flying Knee","Tactician"],"picked":"Dagger Spray","floor":11.0},{"not_picked":["Deadly Poison","Outmaneuver"],"picked":"Noxious Fumes","floor":12.0},{"not_picked":["Phantasmal Killer","Wraith Form v2"],"picked":"Adrenaline","floor":16.0},{"not_picked":["Slice","Masterful Stab"],"picked":"Blade Dance+1","floor":18.0},{"not_picked":["Outmaneuver","Deadly Poison+1"],"picked":"Envenom","floor":22.0},{"not_picked":["Bouncing Flask","Venomology","Skewer"],"picked":"SKIP","floor":23.0},{"not_picked":["Flying Knee","Calculated Gamble"],"picked":"Dodge and Roll+1","floor":25.0},{"not_picked":["Prepared","Outmaneuver"],"picked":"Slice","floor":30.0},{"not_picked":["Prepared","Poisoned Stab"],"picked":"Backstab","floor":31.0},{"not_picked":["Doppelganger","Venomology"],"picked":"Die Die Die","floor":33.0},{"not_picked":["Sucker Punch+1","Flying Knee"],"picked":"Choke+1","floor":35.0},{"not_picked":["Dash","Poisoned Stab","Leg Sweep"],"picked":"SKIP","floor":38.0},{"not_picked":["Flechettes","Crippling Poison+1"],"picked":"Outmaneuver+1","floor":39.0},{"not_picked":["Underhanded Strike+1","Deadly Poison+1"],"picked":"Reflex","floor":41.0},{"not_picked":["Leg Sweep","Deflect+1"],"picked":"Acrobatics+1","floor":42},{"not_picked":["Terror+1","PiercingWail+1"],"picked":"Acrobatics+1","floor":44},{"not_picked":["All Out Attack+1","Deadly Poison+1"],"picked":"Terror+1","floor":45},{"not_picked":["Sucker Punch+1","Riddle With Holes+1","Flechettes+1"],"picked":"SKIP","floor":47}],"player_experience":865,"relics_obtained":[{"floor":9.0,"key":"White Beast Statue"},{"floor":23.0,"key":"Unceasing Top"},{"floor":26.0,"key":"Happy Flower"},{"floor":31.0,"key":"Tingsha"},{"floor":31.0,"key":"Matryoshka"},{"floor":39.0,"key":"Bird Faced Urn"},{"floor":43,"key":"Pen Nib"},{"floor":43,"key":"Toxic Egg 2"}],"event_choices":[{"damage_healed":0.0,"max_hp_gain":5.0,"max_hp_loss":0.0,"gold_gain":0.0,"event_name":"Big Fish","player_choice":"Donut","floor":2.0,"gold_loss":0.0,"damage_taken":0.0},{"damage_healed":0.0,"max_hp_gain":0.0,"max_hp_loss":0.0,"gold_gain":0.0,"event_name":"Lab","player_choice":"Got Potions","floor":6.0,"gold_loss":0.0,"damage_taken":0.0},{"cards_removed":["Strike_G"],"damage_healed":0.0,"max_hp_gain":0.0,"max_hp_loss":0.0,"gold_gain":0.0,"event_name":"Back to Basics","player_choice":"Elegance","floor":19.0,"gold_loss":0.0,"damage_taken":0.0},{"damage_healed":0.0,"max_hp_gain":0.0,"max_hp_loss":38.0,"gold_gain":0.0,"event_name":"Ghosts","player_choice":"Became a Ghost","floor":20.0,"gold_loss":0.0,"damage_taken":0.0,"cards_obtained":["Ghostly","Ghostly","Ghostly","Ghostly","Ghostly"]},{"damage_healed":0.0,"max_hp_gain":0.0,"max_hp_loss":0.0,"gold_gain":0.0,"event_name":"The Mausoleum","player_choice":"Opened","floor":28.0,"gold_loss":0.0,"damage_taken":0.0,"relics_obtained":["Oddly Smooth Stone"],"cards_obtained":["Writhe"]},{"damage_healed":0.0,"max_hp_gain":0.0,"max_hp_loss":0.0,"gold_gain":0.0,"event_name":"Colosseum","player_choice":"Fight","floor":31.0,"gold_loss":0.0,"damage_taken":0.0},{"damage_healed":0.0,"max_hp_gain":0.0,"max_hp_loss":0.0,"gold_gain":0.0,"event_name":"Colosseum","player_choice":"Fought Nobs","floor":31.0,"gold_loss":0.0,"damage_taken":0.0},{"damage_healed":0.0,"max_hp_gain":0.0,"max_hp_loss":2.0,"gold_gain":0.0,"event_name":"Winding Halls","player_choice":"Max HP","floor":37.0,"gold_loss":0.0,"damage_taken":0.0},{"damage_healed":0.0,"max_hp_gain":0.0,"max_hp_loss":0.0,"gold_gain":0.0,"event_name":"MindBloom","player_choice":"Fight","floor":39.0,"gold_loss":0.0,"damage_taken":0.0}],"is_beta":false,"boss_relics":[{"not_picked":["SlaversCollar","Busted Crown"],"picked":"Sozu"},{"not_picked":["Cursed Key","HoveringKite"],"picked":"Philosopher\u0027s Stone"}],"items_purged_floors":[21,36,46],"is_endless":false,"potions_floor_spawned":[1,4,8,11,12,16,18,22,23,25,30,31,31,33,35,38,39,41,42,44,45,47],"ascension_level":0}}