{"host":"Squid","time":1612380021,"event":{"mods":["BaseMod","Minty Spire (QoL Compilation)","Reliquary","StSLib"],"gold_per_floor":[218,234,83,97,97,124,124,151,151,151,165,200,200,37,37,37,37],"floor_reached":16,"language":"ENG","playtime":463,"items_purged":["Strike_R"],"score":218,"play_id":"f8c7f8ff-ea3a-489a-8818-73d0edd4b7aa","local_time":"20210203142021","is_ascension_mode":true,"campfire_choices":[{"floor":7,"key":"REST"},{"data":"Bash","floor":10,"key":"SMITH"},{"floor":15,"key":"REST"}],"circlet_count":0,"master_deck":["AscendersBane","Strike_R","Strike_R","Strike_R","Strike_R","Defend_R","Defend_R","Defend_R","Defend_R","Bash+1","Pummel","Whirlwind","Rupture","Thunderclap","Clothesline","Brutality","Limit Break"],"relics":["Burning Blood","Incense Burner","reliquary:Firecrackers","Toy Ornithopter","reliquary:OuijaBoard","Du-Vu Doll"],"acts_visited":["Exordium"],"potions_floor_usage":[6,8],"damage_taken":[{"damage":1,"enemies":"Cultist","floor":1,"turns":3},{"damage":4,"enemies":"2 Louse","floor":2,"turns":5},{"damage":9,"enemies":"Jaw Worm","floor":4,"turns":4},{"damage":56,"enemies":"Gremlin Nob","floor":6,"turns":5},{"damage":21,"enemies":"3 Sentries","floor":8,"turns":7},{"damage":0,"enemies":"Lots of Slimes","floor":11,"turns":1},{"damage":32,"enemies":"Gremlin Nob","floor":12,"turns":5},{"damage":32,"enemies":"Hexaghost","floor":16,"turns":7}],"seed_played":"-4289378687847818666","potions_obtained":[{"floor":1,"key":"LiquidBronze"},{"floor":4,"key":"GamblersBrew"},{"floor":11,"key":"ElixirPotion"},{"floor":12,"key":"SmokeBomb"}],"is_trial":false,"path_per_floor":["M","M","$","M","T","E","R","E","T","R","M","E","?","$","R","B"],"character_chosen":"IRONCLAD","items_purchased":["Rupture","Limit Break"],"campfire_rested":2,"item_purchase_floors":[3,14],"current_hp_per_floor":[73,75,75,72,72,22,44,29,29,29,35,9,9,9,31,0,0],"gold":37,"neow_bonus":"HUNDRED_GOLD","is_daily":false,"chose_seed":false,"campfire_upgraded":1,"win_rate":0.0,"timestamp":1612380021,"path_taken":["M","?","$","M","?","E","R","E","T","R","M","E","?","?","R","BOSS"],"items_purchased_type":["Card","Card"],"build_version":"2020-12-18","purchased_purges":1,"victory":false,"max_hp_per_floor":[75,75,75,75,75,75,75,75,75,75,75,75,75,75,75,75,75],"card_choices":[{"not_picked":["True Grit","Perfected Strike"],"picked":"Pummel","floor":1},{"not_picked":["Havoc","Clash"],"picked":"Whirlwind","floor":2},{"not_picked":["Pummel","Rampage"],"picked":"Thunderclap","floor":4},{"not_picked":["Clash","Metallicize","Fire Breathing"],"picked":"SKIP","floor":6},{"not_picked":["True Grit","Cleave"],"picked":"Clothesline","floor":8},{"not_picked":["Wild Strike","Searing Blow","Twin Strike"],"picked":"SKIP","floor":11},{"not_picked":["Heavy Blade","Wild Strike"],"picked":"Brutality","floor":12}],"player_experience":851688,"relics_obtained":[{"floor":5,"key":"Incense Burner"},{"floor":6,"key":"reliquary:Firecrackers"},{"floor":8,"key":"Toy Ornithopter"},{"floor":9,"key":"reliquary:OuijaBoard"},{"floor":12,"key":"Du-Vu Doll"}],"event_choices":[{"damage_healed":0,"gold_gain":0,"player_choice":"Ignored","damage_taken":0,"max_hp_gain":0,"max_hp_loss":0,"event_name":"Liars Game","floor":13,"gold_loss":0}],"is_beta":true,"boss_relics":[],"items_purged_floors":[3],"is_endless":false,"potions_floor_spawned":[1,4,11,12],"killed_by":"Hexaghost","ascension_level":17}}