{"host":"cjslbtylv9xenywp","time":1612319963,"event":{"mods":["BaseMod","Card Forge","Colored Map","Minty Spire (QoL Compilation)","No Card Rewards","Relic Stats","StSLib","UnlockEverythingMod"],"gold_per_floor":[109,120,132,151,162,197,208,235,282,282,43,57,87,87,87,191,191,206,218,218,0,0,26,26,57,132,132,148,98,124,134,134,237,237,256,266,291,291,29,29,58,71,94,20,36,68,18,50,50,50],"floor_reached":51,"language":"ENG","playtime":3436,"items_purged":[],"score":1140,"play_id":"96b06aed-ca13-4230-a0d4-b449e1a3413a","local_time":"20210202183923","is_ascension_mode":false,"campfire_choices":[{"floor":15,"key":"REST"},{"floor":24,"key":"REST"},{"data":"Armaments","floor":27,"key":"SMITH"},{"floor":32,"key":"REST"},{"floor":40,"key":"REST"},{"floor":49,"key":"REST"}],"circlet_count":0,"master_deck":["Armaments+1","Corruption+1","Havoc","Impervious","Hemokinesis","Seeing Red","Flechettes","Flying Knee","Predator","Double Energy","Storm+1","Steam","EmptyBody","ThirdEye","Strike_P","Redo","Metamorphosis","Static Discharge+1","CurseOfTheBell","Heatsinks+1","Conserve Battery"],"relics":["Cracked Core","Frozen Egg 2","Dead Branch","Peace Pipe","Ancient Tea Set","Bag of Marbles","Happy Flower","Frozen Egg 2","Nuclear Battery","PreservedInsect","Tiny Chest","Oddly Smooth Stone","StrikeDummy","Gremlin Horn","Centennial Puzzle","Calling Bell","Bronze Scales","Shuriken","Gambling Chip","Toy Ornithopter","Letter Opener","Shovel","Potion Belt","Sundial","Vajra"],"acts_visited":["Exordium","TheCity","TheBeyond"],"potions_floor_usage":[6,6,13,16,16,33,33,50,50,50],"damage_taken":[{"damage":2,"enemies":"Cultist","floor":1,"turns":3},{"damage":0,"enemies":"Jaw Worm","floor":2,"turns":2},{"damage":0,"enemies":"Small Slimes","floor":3,"turns":3},{"damage":18,"enemies":"Exordium Thugs","floor":4,"turns":4},{"damage":0,"enemies":"Large Slime","floor":5,"turns":3},{"damage":4,"enemies":"3 Sentries","floor":6,"turns":2},{"damage":9,"enemies":"Blue Slaver","floor":7,"turns":3},{"damage":4,"enemies":"Lagavulin","floor":8,"turns":4},{"damage":0,"enemies":"Gremlin Gang","floor":12,"turns":2},{"damage":4,"enemies":"3 Sentries","floor":13,"turns":2},{"damage":5,"enemies":"The Guardian","floor":16,"turns":5},{"damage":3,"enemies":"Chosen","floor":18,"turns":5},{"damage":2,"enemies":"Spheric Guardian","floor":19,"turns":2},{"damage":15,"enemies":"Slavers","floor":23,"turns":3},{"damage":0,"enemies":"Book of Stabbing","floor":25,"turns":3},{"damage":2,"enemies":"Snake Plant","floor":28,"turns":3},{"damage":0,"enemies":"Gremlin Leader","floor":30,"turns":2},{"damage":4,"enemies":"3 Cultists","floor":31,"turns":2},{"damage":2,"enemies":"Automaton","floor":33,"turns":4},{"damage":4,"enemies":"Orb Walker","floor":35,"turns":2},{"damage":15,"enemies":"3 Darklings","floor":36,"turns":3},{"damage":2,"enemies":"Reptomancer","floor":41,"turns":2},{"damage":0,"enemies":"Sphere and 2 Shapes","floor":42,"turns":2},{"damage":3,"enemies":"4 Shapes","floor":45,"turns":3},{"damage":0,"enemies":"Nemesis","floor":46,"turns":3},{"damage":8,"enemies":"Giant Head","floor":48,"turns":2},{"damage":27,"enemies":"Awakened One","floor":50,"turns":6}],"seed_played":"8350873579861403104","potions_obtained":[{"floor":1,"key":"SkillPotion"},{"floor":5,"key":"Energy Potion"},{"floor":7,"key":"Fruit Juice"},{"floor":12,"key":"ColorlessPotion"},{"floor":13,"key":"Dexterity Potion"},{"floor":28,"key":"FocusPotion"},{"floor":30,"key":"Ancient Potion"},{"floor":36,"key":"Dexterity Potion"},{"floor":41,"key":"DuplicationPotion"},{"floor":46,"key":"SteroidPotion"}],"is_trial":true,"path_per_floor":["M","M","M","M","M","E","M","E","T","?","$","M","E","?","R","B",null,"M","M","?","$","?","E","R","E","T","R","M","?","E","M","R","B",null,"M","M","T","?","$","R","E","M","T","$","M","E","$","E","R","B",null],"character_chosen":"DEFECT","items_purchased":["Redo","Metamorphosis","Swift Potion","Static Discharge+1","Tiny Chest","Letter Opener","Heatsinks+1","Conserve Battery"],"campfire_rested":5,"item_purchase_floors":[11,11,11,21,21,39,44,47],"current_hp_per_floor":[73,73,73,55,55,51,42,38,38,26,26,26,22,22,44,39,75,72,70,70,70,56,41,65,65,65,65,63,63,63,59,80,78,80,76,61,61,58,58,80,78,78,78,78,75,75,75,67,80,63],"gold":50,"neow_bonus":"","is_daily":false,"chose_seed":true,"campfire_upgraded":1,"win_rate":0.0,"timestamp":1612319963,"path_taken":["M","?","M","M","M","E","M","E","T","?","$","M","E","?","R","BOSS","M","M","?","$","?","E","R","E","T","R","M","?","E","M","R","BOSS","M","?","?","?","$","R","E","?","T","$","M","E","?","E","R","BOSS"],"items_purchased_type":["Card","Card","Potion","Card","Relic","Relic","Card","Card"],"build_version":"2020-12-22","purchased_purges":0,"victory":true,"max_hp_per_floor":[75,75,75,75,75,75,75,75,75,75,75,75,75,75,75,75,75,75,75,75,75,80,80,80,80,80,80,80,80,80,80,80,80,80,80,80,80,80,80,80,80,80,80,80,80,80,80,80,80,85],"relic_stats":{"Happy Flower":[18],"Gremlin Horn":[19,19],"counters":[27,80],"Dead Branch":[302],"PreservedInsect":357,"Letter Opener":[184],"Peace Pipe":0,"Centennial Puzzle":[24],"Shovel":0,"Shuriken":[18],"Sundial":[2],"Bronze Scales":[67],"Gambling Chip":[20],"Tiny Chest":1,"obtain_stats":[{"Gremlin Horn":26,"Vajra":48,"Hammer of Thor":0,"Ancient Tea Set":8,"Centennial Puzzle":30,"Shovel":41,"Sundial":46,"Gambling Chip":34,"Tiny Chest":21,"Cracked Core":0,"Potion Belt":43,"Happy Flower":10,"Dead Branch":0,"Oddly Smooth Stone":23,"PreservedInsect":20,"Seething Fire":0,"Letter Opener":39,"Frozen Egg 2":0,"Nuclear Battery":17,"Peace Pipe":6,"Calling Bell":34,"Anvil of the Gods":0,"Shuriken":34,"Bronze Scales":34,"Bag of Marbles":9,"StrikeDummy":25,"Toy Ornithopter":37},{"Gremlin Horn":15,"Vajra":26,"Hammer of Thor":0,"Ancient Tea Set":8,"Centennial Puzzle":17,"Shovel":22,"Sundial":25,"Gambling Chip":19,"Tiny Chest":13,"Cracked Core":0,"Potion Belt":23,"Happy Flower":8,"Dead Branch":0,"Oddly Smooth Stone":14,"PreservedInsect":13,"Seething Fire":0,"Letter Opener":21,"Frozen Egg 2":0,"Nuclear Battery":11,"Peace Pipe":6,"Calling Bell":19,"Anvil of the Gods":0,"Shuriken":19,"Bronze Scales":19,"Bag of Marbles":8,"StrikeDummy":15,"Toy Ornithopter":21},{"Gremlin Horn":46,"Vajra":74,"Hammer of Thor":0,"Ancient Tea Set":24,"Centennial Puzzle":51,"Shovel":64,"Sundial":72,"Gambling Chip":57,"Tiny Chest":40,"Cracked Core":0,"Potion Belt":66,"Happy Flower":24,"Dead Branch":0,"Oddly Smooth Stone":43,"PreservedInsect":40,"Seething Fire":0,"Letter Opener":62,"Frozen Egg 2":0,"Nuclear Battery":33,"Peace Pipe":17,"Calling Bell":57,"Anvil of the Gods":0,"Shuriken":57,"Bronze Scales":57,"Bag of Marbles":24,"StrikeDummy":46,"Toy Ornithopter":62}],"Toy Ornithopter":5},"card_choices":[],"player_experience":121356,"relics_obtained":[{"floor":6,"key":"Peace Pipe"},{"floor":8,"key":"Ancient Tea Set"},{"floor":9,"key":"Bag of Marbles"},{"floor":13,"key":"Frozen Egg 2"},{"floor":23,"key":"Oddly Smooth Stone"},{"floor":25,"key":"StrikeDummy"},{"floor":26,"key":"Gremlin Horn"},{"floor":30,"key":"Centennial Puzzle"},{"floor":34,"key":"Bronze Scales"},{"floor":34,"key":"Shuriken"},{"floor":34,"key":"Gambling Chip"},{"floor":37,"key":"Toy Ornithopter"},{"floor":41,"key":"Shovel"},{"floor":43,"key":"Potion Belt"},{"floor":46,"key":"Sundial"},{"floor":48,"key":"Vajra"}],"event_choices":[{"damage_healed":0,"gold_gain":0,"player_choice":"Success","damage_taken":12,"relics_obtained":["Happy Flower"],"max_hp_gain":0,"max_hp_loss":0,"event_name":"Scrap Ooze","floor":10,"gold_loss":0},{"damage_healed":0,"gold_gain":0,"player_choice":"Ignored","damage_taken":0,"max_hp_gain":0,"max_hp_loss":0,"event_name":"Purifier","floor":14,"gold_loss":0},{"damage_healed":0,"gold_gain":0,"player_choice":"Opened","damage_taken":0,"relics_obtained":["PreservedInsect"],"max_hp_gain":0,"max_hp_loss":0,"event_name":"The Mausoleum","floor":20,"gold_loss":0},{"damage_healed":0,"gold_gain":0,"player_choice":"Shed Blood","damage_taken":19,"max_hp_gain":5,"max_hp_loss":0,"event_name":"Forgotten Altar","floor":22,"gold_loss":0},{"damage_healed":0,"gold_gain":0,"player_choice":"Bet on Murderer","damage_taken":0,"max_hp_gain":0,"max_hp_loss":0,"event_name":"The Joust","floor":29,"gold_loss":50},{"damage_healed":0,"gold_gain":0,"player_choice":"Punched","damage_taken":3,"max_hp_gain":0,"max_hp_loss":0,"event_name":"Designer","floor":38,"gold_loss":0}],"is_beta":false,"boss_relics":[{"not_picked":["Snecko Eye","FrozenCore"],"picked":"Nuclear Battery"},{"not_picked":["Velvet Choker","Runic Dome"],"picked":"Calling Bell"}],"items_purged_floors":[],"is_endless":false,"potions_floor_spawned":[1,5,7,12,13,28,30,31,36,41,42,46],"ascension_level":0}}