{"host":"1qhzi8r9ejho5yph","time":1612364409,"event":{"mods":["AchievementEnabler","BaseMod","Colored Map","Colored Powertips","Highlight Path","Minty Spire (QoL Compilation)","Permanent Neow","Quick Restart","Random Character Button","StSLib","SuperFastMode"],"gold_per_floor":[115,80,99,99,99,99,99,112,112,128,128,141,14,29,29,108,108,119,43,0,16,26,26,38,56,56,56,56,56,66,81,81,154,154,174,193,204,204,204],"floor_reached":38,"language":"ENG","playtime":1624,"items_purged":["Zap"],"score":745,"play_id":"e3e72d8a-3952-4969-aff4-7d385db9a259","local_time":"20210203230009","is_ascension_mode":true,"campfire_choices":[{"data":"Defragment","floor":6,"key":"SMITH"},{"floor":15,"key":"REST"},{"floor":23,"key":"REST"},{"data":"Hologram","floor":27,"key":"SMITH"},{"floor":29,"key":"REST"},{"floor":32,"key":"REST"}],"circlet_count":0,"master_deck":["AscendersBane","Strike_B","Strike_B","Strike_B","Strike_B","Defend_B+1","Defend_B","Defend_B+1","Dualcast","Conserve Battery","Defragment+1","Glacier","Beam Cell","Melter","Doom and Gloom","Rebound","Beam Cell","Reboot","Hologram+1","Coolheaded","Go for the Eyes","Loop","Hologram","Redo","Hologram+1","Reprogram","BootSequence","Core Surge","Hologram+1"],"relics":["Cracked Core","Gremlin Horn","Matryoshka","War Paint","Bottled Flame","Inserter","Strawberry","Bottled Tornado","Nilry\u0027s Codex","Busted Crown"],"acts_visited":["Exordium","TheCity","TheBeyond"],"potions_floor_usage":[16,18,33,33],"damage_taken":[{"damage":0,"enemies":"Cultist","floor":1,"turns":4},{"damage":0,"enemies":"2 Louse","floor":3,"turns":2},{"damage":8,"enemies":"Small Slimes","floor":8,"turns":4},{"damage":23,"enemies":"Exordium Wildlife","floor":10,"turns":5},{"damage":13,"enemies":"Exordium Thugs","floor":12,"turns":5},{"damage":7,"enemies":"Gremlin Gang","floor":14,"turns":3},{"damage":2,"enemies":"Hexaghost","floor":16,"turns":11},{"damage":12,"enemies":"2 Thieves","floor":18,"turns":4},{"damage":1,"enemies":"Chosen","floor":21,"turns":4},{"damage":11,"enemies":"3 Cultists","floor":22,"turns":7},{"damage":14,"enemies":"Snecko","floor":24,"turns":8},{"damage":22,"enemies":"Shelled Parasite and Fungi","floor":25,"turns":7},{"damage":9,"enemies":"Cultist and Chosen","floor":30,"turns":15},{"damage":34,"enemies":"Snake Plant","floor":31,"turns":5},{"damage":5,"enemies":"Automaton","floor":33,"turns":22},{"damage":17,"enemies":"Orb Walker","floor":35,"turns":4},{"damage":24,"enemies":"3 Shapes","floor":36,"turns":3},{"damage":15,"enemies":"Spire Growth","floor":37,"turns":9},{"damage":27,"enemies":"Transient","floor":38,"turns":2}],"seed_played":"-5663013496897845048","potions_obtained":[{"floor":3,"key":"Energy Potion"},{"floor":12,"key":"ColorlessPotion"},{"floor":16,"key":"FocusPotion"},{"floor":18,"key":"Weak Potion"},{"floor":22,"key":"Fire Potion"}],"is_trial":false,"path_per_floor":["M","$","M","T","?","R","?","M","T","M","T","M","$","M","R","B",null,"M","$","?","M","M","R","M","M","T","R","?","R","M","M","R","B",null,"M","M","M","M"],"character_chosen":"DEFECT","items_purchased":["Defragment","Rebound","Coolheaded","Go for the Eyes"],"campfire_rested":4,"item_purchase_floors":[2,13,19,19],"current_hp_per_floor":[71,71,71,71,64,64,69,61,61,38,38,25,25,18,42,40,72,60,60,60,59,48,72,58,36,43,43,22,49,40,6,33,28,75,58,34,19,0,0],"gold":204,"neow_bonus":"TEN_PERCENT_HP_BONUS","is_daily":false,"chose_seed":false,"campfire_upgraded":2,"win_rate":0.0,"timestamp":1612364409,"path_taken":["M","$","M","?","?","R","?","M","T","?","?","M","?","?","R","BOSS","M","$","?","M","M","R","M","M","T","R","?","R","M","M","R","BOSS","M","M","M","M"],"items_purchased_type":["Card","Card","Card","Card"],"build_version":"2020-12-22","purchased_purges":1,"victory":false,"max_hp_per_floor":[78,78,78,78,78,78,83,83,83,83,83,83,83,83,83,83,83,83,83,83,83,83,83,83,83,90,90,90,90,90,90,90,90,90,90,90,90,90,90],"card_choices":[{"not_picked":["Stack","Go for the Eyes"],"picked":"Conserve Battery","floor":1},{"not_picked":["Barrage","Auto Shields"],"picked":"Glacier","floor":3},{"not_picked":["Undo","Loop"],"picked":"Beam Cell","floor":8},{"not_picked":["Sunder","Barrage"],"picked":"Melter","floor":10},{"not_picked":["Rip and Tear","Skim"],"picked":"Doom and Gloom","floor":12},{"not_picked":["Static Discharge","Compile Driver"],"picked":"Beam Cell","floor":14},{"not_picked":["Hyperbeam","Biased Cognition"],"picked":"Reboot","floor":16},{"not_picked":["Compile Driver","Conserve Battery"],"picked":"Hologram","floor":18},{"not_picked":["Rebound","White Noise+1"],"picked":"Loop","floor":21},{"not_picked":["Chaos","Barrage"],"picked":"Hologram","floor":22},{"not_picked":["Storm","Reinforced Body"],"picked":"Redo","floor":24},{"not_picked":["Beam Cell","Steam"],"picked":"Hologram+1","floor":25},{"not_picked":["Barrage","Rip and Tear+1"],"picked":"Reprogram","floor":30},{"not_picked":["Rebound","Conserve Battery"],"picked":"BootSequence","floor":31},{"not_picked":["Meteor Strike","Biased Cognition"],"picked":"Core Surge","floor":33},{"not_picked":["Heatsinks"],"picked":"SKIP","floor":35},{"not_picked":[],"picked":"Hologram+1","floor":36},{"not_picked":["Ball Lightning"],"picked":"SKIP","floor":37}],"player_experience":360191,"relics_obtained":[{"floor":4,"key":"Gremlin Horn"},{"floor":9,"key":"Matryoshka"},{"floor":11,"key":"War Paint"},{"floor":11,"key":"Bottled Flame"},{"floor":26,"key":"Strawberry"},{"floor":26,"key":"Bottled Tornado"},{"floor":28,"key":"Nilry\u0027s Codex"}],"event_choices":[{"cards_removed":["Defend_B"],"damage_healed":0,"gold_gain":0,"player_choice":"Card Removal","damage_taken":7,"max_hp_gain":0,"max_hp_loss":0,"event_name":"Golden Wing","floor":5,"gold_loss":0},{"damage_healed":0,"gold_gain":0,"player_choice":"Donut","damage_taken":0,"max_hp_gain":5,"max_hp_loss":0,"event_name":"Big Fish","floor":7,"gold_loss":0},{"damage_healed":0,"gold_gain":0,"player_choice":"Paid Fearfully","damage_taken":0,"max_hp_gain":0,"max_hp_loss":0,"event_name":"Masked Bandits","floor":20,"gold_loss":43},{"damage_healed":0,"gold_gain":0,"player_choice":"Obtained Book","damage_taken":21,"max_hp_gain":0,"max_hp_loss":0,"event_name":"Cursed Tome","floor":28,"gold_loss":0}],"is_beta":false,"boss_relics":[{"not_picked":["Coffee Dripper","Runic Pyramid"],"picked":"Inserter"},{"not_picked":["Philosopher\u0027s Stone","Velvet Choker"],"picked":"Busted Crown"}],"items_purged_floors":[13],"is_endless":false,"potions_floor_spawned":[3,12,16,18,22,31],"killed_by":"Transient","ascension_level":15}}