{"host":"u0hb5we0hmj7y3yv","time":1612355250,"event":{"mods":["BaseMod","KinomotoSakuraMod(Ä¾Ö®±¾Ó£)","Marisa£¨ìFÓê¡¡Ä§ÀíÉ³£©","Minty Spire (QoL Compilation)"],"gold_per_floor":[109,126,143,143,163,194,144,144,144,144,144,177,177,216,216,345,345,358,376,301,317,9,42,42,62,112,130,171,171,270,306,306,436,436,452,57,75,89,108,146,162,9,9,43,43,57,88,106,106,106,106,106,33,66,66],"floor_reached":56,"language":"ZHS","playtime":4595,"items_purged":["ClowCardTheIllusion"],"score":1369,"play_id":"c5a192bb-6472-4eaa-aebc-edcc3a83d0cb","local_time":"20210203202730","is_ascension_mode":true,"campfire_choices":[{"data":"ClowCardTheBig","floor":8.0,"key":"SMITH"},{"data":"ClowCardTheArrow","floor":10.0,"key":"SMITH"},{"floor":13.0,"key":"REST"},{"data":"ClowCardTheLight","floor":15.0,"key":"SMITH"},{"data":"ClowCardTheRain","floor":29.0,"key":"SMITH"},{"data":"ClowCardTheSnow","floor":32.0,"key":"SMITH"},{"floor":45.0,"key":"RECALL"},{"data":"ClowCardTheWave","floor":49.0,"key":"SMITH"},{"data":"1","floor":52.0,"key":"LIFT"}],"circlet_count":0,"master_deck":["SakuraCardTheWatery+","SakuraCardTheDark+","SakuraCardTheShadow+","SpellCardSeal","SpellCardRelease","Purity","ClowCardTheErase","ClowCardTheArrow+1","ClowCardTheBig+1","ClowCardTheFlower","ClowCardTheSweet","ClowCardTheLight+1","ClowCardTheSilent","ClowCardTheSnow+1","ClowCardTheWatery","ClowCardTheCloud","ClowCardTheFreeze","ClowCardTheCloud","ClowCardTheRain+1","ClowCardTheWave+1","ClowCardTheShot","ClowCardTheMirror","ClowCardTheChange+1","ClowCardTheStorm","ClowCardTheDark+1","ClowCardTheWave+1","ClowCardTheBubbles","ClowCardTheVoice+1","ClowCardTheBubbles+1","ClowCardTheDream+1","ClowCardTheLoop+1","ClowCardTheFloat+1","ClowCardTheFly","ClowCardTheChange+1"],"relics":["KSMOD_SealedBook","KSMOD_SealedWand","Golden Idol","Letter Opener","Du-Vu Doll","Meat on the Bone","Pandora\u0027s Box","InkBottle","Frozen Egg 2","KSMOD_Yue","Vajra","Ornamental Fan","Eternal Feather","KSMOD_DarknessWand","TungstenRod","Bronze Scales","Girya","Oddly Smooth Stone","Unceasing Top"],"acts_visited":["Exordium","TheCity","TheBeyond","TheEnding"],"potions_floor_usage":[55,55,55],"damage_taken":[{"damage":5.0,"enemies":"Small Slimes","floor":1.0,"turns":6.0},{"damage":5.0,"enemies":"2 Louse","floor":2.0,"turns":3.0},{"damage":6.0,"enemies":"Jaw Worm","floor":3.0,"turns":3.0},{"damage":11.0,"enemies":"Large Slime","floor":5.0,"turns":6.0},{"damage":20.0,"enemies":"3 Sentries","floor":6.0,"turns":7.0},{"damage":16.0,"enemies":"Gremlin Nob","floor":12.0,"turns":3.0},{"damage":2.0,"enemies":"Lagavulin","floor":14.0,"turns":5.0},{"damage":16.0,"enemies":"Slime Boss","floor":16.0,"turns":8.0},{"damage":11.0,"enemies":"Spheric Guardian","floor":18.0,"turns":4.0},{"damage":13.0,"enemies":"Shell Parasite","floor":19.0,"turns":6.0},{"damage":18.0,"enemies":"Sentry and Sphere","floor":21.0,"turns":5.0},{"damage":18.0,"enemies":"Gremlin Leader","floor":23.0,"turns":7.0},{"damage":5.0,"enemies":"Shelled Parasite and Fungi","floor":25.0,"turns":5.0},{"damage":13.0,"enemies":"Centurion and Healer","floor":27.0,"turns":9.0},{"damage":13.0,"enemies":"Book of Stabbing","floor":28.0,"turns":5.0},{"damage":0.0,"enemies":"Gremlin Leader","floor":31.0,"turns":5.0},{"damage":24.0,"enemies":"Champ","floor":33.0,"turns":7.0},{"damage":1.0,"enemies":"Orb Walker","floor":35.0,"turns":4.0},{"damage":9.0,"enemies":"3 Darklings","floor":37.0,"turns":6.0},{"damage":3.0,"enemies":"Maw","floor":38.0,"turns":8.0},{"damage":10.0,"enemies":"4 Shapes","floor":39.0,"turns":2.0},{"damage":0.0,"enemies":"Giant Head","floor":40.0,"turns":7.0},{"damage":0.0,"enemies":"Jaw Worm Horde","floor":41.0,"turns":6.0},{"damage":3.0,"enemies":"Reptomancer","floor":44.0,"turns":5.0},{"damage":0.0,"enemies":"Transient","floor":46.0,"turns":5.0},{"damage":7.0,"enemies":"Giant Head","floor":47.0,"turns":6.0},{"damage":0.0,"enemies":"Spire Growth","floor":48.0,"turns":5.0},{"damage":25.0,"enemies":"Time Eater","floor":50.0,"turns":20.0},{"damage":2.0,"enemies":"Shield and Spear","floor":54.0,"turns":5.0},{"damage":39,"enemies":"The Heart","floor":55,"turns":9}],"seed_played":"-4651927447003614785","potions_obtained":[{"floor":6.0,"key":"SkillPotion"},{"floor":14.0,"key":"SteroidPotion"},{"floor":16.0,"key":"Regen Potion"},{"floor":21.0,"key":"ColorlessPotion"},{"floor":25.0,"key":"SpeedPotion"},{"floor":27.0,"key":"Regen Potion"},{"floor":38.0,"key":"Fire Potion"},{"floor":39.0,"key":"DuplicationPotion"},{"floor":40.0,"key":"Ancient Potion"}],"is_trial":false,"path_per_floor":["M","M","M","?","M","E","?","R","T","R","?","E","R","E","R","B",null,"M","M","?","M","$","E","?","M","T","M","E","R","?","E","R","B",null,"M","$","M","M","M","E","M","$","T","E","R","M","E","M","R","B",null,"R","$","E","B",null],"character_chosen":"KINOMOTOSAKURA","items_purchased":["ClowCardTheIllusion","Frozen Egg 2","ClowCardTheWave+1","ClowCardTheBubbles","TungstenRod","ClowCardTheLoop+1","Ancient Potion"],"campfire_rested":1,"item_purchase_floors":[22,22,36,36,36,42,53],"current_hp_per_floor":[65,60,54,54,43,23,23,23,23,23,23,12,33,36,36,32,70,59,51,51,38,38,50,50,57,57,59,58,58,58,65,70,46,70,70,70,70,70,60,60,65,65,65,70,70,70,68,70,70,50,70,70,70,70,43],"gold":66,"neow_bonus":"RANDOM_COLORLESS","is_daily":false,"chose_seed":false,"campfire_upgraded":6,"win_rate":0.0,"timestamp":1612355250,"path_taken":["M","M","M","?","M","E","?","R","T","R","?","E","R","E","R","BOSS","M","M","?","M","$","E","?","M","T","M","E","R","?","E","R","BOSS","M","$","M","M","M","E","M","$","T","E","R","M","E","M","R","BOSS","R","$","E","BOSS"],"items_purchased_type":["Card","Relic","Card","Card","Relic","Card","Potion"],"build_version":"2020-12-22","purchased_purges":1,"victory":true,"max_hp_per_floor":[70,70,70,70,70,70,70,70,70,70,70,70,70,70,70,70,70,70,70,70,70,70,70,70,70,70,70,70,70,70,70,70,70,70,70,70,70,70,70,70,70,70,70,70,70,70,70,70,70,70,70,70,70,70,70],"card_choices":[{"not_picked":["Dramatic Entrance","Impatience"],"picked":"Purity","floor":0.0},{"not_picked":["ClowCardTheWood","ClowCardTheVoice"],"picked":"ClowCardTheErase","floor":1.0},{"not_picked":["ClowCardTheBubbles","ClowCardTheMirror"],"picked":"ClowCardTheArrow","floor":2.0},{"not_picked":["ClowCardTheWave","ClowCardTheErase"],"picked":"ClowCardTheBig","floor":3.0},{"not_picked":["ClowCardTheWindy","ClowCardTheDream"],"picked":"ClowCardTheFlower","floor":5.0},{"not_picked":["ClowCardTheLibra","ClowCardTheSleep"],"picked":"ClowCardTheSweet","floor":6.0},{"not_picked":["ClowCardTheArrow","ClowCardThePower"],"picked":"ClowCardTheDark","floor":12.0},{"not_picked":["ClowCardTheIllusion","ClowCardTheFly"],"picked":"ClowCardTheLight","floor":14.0},{"not_picked":["ClowCardTheLight","ClowCardTheTime"],"picked":"ClowCardTheCreate","floor":16.0},{"not_picked":["ClowCardTheStorm","ClowCardTheVoice"],"picked":"ClowCardTheRain","floor":18.0},{"not_picked":["ClowCardTheFreeze","ClowCardTheBig"],"picked":"ClowCardTheWave","floor":19.0},{"not_picked":["ClowCardTheErase","ClowCardTheCloud"],"picked":"ClowCardTheShot","floor":21.0},{"not_picked":["ClowCardTheThrough","ClowCardTheMist","ClowCardTheSweet"],"picked":"SKIP","floor":23.0},{"not_picked":["ClowCardThePower","ClowCardTheWindy+1"],"picked":"ClowCardTheMirror","floor":25.0},{"not_picked":["ClowCardTheIllusion+1","ClowCardTheBig+1"],"picked":"ClowCardTheChange+1","floor":27.0},{"not_picked":["ClowCardTheMirror","ClowCardTheIllusion+1"],"picked":"ClowCardTheStorm","floor":28.0},{"not_picked":["ClowCardTheFirey","ClowCardTheSilent","ClowCardTheWood"],"picked":"SKIP","floor":31.0},{"not_picked":["ClowCardTheFight","ClowCardTheThrough"],"picked":"ClowCardTheDark+1","floor":33.0},{"not_picked":["ClowCardTheWood+1","ClowCardTheShadow"],"picked":"ClowCardTheWatery+1","floor":35.0},{"not_picked":["ClowCardTheRain","ClowCardTheSong","ClowCardThePower+1"],"picked":"SKIP","floor":37.0},{"not_picked":["ClowCardTheShot","ClowCardTheSweet","ClowCardTheEarthy+1"],"picked":"SKIP","floor":38.0},{"not_picked":["ClowCardTheWindy","ClowCardTheMirror+1"],"picked":"ClowCardTheVoice+1","floor":39.0},{"not_picked":["ClowCardTheDark+1","ClowCardTheFloat+1"],"picked":"ClowCardTheBubbles+1","floor":40.0},{"not_picked":["ClowCardTheArrow","ClowCardTheSand+1"],"picked":"ClowCardTheDream+1","floor":41.0},{"not_picked":["ClowCardTheThrough","ClowCardTheFloat+1","ClowCardTheMirror"],"picked":"SKIP","floor":44.0},{"not_picked":["ClowCardTheThrough","ClowCardTheMirror"],"picked":"ClowCardTheFloat+1","floor":44.0},{"not_picked":["ClowCardTheIllusion","ClowCardTheSleep"],"picked":"ClowCardTheFly","floor":46.0},{"not_picked":["ClowCardThePower","ClowCardTheIllusion","ClowCardTheDark+1"],"picked":"SKIP","floor":47.0},{"not_picked":["ClowCardTheBubbles","ClowCardTheCloud+1","ClowCardTheFirey"],"picked":"SKIP","floor":48.0},{"not_picked":["ClowCardTheWood","ClowCardThePower+1"],"picked":"ClowCardTheChange+1","floor":54.0}],"player_experience":57887,"relics_obtained":[{"floor":6.0,"key":"Letter Opener"},{"floor":12.0,"key":"Du-Vu Doll"},{"floor":14.0,"key":"Meat on the Bone"},{"floor":19.0,"key":"InkBottle"},{"floor":23.0,"key":"KSMOD_Yue"},{"floor":26.0,"key":"Vajra"},{"floor":28.0,"key":"Ornamental Fan"},{"floor":31.0,"key":"Eternal Feather"},{"floor":40.0,"key":"Bronze Scales"},{"floor":43.0,"key":"Girya"},{"floor":44.0,"key":"Oddly Smooth Stone"},{"floor":47.0,"key":"Unceasing Top"}],"event_choices":[{"damage_healed":0.0,"max_hp_gain":0.0,"max_hp_loss":0.0,"gold_gain":0.0,"event_name":"Golden Idol","player_choice":"Take Wound","floor":4.0,"gold_loss":0.0,"damage_taken":0.0,"relics_obtained":["Golden Idol"],"cards_obtained":["Injury"]},{"cards_removed":["Injury"],"damage_healed":0.0,"max_hp_gain":0.0,"max_hp_loss":0.0,"gold_gain":0.0,"event_name":"The Cleric","player_choice":"Card Removal","floor":7.0,"gold_loss":50.0,"damage_taken":0.0},{"damage_healed":0.0,"max_hp_gain":0.0,"max_hp_loss":0.0,"gold_gain":0.0,"event_name":"Liars Game","player_choice":"Ignored","floor":11.0,"gold_loss":0.0,"damage_taken":0.0},{"cards_removed":["ClowCardTheSnow"],"damage_healed":0.0,"max_hp_gain":0.0,"max_hp_loss":0.0,"gold_gain":0.0,"event_name":"Beggar","player_choice":"Gave Gold","floor":20.0,"gold_loss":75.0,"damage_taken":0.0},{"damage_healed":0.0,"max_hp_gain":0.0,"max_hp_loss":0.0,"gold_gain":0.0,"event_name":"Vampires","player_choice":"Ignored","floor":24.0,"gold_loss":0.0,"damage_taken":0.0},{"damage_healed":0.0,"max_hp_gain":0.0,"max_hp_loss":0.0,"gold_gain":99.0,"event_name":"Nest","player_choice":"Stole From Cult","floor":30.0,"gold_loss":0.0,"damage_taken":0.0}],"is_beta":false,"boss_relics":[{"not_picked":["Ectoplasm","SacredBark"],"picked":"Pandora\u0027s Box"},{"not_picked":["Calling Bell","Tiny House"],"picked":"KSMOD_DarknessWand"}],"items_purged_floors":[42],"is_endless":false,"potions_floor_spawned":[6,14,16,21,25,27,28,38,39,40,46,47],"ascension_level":1}}