{"host":"gl5rgsfncjl28cj1","time":1612314616,"event":{"mods":["BaseMod","Colored Map","Highlight Path","Minty Spire (QoL Compilation)","Permanent Neow","StSLib"],"gold_per_floor":[110,128,53,69,79,79,99,99,99,99,112,112,147,162,162,234,234,254,273,292,292,292,292],"floor_reached":22,"language":"KOR","playtime":1252,"items_purged":["Strike_G"],"score":380,"play_id":"37de46b7-7f88-42c3-aeb7-07e87f4a444e","local_time":"20210203101016","is_ascension_mode":true,"campfire_choices":[{"data":"Dash","floor":6,"key":"SMITH"},{"floor":8,"key":"REST"},{"data":"Tools of the Trade","floor":10,"key":"SMITH"},{"data":"Tactician","floor":12,"key":"SMITH"},{"data":"Night Terror","floor":15,"key":"SMITH"}],"circlet_count":0,"master_deck":["AscendersBane","Strike_G","Strike_G","Strike_G","Strike_G","Defend_G","Defend_G","Defend_G","Defend_G","Defend_G","Survivor","Neutralize","Night Terror+1","Dagger Throw","Tools of the Trade+1","Dash+1","Slice","Blur","Tactician+1","Venomology","Adrenaline","Acrobatics","Cloak And Dagger","PiercingWail"],"relics":["Ring of the Snake","Pear","Ornamental Fan","Philosopher\u0027s Stone"],"acts_visited":["Exordium","TheCity"],"potions_floor_usage":[4,7,16,16,18,18,19,20,22],"damage_taken":[{"damage":21,"enemies":"Jaw Worm","floor":1,"turns":7},{"damage":0,"enemies":"Cultist","floor":2,"turns":5},{"damage":0,"enemies":"Small Slimes","floor":4,"turns":4},{"damage":1,"enemies":"Blue Slaver","floor":5,"turns":5},{"damage":10,"enemies":"Exordium Thugs","floor":7,"turns":6},{"damage":3,"enemies":"3 Louse","floor":11,"turns":4},{"damage":11,"enemies":"Gremlin Nob","floor":13,"turns":4},{"damage":8,"enemies":"Lots of Slimes","floor":14,"turns":6},{"damage":7,"enemies":"Hexaghost","floor":16,"turns":9},{"damage":17,"enemies":"3 Byrds","floor":18,"turns":8},{"damage":18,"enemies":"Spheric Guardian","floor":19,"turns":6},{"damage":14,"enemies":"Snake Plant","floor":20,"turns":7},{"damage":14,"enemies":"Chosen and Byrds","floor":22,"turns":5}],"seed_played":"-5000459685636498410","potions_obtained":[{"floor":1,"key":"DistilledChaos"},{"floor":5,"key":"GamblersBrew"},{"floor":13,"key":"FearPotion"}],"is_trial":false,"path_per_floor":["M","M","$","M","M","R","M","R","T","R","M","R","E","M","R","B",null,"M","M","M","?","M"],"character_chosen":"THE_SILENT","items_purchased":[],"campfire_rested":1,"item_purchase_floors":[],"current_hp_per_floor":[38,38,38,38,37,37,27,46,56,56,53,53,42,34,34,27,64,47,29,15,15,1,1],"gold":292,"neow_bonus":"ONE_RANDOM_RARE_CARD","is_daily":false,"chose_seed":false,"campfire_upgraded":4,"win_rate":0.0,"timestamp":1612314616,"path_taken":["M","M","$","M","M","R","M","R","T","R","M","R","E","M","R","BOSS","M","M","M","?","M"],"items_purchased_type":[],"build_version":"2020-12-22","purchased_purges":1,"victory":false,"max_hp_per_floor":[66,66,66,66,66,66,66,66,76,76,76,76,76,76,76,76,76,76,76,76,76,76,76],"card_choices":[{"not_picked":["Setup","Prepared"],"picked":"Dagger Throw","floor":1},{"not_picked":["Cloak And Dagger","Bane"],"picked":"Tools of the Trade","floor":2},{"not_picked":["Slice","Distraction"],"picked":"Dash","floor":4},{"not_picked":["Poisoned Stab","Backflip"],"picked":"Slice","floor":5},{"not_picked":["Flying Knee","Blade Dance"],"picked":"Blur","floor":7},{"not_picked":["Leg Sweep","Dagger Spray"],"picked":"Tactician","floor":11},{"not_picked":["Slice","Quick Slash"],"picked":"Venomology","floor":13},{"not_picked":["Underhanded Strike","Leg Sweep","Blade Dance"],"picked":"SKIP","floor":14},{"not_picked":["Envenom","A Thousand Cuts"],"picked":"Adrenaline","floor":16},{"not_picked":["Deflect","Outmaneuver"],"picked":"Acrobatics","floor":18},{"not_picked":["Bane","Outmaneuver"],"picked":"Cloak And Dagger","floor":19},{"not_picked":["Caltrops","Glass Knife"],"picked":"PiercingWail","floor":20}],"player_experience":1012278,"relics_obtained":[{"floor":9,"key":"Pear"},{"floor":13,"key":"Ornamental Fan"}],"event_choices":[{"damage_healed":0,"gold_gain":0,"player_choice":"0 cards matched","damage_taken":0,"max_hp_gain":0,"max_hp_loss":0,"event_name":"Match and Keep!","floor":21,"gold_loss":0,"cards_obtained":[]}],"is_beta":false,"boss_relics":[{"not_picked":["Runic Dome","SlaversCollar"],"picked":"Philosopher\u0027s Stone"}],"items_purged_floors":[3],"is_endless":false,"potions_floor_spawned":[1,5,13,14],"killed_by":"Chosen and Byrds","ascension_level":20}}