{"host":"mw3dmj42qtkbha4b","time":1612343395,"event":{"mods":["BaseMod","Colored Map","Colored Powertips","DeckTracker","Minty Spire (QoL Compilation)","StSLib","SuperFastMode"],"gold_per_floor":[116,116,127,147,297,329,339,339,339],"floor_reached":8,"language":"KOR","playtime":150,"items_purged":[],"score":166,"play_id":"11d8a182-2418-435b-905c-79d1465172fa","local_time":"20210203180955","is_ascension_mode":true,"campfire_choices":[],"circlet_count":0,"master_deck":["AscendersBane","Strike_P","Strike_P","Strike_P","Strike_P","Defend_P","Defend_P","Defend_P","Eruption","Vigilance","Indignation","Doubt"],"relics":["PureWater","NeowsBlessing","Pantograph"],"acts_visited":["Exordium"],"potions_floor_usage":[7],"damage_taken":[{"damage":0.0,"enemies":"Small Slimes","floor":1.0,"turns":1.0},{"damage":0.0,"enemies":"Cultist","floor":3.0,"turns":1.0},{"damage":0.0,"enemies":"Jaw Worm","floor":4.0,"turns":1.0},{"damage":0.0,"enemies":"Gremlin Nob","floor":6.0,"turns":2.0},{"damage":51,"enemies":"Exordium Thugs","floor":7,"turns":4},{"damage":12,"enemies":"Lagavulin","floor":8,"turns":2}],"seed_played":"5430384564833801305","potions_obtained":[{"floor":1.0,"key":"Weak Potion"},{"floor":4.0,"key":"DistilledChaos"},{"floor":6.0,"key":"DuplicationPotion"}],"is_trial":false,"path_per_floor":["M","?","M","M","?","E","M","E"],"character_chosen":"WATCHER","items_purchased":[],"campfire_rested":0,"item_purchase_floors":[],"current_hp_per_floor":[61,61,61,61,61,61,10,0,0],"gold":339,"neow_bonus":"THREE_ENEMY_KILL","is_daily":false,"chose_seed":false,"campfire_upgraded":0,"win_rate":0.0,"timestamp":1612343395,"path_taken":["M","?","?","M","?","E","M","E"],"items_purchased_type":[],"build_version":"2020-12-22","purchased_purges":0,"victory":false,"max_hp_per_floor":[68,68,68,68,68,68,68,68,68],"card_choices":[{"not_picked":["BowlingBash","Halt","Crescendo"],"picked":"SKIP","floor":1.0},{"not_picked":["Protect","JustLucky"],"picked":"Indignation","floor":3.0},{"not_picked":["Evaluate","WaveOfTheHand","CutThroughFate"],"picked":"SKIP","floor":4.0},{"not_picked":["FlurryOfBlows","ConjureBlade","SashWhip"],"picked":"SKIP","floor":6.0},{"not_picked":["Nirvana","Prostrate","WaveOfTheHand"],"picked":"SKIP","floor":7}],"player_experience":1794594,"relics_obtained":[{"floor":6.0,"key":"Pantograph"}],"event_choices":[{"cards_removed":["Defend_P"],"damage_healed":0.0,"max_hp_gain":0.0,"max_hp_loss":0.0,"gold_gain":0.0,"event_name":"Bonfire Elementals","player_choice":"Offered Basic","floor":2.0,"gold_loss":0.0,"damage_taken":0.0},{"damage_healed":0.0,"max_hp_gain":0.0,"max_hp_loss":0.0,"gold_gain":150.0,"event_name":"Liars Game","player_choice":"AGREE","floor":5.0,"gold_loss":0.0,"damage_taken":0.0,"cards_obtained":["Doubt"]}],"is_beta":false,"boss_relics":[],"items_purged_floors":[],"is_endless":false,"potions_floor_spawned":[1,4,6],"killed_by":"Lagavulin","ascension_level":20}}