{"host":"5yoj846f700ld8qy","time":1612382032,"event":{"mods":["AchievementEnabler","Aspiration","BaseMod","Better Altar","Better Match","Better Note","Better Sensory Stone","Better Skull","Better Third Choice","Colored Map","Colored Powertips","Minty Spire (QoL Compilation)","StSLib","UnlockEverythingMod"],"gold_per_floor":[110,33,33,48,67,67,98,108,133,21,39,39,49,65,65,142,142,118,118,143,58,58,58],"floor_reached":22,"language":"ENG","playtime":703,"items_purged":[],"score":372,"play_id":"a49bb37c-dcf9-468b-9840-000f6f145c87","local_time":"20210203215352","is_ascension_mode":true,"campfire_choices":[{"floor":6,"key":"REST"},{"floor":15,"key":"REST"}],"circlet_count":0,"master_deck":["AscendersBane","Zap","Dualcast","Double Energy","Defragment+1","Conserve Battery","Ball Lightning","Melter","Capacitor","Self Repair","Coolheaded","Skim","Loop","Force Field","Multi-Cast","Genetic Algorithm","Gash","Skim","Ball Lightning","Self Repair","Skim","Multi-Cast","Heatsinks","Double Energy+1","Writhe","Go for the Eyes+1"],"relics":["Cracked Core","Thread and Needle","Symbiotic Virus","Bag of Marbles","Pandora\u0027s Box","aspiration:AnachronicSnailShell","Red Mask","Pantograph"],"acts_visited":["Exordium","TheCity"],"potions_floor_usage":[7,11,13,14,16],"damage_taken":[{"damage":0,"enemies":"Cultist","floor":1,"turns":3},{"damage":10,"enemies":"Small Slimes","floor":4,"turns":3},{"damage":0,"enemies":"Jaw Worm","floor":5,"turns":3},{"damage":19,"enemies":"3 Sentries","floor":7,"turns":6},{"damage":2,"enemies":"Looter","floor":8,"turns":3},{"damage":8,"enemies":"3 Louse","floor":11,"turns":2},{"damage":0,"enemies":"Blue Slaver","floor":13,"turns":4},{"damage":14,"enemies":"Red Slaver","floor":14,"turns":4},{"damage":1,"enemies":"Hexaghost","floor":16,"turns":8},{"damage":31,"enemies":"2 Thieves","floor":18,"turns":4},{"damage":41,"enemies":"Masked Bandits","floor":20,"turns":4},{"damage":8,"enemies":"Chosen","floor":22,"turns":3}],"seed_played":"-6549755595719823054","potions_obtained":[{"floor":4,"key":"AttackPotion"},{"floor":5,"key":"Fire Potion"},{"floor":8,"key":"SteroidPotion"},{"floor":11,"key":"Explosive Potion"},{"floor":14,"key":"Energy Potion"}],"is_trial":false,"path_per_floor":["M","$","?","M","M","R","E","M","T","$","M","?","M","M","R","B",null,"M","?","?","?","M"],"character_chosen":"DEFECT","items_purchased":["Defragment","Self Repair","Coolheaded"],"campfire_rested":2,"item_purchase_floors":[2,10,10],"current_hp_per_floor":[46,46,36,26,26,47,28,26,26,26,18,18,25,18,39,45,65,48,48,7,7,0,0],"gold":58,"neow_bonus":"ONE_RARE_RELIC","is_daily":false,"chose_seed":false,"campfire_upgraded":0,"win_rate":0.0,"timestamp":1612382032,"path_taken":["M","$","?","?","?","R","E","M","T","$","M","?","?","M","R","BOSS","M","?","?","?","M"],"items_purchased_type":["Card","Card","Card"],"build_version":"2020-12-22","purchased_purges":0,"victory":false,"max_hp_per_floor":[71,71,71,71,71,71,71,71,71,71,71,71,71,71,71,71,71,71,71,71,71,71,71],"card_choices":[{"not_picked":["Compile Driver","Hologram"],"picked":"Double Energy","floor":1},{"not_picked":["Gash","Stack"],"picked":"Conserve Battery","floor":4},{"not_picked":["Steam","Rebound"],"picked":"Ball Lightning","floor":5},{"not_picked":["Ball Lightning","All For One"],"picked":"Melter","floor":7},{"not_picked":["Gash","Conserve Battery"],"picked":"Capacitor","floor":8},{"not_picked":["Beam Cell","Go for the Eyes"],"picked":"Skim","floor":11},{"not_picked":["Rip and Tear","Ball Lightning"],"picked":"Loop","floor":13},{"not_picked":["Gash","Rip and Tear"],"picked":"Force Field","floor":14},{"not_picked":["Fission","Meteor Strike"],"picked":"Multi-Cast","floor":16},{"not_picked":["Defragment","Rebound"],"picked":"Double Energy+1","floor":18},{"not_picked":["Sweeping Beam","Hologram"],"picked":"Go for the Eyes+1","floor":20}],"player_experience":429046,"relics_obtained":[{"floor":7,"key":"Symbiotic Virus"},{"floor":9,"key":"Bag of Marbles"},{"floor":20,"key":"Red Mask"}],"event_choices":[{"damage_healed":0,"gold_gain":0,"player_choice":"Damaged","damage_taken":10,"max_hp_gain":0,"max_hp_loss":0,"event_name":"Wheel of Change","floor":3,"gold_loss":0},{"damage_healed":0,"gold_gain":0,"player_choice":"Forge","damage_taken":0,"max_hp_gain":0,"max_hp_loss":0,"event_name":"Accursed Blacksmith","floor":12,"gold_loss":0,"cards_upgraded":["Defragment"]},{"damage_healed":0,"gold_gain":0,"player_choice":"Opened","damage_taken":0,"relics_obtained":["aspiration:AnachronicSnailShell"],"max_hp_gain":0,"max_hp_loss":0,"event_name":"The Mausoleum","floor":19,"gold_loss":0,"cards_obtained":["Writhe"]},{"damage_healed":0,"gold_gain":0,"player_choice":"Fought Bandits","damage_taken":0,"max_hp_gain":0,"max_hp_loss":0,"event_name":"Masked Bandits","floor":20,"gold_loss":0},{"damage_healed":0,"gold_gain":0,"player_choice":"Obtained Relic","damage_taken":0,"relics_obtained":["Pantograph"],"max_hp_gain":0,"max_hp_loss":0,"event_name":"Addict","floor":21,"gold_loss":85}],"is_beta":false,"boss_relics":[{"not_picked":["Fusion Hammer","Black Star"],"picked":"Pandora\u0027s Box"}],"items_purged_floors":[],"is_endless":false,"potions_floor_spawned":[4,5,8,11,14],"killed_by":"Chosen","ascension_level":20}}