{"host":"flm17o2q7bfjyna6","time":1612387513,"event":{"mods":["2.2 Compatiblity","Act Like it!","BaseMod","Better Altar","Better Match","Better Note","Better Sensory Stone","Better Skull","Better Third Choice","Better Vampires","Colored Map","Colored Powertips","DeckTracker","Evolution","Fox Events","Hermit","Minty Spire (QoL Compilation)","Quick Restart","Reliquary","Replay The Spire","Reworked Bosses","Spicy Shops","StSLib","TheSwordswoman","Wandering Minibosses"],"gold_per_floor":[109,127,17,27,27,27,3,18,45,45,62,62,93,112,112,208,208,224,206,10,10,27,53,53,72,98,98,148,2,13,26,26,127,127,139,139,139],"floor_reached":36,"language":"ENG","playtime":2390,"items_purged":["Doubt","blazmod:Strike"],"score":661,"play_id":"6aa9c9f2-1732-4d6c-a586-42f19d088897","local_time":"20210203162513","is_ascension_mode":false,"campfire_choices":[{"data":"blazmod:TrueOfHeart","floor":6,"key":"SMITH"},{"data":"blazmod:Lockswords","floor":10,"key":"SMITH"},{"data":"blazmod:ButterflyEffect","floor":12,"key":"SMITH"},{"data":"blazmod:StanceChange","floor":15,"key":"SMITH"},{"data":"blazmod:FlashRock","floor":24,"key":"SMITH"},{"data":"blazmod:FleetOfFoot","floor":32,"key":"SMITH"}],"circlet_count":0,"master_deck":["blazmod:Strike","blazmod:Defend","blazmod:Defend","blazmod:Defend","blazmod:Defend","blazmod:ButterflyEffect+1","blazmod:Kyokasuigetsu+1","blazmod:Lockswords+1","blazmod:ButterflyForm","blazmod:TrueOfHeart+1","blazmod:FleetOfFoot+1","blazmod:BoulderFlash","blazmod:SidewaySolace","blazmod:TandenKatsu","blazmod:TenThousand","blazmod:StanceChange+1","blazmod:Crosscut","blazmod:ClearTheMind+1","blazmod:BladeOfEnlightenment","blazmod:Kyokasuigetsu+1","blazmod:FlashRock+1","blazmod:Trasient","blazmod:FleetOfFoot","blazmod:DevilDivine+1","blazmod:KatanaStrike+1","blazmod:MirrorImage","blazmod:WildButterfly+1"],"relics":["blazmod:Venustas","EVO:Axolotl","NeowsBlessing","Smiling Mask","Toy Ornithopter","Empty Cage","Lee\u0027s Waffle","blazmod:ConfectionCutter","Centennial Puzzle","foxEvents:EldersFace","Tiny Chest","Runic Pyramid"],"acts_visited":["Exordium","TheCity","TheBeyond"],"potions_floor_usage":[13,18,31,33],"damage_taken":[{"damage":0,"enemies":"Cultist","floor":1,"turns":1},{"damage":0,"enemies":"Jaw Worm","floor":2,"turns":1},{"damage":0,"enemies":"2 Louse","floor":4,"turns":1},{"damage":0,"enemies":"2 Fungi Beasts","floor":8,"turns":5},{"damage":0,"enemies":"Large Slime","floor":11,"turns":9},{"damage":21,"enemies":"Gremlin Nob","floor":13,"turns":4},{"damage":0,"enemies":"3 Louse","floor":14,"turns":3},{"damage":18,"enemies":"Slime Boss","floor":16,"turns":8},{"damage":28,"enemies":"3 Byrds","floor":18,"turns":7},{"damage":7,"enemies":"2 Thieves","floor":19,"turns":7},{"damage":0,"enemies":"Shelled Parasite and Fungi","floor":22,"turns":6},{"damage":34,"enemies":"Slavers","floor":23,"turns":8},{"damage":0,"enemies":"Cultist and Chosen","floor":25,"turns":5},{"damage":0,"enemies":"Sentry and Sphere","floor":30,"turns":4},{"damage":21,"enemies":"Shelled Parasite and Fungi","floor":31,"turns":4},{"damage":1,"enemies":"Pondfish","floor":33,"turns":6},{"damage":11,"enemies":"3 Shapes","floor":35,"turns":6},{"damage":7,"enemies":"3 Darklings","floor":36,"turns":2}],"seed_played":"-7272696671103914255","potions_obtained":[{"floor":4,"key":"Swift Potion"},{"floor":16,"key":"Explosive Potion"},{"floor":18,"key":"Milkshake"},{"floor":23,"key":"Death Potion"},{"floor":30,"key":"Regen Potion"},{"floor":31,"key":"LiquidMemories"}],"is_trial":false,"path_per_floor":["M","M","$","M","?","R","$","M","T","R","M","R","E","M","R","B",null,"M","M","$","?","M","E","R","M","T","?","?","$","M","M","R","B",null,"M","M"],"character_chosen":"THE_SWORDSWOMAN","items_purchased":["blazmod:TrueOfHeart","blazmod:BoulderFlash","Lee\u0027s Waffle","blazmod:BladeOfEnlightenment","Tiny Chest"],"campfire_rested":0,"item_purchase_floors":[3,7,20,20,29],"current_hp_per_floor":[40,40,40,40,40,40,40,40,40,40,40,40,19,19,19,1,40,24,17,59,59,59,25,25,25,25,25,25,25,25,21,21,25,59,48,41,41],"gold":139,"neow_bonus":"THREE_ENEMY_KILL","is_daily":false,"chose_seed":false,"campfire_upgraded":6,"win_rate":0.0,"timestamp":1612387513,"path_taken":["M","?","$","M","?","R","?","?","T","R","M","R","E","M","R","BOSS","M","M","$","?","M","E","R","M","T","?","?","$","M","M","R","BOSS","M","M"],"items_purchased_type":["Card","Card","Relic","Card","Relic"],"build_version":"2020-12-22","purchased_purges":2,"victory":false,"max_hp_per_floor":[40,40,40,40,40,40,40,40,40,40,40,40,40,40,40,40,40,52,52,59,59,59,59,59,59,59,59,59,59,59,59,59,59,59,59,59,59],"card_choices":[{"not_picked":["blazmod:Crosscut","blazmod:FleetOfFoot"],"picked":"blazmod:Lockswords","floor":1},{"not_picked":["blazmod:BoulderFlash","blazmod:PhysicalEndurance"],"picked":"blazmod:ButterflyForm","floor":2},{"not_picked":["blazmod:MentalFocus","blazmod:ButterFlutter"],"picked":"blazmod:FleetOfFoot","floor":4},{"not_picked":["blazmod:FortifiedVigor","blazmod:BlindBlade"],"picked":"blazmod:SidewaySolace","floor":8},{"not_picked":["blazmod:DanceOfTheGods","blazmod:FleetOfFoot"],"picked":"blazmod:TandenKatsu","floor":11},{"not_picked":["blazmod:SeismicSlash","blazmod:MentalFocus"],"picked":"blazmod:TenThousand","floor":13},{"not_picked":["blazmod:FlashRock","blazmod:BoulderFlash"],"picked":"blazmod:StanceChange","floor":14},{"not_picked":["blazmod:ButterflyForm","blazmod:OneWithNature"],"picked":"blazmod:CrescentMoon","floor":16},{"not_picked":["blazmod:SidewaySolace","blazmod:FleetOfFoot"],"picked":"blazmod:Crosscut","floor":18},{"not_picked":["blazmod:Crosscut","blazmod:PhysicalEndurance+1"],"picked":"blazmod:ClearTheMind+1","floor":19},{"not_picked":["blazmod:Valiance+1","blazmod:Crosscut"],"picked":"blazmod:FlashRock","floor":22},{"not_picked":["blazmod:PhoenixPlume","blazmod:MyEverything"],"picked":"blazmod:Trasient","floor":23},{"not_picked":["blazmod:FocusThroughFalls","blazmod:Crosscut"],"picked":"blazmod:FleetOfFoot","floor":25},{"not_picked":["blazmod:BlindingFlash+1","blazmod:Trasient"],"picked":"blazmod:DevilDivine+1","floor":30},{"not_picked":["blazmod:FleetOfFoot","blazmod:MindsEye"],"picked":"blazmod:KatanaStrike+1","floor":31},{"not_picked":["blazmod:HoumatsuMugenKochouji","blazmod:InLoveAndWar"],"picked":"blazmod:MirrorImage","floor":33},{"not_picked":["blazmod:KatanaStrike","blazmod:PhysicalEndurance"],"picked":"blazmod:WildButterfly+1","floor":35}],"player_experience":1734711,"relics_obtained":[{"floor":9,"key":"Smiling Mask"},{"floor":13,"key":"Toy Ornithopter"},{"floor":23,"key":"blazmod:ConfectionCutter"},{"floor":26,"key":"Centennial Puzzle"}],"event_choices":[{"damage_healed":0,"gold_gain":0,"player_choice":"Upgraded","damage_taken":0,"max_hp_gain":0,"max_hp_loss":0,"event_name":"Upgrade Shrine","floor":5,"gold_loss":0,"cards_upgraded":["blazmod:Kyokasuigetsu"]},{"damage_healed":0,"gold_gain":0,"player_choice":"Copied","damage_taken":0,"max_hp_gain":0,"max_hp_loss":0,"event_name":"Duplicator","floor":21,"gold_loss":0,"cards_obtained":["blazmod:Kyokasuigetsu"]},{"damage_healed":0,"gold_gain":0,"player_choice":"Trade","damage_taken":0,"relics_obtained":["foxEvents:EldersFace"],"max_hp_gain":0,"max_hp_loss":0,"event_name":"FaceTrader","floor":27,"gold_loss":0},{"damage_healed":0,"gold_gain":100,"player_choice":"Bet on Murderer","damage_taken":0,"max_hp_gain":0,"max_hp_loss":0,"event_name":"The Joust","floor":28,"gold_loss":50}],"is_beta":false,"boss_relics":[{"not_picked":["Replay:Grab Bag","Ectoplasm"],"picked":"Empty Cage"},{"not_picked":["Ring of Chaos","Replay:Drink Me"],"picked":"Runic Pyramid"}],"items_purged_floors":[20,20],"is_endless":false,"potions_floor_spawned":[4,16,18,23,30,31],"killed_by":"3 Darklings","ascension_level":0}}