{"host":"ga4s3hj9m6nkn6gp","time":1612385403,"event":{"mods":["AchievementEnabler","BaseMod","Bestiary","Colored Powertips","Highlight Path","Minty Spire (QoL Compilation)","Relic Stats","everything is the same but u backflip on backflip"],"gold_per_floor":[118,118,118,35,53,53,80,93,117,144,160,160,186,186,186,263,263,283,298,298,309,359,359,359,359,359],"floor_reached":25,"language":"ENG","playtime":949,"items_purged":[],"score":488,"play_id":"031e9281-bb64-416a-876b-f1788f8fca1c","local_time":"20210203215003","is_ascension_mode":true,"campfire_choices":[{"data":"Noxious Fumes","floor":6,"key":"SMITH"},{"data":"Catalyst","floor":12,"key":"SMITH"},{"floor":15,"key":"REST"},{"data":"Leg Sweep","floor":23,"key":"SMITH"}],"circlet_count":0,"master_deck":["AscendersBane","Strike_G+1","Strike_G+1","Strike_G+1","Strike_G+1","Strike_G+1","Defend_G+1","Defend_G+1","Defend_G+1","Defend_G+1","Defend_G+1","Survivor+1","Neutralize","Blade Dance","Noxious Fumes+1","All Out Attack","Catalyst+1","Leg Sweep+1","Malaise","Well Laid Plans","Noxious Fumes+1","PiercingWail"],"relics":["Ring of the Snake","NeowsBlessing","MealTicket","Orichalcum","Strawberry","Torii","Cursed Key"],"acts_visited":["Exordium","TheCity"],"potions_floor_usage":[21],"damage_taken":[{"damage":0,"enemies":"Small Slimes","floor":1,"turns":1},{"damage":0,"enemies":"Jaw Worm","floor":5,"turns":1},{"damage":0,"enemies":"Lagavulin","floor":7,"turns":1},{"damage":0,"enemies":"Cultist","floor":8,"turns":3},{"damage":9,"enemies":"3 Sentries","floor":10,"turns":6},{"damage":2,"enemies":"Exordium Wildlife","floor":11,"turns":3},{"damage":31,"enemies":"Gremlin Nob","floor":13,"turns":5},{"damage":13,"enemies":"The Guardian","floor":16,"turns":13},{"damage":0,"enemies":"3 Byrds","floor":18,"turns":6},{"damage":12,"enemies":"Spheric Guardian","floor":19,"turns":5},{"damage":7,"enemies":"Chosen and Byrds","floor":21,"turns":7},{"damage":42,"enemies":"Slavers","floor":25,"turns":4}],"seed_played":"5720867201901844602","potions_obtained":[{"floor":3,"key":"Strength Potion"},{"floor":3,"key":"GhostInAJar"},{"floor":7,"key":"Swift Potion"}],"is_trial":false,"path_per_floor":["M","?","?","$","M","R","E","M","T","E","M","R","E","?","R","B",null,"M","M","?","M","?","R","?","E"],"character_chosen":"THE_SILENT","items_purchased":["Noxious Fumes"],"campfire_rested":1,"item_purchase_floors":[4],"current_hp_per_floor":[59,39,39,39,39,39,39,39,39,37,35,35,4,4,25,12,58,58,46,46,39,39,39,39,0,0],"gold":359,"neow_bonus":"THREE_ENEMY_KILL","is_daily":false,"chose_seed":false,"campfire_upgraded":3,"win_rate":0.0,"timestamp":1612385403,"path_taken":["M","?","?","$","M","R","E","?","T","E","M","R","E","?","R","BOSS","M","M","?","?","?","R","?","E"],"items_purchased_type":["Card"],"build_version":"2020-12-22","purchased_purges":0,"victory":false,"max_hp_per_floor":[66,66,66,66,66,66,66,66,66,73,73,73,73,73,73,73,73,73,73,73,73,73,73,73,73,73],"relic_stats":{"Torii":27,"counters":[12,55],"MealTicket":0,"Orichalcum":[102],"Cursed Key":0,"obtain_stats":[{"NeowsBlessing":0,"Torii":13,"Strawberry":10,"MealTicket":7,"Orichalcum":9,"Cursed Key":17,"Ring of the Snake":0},{"NeowsBlessing":0,"Torii":7,"Strawberry":5,"MealTicket":3,"Orichalcum":4,"Cursed Key":8,"Ring of the Snake":0},{"NeowsBlessing":0,"Torii":20,"Strawberry":12,"MealTicket":3,"Orichalcum":6,"Cursed Key":33,"Ring of the Snake":0}],"Ring of the Snake":[24]},"card_choices":[{"not_picked":["Underhanded Strike","Well Laid Plans"],"picked":"Blade Dance","floor":1},{"not_picked":["Acrobatics","Poisoned Stab"],"picked":"All Out Attack","floor":5},{"not_picked":["Eviscerate","Calculated Gamble"],"picked":"Catalyst","floor":7},{"not_picked":["Flechettes","Cloak And Dagger","Dodge and Roll"],"picked":"SKIP","floor":8},{"not_picked":["Masterful Stab","Backflip","Bane"],"picked":"SKIP","floor":10},{"not_picked":["Slice","Accuracy","Choke"],"picked":"SKIP","floor":11},{"not_picked":["Backflip","Quick Slash"],"picked":"Leg Sweep","floor":13},{"not_picked":["Night Terror","Glass Knife"],"picked":"Malaise","floor":16},{"not_picked":["Outmaneuver","Dodge and Roll","Flying Knee"],"picked":"SKIP","floor":18},{"not_picked":["Poisoned Stab","Flying Knee"],"picked":"Well Laid Plans","floor":19},{"not_picked":["Dagger Spray","Deflect"],"picked":"PiercingWail","floor":21}],"player_experience":727573,"relics_obtained":[{"floor":7,"key":"MealTicket"},{"floor":9,"key":"Orichalcum"},{"floor":10,"key":"Strawberry"},{"floor":13,"key":"Torii"}],"event_choices":[{"damage_healed":0,"gold_gain":0,"player_choice":"Entered Light","damage_taken":20,"max_hp_gain":0,"max_hp_loss":0,"event_name":"Shining Light","floor":2,"gold_loss":0,"cards_upgraded":["Strike_G","Survivor"]},{"damage_healed":0,"gold_gain":0,"player_choice":"Got Potions","damage_taken":0,"max_hp_gain":0,"max_hp_loss":0,"event_name":"Lab","floor":3,"gold_loss":0},{"damage_healed":0,"gold_gain":0,"player_choice":"Ignored","damage_taken":0,"max_hp_gain":0,"max_hp_loss":0,"event_name":"Liars Game","floor":14,"gold_loss":0},{"damage_healed":0,"gold_gain":0,"player_choice":"Copied","damage_taken":0,"max_hp_gain":0,"max_hp_loss":0,"event_name":"Duplicator","floor":20,"gold_loss":0,"cards_obtained":["Noxious Fumes"]},{"damage_healed":0,"gold_gain":50,"player_choice":"Stole From Cult","damage_taken":0,"max_hp_gain":0,"max_hp_loss":0,"event_name":"Nest","floor":22,"gold_loss":0},{"damage_healed":0,"gold_gain":0,"player_choice":"Simplicity","damage_taken":0,"max_hp_gain":0,"max_hp_loss":0,"event_name":"Back to Basics","floor":24,"gold_loss":0,"cards_upgraded":["Strike_G","Strike_G","Strike_G","Strike_G","Defend_G","Defend_G","Defend_G","Defend_G","Defend_G"]}],"is_beta":false,"boss_relics":[{"not_picked":["HoveringKite","Empty Cage"],"picked":"Cursed Key"}],"items_purged_floors":[],"is_endless":false,"potions_floor_spawned":[5,7,10,18,19],"killed_by":"Slavers","ascension_level":20}}