{"host":"zwezhz46a5cjkxff","time":1612338626,"event":{"mods":["AchievementEnabler","BaseMod","Colored Map","Colored Powertips","DeckTracker","Hermit","Marisa????????","Minty Spire (QoL Compilation)","Permanent Neow","Quick Restart","Rare Cards Sparkle","Relic Stats","Robot Space Explorer","StSLib","SuperFastMode","The Hierophant","The Servant 0.9.4","Weighted Paths","slay the spire mod where everything is the same but ironclad has a cowboy hat"],"gold_per_floor":[17,17,32,32,50,83,83,93,93,93,108,108,124,143,143,143,143],"floor_reached":16,"language":"ENG","playtime":459,"items_purged":[],"score":104,"play_id":"6eb85198-a7a2-4192-aa5d-87951bb34379","local_time":"20210203015026","is_ascension_mode":false,"campfire_choices":[{"floor":7,"key":"RECALL"},{"data":"Judgement","floor":10,"key":"SMITH"},{"data":"Eruption","floor":12,"key":"SMITH"},{"floor":15,"key":"REST"}],"circlet_count":0,"master_deck":["Strike_P","Strike_P","Strike_P","Defend_P","Defend_P","Defend_P","Eruption+1","Vigilance","DevaForm","CutThroughFate","Judgement+1","Nirvana","Nirvana","MentalFortress","Adaptation"],"relics":["PureWater","Mummified Hand"],"acts_visited":["Exordium"],"potions_floor_usage":[5,16,16,16],"damage_taken":[{"damage":6,"enemies":"Jaw Worm","floor":1,"turns":4},{"damage":0,"enemies":"Cultist","floor":3,"turns":2},{"damage":3,"enemies":"Small Slimes","floor":5,"turns":2},{"damage":18,"enemies":"Lagavulin","floor":6,"turns":6},{"damage":0,"enemies":"2 Fungi Beasts","floor":8,"turns":2},{"damage":1,"enemies":"Exordium Wildlife","floor":11,"turns":2},{"damage":7,"enemies":"Large Slime","floor":13,"turns":4},{"damage":1,"enemies":"Exordium Thugs","floor":14,"turns":3},{"damage":62,"enemies":"The Guardian","floor":16,"turns":3}],"seed_played":"425109314989192605","potions_obtained":[{"floor":1,"key":"Energy Potion"},{"floor":3,"key":"SteroidPotion"},{"floor":5,"key":"Swift Potion"},{"floor":14,"key":"AttackPotion"}],"is_trial":false,"path_per_floor":["M","?","M","?","M","E","R","M","T","R","M","R","M","M","R","B"],"character_chosen":"WATCHER","items_purchased":[],"campfire_rested":1,"item_purchase_floors":[],"current_hp_per_floor":[66,66,66,66,63,45,45,45,45,45,44,44,37,36,57,0,0],"gold":143,"neow_bonus":"THREE_RARE_CARDS","is_daily":false,"chose_seed":false,"campfire_upgraded":2,"win_rate":0.0,"timestamp":1612338626,"path_taken":["M","?","M","?","?","E","R","?","T","R","M","R","?","M","R","BOSS"],"items_purchased_type":[],"build_version":"2020-12-22","purchased_purges":0,"victory":false,"max_hp_per_floor":[72,72,72,72,72,72,72,72,72,72,72,72,72,72,72,72,72],"relic_stats":{"counters":[9,28],"Mummified Hand":[13],"obtain_stats":[{"Mummified Hand":6,"PureWater":0},{"Mummified Hand":4,"PureWater":0},{"Mummified Hand":14,"PureWater":0}]},"card_choices":[{"not_picked":["Alpha","Vault"],"picked":"DevaForm","floor":0},{"not_picked":["FearNoEvil","ThirdEye","FlyingSleeves"],"picked":"SKIP","floor":1},{"not_picked":["FollowUp","Vengeance"],"picked":"CutThroughFate","floor":3},{"not_picked":["JustLucky","Halt","FearNoEvil"],"picked":"SKIP","floor":5},{"not_picked":["WindmillStrike","EmptyBody"],"picked":"Judgement","floor":6},{"not_picked":["PathToVictory","CutThroughFate"],"picked":"Nirvana","floor":8},{"not_picked":["EmptyBody","Crescendo"],"picked":"Nirvana","floor":11},{"not_picked":["BowlingBash","Crescendo"],"picked":"MentalFortress","floor":13},{"not_picked":["Protect","EmptyBody"],"picked":"Adaptation","floor":14}],"player_experience":66637,"relics_obtained":[{"floor":6,"key":"Mummified Hand"}],"event_choices":[{"cards_removed":["Defend_P"],"damage_healed":0,"gold_gain":0,"player_choice":"Forget","damage_taken":0,"max_hp_gain":0,"max_hp_loss":0,"event_name":"Living Wall","floor":2,"gold_loss":0},{"cards_removed":["Strike_P"],"damage_healed":0,"gold_gain":0,"player_choice":"Purged","damage_taken":0,"max_hp_gain":0,"max_hp_loss":0,"event_name":"Purifier","floor":4,"gold_loss":0}],"is_beta":false,"boss_relics":[],"items_purged_floors":[],"is_endless":false,"potions_floor_spawned":[1,3,5,14],"killed_by":"The Guardian","ascension_level":0}}