{"host":"ul3z8ex5o8l5j7mh","time":1612367726,"event":{"mods":["AchievementEnabler","BaseMod","Colored Map","Colored Powertips","DeckTracker","Minty Spire (QoL Compilation)","SuperFastMode"],"gold_per_floor":[113,63,9,9,28,28,46,46,46,77,88,100,117,292,292,390,390,408,422,337,337,337,337,337,355,355,367,367,123,138,36,36,36,36],"floor_reached":33,"language":"ENG","playtime":1272,"items_purged":["Pain","Shame"],"score":247,"play_id":"62b0fc54-1d31-40db-8893-3cf47d0668b1","local_time":"20210203165526","is_ascension_mode":false,"campfire_choices":[{"floor":6.0,"key":"RECALL"},{"data":"Clash","floor":8.0,"key":"SMITH"},{"data":"Clash","floor":15.0,"key":"SMITH"},{"data":"Corruption","floor":23.0,"key":"SMITH"},{"floor":28,"key":"REST"},{"floor":32,"key":"REST"}],"circlet_count":0,"master_deck":["Strike_R","Strike_R","Strike_R","Strike_R","Defend_R","Defend_R","Defend_R","Defend_R","Bash","Clash+1","Clash+1","Thunderclap","Dropkick","Anger","Headbutt","Pommel Strike","Doubt","Corruption+1","Iron Wave","Sword Boomerang","Armaments","Ghostly Armor","Mayhem","Rage"],"relics":["Burning Blood","Smiling Mask","Strawberry","Paper Frog","Singing Bowl","Cursed Key","WingedGreaves","Bottled Tornado","Nilry\u0027s Codex"],"acts_visited":["Exordium","TheCity"],"potions_floor_usage":[25,27,33],"damage_taken":[{"damage":18.0,"enemies":"Jaw Worm","floor":1.0,"turns":3.0},{"damage":10.0,"enemies":"Small Slimes","floor":5.0,"turns":2.0},{"damage":4.0,"enemies":"2 Louse","floor":7.0,"turns":2.0},{"damage":30.0,"enemies":"3 Sentries","floor":10.0,"turns":9.0},{"damage":5.0,"enemies":"Looter","floor":11.0,"turns":2.0},{"damage":10.0,"enemies":"Exordium Thugs","floor":12.0,"turns":3.0},{"damage":0.0,"enemies":"Exordium Wildlife","floor":13.0,"turns":2.0},{"damage":41.0,"enemies":"Slime Boss","floor":16.0,"turns":7.0},{"damage":17.0,"enemies":"Shell Parasite","floor":18.0,"turns":4.0},{"damage":21.0,"enemies":"2 Thieves","floor":19.0,"turns":5.0},{"damage":10,"enemies":"Snake Plant","floor":25,"turns":4},{"damage":33,"enemies":"3 Cultists","floor":27,"turns":5},{"damage":26,"enemies":"Shelled Parasite and Fungi","floor":30,"turns":5},{"damage":59,"enemies":"Automaton","floor":33,"turns":10}],"seed_played":"1312090172214959238","potions_obtained":[{"floor":1.0,"key":"Regen Potion"},{"floor":11.0,"key":"Fire Potion"},{"floor":13.0,"key":"PowerPotion"},{"floor":18.0,"key":"SteroidPotion"},{"floor":19.0,"key":"Weak Potion"},{"floor":25,"key":"Explosive Potion"}],"is_trial":false,"path_per_floor":["M","?","$","?","M","R","M","R","T","E","M","M","M","?","R","B",null,"M","M","?","T","?","R","?","M","T","M","R","$","M","$","R","B"],"character_chosen":"IRONCLAD","items_purchased":["Clash","Mayhem","PowerPotion"],"campfire_rested":2,"item_purchase_floors":[3,29,31],"current_hp_per_floor":[68,68,68,68,64,64,66,66,66,59,60,56,62,62,62,27,89,78,63,63,63,47,47,47,43,43,16,42,42,22,22,48,0,0],"gold":36,"neow_bonus":"RANDOM_COMMON_RELIC","is_daily":false,"chose_seed":false,"campfire_upgraded":3,"win_rate":0.0,"timestamp":1612367726,"path_taken":["M","?","$","?","M","R","M","R","T","E","M","M","M","?","R","BOSS","M","M","?","?","?","R","?","M","T","M","R","$","M","$","R","BOSS"],"items_purchased_type":["Card","Card","Potion"],"build_version":"2020-12-22","purchased_purges":2,"victory":false,"max_hp_per_floor":[80,80,80,87,87,87,87,87,87,89,89,89,89,89,89,89,89,89,89,89,89,89,89,89,89,89,89,89,89,89,89,89,89,89],"card_choices":[{"not_picked":["Combust","Havoc"],"picked":"Clash","floor":1.0},{"not_picked":["Fire Breathing","Havoc"],"picked":"Thunderclap","floor":5.0},{"not_picked":["Whirlwind","Warcry"],"picked":"Dropkick","floor":7.0},{"not_picked":["Battle Trance","Havoc","Exhume"],"picked":"Singing Bowl","floor":10.0},{"not_picked":["Cleave","Dark Embrace"],"picked":"Anger","floor":11.0},{"not_picked":["Sword Boomerang","Thunderclap"],"picked":"Headbutt","floor":12.0},{"not_picked":["Metallicize","Rage"],"picked":"Pommel Strike","floor":13.0},{"not_picked":["Bludgeon","Brutality"],"picked":"Corruption","floor":16.0},{"not_picked":["Wild Strike+1","True Grit"],"picked":"Iron Wave","floor":18.0},{"not_picked":["Wild Strike+1","Thunderclap"],"picked":"Sword Boomerang","floor":19.0},{"not_picked":["Headbutt","Body Slam+1"],"picked":"Armaments","floor":25},{"not_picked":["Pummel","Sever Soul"],"picked":"Ghostly Armor","floor":27},{"not_picked":["Searing Blow","Blood for Blood"],"picked":"Rage","floor":30}],"player_experience":304584,"relics_obtained":[{"floor":9.0,"key":"Paper Frog"},{"floor":10.0,"key":"Singing Bowl"},{"floor":21.0,"key":"Bottled Tornado"},{"floor":22.0,"key":"Nilry\u0027s Codex"}],"event_choices":[{"cards_removed":["Strike_R"],"damage_healed":0.0,"max_hp_gain":0.0,"max_hp_loss":0.0,"gold_gain":0.0,"event_name":"The Cleric","player_choice":"Card Removal","floor":2.0,"gold_loss":50.0,"damage_taken":0.0},{"damage_healed":0.0,"max_hp_gain":0.0,"max_hp_loss":0.0,"gold_gain":0.0,"event_name":"Scrap Ooze","player_choice":"Success","floor":4.0,"gold_loss":0.0,"damage_taken":7.0,"relics_obtained":["Strawberry"]},{"damage_healed":0.0,"max_hp_gain":0.0,"max_hp_loss":0.0,"gold_gain":175.0,"event_name":"Liars Game","player_choice":"AGREE","floor":14.0,"gold_loss":0.0,"damage_taken":0.0,"cards_obtained":["Doubt"]},{"damage_healed":0.0,"max_hp_gain":0.0,"max_hp_loss":0.0,"gold_gain":0.0,"event_name":"Addict","player_choice":"Obtained Relic","floor":20.0,"gold_loss":85.0,"damage_taken":0.0,"relics_obtained":["WingedGreaves"]},{"damage_healed":0.0,"max_hp_gain":0.0,"max_hp_loss":0.0,"gold_gain":0.0,"event_name":"Cursed Tome","player_choice":"Obtained Book","floor":22.0,"gold_loss":0.0,"damage_taken":16.0},{"damage_healed":0.0,"max_hp_gain":0.0,"max_hp_loss":0.0,"gold_gain":0.0,"event_name":"Ghosts","player_choice":"Ignored","floor":24.0,"gold_loss":0.0,"damage_taken":0.0}],"is_beta":false,"boss_relics":[{"not_picked":["Runic Cube","Philosopher\u0027s Stone"],"picked":"Cursed Key"}],"items_purged_floors":[29,31],"is_endless":false,"potions_floor_spawned":[1,11,13,18,19,25],"killed_by":"Automaton","ascension_level":0}}