{"host":"v380u9jqfq8325l5","time":1612316909,"event":{"mods":["BaseMod","Bestiary","BetterRewards","Colored Map","Colored Powertips","Curses Come First","Evolution","Halation","Hubris","Infinite Spire","Minty Spire (QoL Compilation)","Reliquary","Spire Arcade","StSLib","SuperFastMode"],"gold_per_floor":[118,137,154,79,98,126,126,138,138,164,182,38,52,81,81,176,176,187,187,206,106,106,137,153,153,153,153,153],"floor_reached":27,"language":"ENG","playtime":829,"items_purged":["Strike_R","Strike_R"],"score":293,"play_id":"a0e22a74-08a5-425a-89e5-e874c165d080","local_time":"20210203044829","is_ascension_mode":true,"campfire_choices":[{"data":"Fire Breathing","floor":15,"key":"SMITH"},{"data":"Limit Break","floor":25,"key":"SMITH"}],"circlet_count":0,"master_deck":["Strike_R","Strike_R","Strike_R","Defend_R","Defend_R","Defend_R","Defend_R","Bash","Fire Breathing+1","Body Slam+1","Iron Wave","Metallicize","Feed","Feed","Limit Break+1","Inflame","hubris:NaturalOne","Shrug It Off+1"],"relics":["Burning Blood","EVO:Axolotl","NeowsBlessing","halation:SwordOfLegend","halation:SelfBoilingWater","halation:TwoAmDonut","Mark of Pain","hubris:Icosahedron","reliquary:PorcupineQuills","infinitespire:ShieldingShard"],"acts_visited":["Exordium","TheCity"],"potions_floor_usage":[10,20,23,27],"damage_taken":[{"damage":0,"enemies":"Cultist","floor":1,"turns":1},{"damage":0,"enemies":"2 Louse","floor":2,"turns":1},{"damage":0,"enemies":"Jaw Worm","floor":3,"turns":1},{"damage":8,"enemies":"Large Slime","floor":5,"turns":6},{"damage":17,"enemies":"3 Sentries","floor":6,"turns":5},{"damage":6,"enemies":"Looter","floor":8,"turns":4},{"damage":17,"enemies":"Gremlin Nob","floor":10,"turns":5},{"damage":5,"enemies":"Exordium Wildlife","floor":11,"turns":4},{"damage":4,"enemies":"Red Slaver","floor":13,"turns":4},{"damage":17,"enemies":"3 Sentries","floor":14,"turns":6},{"damage":25,"enemies":"Slime Boss","floor":16,"turns":11},{"damage":28,"enemies":"Spheric Guardian","floor":18,"turns":6},{"damage":20,"enemies":"2 Thieves","floor":20,"turns":4},{"damage":27,"enemies":"Gremlin Leader","floor":23,"turns":7},{"damage":8,"enemies":"Chosen and Byrds","floor":24,"turns":5},{"damage":42,"enemies":"Book of Stabbing","floor":27,"turns":5}],"seed_played":"-2826532702256780115","potions_obtained":[{"floor":3,"key":"FearPotion"},{"floor":6,"key":"SteroidPotion"},{"floor":10,"key":"Swift Potion"},{"floor":11,"key":"FearPotion"},{"floor":14,"key":"EssenceOfSteel"}],"is_trial":false,"path_per_floor":["M","M","M","$","M","E","?","M","T","E","M","$","M","E","R","B",null,"M","?","M","$","?","E","M","R","T","E"],"character_chosen":"IRONCLAD","items_purchased":["Feed"],"campfire_rested":0,"item_purchase_floors":[12],"current_hp_per_floor":[80,80,80,80,78,67,67,67,67,56,60,60,65,60,75,56,92,70,70,59,59,50,29,27,42,42,0,0],"gold":153,"neow_bonus":"THREE_ENEMY_KILL","is_daily":false,"chose_seed":false,"campfire_upgraded":2,"win_rate":0.0,"timestamp":1612316909,"path_taken":["M","?","?","$","M","E","?","M","T","E","M","$","M","E","R","BOSS","M","?","M","$","?","E","M","R","T","E"],"items_purchased_type":["Card"],"build_version":"2020-12-22","purchased_purges":2,"victory":false,"max_hp_per_floor":[80,80,80,80,80,80,80,80,80,80,83,83,86,92,92,92,92,92,92,95,95,95,95,95,95,95,95,95],"card_choices":[{"not_picked":["Infernal Blade","Blood for Blood"],"picked":"Fire Breathing","floor":1},{"not_picked":["Havoc","Rampage"],"picked":"Body Slam","floor":2},{"not_picked":["True Grit","Warcry","Heavy Blade"],"picked":"SKIP","floor":3},{"not_picked":["Carnage","Headbutt"],"picked":"Iron Wave","floor":5},{"not_picked":["Pommel Strike","Sword Boomerang"],"picked":"Metallicize","floor":6},{"not_picked":["Sword Boomerang","Flex","Reckless Charge"],"picked":"SKIP","floor":8},{"not_picked":["Headbutt","Havoc"],"picked":"Feed","floor":10},{"not_picked":["Heavy Blade","Warcry","True Grit"],"picked":"SKIP","floor":11},{"not_picked":["Clash","Iron Wave","Rampage"],"picked":"SKIP","floor":13},{"not_picked":["Clash","Iron Wave","Rampage"],"picked":"SKIP","floor":13},{"not_picked":["Iron Wave","Searing Blow","Corruption"],"picked":"SKIP","floor":14},{"not_picked":["Feed","hubris:StunningStrike"],"picked":"Limit Break","floor":16},{"not_picked":["Clash","Body Slam"],"picked":"Inflame","floor":18},{"not_picked":["Anger","Havoc","Blood for Blood+1"],"picked":"SKIP","floor":20},{"not_picked":["Immolate","True Grit"],"picked":"Shrug It Off+1","floor":23},{"not_picked":["Warcry","Burning Pact","Pommel Strike"],"picked":"SKIP","floor":24}],"player_experience":213635,"relics_obtained":[{"floor":6,"key":"halation:SwordOfLegend"},{"floor":10,"key":"halation:SelfBoilingWater"},{"floor":14,"key":"halation:TwoAmDonut"},{"floor":23,"key":"reliquary:PorcupineQuills"},{"floor":26,"key":"infinitespire:ShieldingShard"}],"event_choices":[{"damage_healed":0,"gold_gain":0,"player_choice":"Damaged","damage_taken":9,"max_hp_gain":0,"max_hp_loss":0,"event_name":"Wheel of Change","floor":22,"gold_loss":0}],"is_beta":false,"boss_relics":[{"not_picked":["Runic Pyramid","halation:Yufonium"],"picked":"Mark of Pain"}],"items_purged_floors":[4,21],"is_endless":false,"potions_floor_spawned":[3,6,10,11,14,16,18],"killed_by":"Book of Stabbing","ascension_level":1}}