{"host":"fuszjwm6fqgjjp4d","time":1612393583,"event":{"mods":["BaseMod","Bestiary","Colored Map","DeckTracker","Minty Spire (QoL Compilation)","Permanent Neow","Relic Sorter","Relic Stats","StSLib"],"gold_per_floor":[116,116,116,137,160,203,203,238,291,315,280,319,319,337,337,430,430,444,444,178,191,25,25,25,25,25],"floor_reached":25,"language":"ENG","playtime":950,"items_purged":["Strike_B"],"score":438,"play_id":"dfda7719-4b47-4589-9c72-78e339f111e4","local_time":"20210203170623","is_ascension_mode":true,"campfire_choices":[{"data":"Self Repair","floor":7.0,"key":"SMITH"},{"floor":15.0,"key":"DIG"},{"floor":23,"key":"DIG"},{"floor":24,"key":"DIG"}],"circlet_count":0,"master_deck":["AscendersBane","Strike_B","Strike_B","Strike_B+1","Defend_B","Defend_B","Defend_B","Defend_B","Zap","Dualcast","Echo Form","Self Repair+1","White Noise","Coolheaded","Cold Snap","FTL+1","Capacitor","Streamline","Buffer","Ball Lightning"],"relics":["Cracked Core","Question Card","Golden Idol","Lantern","Shovel","Tiny Chest","Lizard Tail","Regal Pillow","Philosopher\u0027s Stone","WingedGreaves","Whetstone","Strawberry","PreservedInsect","Vajra"],"acts_visited":["Exordium","TheCity"],"potions_floor_usage":[21],"damage_taken":[{"damage":1.0,"enemies":"Cultist","floor":1.0,"turns":3.0},{"damage":8.0,"enemies":"Small Slimes","floor":4.0,"turns":4.0},{"damage":0.0,"enemies":"2 Louse","floor":5.0,"turns":2.0},{"damage":25.0,"enemies":"Lagavulin","floor":6.0,"turns":8.0},{"damage":50.0,"enemies":"Gremlin Nob","floor":8.0,"turns":6.0},{"damage":9.0,"enemies":"Gremlin Gang","floor":10.0,"turns":8.0},{"damage":4.0,"enemies":"Lagavulin","floor":12.0,"turns":7.0},{"damage":24.0,"enemies":"Red Slaver","floor":14.0,"turns":4.0},{"damage":63,"enemies":"Hexaghost","floor":16,"turns":12},{"damage":9,"enemies":"Spheric Guardian","floor":18,"turns":5},{"damage":39,"enemies":"3 Byrds","floor":21,"turns":5},{"damage":38,"enemies":"Book of Stabbing","floor":25,"turns":4}],"seed_played":"-4350004453546646556","potions_obtained":[{"floor":5.0,"key":"BlessingOfTheForge"},{"floor":6.0,"key":"PotionOfCapacity"},{"floor":12.0,"key":"DuplicationPotion"},{"floor":14.0,"key":"Explosive Potion"},{"floor":21,"key":"Strength Potion"}],"is_trial":false,"path_per_floor":["M","?","?","M","M","E","R","E","T","M","?","E","?","M","R","B",null,"M","T","$","M","$","R","R","E"],"character_chosen":"DEFECT","items_purchased":["Whetstone","Ball Lightning","Strawberry"],"campfire_rested":0,"item_purchase_floors":[20,20,22],"current_hp_per_floor":[63,45,45,51,64,53,53,23,23,24,40,56,56,62,62,42,59,60,60,60,31,38,38,38,0,0],"gold":25,"neow_bonus":"ONE_RANDOM_RARE_CARD","is_daily":false,"chose_seed":false,"campfire_upgraded":1,"win_rate":0.0,"timestamp":1612393583,"path_taken":["M","?","?","M","M","E","R","E","T","M","?","E","?","?","R","BOSS","M","?","$","M","?","R","R","E"],"items_purchased_type":["Relic","Card","Relic"],"build_version":"2020-12-22","purchased_purges":1,"victory":false,"max_hp_per_floor":[71,71,64,64,64,64,64,64,64,64,64,64,64,64,64,64,64,64,64,64,64,71,71,71,71,71],"relic_stats":{"Lizard Tail":32,"Regal Pillow":0,"Shovel":3,"counters":[12,68],"Golden Idol":67,"Tiny Chest":1,"PreservedInsect":43,"Whetstone":["FTL","Strike_B"],"Question Card":10,"obtain_stats":[{"Lantern":6,"Regal Pillow":15,"Golden Idol":3,"Vajra":24,"PreservedInsect":23,"Whetstone":20,"Question Card":2,"Lizard Tail":12,"Shovel":8,"Strawberry":22,"Tiny Chest":9,"Philosopher\u0027s Stone":17,"WingedGreaves":19,"Cracked Core":0},{"Lantern":4,"Regal Pillow":8,"Golden Idol":1,"Vajra":11,"PreservedInsect":11,"Whetstone":10,"Question Card":1,"Lizard Tail":7,"Shovel":5,"Strawberry":11,"Tiny Chest":5,"Philosopher\u0027s Stone":9,"WingedGreaves":10,"Cracked Core":0},{"Lantern":17,"Regal Pillow":42,"Golden Idol":3,"Vajra":64,"PreservedInsect":64,"Whetstone":59,"Question Card":3,"Lizard Tail":38,"Shovel":23,"Strawberry":64,"Tiny Chest":23,"Philosopher\u0027s Stone":54,"WingedGreaves":59,"Cracked Core":0}]},"card_choices":[{"not_picked":["Hologram","Steam Power"],"picked":"Self Repair","floor":1.0},{"not_picked":["Self Repair","Leap","Streamline"],"picked":"White Noise","floor":4.0},{"not_picked":["Recycle","Leap","Force Field"],"picked":"Coolheaded","floor":5.0},{"not_picked":["Machine Learning","Hologram","Blizzard"],"picked":"Cold Snap","floor":6.0},{"not_picked":["Steam","Coolheaded","Leap","Stack"],"picked":"SKIP","floor":8.0},{"not_picked":["Thunder Strike","Conserve Battery","Fusion"],"picked":"FTL","floor":10.0},{"not_picked":["Rebound","Gash","Beam Cell","Thunder Strike"],"picked":"SKIP","floor":12.0},{"not_picked":["Steam","Coolheaded","Sunder"],"picked":"Streamline","floor":14.0},{"not_picked":["Hyperbeam","Biased Cognition","Creative AI"],"picked":"Buffer","floor":16},{"not_picked":["Recycle","Force Field","Rebound","Stack"],"picked":"SKIP","floor":18},{"not_picked":["Genetic Algorithm+1","Doom and Gloom","Fusion","Rip and Tear"],"picked":"SKIP","floor":21}],"player_experience":1426637,"relics_obtained":[{"floor":6.0,"key":"Lantern"},{"floor":8.0,"key":"Shovel"},{"floor":9.0,"key":"Tiny Chest"},{"floor":12.0,"key":"Lizard Tail"},{"floor":15.0,"key":"Regal Pillow"},{"floor":19,"key":"WingedGreaves"},{"floor":23,"key":"PreservedInsect"},{"floor":24,"key":"Vajra"}],"event_choices":[{"damage_healed":0.0,"max_hp_gain":0.0,"max_hp_loss":0.0,"gold_gain":0.0,"event_name":"Scrap Ooze","player_choice":"Success","floor":2.0,"gold_loss":0.0,"damage_taken":18.0,"relics_obtained":["Question Card"]},{"damage_healed":0.0,"max_hp_gain":0.0,"max_hp_loss":7.0,"gold_gain":0.0,"event_name":"Golden Idol","player_choice":"Lose Max HP","floor":3.0,"gold_loss":0.0,"damage_taken":0.0,"relics_obtained":["Golden Idol"]},{"damage_healed":16.0,"max_hp_gain":0.0,"max_hp_loss":0.0,"gold_gain":0.0,"event_name":"The Cleric","player_choice":"Healed","floor":11.0,"gold_loss":35.0,"damage_taken":0.0},{"damage_healed":0.0,"max_hp_gain":0.0,"max_hp_loss":0.0,"gold_gain":0.0,"event_name":"Match and Keep!","player_choice":"1 cards matched","floor":13.0,"gold_loss":0.0,"damage_taken":0.0,"cards_obtained":["Capacitor"]}],"is_beta":false,"boss_relics":[{"not_picked":["Inserter","Sozu"],"picked":"Philosopher\u0027s Stone"}],"items_purged_floors":[20],"is_endless":false,"potions_floor_spawned":[5,6,12,14,21],"killed_by":"Book of Stabbing","ascension_level":20}}