{"host":"jqln3q8z91cyrmpl","time":1612365285,"event":{"mods":["AchievementEnabler","BaseMod","Colored Map","DeckTracker","Keyboard Shortcuts","Minty Spire (QoL Compilation)","SuperFastMode"],"gold_per_floor":[116,116,133,10,10,45,55,55,104,104,104,129,145,179,179,278,278,297,297,212,223,223,252,58,84,84,109,129,129,129,147,147,250,250,268,286,286,300,98,127,127,161,185,185,202,227,239,258,258,258,258,258,31,64,64,64],"floor_reached":55,"language":"KOR","playtime":2349,"items_purged":["Strike_P","Strike_P","Strike_P"],"score":1465,"play_id":"26e046eb-b29c-4aba-8dfb-1581a20cc2ba","local_time":"20210204001445","is_ascension_mode":true,"campfire_choices":[{"data":"EmptyFist","floor":8.0,"key":"SMITH"},{"data":"SandsOfTime","floor":10.0,"key":"SMITH"},{"data":"CrushJoints","floor":15.0,"key":"SMITH"},{"data":"Worship","floor":30.0,"key":"SMITH"},{"floor":32.0,"key":"RECALL"},{"data":"Vault","floor":41.0,"key":"SMITH"},{"data":"Sanctity","floor":44.0,"key":"SMITH"},{"data":"Scrawl","floor":49.0,"key":"SMITH"},{"data":"Halt","floor":52.0,"key":"SMITH"}],"circlet_count":0,"master_deck":["Strike_P","Defend_P","Defend_P","Defend_P","Defend_P","Eruption+1","Vigilance+1","SandsOfTime+1","FlurryOfBlows","EmptyFist+1","FlurryOfBlows","FollowUp","DeusExMachina","Pray","CrushJoints+1","Scrawl+1","Prostrate","Halt+1","Sanctity+1","Worship+1","Vault+1","WheelKick","Protect+1","Adaptation","Crescendo"],"relics":["PureWater","NeowsBlessing","Toy Ornithopter","Dream Catcher","Eternal Feather","Gambling Chip","Coffee Dripper","Smiling Mask","Yang","Thread and Needle","WingedGreaves","PreservedInsect","FossilizedHelix","Kunai","Calipers","Busted Crown","TungstenRod","HandDrill","Orichalcum","Mummified Hand","Mango","Bronze Scales","Blue Candle"],"acts_visited":["Exordium","TheCity","TheBeyond","TheEnding"],"potions_floor_usage":[],"damage_taken":[{"damage":0.0,"enemies":"Jaw Worm","floor":1.0,"turns":1.0},{"damage":0.0,"enemies":"2 Louse","floor":3.0,"turns":1.0},{"damage":0.0,"enemies":"Gremlin Nob","floor":6.0,"turns":1.0},{"damage":0.0,"enemies":"Cultist","floor":7.0,"turns":2.0},{"damage":5.0,"enemies":"3 Sentries","floor":12.0,"turns":4.0},{"damage":11.0,"enemies":"3 Louse","floor":13.0,"turns":3.0},{"damage":0.0,"enemies":"Lagavulin","floor":14.0,"turns":3.0},{"damage":0.0,"enemies":"Slime Boss","floor":16.0,"turns":3.0},{"damage":2.0,"enemies":"Shell Parasite","floor":18.0,"turns":2.0},{"damage":6.0,"enemies":"Spheric Guardian","floor":21.0,"turns":3.0},{"damage":20.0,"enemies":"Slavers","floor":23.0,"turns":5.0},{"damage":3.0,"enemies":"Book of Stabbing","floor":25.0,"turns":3.0},{"damage":1.0,"enemies":"Slavers","floor":27.0,"turns":5.0},{"damage":5.0,"enemies":"Snake Plant","floor":28.0,"turns":4.0},{"damage":0.0,"enemies":"Chosen and Byrds","floor":31.0,"turns":4.0},{"damage":0.0,"enemies":"Automaton","floor":33.0,"turns":6.0},{"damage":0.0,"enemies":"Orb Walker","floor":35.0,"turns":1.0},{"damage":0.0,"enemies":"3 Shapes","floor":36.0,"turns":4.0},{"damage":0.0,"enemies":"Writhing Mass","floor":38.0,"turns":3.0},{"damage":0.0,"enemies":"Giant Head","floor":40.0,"turns":2.0},{"damage":3.0,"enemies":"Nemesis","floor":42.0,"turns":6.0},{"damage":0.0,"enemies":"Spire Growth","floor":45.0,"turns":3.0},{"damage":0.0,"enemies":"Giant Head","floor":46.0,"turns":3.0},{"damage":0.0,"enemies":"3 Darklings","floor":47.0,"turns":2.0},{"damage":18.0,"enemies":"4 Shapes","floor":48.0,"turns":6.0},{"damage":0.0,"enemies":"Donu and Deca","floor":50.0,"turns":11.0},{"damage":52,"enemies":"Shield and Spear","floor":54,"turns":7},{"damage":134,"enemies":"The Heart","floor":55,"turns":6}],"seed_played":"-6674551188637184510","potions_obtained":[{"floor":1.0,"key":"LiquidBronze"},{"floor":7.0,"key":"FairyPotion"},{"floor":12.0,"key":"LiquidMemories"},{"floor":16.0,"key":"BottledMiracle"},{"floor":28.0,"key":"EntropicBrew"},{"floor":38.0,"key":"Strength Potion"},{"floor":45.0,"key":"SteroidPotion"},{"floor":46.0,"key":"Ambrosia"}],"is_trial":false,"path_per_floor":["M","?","M","$","?","E","M","R","T","R","?","E","M","E","R","B",null,"M","?","?","M","T","E","$","E","T","E","M","?","R","M","R","B",null,"M","M","?","M","$","E","R","E","T","R","M","E","M","M","R","B",null,"R","$","E","B"],"character_chosen":"WATCHER","items_purchased":["EmptyFist","PreservedInsect","HandDrill","Adaptation","Bronze Scales"],"campfire_rested":0,"item_purchase_floors":[4,24,39,53,53],"current_hp_per_floor":[65,70,70,70,70,70,70,70,70,70,70,65,54,59,68,68,75,73,73,73,67,67,47,47,44,44,43,38,63,75,75,77,77,77,77,77,77,77,77,77,77,74,74,77,77,91,91,73,85,90,91,91,91,39,0,0],"gold":64,"neow_bonus":"THREE_ENEMY_KILL","is_daily":false,"chose_seed":false,"campfire_upgraded":8,"win_rate":0.0,"timestamp":1612365285,"path_taken":["M","?","M","$","?","E","M","R","T","R","?","E","?","E","R","BOSS","M","?","?","M","?","E","$","E","T","E","?","?","R","M","R","BOSS","M","M","?","M","$","E","R","E","T","R","?","E","M","M","R","BOSS","R","$","E","BOSS"],"items_purchased_type":["Card","Relic","Relic","Card","Relic"],"build_version":"2020-12-22","purchased_purges":3,"victory":false,"max_hp_per_floor":[72,77,77,77,77,77,77,77,77,77,77,77,77,77,77,77,77,77,77,77,77,77,77,77,77,77,77,77,77,77,77,77,77,77,77,77,77,77,77,77,77,77,77,77,77,91,91,91,91,91,91,91,91,91,91,91],"card_choices":[{"not_picked":["Halt","FollowUp"],"picked":"SandsOfTime","floor":1.0},{"not_picked":["PathToVictory","BowlingBash"],"picked":"FlurryOfBlows","floor":3.0},{"not_picked":["FollowUp","BattleHymn"],"picked":"FlurryOfBlows","floor":6.0},{"not_picked":["ForeignInfluence","ClearTheMind"],"picked":"FollowUp","floor":7.0},{"not_picked":["Indignation","EmptyFist"],"picked":"DeusExMachina","floor":12.0},{"not_picked":["EmptyBody","WaveOfTheHand"],"picked":"Pray","floor":13.0},{"not_picked":["SandsOfTime","WindmillStrike"],"picked":"CrushJoints","floor":14.0},{"not_picked":["Blasphemy","Alpha"],"picked":"Scrawl","floor":16.0},{"not_picked":["CrushJoints","Consecrate"],"picked":"Prostrate","floor":18.0},{"not_picked":["ReachHeaven","Study","ForeignInfluence"],"picked":"SKIP","floor":21.0},{"not_picked":["Protect","BattleHymn","CutThroughFate"],"picked":"SKIP","floor":23.0},{"not_picked":["Protect","BattleHymn","CutThroughFate"],"picked":"SKIP","floor":23.0},{"not_picked":["ConjureBlade","SashWhip+1"],"picked":"Halt","floor":25.0},{"not_picked":["CrushJoints","FlurryOfBlows+1"],"picked":"Sanctity","floor":27.0},{"not_picked":["Evaluate","Protect"],"picked":"Worship","floor":28.0},{"not_picked":["SashWhip+1","ClearTheMind+1","Worship"],"picked":"SKIP","floor":31.0},{"not_picked":["Wish","DeusExMachina"],"picked":"Vault","floor":33.0},{"not_picked":["Fasting2"],"picked":"SKIP","floor":35.0},{"not_picked":[],"picked":"WheelKick","floor":36.0},{"not_picked":["Prostrate+1"],"picked":"SKIP","floor":38.0},{"not_picked":["FlyingSleeves"],"picked":"SKIP","floor":40.0},{"not_picked":["ThirdEye+1"],"picked":"SKIP","floor":42.0},{"not_picked":["Weave+1"],"picked":"SKIP","floor":45.0},{"not_picked":[],"picked":"Protect+1","floor":46.0},{"not_picked":["Evaluate+1"],"picked":"SKIP","floor":47.0},{"not_picked":["EmptyFist"],"picked":"SKIP","floor":48.0},{"not_picked":[],"picked":"Crescendo","floor":54}],"player_experience":413639,"relics_obtained":[{"floor":6.0,"key":"Toy Ornithopter"},{"floor":9.0,"key":"Dream Catcher"},{"floor":12.0,"key":"Eternal Feather"},{"floor":14.0,"key":"Gambling Chip"},{"floor":22.0,"key":"Thread and Needle"},{"floor":23.0,"key":"WingedGreaves"},{"floor":25.0,"key":"FossilizedHelix"},{"floor":26.0,"key":"Kunai"},{"floor":27.0,"key":"Calipers"},{"floor":40.0,"key":"Orichalcum"},{"floor":42.0,"key":"Mummified Hand"},{"floor":46.0,"key":"Mango"},{"floor":54,"key":"Blue Candle"}],"event_choices":[{"damage_healed":0.0,"max_hp_gain":5.0,"max_hp_loss":0.0,"gold_gain":0.0,"event_name":"Big Fish","player_choice":"Donut","floor":2.0,"gold_loss":0.0,"damage_taken":0.0},{"damage_healed":0.0,"max_hp_gain":0.0,"max_hp_loss":0.0,"gold_gain":0.0,"event_name":"Living Wall","player_choice":"Grow","floor":5.0,"gold_loss":0.0,"damage_taken":0.0,"cards_upgraded":["Eruption"]},{"damage_healed":0.0,"max_hp_gain":0.0,"max_hp_loss":0.0,"gold_gain":0.0,"event_name":"Upgrade Shrine","player_choice":"Upgraded","floor":11.0,"gold_loss":0.0,"damage_taken":0.0,"cards_upgraded":["Vigilance"]},{"damage_healed":0.0,"max_hp_gain":0.0,"max_hp_loss":0.0,"gold_gain":0.0,"event_name":"The Mausoleum","player_choice":"Opened","floor":19.0,"gold_loss":0.0,"damage_taken":0.0,"relics_obtained":["Smiling Mask"]},{"damage_healed":0.0,"max_hp_gain":0.0,"max_hp_loss":0.0,"gold_gain":0.0,"event_name":"Addict","player_choice":"Obtained Relic","floor":20.0,"gold_loss":85.0,"damage_taken":0.0,"relics_obtained":["Yang"]},{"damage_healed":25.0,"max_hp_gain":0.0,"max_hp_loss":0.0,"gold_gain":0.0,"event_name":"The Library","player_choice":"Heal","floor":29.0,"gold_loss":0.0,"damage_taken":0.0},{"damage_healed":0.0,"max_hp_gain":0.0,"max_hp_loss":0.0,"gold_gain":0.0,"event_name":"WeMeetAgain","player_choice":"Gave Potion","floor":37.0,"gold_loss":0.0,"damage_taken":0.0,"relics_obtained":["TungstenRod"]}],"is_beta":false,"boss_relics":[{"not_picked":["Tiny House","Velvet Choker"],"picked":"Coffee Dripper"},{"not_picked":["Fusion Hammer","Sozu"],"picked":"Busted Crown"}],"items_purged_floors":[4,24,39],"is_endless":false,"potions_floor_spawned":[1,7,12,16,21,25,27,28,38,45,46,48],"killed_by":"The Heart","ascension_level":6}}