{"host":"vv4pm74vrxtrj1uw","time":1612352973,"event":{"mods":["Act Like it!","BaseMod","Minty Spire (QoL Compilation)","Rare Cards Sparkle","Spicy Shops","StSLib"],"gold_per_floor":[118,118,118,136,147,177,177,210,260,279,291,301,301,315,315,419,419,435,435,360,207,227,227,241,241,241],"floor_reached":25,"language":"ZHS","playtime":803,"items_purged":[],"score":226,"play_id":"5825dafa-31ed-4175-a792-9d3b4e14f88a","local_time":"20210203194933","is_ascension_mode":true,"campfire_choices":[{"data":"Searing Blow","floor":7.0,"key":"SMITH"},{"data":"Searing Blow+1","floor":13.0,"key":"SMITH"},{"floor":15.0,"key":"REST"},{"data":"Searing Blow+2","floor":23,"key":"SMITH"}],"circlet_count":0,"master_deck":["Strike_R","Strike_R","Strike_R","Defend_R","Defend_R","Defend_R","Defend_R","Bash","Berserk+1","Twin Strike","Pommel Strike","Rampage","Searing Blow+3","Armaments","Cleave","Offering","Demon Form","J.A.X.","True Grit"],"relics":["Burning Blood","Letter Opener","Potion Belt","Omamori","Empty Cage","Pen Nib"],"acts_visited":["Exordium","TheCity"],"potions_floor_usage":[],"damage_taken":[{"damage":0.0,"enemies":"2 Louse","floor":1.0,"turns":2.0},{"damage":3.0,"enemies":"Jaw Worm","floor":4.0,"turns":3.0},{"damage":15.0,"enemies":"Cultist","floor":5.0,"turns":4.0},{"damage":16.0,"enemies":"Gremlin Nob","floor":6.0,"turns":3.0},{"damage":20.0,"enemies":"Lagavulin","floor":8.0,"turns":4.0},{"damage":16.0,"enemies":"Gremlin Gang","floor":10.0,"turns":5.0},{"damage":5.0,"enemies":"Looter","floor":11.0,"turns":2.0},{"damage":4.0,"enemies":"3 Louse","floor":12.0,"turns":4.0},{"damage":23.0,"enemies":"Large Slime","floor":14.0,"turns":5.0},{"damage":30.0,"enemies":"The Guardian","floor":16.0,"turns":9.0},{"damage":28.0,"enemies":"3 Byrds","floor":18.0,"turns":6.0},{"damage":39,"enemies":"2 Thieves","floor":22,"turns":5},{"damage":17,"enemies":"Snake Plant","floor":24,"turns":2},{"damage":14,"enemies":"Shelled Parasite and Fungi","floor":25,"turns":2}],"seed_played":"-4895343816666587098","potions_obtained":[{"floor":5.0,"key":"Fire Potion"},{"floor":6.0,"key":"Ancient Potion"},{"floor":8.0,"key":"LiquidMemories"},{"floor":10.0,"key":"Dexterity Potion"},{"floor":12.0,"key":"LiquidBronze"},{"floor":14.0,"key":"Weak Potion"},{"floor":24,"key":"SneckoOil"}],"is_trial":false,"path_per_floor":["M","?","?","M","M","E","R","E","T","M","M","M","R","M","R","B",null,"M","?","?","$","M","R","M","M"],"character_chosen":"IRONCLAD","items_purchased":["Pen Nib"],"campfire_rested":1,"item_purchase_floors":[21],"current_hp_per_floor":[80,80,80,80,71,61,61,47,47,37,38,40,40,23,47,23,80,58,58,58,58,25,25,14,0,0],"gold":241,"neow_bonus":"ONE_RANDOM_RARE_CARD","is_daily":false,"chose_seed":false,"campfire_upgraded":3,"win_rate":0.0,"timestamp":1612352973,"path_taken":["M","?","?","M","M","E","R","E","T","?","?","M","R","M","R","BOSS","M","?","?","$","M","R","M","M"],"items_purchased_type":["Relic"],"build_version":"2020-12-22","purchased_purges":0,"victory":false,"max_hp_per_floor":[80,80,80,80,80,80,80,80,80,80,80,80,80,80,80,80,80,80,80,80,80,80,80,80,80,80],"card_choices":[{"not_picked":["Heavy Blade","Intimidate"],"picked":"Twin Strike","floor":1.0},{"not_picked":["Disarm","Flame Barrier"],"picked":"Pommel Strike","floor":4.0},{"not_picked":["Headbutt","Thunderclap"],"picked":"Rampage","floor":5.0},{"not_picked":["Seeing Red","Dual Wield"],"picked":"Searing Blow","floor":6.0},{"not_picked":["Spot Weakness","Twin Strike"],"picked":"Armaments","floor":8.0},{"not_picked":["Hemokinesis","Bloodletting","Havoc"],"picked":"SKIP","floor":10.0},{"not_picked":["Clothesline","Havoc","Rupture"],"picked":"SKIP","floor":11.0},{"not_picked":["Infernal Blade","Shockwave"],"picked":"Cleave","floor":12.0},{"not_picked":["Dark Embrace","Seeing Red"],"picked":"Offering","floor":14.0},{"not_picked":["Brutality","Limit Break"],"picked":"Demon Form","floor":16.0},{"not_picked":["Sword Boomerang","Cleave","Body Slam"],"picked":"SKIP","floor":18.0},{"not_picked":["Sword Boomerang","True Grit","Havoc"],"picked":"SKIP","floor":22},{"not_picked":["Seeing Red","Clothesline+1"],"picked":"True Grit","floor":24}],"player_experience":162028,"relics_obtained":[{"floor":6.0,"key":"Letter Opener"},{"floor":8.0,"key":"Potion Belt"},{"floor":9.0,"key":"Omamori"}],"event_choices":[{"damage_healed":0.0,"max_hp_gain":0.0,"max_hp_loss":0.0,"gold_gain":0.0,"event_name":"Living Wall","player_choice":"Grow","floor":2.0,"gold_loss":0.0,"damage_taken":0.0,"cards_upgraded":["Berserk"]},{"damage_healed":0.0,"max_hp_gain":0.0,"max_hp_loss":0.0,"gold_gain":0.0,"event_name":"Wheel of Change","player_choice":"Cursed","floor":3.0,"gold_loss":0.0,"damage_taken":0.0,"cards_obtained":["Decay"]},{"damage_healed":0.0,"max_hp_gain":0.0,"max_hp_loss":0.0,"gold_gain":0.0,"event_name":"Drug Dealer","player_choice":"Obtain J.A.X.","floor":19.0,"gold_loss":0.0,"damage_taken":0.0,"cards_obtained":["J.A.X."]},{"cards_removed":["Strike_R"],"damage_healed":0.0,"max_hp_gain":0.0,"max_hp_loss":0.0,"gold_gain":0.0,"event_name":"Beggar","player_choice":"Gave Gold","floor":20.0,"gold_loss":75.0,"damage_taken":0.0}],"is_beta":false,"boss_relics":[{"not_picked":["Ectoplasm","Coffee Dripper"],"picked":"Empty Cage"}],"items_purged_floors":[],"is_endless":false,"potions_floor_spawned":[5,6,8,10,12,14,24],"killed_by":"Shelled Parasite and Fungi","ascension_level":1}}