{"host":"dzit4ljil6490tuf","time":1612316351,"event":{"mods":["BaseMod","Downfall","Hermit","Hubris","Minty Spire (QoL Compilation)","StSLib","The Cursed","The Runesmith","The Servant 0.9.4"],"gold_per_floor":[99,114,129,144,103,133,158,158,188,188,23,53,68,83,98,198,198,198,213,228,243,223,238,263,33,33,63,63,78,78,93,108,208,208,208,223,238,238,253,283,358,388,403,418,118,18,18,33,48,48],"floor_reached":51,"language":"ITA","playtime":2384,"items_purged":[],"score":1278,"play_id":"60f15a45-7a44-470e-a1a6-a5520157e10e","local_time":"20210203023911","daily_mods":["Draft","Hoarder","downfall:Hexed"],"is_ascension_mode":false,"campfire_choices":[{"data":"Seeing Red","floor":1,"key":"SMITH"},{"data":"Perfected Strike","floor":8,"key":"SMITH"},{"data":"Berserk","floor":18,"key":"SMITH"},{"data":"Berserk","floor":28,"key":"SMITH"},{"data":"Limit Break","floor":35,"key":"SMITH"},{"floor":46,"key":"REST"}],"circlet_count":0,"master_deck":["Thunderclap","Thunderclap","Thunderclap","Sword Boomerang","Sword Boomerang","Sword Boomerang","Wild Strike","Wild Strike","Wild Strike","hubris:ReadiedAction","hubris:ReadiedAction","hubris:ReadiedAction","Twin Strike","Twin Strike","Twin Strike","Seeing Red","Seeing Red","Seeing Red+1","Shockwave","Shockwave","Shockwave","Pommel Strike","Pommel Strike","Pommel Strike","Perfected Strike+1","Perfected Strike","Perfected Strike","Thunderclap","Thunderclap","Thunderclap","Flex","Flex+1","Flex","Iron Wave","Iron Wave","Iron Wave","Iron Wave","Iron Wave","Iron Wave","Shrug It Off","Shrug It Off","Shrug It Off","Metallicize","Metallicize","Metallicize","Ghostly Armor+1","Ghostly Armor","Ghostly Armor","Clothesline","Clothesline","Clothesline","Cleave","Cleave","Cleave","Feed","Feed","Feed","hubris:StunningStrike","hubris:StunningStrike","hubris:StunningStrike","Uppercut","Uppercut","Uppercut","Armaments","Armaments","Armaments","Feed","Feed","Feed","Berserk","Berserk+1","Berserk+1","Armaments+1","Armaments+1","Armaments+1","Inflame","Inflame","Inflame","Fire Breathing","Fire Breathing","Fire Breathing","Writhe","Writhe","Writhe","Limit Break+1","Limit Break","Limit Break","CurseOfTheBell","CurseOfTheBell","CurseOfTheBell","Perfected Strike+1","Perfected Strike+1","Perfected Strike+1","Flame Barrier+1","Flame Barrier+1","Flame Barrier+1"],"relics":["Burning Blood","Velvet Choker","Magic Flower","Akabeko","Question Card","hubris:ChampionShield","Bag of Preparation","War Paint","SlaversCollar","champ:DuelingGlove","Lantern","Centennial Puzzle","PreservedInsect","Shuriken","Slimebound:StickyStick","Calling Bell","Tiny Chest","hubris:DeckOfHolding","FossilizedHelix","Girya","Runesmith:AutoHammer","Darkstone Periapt","TungstenRod","Incense Burner","downfall:HeartBlessingGreen"],"acts_visited":["Exordium","TheCity","TheBeyond"],"potions_floor_usage":[20,20,22,43,44],"damage_taken":[{"damage":0,"enemies":"Cultist","floor":2,"turns":2},{"damage":0,"enemies":"2 Louse","floor":3,"turns":3},{"damage":0,"enemies":"Jaw Worm","floor":4,"turns":1},{"damage":0,"enemies":"downfall:FleeingMerchant","floor":5,"turns":4},{"damage":0,"enemies":"Gremlin Nob","floor":6,"turns":2},{"damage":1,"enemies":"3 Sentries","floor":9,"turns":4},{"damage":0,"enemies":"downfall:FleeingMerchant","floor":11,"turns":4},{"damage":0,"enemies":"Gremlin Nob","floor":12,"turns":1},{"damage":11,"enemies":"Large Slime","floor":13,"turns":8},{"damage":0,"enemies":"Red Slaver","floor":14,"turns":1},{"damage":0,"enemies":"Lots of Slimes","floor":15,"turns":1},{"damage":19,"enemies":"The Guardian","floor":16,"turns":10},{"damage":0,"enemies":"Spheric Guardian","floor":19,"turns":1},{"damage":10,"enemies":"Sentry and Sphere","floor":20,"turns":3},{"damage":4,"enemies":"Cultist and Chosen","floor":21,"turns":4},{"damage":0,"enemies":"downfall:FleeingMerchant","floor":22,"turns":2},{"damage":10,"enemies":"Chosen and Byrds","floor":23,"turns":3},{"damage":0,"enemies":"Book of Stabbing","floor":27,"turns":2},{"damage":10,"enemies":"Sentry and Sphere","floor":29,"turns":3},{"damage":9,"enemies":"Centurion and Healer","floor":31,"turns":4},{"damage":12,"enemies":"Shelled Parasite and Fungi","floor":32,"turns":3},{"damage":43,"enemies":"IC_MUSHROOM_ARCHETYPE","floor":33,"turns":4},{"damage":1,"enemies":"3 Shapes","floor":36,"turns":4},{"damage":6,"enemies":"3 Darklings","floor":37,"turns":4},{"damage":62,"enemies":"2 Orb Walkers","floor":39,"turns":6},{"damage":33,"enemies":"Nemesis","floor":40,"turns":3},{"damage":31,"enemies":"Reptomancer","floor":42,"turns":6},{"damage":0,"enemies":"Spire Growth","floor":43,"turns":4},{"damage":22,"enemies":"4 Shapes","floor":44,"turns":6},{"damage":26,"enemies":"Sphere and 2 Shapes","floor":48,"turns":5},{"damage":31,"enemies":"Spire Growth","floor":49,"turns":4},{"damage":0,"enemies":"SI_POISON_ARCHETYPE","floor":50,"turns":7}],"seed_played":"4031875728642390749","potions_obtained":[{"floor":3,"key":"champ:CounterPotion"},{"floor":9,"key":"AttackPotion"},{"floor":13,"key":"SmokeBomb"},{"floor":15,"key":"BlessingOfTheForge"},{"floor":20,"key":"Fruit Juice"},{"floor":23,"key":"Fire Potion"},{"floor":42,"key":"Regen Potion"},{"floor":43,"key":"Dexterity Potion"}],"is_trial":false,"path_per_floor":["R","M","M","M","$","E","T","R","E","?","$","E","M","M","M","B",null,"R","M","M","M","$","M","T","$","T","E","R","M","?","M","M","B",null,"R","M","M","$","?","E","T","E","M","M","$","R","$","M","M","B",null],"character_chosen":"IRONCLAD","items_purchased":["Clothesline","Bag of Preparation","Strength Potion","champ:DuelingGlove","Inflame","Centennial Puzzle","Incense Burner"],"campfire_rested":1,"item_purchase_floors":[5,11,22,22,25,25,45],"current_hp_per_floor":[80,80,80,80,80,80,80,80,80,77,80,80,86,86,86,81,89,89,92,103,106,110,112,112,112,112,113,113,115,115,115,117,83,119,119,122,122,122,74,50,50,34,62,59,59,99,99,92,70,84],"gold":48,"neow_bonus":"","is_daily":true,"chose_seed":false,"campfire_upgraded":5,"win_rate":0.0,"timestamp":1612316351,"path_taken":["R","M","M","?","$","E","T","R","E","?","?","E","M","?","M","BOSS","R","M","M","M","?","M","T","$","?","E","R","M","?","?","M","BOSS","R","M","M","$","?","E","T","E","M","M","$","R","$","M","M","BOSS"],"items_purchased_type":["Card","Relic","Potion","Relic","Card","Relic","Relic"],"build_version":"2020-12-22","purchased_purges":0,"victory":true,"max_hp_per_floor":[80,80,80,80,80,80,80,80,80,80,80,80,86,86,86,89,89,89,92,103,106,110,113,113,113,113,113,113,116,116,116,119,119,119,119,122,122,122,125,125,125,129,129,135,135,135,135,141,141,144],"card_choices":[{"not_picked":["Uppercut","Combust"],"picked":"Thunderclap","floor":0},{"not_picked":["Evolve","hubris:SharpeningStone"],"picked":"Sword Boomerang","floor":0},{"not_picked":["Dropkick","Combust"],"picked":"Wild Strike","floor":0},{"not_picked":["Heavy Blade","Thunderclap"],"picked":"hubris:ReadiedAction","floor":0},{"not_picked":["Perfected Strike","Pommel Strike"],"picked":"Twin Strike","floor":0},{"not_picked":["Reckless Charge","Battle Trance"],"picked":"Seeing Red","floor":0},{"not_picked":["Anger","Thunderclap"],"picked":"Shockwave","floor":0},{"not_picked":["Headbutt","Twin Strike"],"picked":"Pommel Strike","floor":0},{"not_picked":["hubris:ReadiedAction","True Grit"],"picked":"Perfected Strike","floor":0},{"not_picked":["Wild Strike","Battle Trance"],"picked":"Thunderclap","floor":0},{"not_picked":["Dual Wield","Headbutt"],"picked":"Flex","floor":0},{"not_picked":["Body Slam","Havoc"],"picked":"Iron Wave","floor":0},{"not_picked":["Whirlwind","Disarm"],"picked":"Iron Wave","floor":0},{"not_picked":["Wild Strike","Clothesline"],"picked":"Shrug It Off","floor":0},{"not_picked":["Fire Breathing","Wild Strike"],"picked":"Metallicize","floor":0},{"not_picked":["Havoc","Heavy Blade"],"picked":"Ghostly Armor","floor":2},{"not_picked":["Wild Strike","True Grit","Thunderclap"],"picked":"SKIP","floor":3},{"not_picked":["Evolve","Warcry","Hemokinesis"],"picked":"SKIP","floor":4},{"not_picked":["Shrug It Off","Feel No Pain","Evolve"],"picked":"SKIP","floor":5},{"not_picked":["Disarm","Twin Strike"],"picked":"Cleave","floor":6},{"not_picked":["Infernal Blade","Warcry"],"picked":"Feed","floor":9},{"not_picked":["Body Slam","Headbutt","Feel No Pain"],"picked":"hubris:StunningStrike","floor":11},{"not_picked":["Twin Strike","Searing Blow","Warcry"],"picked":"Uppercut","floor":12},{"not_picked":["Fire Breathing","Sword Boomerang","Twin Strike"],"picked":"Armaments","floor":13},{"not_picked":["Metallicize","Brutality","Headbutt","Armaments"],"picked":"SKIP","floor":14},{"not_picked":["Twin Strike","Shrug It Off","Sword Boomerang"],"picked":"Feed","floor":15},{"not_picked":["Impervious","Exhume","Juggernaut"],"picked":"Berserk","floor":16},{"not_picked":["Flex+1","Clothesline+1","Heavy Blade"],"picked":"Armaments+1","floor":19},{"not_picked":["Havoc","Shrug It Off","Armaments","Searing Blow"],"picked":"SKIP","floor":20},{"not_picked":["Clash","True Grit+1","Evolve","Bludgeon"],"picked":"SKIP","floor":21},{"not_picked":["Clothesline+1","Sword Boomerang","Flex","Havoc"],"picked":"SKIP","floor":22},{"not_picked":["Anger+1","Clash","Thunderclap","Warcry"],"picked":"SKIP","floor":23},{"not_picked":["Power Through","Sword Boomerang","Clothesline"],"picked":"Fire Breathing","floor":27},{"not_picked":["Heavy Blade+1","Bloodletting+1","Disarm","Headbutt"],"picked":"SKIP","floor":29},{"not_picked":["Metallicize","Battle Trance","Rupture+1","Sentinel"],"picked":"SKIP","floor":31},{"not_picked":["Sever Soul","Heavy Blade","Seeing Red","Sword Boomerang"],"picked":"SKIP","floor":32},{"not_picked":["Reaper","Juggernaut","Feed"],"picked":"Limit Break","floor":33},{"not_picked":["Flex+1","Warcry+1","Hemokinesis","Feel No Pain+1"],"picked":"SKIP","floor":36},{"not_picked":["Clash","Cleave","Headbutt+1"],"picked":"Perfected Strike+1","floor":37},{"not_picked":["Wild Strike","Sword Boomerang","Body Slam","Berserk"],"picked":"SKIP","floor":40},{"not_picked":["Disarm","Headbutt+1","Wild Strike","Berserk"],"picked":"SKIP","floor":42},{"not_picked":["Intimidate","Warcry+1","Battle Trance+1"],"picked":"Flame Barrier+1","floor":43},{"not_picked":["Sword Boomerang","Wild Strike+1","Havoc+1","Cleave+1"],"picked":"SKIP","floor":44},{"not_picked":["hubris:ReadiedAction+1","Body Slam","True Grit+1","Perfected Strike+1"],"picked":"SKIP","floor":48},{"not_picked":["Feel No Pain","Reckless Charge","Thunderclap","Searing Blow"],"picked":"SKIP","floor":49}],"player_experience":619273,"relics_obtained":[{"floor":6,"key":"Magic Flower"},{"floor":7,"key":"Akabeko"},{"floor":9,"key":"Question Card"},{"floor":12,"key":"War Paint"},{"floor":24,"key":"Lantern"},{"floor":26,"key":"PreservedInsect"},{"floor":27,"key":"Shuriken"},{"floor":34,"key":"Tiny Chest"},{"floor":34,"key":"hubris:DeckOfHolding"},{"floor":34,"key":"FossilizedHelix"},{"floor":39,"key":"Girya"},{"floor":40,"key":"Runesmith:AutoHammer"},{"floor":41,"key":"Darkstone Periapt"},{"floor":42,"key":"TungstenRod"}],"event_choices":[{"damage_healed":0,"gold_gain":0,"player_choice":"Success","damage_taken":3,"relics_obtained":["hubris:ChampionShield"],"max_hp_gain":0,"max_hp_loss":0,"event_name":"Scrap Ooze","floor":10,"gold_loss":0},{"damage_healed":0,"gold_gain":0,"player_choice":"Fight","damage_taken":0,"max_hp_gain":0,"max_hp_loss":0,"event_name":"Mysterious Sphere","floor":39,"gold_loss":0}],"is_beta":false,"boss_relics":[{"not_picked":["Snecko Eye","hubris:BlackHole"],"picked":"SlaversCollar"},{"not_picked":["Runesmith:UraniumAnvil","hubris:TerracottaHorce"],"picked":"Calling Bell"}],"items_purged_floors":[],"is_endless":false,"potions_floor_spawned":[3,9,13,15,19,20,23,27,37,39,42,43],"ascension_level":0}}