{"host":"ypzb5vvnu9f3ii1t","time":1612371612,"event":{"mods":["AchievementEnabler","BaseMod","Colored Map","DeckTracker","Keyboard Shortcuts","Minty Spire (QoL Compilation)","Permanent Neow","Quick Restart","SuperFastMode"],"gold_per_floor":[119,119,194,214,93,93,118,46,71,98,98,98,124,136,136,237,237,249,259,184,184,201,201,211,211,235,235,252,67,67,29,29,29,29],"floor_reached":33,"language":"KOR","playtime":932,"items_purged":[],"score":351,"play_id":"a8b330c0-d51e-4f71-bd81-e1b4ce1807e6","local_time":"20210204020012","is_ascension_mode":true,"campfire_choices":[{"data":"Immolate","floor":6.0,"key":"SMITH"},{"floor":15.0,"key":"REST"},{"data":"Fire Breathing","floor":23.0,"key":"SMITH"},{"floor":25.0,"key":"REST"},{"data":"Fire Breathing","floor":30,"key":"SMITH"},{"data":"Fire Breathing","floor":32,"key":"SMITH"}],"circlet_count":0,"master_deck":["Strike_R","Strike_R+1","Strike_R","Strike_R","Defend_R","Defend_R","Defend_R","Defend_R","Bash","Immolate+1","Pommel Strike","Wild Strike+1","Disarm","Fire Breathing+1","Immolate","Immolate","Fire Breathing+1","Fire Breathing+1","Immolate","Shrug It Off+1","Wild Strike"],"relics":["Burning Blood","Ornamental Fan","Omamori","Darkstone Periapt","The Courier","Art of War","Mark of Pain","Bronze Scales","Orrery"],"acts_visited":["Exordium","TheCity"],"potions_floor_usage":[33,33,33],"damage_taken":[{"damage":0.0,"enemies":"Small Slimes","floor":1.0,"turns":2.0},{"damage":0.0,"enemies":"2 Louse","floor":4.0,"turns":1.0},{"damage":30.0,"enemies":"3 Sentries","floor":7.0,"turns":3.0},{"damage":20.0,"enemies":"Gremlin Nob","floor":10.0,"turns":4.0},{"damage":38.0,"enemies":"Lagavulin","floor":13.0,"turns":5.0},{"damage":2.0,"enemies":"Jaw Worm","floor":14.0,"turns":3.0},{"damage":4.0,"enemies":"Slime Boss","floor":16.0,"turns":6.0},{"damage":3.0,"enemies":"Chosen","floor":18.0,"turns":4.0},{"damage":11.0,"enemies":"Spheric Guardian","floor":19.0,"turns":3.0},{"damage":9.0,"enemies":"Centurion and Healer","floor":22.0,"turns":2.0},{"damage":24.0,"enemies":"Chosen and Byrds","floor":24.0,"turns":4.0},{"damage":16,"enemies":"3 Cultists","floor":28,"turns":3},{"damage":84,"enemies":"Champ","floor":33,"turns":7}],"seed_played":"2631137640472567714","potions_obtained":[{"floor":1.0,"key":"GamblersBrew"},{"floor":14.0,"key":"LiquidMemories"},{"floor":22.0,"key":"Energy Potion"},{"floor":28,"key":"Ancient Potion"}],"is_trial":false,"path_per_floor":["M","$","?","M","$","R","E","$","T","E","?","?","E","M","R","B",null,"M","M","?","?","M","R","M","R","T","?","M","$","R","$","R","B"],"character_chosen":"IRONCLAD","items_purchased":["FairyPotion","Wild Strike","Fire Breathing","Fire Breathing","BloodPotion","Orrery","Wild Strike"],"campfire_rested":2,"item_purchase_floors":[5,5,8,29,29,29,31],"current_hp_per_floor":[80,80,69,75,75,75,51,51,51,37,37,21,30,34,58,60,75,78,73,73,73,70,70,52,76,76,76,66,66,66,66,66,0,0],"gold":29,"neow_bonus":"ONE_RANDOM_RARE_CARD","is_daily":false,"chose_seed":false,"campfire_upgraded":4,"win_rate":0.0,"timestamp":1612371612,"path_taken":["M","$","?","M","$","R","E","$","T","E","?","?","E","?","R","BOSS","M","M","?","?","?","R","M","R","T","?","M","$","R","$","R","BOSS"],"items_purchased_type":["Potion","Card","Card","Card","Potion","Relic","Card"],"build_version":"2020-12-22","purchased_purges":0,"victory":false,"max_hp_per_floor":[80,80,80,80,80,80,80,80,80,80,80,80,80,80,80,80,80,80,80,80,80,80,80,80,80,80,80,80,80,80,80,80,80,80],"card_choices":[{"not_picked":["Battle Trance","Anger","Clothesline"],"picked":"SKIP","floor":1.0},{"not_picked":["Iron Wave","Thunderclap"],"picked":"Pommel Strike","floor":4.0},{"not_picked":["Cleave","Reckless Charge"],"picked":"Disarm","floor":7.0},{"not_picked":["Warcry","Heavy Blade","Clash"],"picked":"SKIP","floor":10.0},{"not_picked":["Carnage","Pommel Strike"],"picked":"Immolate","floor":13.0},{"not_picked":["Perfected Strike","Clothesline","Searing Blow"],"picked":"SKIP","floor":14.0},{"not_picked":["Double Tap","Reaper"],"picked":"Immolate","floor":16.0},{"not_picked":["Flex+1","Sword Boomerang","Headbutt"],"picked":"SKIP","floor":18.0},{"not_picked":["Headbutt","Clash","Searing Blow"],"picked":"SKIP","floor":19.0},{"not_picked":["Dropkick","Spot Weakness","Anger"],"picked":"SKIP","floor":22.0},{"not_picked":["Hemokinesis","Whirlwind","Rupture+1"],"picked":"SKIP","floor":24.0},{"not_picked":["Disarm","Cleave","Feel No Pain"],"picked":"SKIP","floor":28},{"not_picked":["Sword Boomerang+1","Clash+1"],"picked":"Immolate","floor":29},{"not_picked":["Clash+1","Berserk"],"picked":"Shrug It Off+1","floor":29}],"player_experience":169829,"relics_obtained":[{"floor":7.0,"key":"Ornamental Fan"},{"floor":9.0,"key":"Omamori"},{"floor":10.0,"key":"Darkstone Periapt"},{"floor":13.0,"key":"Art of War"},{"floor":26.0,"key":"Bronze Scales"}],"event_choices":[{"damage_healed":0.0,"max_hp_gain":0.0,"max_hp_loss":0.0,"gold_gain":75.0,"event_name":"World of Goop","player_choice":"Gather Gold","floor":3.0,"gold_loss":0.0,"damage_taken":11.0},{"damage_healed":0.0,"max_hp_gain":0.0,"max_hp_loss":0.0,"gold_gain":0.0,"event_name":"Big Fish","player_choice":"Box","floor":11.0,"gold_loss":0.0,"damage_taken":0.0,"relics_obtained":["The Courier"],"cards_obtained":["Regret"]},{"damage_healed":0.0,"max_hp_gain":0.0,"max_hp_loss":0.0,"gold_gain":0.0,"event_name":"Shining Light","player_choice":"Entered Light","floor":12.0,"gold_loss":0.0,"damage_taken":16.0,"cards_upgraded":["Wild Strike","Strike_R"]},{"cards_removed":["Strike_R"],"damage_healed":0.0,"max_hp_gain":0.0,"max_hp_loss":0.0,"gold_gain":0.0,"event_name":"Beggar","player_choice":"Gave Gold","floor":20.0,"gold_loss":75.0,"damage_taken":0.0},{"damage_healed":0.0,"max_hp_gain":0.0,"max_hp_loss":0.0,"gold_gain":0.0,"event_name":"Duplicator","player_choice":"Copied","floor":21.0,"gold_loss":0.0,"damage_taken":0.0,"cards_obtained":["Fire Breathing"]},{"damage_healed":0,"gold_gain":0,"player_choice":"Bought 0 Potions","damage_taken":0,"max_hp_gain":0,"max_hp_loss":0,"event_name":"The Woman in Blue","floor":27,"gold_loss":0}],"is_beta":false,"boss_relics":[{"not_picked":["Black Blood","Runic Pyramid"],"picked":"Mark of Pain"}],"items_purged_floors":[],"is_endless":false,"potions_floor_spawned":[1,14,22,28],"killed_by":"Champ","ascension_level":5}}