{"host":"plbsiuh3vwan8ocg","time":1612384090,"event":{"mods":["BaseMod","Downfall","Minty Spire (QoL Compilation)","Quick Restart","StSLib"],"gold_per_floor":[99,99,399,399,399,299,370,402,302,317,345,345,357,357,371,473,473,473,490,147,157,45,45,45,45,55,5,5,34,34,34,49,146,146,46,59,59,71,371,371,371,375,388,407,407,418,518,232,244,244,244,244,244,244],"floor_reached":52,"language":"ENG","playtime":3840,"items_purged":["downfall:Icky","downfall:Malfunctioning"],"score":701,"play_id":"260a26ca-d099-4b62-b648-29680f003b15","local_time":"20210203152810","is_ascension_mode":false,"campfire_choices":[{"floor":1,"key":"RECALL"},{"data":"bronze:GetLatest","floor":6,"key":"SMITH"},{"data":"1","floor":9,"key":"LIFT"},{"data":"2","floor":18,"key":"LIFT"},{"floor":28,"key":"REST"},{"floor":30,"key":"REST"},{"data":"3","floor":35,"key":"LIFT"},{"data":"expansioncontent:Hexaburn","floor":45,"key":"SMITH"}],"circlet_count":0,"master_deck":["bronze:Strike","bronze:Strike","bronze:Strike","bronze:Defend","bronze:Defend","bronze:Defend","bronze:Defend","bronze:Replicate","bronze:Goto","bronze:GetLatest+1","downfall:Icky","bronze:WhirlingStrike","bronze:Frontload","bronze:GetLatest","bronze:OilSpill","bronze:Allocate","bronze:CleanCode","bronze:Deprecate","bronze:NullPointer","bronze:DelayedSlice","bronze:ChosenStrike","expansioncontent:Hexaburn+1","bronze:Mutator","bronze:FineTuning+1","bronze:ClassDefault+1","bronze:Flail+1","bronze:FindAndReplace","bronze:Shield","bronze:Repair+1","bronze:Shell+1","bronze:Optimize","bronze:FineTuning","bronze:Optimize+1","bronze:BurnOut","Decay","bronze:BurnOut","Doubt","expansioncontent:QuickStudy","bronze:MaxOutput"],"relics":["bronze:BronzeCore","downfall:HeartsMalice","downfall:HeartBlessingRed","Girya","downfall:HeartBlessingGreen","Lizard Tail","Lantern","SacredBark","Shuriken","sneckomod:BabySnecko","Juzu Bracelet","Du-Vu Doll","Empty Cage","downfall:HeartBlessingBlue","bronze:BottledCode","HornCleat","Mummified Hand","downfall:ExtraCursedKey"],"acts_visited":["Exordium","TheCity","TheBeyond","TheEnding"],"potions_floor_usage":[11,20,26,29,32,33,50,52,52],"damage_taken":[{"damage":0,"enemies":"Small Slimes","floor":2,"turns":1},{"damage":0,"enemies":"Jaw Worm","floor":5,"turns":1},{"damage":0,"enemies":"Gremlin Nob","floor":8,"turns":1},{"damage":1,"enemies":"Cultist","floor":10,"turns":2},{"damage":15,"enemies":"Lagavulin","floor":11,"turns":5},{"damage":1,"enemies":"Blue Slaver","floor":13,"turns":2},{"damage":0,"enemies":"2 Fungi Beasts","floor":15,"turns":1},{"damage":28,"enemies":"WA_ARCHETYPE_RETAIN","floor":16,"turns":5},{"damage":20,"enemies":"Spheric Guardian","floor":19,"turns":4},{"damage":2,"enemies":"downfall:FleeingMerchant","floor":20,"turns":4},{"damage":24,"enemies":"3 Byrds","floor":21,"turns":6},{"damage":3,"enemies":"downfall:FleeingMerchant","floor":22,"turns":4},{"damage":11,"enemies":"Shelled Parasite and Fungi","floor":26,"turns":5},{"damage":32,"enemies":"Gremlin Leader","floor":29,"turns":5},{"damage":28,"enemies":"Snake Plant","floor":32,"turns":3},{"damage":19,"enemies":"SI_MIRROR_ARCHETYPE","floor":33,"turns":6},{"damage":19,"enemies":"3 Darklings","floor":36,"turns":4},{"damage":5,"enemies":"3 Shapes","floor":38,"turns":3},{"damage":0,"enemies":"downfall:FleeingMerchant","floor":42,"turns":1},{"damage":25,"enemies":"Jaw Worm Horde","floor":43,"turns":4},{"damage":0,"enemies":"3 Darklings","floor":44,"turns":2},{"damage":1,"enemies":"4 Shapes","floor":46,"turns":3},{"damage":5,"enemies":"Jaw Worm Horde","floor":49,"turns":3},{"damage":20,"enemies":"IC_BLOCK_ARCHETYPE","floor":50,"turns":7},{"damage":151,"enemies":"downfall:CharBossMerchant","floor":52,"turns":7}],"seed_played":"-3030048040072321026","potions_obtained":[{"floor":4,"key":"bronze:BurnAndBuffPotion"},{"floor":4,"key":"CultistPotion"},{"floor":4,"key":"SmokeBomb"},{"floor":11,"key":"Swift Potion"},{"floor":13,"key":"Guardian:BlockOnCardUsePotion"},{"floor":15,"key":"SpeedPotion"},{"floor":16,"key":"Strength Potion"},{"floor":21,"key":"GamblersBrew"},{"floor":26,"key":"Dexterity Potion"},{"floor":29,"key":"CultistPotion"},{"floor":33,"key":"champ:CounterPotion"},{"floor":36,"key":"bronze:CleanCodePotion"},{"floor":46,"key":"LiquidMemories"}],"is_trial":false,"path_per_floor":["R","M","?","?","M","R","T","E","R","M","E","?","M","?","M","B",null,"R","M","$","M","$","?","T","?","M","?","R","E","R","?","M","B",null,"R","M","?","M","?","?","T","$","M","M","R","M","?","$","M","B",null,"E"],"character_chosen":"THE_AUTOMATON","items_purchased":["Shuriken","expansioncontent:Hexaburn","Mummified Hand","bronze:Optimize","expansioncontent:QuickStudy"],"campfire_rested":2,"item_purchase_floors":[20,22,42,42,48],"current_hp_per_floor":[70,70,70,70,70,70,70,70,70,69,54,54,53,50,50,22,70,70,50,48,24,21,21,21,21,10,38,59,27,48,48,20,1,70,80,61,61,56,56,56,56,66,49,59,59,69,74,74,70,55,75,0,0,0],"gold":244,"neow_bonus":"THREE_ENEMY_KILL","is_daily":false,"chose_seed":false,"campfire_upgraded":2,"win_rate":0.0,"timestamp":1612384090,"path_taken":["R","M","?","?","M","R","T","E","R","?","E","?","M","?","M","BOSS","R","M","$","M","$","?","T","?","?","?","R","E","R","?","M","BOSS","R","M","?","M","?","?","T","$","M","M","R","M","?","$","M","BOSS","E"],"items_purchased_type":["Relic","Card","Relic","Card","Card"],"build_version":"2020-12-22","purchased_purges":2,"victory":false,"max_hp_per_floor":[70,70,70,70,70,70,70,70,70,70,70,70,70,70,70,70,70,70,70,70,70,70,70,70,70,70,70,70,70,70,70,70,70,70,80,80,80,80,80,70,70,70,70,70,70,70,75,75,75,75,75,75,75,75],"card_choices":[{"not_picked":["bronze:OilSpill","bronze:Frontload"],"picked":"bronze:GetLatest","floor":2},{"not_picked":["bronze:Return","bronze:Safeguard"],"picked":"bronze:WhirlingStrike","floor":5},{"not_picked":["bronze:ForceShield","bronze:ThunderWave"],"picked":"bronze:Iterate","floor":8},{"not_picked":["bronze:Invalidate","bronze:Philosophize"],"picked":"bronze:Frontload","floor":10},{"not_picked":["bronze:Shield","bronze:BuggyMess"],"picked":"bronze:GetLatest","floor":11},{"not_picked":["bronze:Flail","bronze:DelayedGuard"],"picked":"bronze:OilSpill","floor":13},{"not_picked":["bronze:Return","bronze:Turbo"],"picked":"bronze:Allocate","floor":15},{"not_picked":["bronze:HyperBeam","bronze:AlphaBuild"],"picked":"bronze:CleanCode","floor":16},{"not_picked":["bronze:Iterate","bronze:Invalidate"],"picked":"bronze:Deprecate","floor":19},{"not_picked":["bronze:Iterate","bronze:Shield"],"picked":"bronze:NullPointer","floor":20},{"not_picked":["bronze:Overheat","bronze:ChildClass"],"picked":"bronze:DelayedSlice","floor":21},{"not_picked":["bronze:CutThrough","bronze:Deprecate"],"picked":"bronze:ChosenStrike","floor":22},{"not_picked":["bronze:Turbo","bronze:WhirlingStrike"],"picked":"bronze:FineTuning+1","floor":26},{"not_picked":["bronze:CloningBeam","bronze:DelayedSlice"],"picked":"bronze:ClassDefault+1","floor":29},{"not_picked":["bronze:Mutator","bronze:BronzeArmor+1"],"picked":"bronze:Flail+1","floor":32},{"not_picked":["bronze:SpaghettiCode","bronze:ThunderWave"],"picked":"bronze:FindAndReplace","floor":33},{"not_picked":["bronze:CutThrough+1","bronze:Overheat"],"picked":"bronze:Shield","floor":36},{"not_picked":["bronze:BronzeArmor+1","bronze:Turbo"],"picked":"bronze:Repair+1","floor":38},{"not_picked":["bronze:BitShift+1","bronze:ChosenStrike+1"],"picked":"bronze:Shell+1","floor":42},{"not_picked":["bronze:BronzeArmor+1","bronze:CutThrough"],"picked":"bronze:FineTuning","floor":43},{"not_picked":["bronze:BuggyMess","bronze:Return+1"],"picked":"bronze:Optimize+1","floor":44},{"not_picked":["bronze:WhirlingStrike+1","bronze:Overheat+1"],"picked":"bronze:BurnOut","floor":46},{"not_picked":["bronze:DelayedSlice","bronze:Backtrace"],"picked":"bronze:MaxOutput","floor":49}],"player_experience":506157,"relics_obtained":[{"floor":7,"key":"Blue Candle"},{"floor":8,"key":"Girya"},{"floor":11,"key":"Lizard Tail"},{"floor":29,"key":"Juzu Bracelet"},{"floor":41,"key":"HornCleat"}],"event_choices":[{"damage_healed":0,"gold_gain":0,"player_choice":"Got Potions","damage_taken":0,"max_hp_gain":0,"max_hp_loss":0,"event_name":"Lab","floor":4,"gold_loss":0},{"damage_healed":0,"gold_gain":0,"player_choice":"Success","damage_taken":3,"relics_obtained":["Lantern"],"max_hp_gain":0,"max_hp_loss":0,"event_name":"Scrap Ooze","floor":14,"gold_loss":0},{"damage_healed":0,"gold_gain":0,"player_choice":"Stole Relic","damage_taken":0,"relics_obtained":["Du-Vu Doll"],"max_hp_gain":0,"max_hp_loss":0,"event_name":"Addict","floor":31,"gold_loss":0,"cards_obtained":["Pride"]},{"cards_removed":["bronze:Iterate"],"damage_healed":0,"gold_gain":0,"player_choice":"Removed Attack","damage_taken":0,"max_hp_gain":0,"max_hp_loss":0,"event_name":"Falling","floor":37,"gold_loss":0},{"damage_healed":0,"gold_gain":300,"player_choice":"Gold","damage_taken":0,"max_hp_gain":0,"max_hp_loss":0,"event_name":"Wheel of Change","floor":39,"gold_loss":0}],"is_beta":false,"boss_relics":[{"not_picked":["Snecko Eye","bronze:MakeshiftBattery"],"picked":"SacredBark"},{"not_picked":["Astrolabe","Coffee Dripper"],"picked":"Empty Cage"}],"items_purged_floors":[20,48],"is_endless":false,"potions_floor_spawned":[11,13,15,16,21,26,29,33,36,38,46,49],"killed_by":"downfall:CharBossMerchant","ascension_level":0}}