{"host":"u7y9frlpoazak2mn","time":1612332878,"event":{"mods":["Act Like it!","Aspiration","BaseMod","Beaked The Cultist","Better Altar","Better Match","Better Note","Better Sensory Stone","Better Skull","Better Third Choice","Colored Map","Colored Powertips","Conspire","Downfall","Energized Spire","GifTheSpireLib","Googly Eyes","Halation","Hermit","Hubris","Infinite Spire","Marked Mod","Mimic Mod","Minty Spire (QoL Compilation)","Permanent Neow","Prisma Mod","Rare Cards Sparkle","Replay The Spire","StSLib","Stuff the Spire","The Construct","Waifu the Spire"],"gold_per_floor":[99,116,136,149,161,161,161,71,71,82,92,92,92,126,138,241,291,291,305,153,168,184,202,226,226,226],"floor_reached":25,"language":"ENG","playtime":1464,"items_purged":["construct:DefenseMode"],"score":217,"play_id":"b1926220-1bcd-42a9-88e7-4d0380d389e6","local_time":"20210203011438","is_ascension_mode":true,"campfire_choices":[{"data":"construct:MemoryTap","floor":1,"key":"SMITH"},{"floor":6,"key":"REST"},{"data":"construct:AttackMode","floor":12,"key":"SMITH"},{"data":"construct:AttackMode+1","floor":18,"key":"SMITH"}],"circlet_count":0,"master_deck":["construct:Strike_Gold","construct:Strike_Gold","construct:Strike_Gold+1","construct:Strike_Gold","construct:Strike_Gold","construct:Defend_Gold","construct:Defend_Gold","construct:Defend_Gold","construct:Defend_Gold","construct:AttackMode+2","construct:MemoryTap+1","construct:LaserCore","construct:Accumulate","construct:GuardCore","construct:Antimatter+1","construct:SyphonStrike","construct:ForceCore","construct:Accumulate","construct:MassProduction","construct:Autoturret","construct:ElectricArmor","StuffTheSpire:Innocence","construct:Backup"],"relics":["construct:ClockworkPhoenix","Bag of Preparation","Tiny House","Toy Ornithopter"],"acts_visited":["Exordium","TheCity"],"potions_floor_usage":[8,14,16,16,23,25],"damage_taken":[{"damage":0,"enemies":"Cultist","floor":2,"turns":3},{"damage":0,"enemies":"2 Louse","floor":3,"turns":2},{"damage":4,"enemies":"Small Slimes","floor":4,"turns":2},{"damage":14,"enemies":"Blue Slaver","floor":5,"turns":4},{"damage":10,"enemies":"downfall:FleeingMerchant","floor":8,"turns":4},{"damage":23,"enemies":"Exordium Wildlife","floor":10,"turns":5},{"damage":0,"enemies":"Large Slime","floor":11,"turns":3},{"damage":16,"enemies":"Lagavulin","floor":14,"turns":3},{"damage":12,"enemies":"3 Louse","floor":15,"turns":2},{"damage":31,"enemies":"WA_ARCHETYPE_RETAIN","floor":16,"turns":5},{"damage":38,"enemies":"3 Byrds","floor":19,"turns":4},{"damage":10,"enemies":"Sentry and Sphere","floor":21,"turns":3},{"damage":1,"enemies":"Snecko","floor":22,"turns":4},{"damage":0,"enemies":"Centurion and Healer","floor":23,"turns":3},{"damage":48,"enemies":"Gremlin Leader","floor":25,"turns":4}],"seed_played":"6437218863965973414","potions_obtained":[{"floor":3,"key":"Weak Potion"},{"floor":10,"key":"construct:MegaPotion"},{"floor":11,"key":"Energy Potion"},{"floor":15,"key":"Block Potion"},{"floor":16,"key":"Languid Potion"},{"floor":17,"key":"SpeedPotion"},{"floor":19,"key":"Swift Potion"}],"is_trial":false,"path_per_floor":["R","M","M","M","M","R","T","$","?","M","M","R","?","E","M","B",null,"R","M","?","M","M","M","T","E"],"character_chosen":"THE_CONSTRUCT_MOD","items_purchased":[],"campfire_rested":1,"item_purchase_floors":[],"current_hp_per_floor":[61,61,61,57,43,68,68,58,85,72,72,72,72,56,44,13,90,90,52,52,42,41,41,41,0,0],"gold":226,"neow_bonus":"THREE_RARE_CARDS","is_daily":false,"chose_seed":false,"campfire_upgraded":3,"win_rate":0.0,"timestamp":1612332878,"path_taken":["R","M","M","M","M","R","T","?","?","M","M","R","?","E","M","BOSS","R","M","?","M","M","M","T","E"],"items_purchased_type":[],"build_version":"2020-12-22","purchased_purges":1,"victory":false,"max_hp_per_floor":[85,85,85,85,85,85,85,85,85,85,85,85,85,85,85,85,90,90,90,90,90,90,90,90,90,90],"card_choices":[{"not_picked":["construct:Multistage","construct:ShieldGenerator"],"picked":"construct:MemoryTap","floor":0},{"not_picked":["construct:OneWayMirror","construct:SaveState","construct:Analyze"],"picked":"SKIP","floor":2},{"not_picked":["construct:PointDefense","construct:SuppressiveFire"],"picked":"construct:LaserCore","floor":3},{"not_picked":["construct:Anticipate","construct:OilSpill"],"picked":"construct:Accumulate","floor":4},{"not_picked":["construct:Construct_Overclock","construct:SuppressiveFire"],"picked":"construct:GuardCore","floor":5},{"not_picked":["construct:FierceBash","construct:Failsafe"],"picked":"construct:Antimatter","floor":8},{"not_picked":["construct:Impenetrable","construct:Reinforce"],"picked":"construct:SyphonStrike","floor":10},{"not_picked":["construct:ClusterMines","construct:LaserCore"],"picked":"construct:ForceCore","floor":11},{"not_picked":["construct:SaveState","construct:Analyze","construct:FocusedBeam"],"picked":"SKIP","floor":14},{"not_picked":["construct:Boost","construct:MemoryTap"],"picked":"construct:Accumulate","floor":15},{"not_picked":["construct:SpinDrive","construct:SiegeForm"],"picked":"construct:MassProduction","floor":16},{"not_picked":["construct:SuppressiveFire","construct:HardReboot"],"picked":"construct:Autoturret","floor":17},{"not_picked":["construct:ShiftStrike","construct:Accumulate"],"picked":"construct:ElectricArmor","floor":19},{"not_picked":["construct:Overcharge","construct:Construct_Overclock","construct:ReactiveShield"],"picked":"SKIP","floor":21},{"not_picked":["construct:ModeShift+1","construct:ClusterMines","construct:QuickAttack"],"picked":"SKIP","floor":22},{"not_picked":["construct:FierceBash","construct:ScopeCore"],"picked":"construct:Backup","floor":23}],"player_experience":389824,"relics_obtained":[{"floor":14,"key":"Bag of Preparation"},{"floor":24,"key":"Toy Ornithopter"}],"event_choices":[{"damage_healed":28,"gold_gain":0,"player_choice":"Banana","damage_taken":0,"max_hp_gain":0,"max_hp_loss":0,"event_name":"Big Fish","floor":9,"gold_loss":0}],"is_beta":false,"boss_relics":[{"not_picked":["halation:LoveArrow","Replay:Ancient Bell"],"picked":"Tiny House"}],"items_purged_floors":[8],"is_endless":false,"potions_floor_spawned":[3,10,11,15,16,19,21],"killed_by":"Gremlin Leader","ascension_level":1}}