{"host":"vyiqbz5w606ur92t","time":1612313972,"event":{"mods":["BaseMod","Downfall","Minty Spire (QoL Compilation)","StSLib"],"gold_per_floor":[99,117,137,154,254,281,281,300,333,396,476,476,168,201,212,313,313,213,233,249,249,33,53,53,81,81,113,13,45,58,69,82,177,177,77,93,106,106,118,118,118,118,146,146,146,172,172,136,155,155,155,181,52,52,52,52,52,52],"floor_reached":56,"language":"ENG","playtime":19507,"items_purged":["hexamod:Strike","hexamod:Defend","hexamod:FirstSeal"],"score":1035,"play_id":"221f6ade-ff60-49c6-9822-f526282009b9","local_time":"20210203005932","is_ascension_mode":true,"campfire_choices":[{"floor":1,"key":"RECALL"},{"floor":12,"key":"REST"},{"data":"hexamod:Float","floor":18,"key":"SMITH"},{"floor":28,"key":"REST"},{"data":"hexamod:RainOfEmbers","floor":35,"key":"SMITH"},{"data":"hexamod:ParanormalForm","floor":40,"key":"SMITH"},{"data":"hexamod:BurningTouch","floor":44,"key":"SMITH"},{"floor":54,"key":"REST"}],"circlet_count":0,"master_deck":["hexamod:Sear+1","hexamod:Float+1","hexamod:SwordOfDarkness+1","hexamod:ShieldOfDarkness","hexamod:NightmareGuise","hexamod:SuperheatedStrike+1","hexamod:SkipABeat+1","hexamod:HeatCrush+1","hexamod:Firestarter+1","hexamod:BurningTouch+1","hexamod:TimeOfNeed","hexamod:ThermalTransfer+1","hexamod:NightmareGuise+1","hexamod:RainOfEmbers+1","hexamod:HeatShield+1","hexamod:ThermalTransfer+1","hexamod:ParanormalForm+1","hexamod:Hexaguard","hexamod:DynamicBlow+1","hexamod:EmpoweredFlame+1","hexamod:ForkedFlame","hexamod:ExtraCrispy","hexamod:UnlimitedPower","expansioncontent:YouAreMine","expansioncontent:LastStand"],"relics":["Velvet Choker","The Courier","Kunai","Potion Belt","Whetstone","Vajra","Bronze Scales","hexamod:SoulOfChaos","Empty Cage","downfall:HeartBlessingBlue","Medical Kit","Slimebound:PreparedRelic","Regal Pillow","Orichalcum","downfall:HeartBlessingGreen","hexamod:TheBrokenSeal","PreservedInsect","Cursed Key","downfall:HeartBlessingRed","Smiling Mask","Strawberry","Sling","Shuriken","hexamod:InflammatoryLetter"],"acts_visited":["Exordium","TheCity","TheBeyond","TheEnding"],"potions_floor_usage":[9,10,20,23,25,25,27,29,39,50,56,56,56],"damage_taken":[{"damage":0,"enemies":"Small Slimes","floor":2,"turns":3},{"damage":3,"enemies":"2 Louse","floor":3,"turns":3},{"damage":0,"enemies":"Jaw Worm","floor":4,"turns":3},{"damage":24,"enemies":"downfall:Heads","floor":5,"turns":7},{"damage":13,"enemies":"Lagavulin","floor":6,"turns":6},{"damage":1,"enemies":"Large Slime","floor":8,"turns":3},{"damage":5,"enemies":"Gremlin Nob","floor":9,"turns":3},{"damage":5,"enemies":"3 Sentries","floor":10,"turns":6},{"damage":0,"enemies":"downfall:FleeingMerchant","floor":13,"turns":4},{"damage":10,"enemies":"3 Sentries","floor":14,"turns":4},{"damage":3,"enemies":"Exordium Thugs","floor":15,"turns":4},{"damage":17,"enemies":"SI_SHIV_ARCHETYPE","floor":16,"turns":7},{"damage":0,"enemies":"Chosen","floor":19,"turns":2},{"damage":17,"enemies":"Snake Plant","floor":20,"turns":4},{"damage":2,"enemies":"downfall:FleeingMerchant","floor":22,"turns":4},{"damage":32,"enemies":"Sentry and Sphere","floor":23,"turns":6},{"damage":10,"enemies":"Gremlin Leader","floor":25,"turns":5},{"damage":28,"enemies":"Slavers","floor":27,"turns":6},{"damage":20,"enemies":"Gremlin Leader","floor":29,"turns":7},{"damage":0,"enemies":"3 Cultists","floor":30,"turns":3},{"damage":0,"enemies":"Snake Plant","floor":31,"turns":2},{"damage":0,"enemies":"Sentry and Sphere","floor":32,"turns":4},{"damage":29,"enemies":"DF_ARCHETYPE_CLAW","floor":33,"turns":8},{"damage":0,"enemies":"Orb Walker","floor":36,"turns":2},{"damage":0,"enemies":"3 Darklings","floor":37,"turns":4},{"damage":5,"enemies":"Jaw Worm Horde","floor":39,"turns":3},{"damage":0,"enemies":"Reptomancer","floor":43,"turns":3},{"damage":0,"enemies":"Giant Head","floor":46,"turns":3},{"damage":0,"enemies":"downfall:FleeingMerchant","floor":48,"turns":3},{"damage":0,"enemies":"Transient","floor":49,"turns":5},{"damage":27,"enemies":"IC_BLOCK_ARCHETYPE","floor":50,"turns":8},{"damage":73,"enemies":"downfall:CharBossMerchant","floor":52,"turns":7},{"damage":46,"enemies":"downfall:NeowBoss","floor":55,"turns":17},{"damage":62,"enemies":"downfall:NeowBossFinal","floor":56,"turns":9}],"seed_played":"3672325097797810001","potions_obtained":[{"floor":3,"key":"FairyPotion"},{"floor":6,"key":"Block Potion"},{"floor":8,"key":"sneckomod:MuddlingPotion"},{"floor":10,"key":"GamblersBrew"},{"floor":14,"key":"Fruit Juice"},{"floor":16,"key":"BlessingOfTheForge"},{"floor":20,"key":"GamblersBrew"},{"floor":21,"key":"CultistPotion"},{"floor":22,"key":"Guardian:BlockOnCardUsePotion"},{"floor":23,"key":"LiquidBronze"},{"floor":25,"key":"BlessingOfTheForge"},{"floor":27,"key":"Swift Potion"},{"floor":33,"key":"Energy Potion"},{"floor":39,"key":"Weak Potion"},{"floor":43,"key":"Dexterity Potion"},{"floor":49,"key":"DuplicationPotion"}],"is_trial":false,"path_per_floor":["R","M","M","M","?","E","T","M","E","?","T","R","$","E","M","B",null,"R","M","M","?","$","M","T","E","?","E","R","E","M","M","M","B",null,"R","M","M","?","M","R","T","?","E","R","T","E","?","$","M","B",null,"E","$","R","B","B"],"character_chosen":"THE_SPIRIT","items_purchased":["Vajra","Bronze Scales","Medical Kit","Sling","Shuriken","expansioncontent:YouAreMine","expansioncontent:LastStand"],"campfire_rested":3,"item_purchase_floors":[13,13,22,48,48,53,53],"current_hp_per_floor":[70,70,67,67,43,30,30,29,24,19,19,40,40,30,27,10,70,80,80,63,63,61,41,41,31,31,10,50,81,81,81,81,52,95,95,95,95,95,95,95,95,95,95,95,95,102,102,102,102,75,102,29,29,74,28,0,0,0],"gold":52,"neow_bonus":"BOSS_RELIC","is_daily":false,"chose_seed":false,"campfire_upgraded":4,"win_rate":0.0,"timestamp":1612313972,"path_taken":["R","M","M","M","?","E","T","M","E","?","?","R","$","E","M","BOSS","R","M","M","?","$","M","T","E","?","E","R","E","M","?","M","BOSS","R","M","M","?","?","R","T","?","E","R","?","E","?","$","M","BOSS","E","$","R","BOSS","BOSS"],"items_purchased_type":["Relic","Relic","Relic","Relic","Relic","Card","Card"],"build_version":"2020-12-22","purchased_purges":3,"victory":false,"max_hp_per_floor":[70,70,70,70,70,70,70,70,70,70,70,70,70,70,70,70,70,80,80,80,80,80,85,85,85,85,85,85,95,95,95,95,95,95,95,95,95,95,95,95,95,95,95,95,95,102,102,102,102,102,102,102,102,102,102,102,102,102],"card_choices":[{"not_picked":["hexamod:SpectersWail","hexamod:BurningTouch"],"picked":"hexamod:SwordOfDarkness","floor":2},{"not_picked":["hexamod:RadiantFlame","hexamod:HeatMetal"],"picked":"hexamod:ShieldOfDarkness","floor":3},{"not_picked":["hexamod:HeatMetal","hexamod:NecessarySacrifice"],"picked":"hexamod:NightmareGuise","floor":4},{"not_picked":["hexamod:AdvancingGuard","hexamod:SkipABeat"],"picked":"hexamod:SuperheatedStrike","floor":5},{"not_picked":["hexamod:TimeOfNeed","hexamod:GhostOfSpireFuture"],"picked":"hexamod:HeatCrush","floor":6},{"not_picked":["hexamod:DynamicBlow","hexamod:GhostShield"],"picked":"hexamod:Firestarter","floor":8},{"not_picked":["hexamod:StepThrough","hexamod:SpectralSpark"],"picked":"hexamod:BurningTouch","floor":9},{"not_picked":["hexamod:ShieldOfDarkness","hexamod:SecondSeal"],"picked":"hexamod:FifthSeal","floor":13},{"not_picked":["hexamod:GhostOfSpirePresent","hexamod:HauntingEcho","hexamod:GhostShield"],"picked":"SKIP","floor":14},{"not_picked":["hexamod:ThirdSeal","hexamod:SecondSeal"],"picked":"hexamod:SixthSeal","floor":15},{"not_picked":["hexamod:CatchUp","hexamod:GhostShield","hexamod:Hexaguard"],"picked":"SKIP","floor":15},{"not_picked":["hexamod:FourthSeal","hexamod:SecondSeal"],"picked":"hexamod:FirstSeal","floor":16},{"not_picked":["hexamod:GhostOfSpirePresent","hexamod:GiftsFromTheDead"],"picked":"hexamod:TimeOfNeed","floor":16},{"not_picked":["hexamod:FastForward","hexamod:GhostLash","hexamod:HauntingEcho"],"picked":"SKIP","floor":19},{"not_picked":["hexamod:ThirdSeal","hexamod:FirstSeal"],"picked":"hexamod:FourthSeal","floor":20},{"not_picked":["hexamod:RainOfEmbers","hexamod:AdvancingGuard"],"picked":"hexamod:ThermalTransfer+1","floor":20},{"not_picked":["hexamod:AdvancingGuard","hexamod:PhantomCloak","hexamod:SwordOfDarkness"],"picked":"SKIP","floor":22},{"not_picked":["hexamod:SuperheatedStrike","hexamod:RainOfEmbers"],"picked":"hexamod:NightmareGuise+1","floor":23},{"not_picked":["hexamod:FirstSeal","hexamod:SixthSeal"],"picked":"hexamod:SecondSeal","floor":25},{"not_picked":["hexamod:FifthSeal","hexamod:InspiringFlames","hexamod:NecessarySacrifice"],"picked":"SKIP","floor":25},{"not_picked":["hexamod:FourthSeal","hexamod:SecondSeal"],"picked":"hexamod:ThirdSeal","floor":27},{"not_picked":["hexamod:SpectralSpark+1","hexamod:AdvancingGuard","hexamod:GhostLash"],"picked":"SKIP","floor":27},{"not_picked":["hexamod:FastForward","hexamod:FlamesFromBeyond+1"],"picked":"hexamod:HeatShield+1","floor":29},{"not_picked":["hexamod:InspiringFlames","hexamod:FourthSeal","hexamod:SpectralAdrenaline"],"picked":"SKIP","floor":30},{"not_picked":["hexamod:EtherealExpedition","hexamod:HauntingEcho","hexamod:NecessarySacrifice"],"picked":"SKIP","floor":31},{"not_picked":["hexamod:Firestarter+1","hexamod:SuperheatedStrike"],"picked":"hexamod:ThermalTransfer+1","floor":32},{"not_picked":["hexamod:GhostOfSpirePresent","hexamod:FlameSwitch"],"picked":"hexamod:ParanormalForm","floor":33},{"not_picked":["hexamod:HeatMetal+1","hexamod:ThirdSeal"],"picked":"hexamod:Hexaguard","floor":36},{"not_picked":["hexamod:FastForward","hexamod:PhantomCloak+1"],"picked":"hexamod:DynamicBlow+1","floor":37},{"not_picked":["hexamod:AdvancingGuard+1","hexamod:PhantomFireball"],"picked":"hexamod:EmpoweredFlame+1","floor":39},{"not_picked":["hexamod:ChargedBarrage","hexamod:GhostLash","hexamod:NightmareGuise"],"picked":"SKIP","floor":43},{"not_picked":["hexamod:HauntingEcho","hexamod:CatchUp","hexamod:ShieldOfDarkness"],"picked":"SKIP","floor":46},{"not_picked":["hexamod:PhantomCloak+1","hexamod:FirstSeal"],"picked":"hexamod:ForkedFlame","floor":48},{"not_picked":["hexamod:SuperheatedStrike","hexamod:AdvancingGuard"],"picked":"hexamod:ExtraCrispy","floor":49},{"not_picked":["hexamod:SuperheatedStrike+1","hexamod:Firestarter+1"],"picked":"hexamod:UnlimitedPower","floor":52}],"player_experience":1399563,"relics_obtained":[{"floor":6,"key":"The Courier"},{"floor":7,"key":"Kunai"},{"floor":9,"key":"Potion Belt"},{"floor":10,"key":"Whetstone"},{"floor":14,"key":"hexamod:SoulOfChaos"},{"floor":24,"key":"Slimebound:PreparedRelic"},{"floor":25,"key":"Regal Pillow"},{"floor":27,"key":"Orichalcum"},{"floor":29,"key":"PreservedInsect"},{"floor":43,"key":"Smiling Mask"},{"floor":46,"key":"Strawberry"},{"floor":52,"key":"hexamod:InflammatoryLetter"}],"event_choices":[],"is_beta":false,"boss_relics":[{"not_picked":["sneckomod:SneckoTalon","Runic Pyramid"],"picked":"Empty Cage"},{"not_picked":["Sozu","expansioncontent:StudyCardRelic"],"picked":"Cursed Key"}],"items_purged_floors":[13,22,48],"is_endless":false,"potions_floor_spawned":[3,6,8,10,14,16,20,23,25,27,33,39,43,49],"killed_by":"downfall:NeowBossFinal","ascension_level":3}}