{"host":"9kesdg97wkrx2bva","time":1612388586,"event":{"mods":["AchievementEnabler","BaseMod","Colored Map","GifTheSpireLib","Infinite Spire","Minty Spire (QoL Compilation)","Replay The Spire","StSLib"],"gold_per_floor":[109,109,34,45,56,56,69,104,104,122,122,138,149,149,149,220,220,240,240,240,240,45,45,57,57,57,57,106,106,122,122,122,122,122,199,199,219,239,68,81,91,91,91,91,91,91],"floor_reached":45,"language":"ENG","playtime":2305,"items_purged":["Strike_G","Strike_G+1","Strike_G+1"],"score":878,"play_id":"ec00cd0a-05a5-4f3f-8967-0b700681cb77","local_time":"20210203154306","is_ascension_mode":true,"campfire_choices":[{"data":"Neutralize","floor":6,"key":"SMITH"},{"data":"Catalyst","floor":11,"key":"SMITH"},{"data":"Calculated Gamble","floor":11,"key":"SMITH"},{"floor":15,"key":"REST"},{"data":"Blade Dance","floor":23,"key":"SMITH"},{"data":"Footwork","floor":23,"key":"SMITH"},{"data":"Prepared","floor":25,"key":"SMITH"},{"data":"Deadly Poison","floor":25,"key":"SMITH"},{"data":"Infinite Blades","floor":29,"key":"SMITH"},{"data":"After Image","floor":29,"key":"SMITH"},{"floor":32,"key":"REST"},{"floor":34,"key":"REST"},{"data":"Envenom","floor":42,"key":"SMITH"},{"data":"Envenom","floor":42,"key":"SMITH"}],"circlet_count":0,"master_deck":["AscendersBane","Defend_G+1","Defend_G+1","Defend_G+1","Defend_G+1","Defend_G+1","Survivor","Neutralize+1","Slice","Dagger Spray","Backflip","Hidden Blade","Catalyst+1","Calculated Gamble+1","Deadly Poison+1","Well Laid Plans","After Image+1","Blade Dance+1","Infinite Blades+1","Footwork+1","Underhanded Strike","Prepared+1","Blade Dance","Prepared","AbeCurse","Envenom+1","Envenom+1","Bullet Time"],"relics":["Ring of the Snake","NeowsBlessing","Basket Of Snakes","Replay:Arrowhead","Prayer Wheel","Snecko Scales","Nilry\u0027s Codex","Akabeko","Replay:Baseball","Abe\u0027s Treasure","Replay:Drink Me"],"acts_visited":["Exordium","TheCity","TheBeyond"],"potions_floor_usage":[7,10,18,35,35,40],"damage_taken":[{"damage":0,"enemies":"Cultist","floor":1,"turns":1},{"damage":0,"enemies":"Jaw Worm","floor":4,"turns":1},{"damage":0,"enemies":"Small Slimes","floor":5,"turns":1},{"damage":0,"enemies":"Gremlin Gang","floor":7,"turns":3},{"damage":39,"enemies":"Gremlin Nob","floor":8,"turns":6},{"damage":1,"enemies":"Blue Slaver","floor":10,"turns":3},{"damage":0,"enemies":"Exordium Wildlife","floor":12,"turns":5},{"damage":9,"enemies":"Red Slaver","floor":13,"turns":4},{"damage":4,"enemies":"The Guardian","floor":16,"turns":12},{"damage":2,"enemies":"3 Byrds","floor":18,"turns":4},{"damage":0,"enemies":"Spheric Guardian","floor":24,"turns":5},{"damage":0,"enemies":"3 Cultists","floor":30,"turns":4},{"damage":0,"enemies":"Champ","floor":35,"turns":4},{"damage":6,"enemies":"Orb Walker","floor":37,"turns":3},{"damage":15,"enemies":"3 Darklings","floor":38,"turns":5},{"damage":9,"enemies":"Sphere and 2 Shapes","floor":40,"turns":5},{"damage":0,"enemies":"Maw","floor":41,"turns":5},{"damage":24,"enemies":"Nemesis","floor":45,"turns":2}],"seed_played":"1708712046072560025","potions_obtained":[{"floor":5,"key":"Explosive Potion"},{"floor":8,"key":"Poison Potion"},{"floor":10,"key":"SteroidPotion"},{"floor":12,"key":"Fire Potion"},{"floor":24,"key":"Energy Potion"},{"floor":30,"key":"Block Potion"},{"floor":38,"key":"ColorlessPotion"}],"is_trial":false,"path_per_floor":["M","?","$","M","M","R","M","E","T","M","R","M","M","?","R","B",null,"M","?","?","?","$","R","M","R","PTL","PTL","T","R","M","AVR","R","?","R","B",null,"M","M","$","M","M","R","PTL","PTL","E"],"character_chosen":"THE_SILENT","items_purchased":["Footwork","Underhanded Strike","Envenom"],"campfire_rested":3,"item_purchase_floors":[22,22,39],"current_hp_per_floor":[59,59,59,59,59,59,59,20,20,19,19,19,10,10,29,25,56,54,33,33,24,24,24,24,24,24,24,24,24,24,24,43,25,46,46,52,46,31,31,22,22,22,22,22,0,0],"gold":91,"neow_bonus":"THREE_ENEMY_KILL","is_daily":false,"chose_seed":false,"campfire_upgraded":11,"win_rate":0.0,"timestamp":1612388586,"path_taken":["M","?","$","?","M","R","?","E","T","M","R","M","M","?","R","BOSS","M","?","?","?","$","R","?","R","PTL","PTL","T","R","M","AVR","R","?","R","BOSS","M","M","$","M","M","R","PTL","PTL","E"],"items_purchased_type":["Card","Card","Card"],"build_version":"2020-12-22","purchased_purges":3,"victory":false,"max_hp_per_floor":[66,66,66,66,66,66,66,66,66,66,66,66,66,66,66,66,66,66,66,66,66,66,66,66,66,66,66,66,66,66,66,66,71,71,71,54,54,54,54,54,54,54,54,54,54,54],"card_choices":[{"not_picked":["Dagger Throw","Terror"],"picked":"Poisoned Stab","floor":1},{"not_picked":["Fluid Movement","Outmaneuver"],"picked":"Slice","floor":4},{"not_picked":["PiercingWail","Blur"],"picked":"Dagger Spray","floor":5},{"not_picked":["Leg Sweep","Acrobatics"],"picked":"Backflip","floor":7},{"not_picked":["Reflex","Burst"],"picked":"Hidden Blade","floor":8},{"not_picked":["Dagger Spray","PiercingWail"],"picked":"Catalyst","floor":10},{"not_picked":["Flying Knee","Skewer"],"picked":"Calculated Gamble","floor":10},{"not_picked":["Infinite Blades","ReplayTheSpireMod:Shiv Toss"],"picked":"Deadly Poison","floor":12},{"not_picked":["Dodge and Roll","Leg Sweep"],"picked":"Well Laid Plans","floor":12},{"not_picked":["Deflect","PiercingWail"],"picked":"Poisoned Stab","floor":13},{"not_picked":["Calculated Gamble","Eviscerate","PiercingWail"],"picked":"SKIP","floor":13},{"not_picked":["Glass Knife","Wraith Form v2"],"picked":"After Image","floor":16},{"not_picked":["ReplayTheSpireMod:The Works","Caltrops"],"picked":"Blade Dance","floor":18},{"not_picked":["Deflect","Setup"],"picked":"Infinite Blades","floor":18},{"not_picked":["Hidden Blade","Sucker Punch"],"picked":"Prepared","floor":24},{"not_picked":["Backflip","Cloak And Dagger","Outmaneuver"],"picked":"SKIP","floor":24},{"not_picked":["PiercingWail","Slice"],"picked":"Blade Dance","floor":30},{"not_picked":["Quick Slash","Deadly Poison"],"picked":"Prepared","floor":30},{"not_picked":["Corpse Explosion","Adrenaline"],"picked":"Envenom","floor":35},{"not_picked":["Eviscerate","Bane","Deadly Poison"],"picked":"SKIP","floor":37},{"not_picked":["Blade Dance","Toxin Wave","Poisoned Stab"],"picked":"SKIP","floor":37},{"not_picked":["Acrobatics","Underhanded Strike","Dagger Throw+1"],"picked":"SKIP","floor":38},{"not_picked":["Skewer+1","Acrobatics+1","Quick Slash"],"picked":"SKIP","floor":38},{"not_picked":["Flying Knee","Poisoned Stab"],"picked":"Bullet Time","floor":40},{"not_picked":["Dagger Spray","Well Laid Plans","Backflip"],"picked":"SKIP","floor":40},{"not_picked":["Terror","Outmaneuver+1","Poisoned Stab"],"picked":"SKIP","floor":41},{"not_picked":["Cloak And Dagger","Poisoned Stab","ReplayTheSpireMod:Tripwire"],"picked":"SKIP","floor":41}],"player_experience":1000076,"relics_obtained":[{"floor":8,"key":"Replay:Arrowhead"},{"floor":9,"key":"Prayer Wheel"},{"floor":19,"key":"Nilry\u0027s Codex"},{"floor":28,"key":"Akabeko"}],"event_choices":[{"cards_removed":["Poisoned Stab"],"damage_healed":0,"gold_gain":0,"player_choice":"Gave Card","damage_taken":0,"relics_obtained":["Basket Of Snakes"],"max_hp_gain":0,"max_hp_loss":0,"event_name":"WeMeetAgain","floor":2,"gold_loss":0},{"damage_healed":0,"gold_gain":0,"player_choice":"Searched \u00270\u0027 times","damage_taken":0,"max_hp_gain":0,"max_hp_loss":0,"event_name":"Dead Adventurer","floor":14,"gold_loss":0},{"damage_healed":0,"gold_gain":0,"player_choice":"Obtained Book","damage_taken":21,"max_hp_gain":0,"max_hp_loss":0,"event_name":"Cursed Tome","floor":19,"gold_loss":0},{"damage_healed":0,"gold_gain":0,"player_choice":"Simplicity","damage_taken":0,"max_hp_gain":0,"max_hp_loss":0,"event_name":"Back to Basics","floor":20,"gold_loss":0,"cards_upgraded":["Strike_G","Strike_G","Strike_G","Strike_G","Defend_G","Defend_G","Defend_G","Defend_G","Defend_G"]},{"damage_healed":0,"gold_gain":0,"player_choice":"Damaged","damage_taken":9,"max_hp_gain":0,"max_hp_loss":0,"event_name":"Wheel of Change","floor":21,"gold_loss":0},{"damage_healed":0,"gold_gain":0,"player_choice":"Shed Blood","damage_taken":23,"max_hp_gain":5,"max_hp_loss":0,"event_name":"Forgotten Altar","floor":33,"gold_loss":0}],"is_beta":false,"boss_relics":[{"not_picked":["Calling Bell","ReplayTheSpireMod:DimensionalGlitch"],"picked":"Snecko Scales"},{"not_picked":["Cursed Key","Tiny House"],"picked":"Replay:Drink Me"}],"items_purged_floors":[3,22,31],"is_endless":false,"potions_floor_spawned":[5,8,10,12,16,24,30,38],"killed_by":"Nemesis","ascension_level":16}}