{"host":"dlqyscxstsnu98l1","time":1612322158,"event":{"mods":["AchievementEnabler","BaseMod","Colored Map","Colored Powertips","Downfall","GifTheSpireLib","Highlight Path","Minty Spire (QoL Compilation)","Random Character Button","SacredBarkPlus","StSLib","everything is the same but u backflip on backflip"],"gold_per_floor":[369,382,1,1,21,21,52,52,52,87,87,87,100,100,100,100,100],"floor_reached":16,"language":"ENG","playtime":532,"items_purged":[],"score":119,"play_id":"93694989-a13d-480e-a428-1e621da730d8","local_time":"20210202211558","is_ascension_mode":true,"campfire_choices":[{"data":"Flame Barrier","floor":6,"key":"SMITH"},{"floor":8,"key":"REST"},{"data":"Bash","floor":15,"key":"SMITH"}],"circlet_count":0,"master_deck":["Strike_R","Strike_R","Strike_R","Strike_R","Defend_R","Defend_R","Defend_R","Defend_R","Bash+1","Flame Barrier+1","Ghostly Armor","Shrug It Off","Carnage","Wild Strike","Injury"],"relics":["Burning Blood","Peace Pipe","WingedGreaves","Kunai","Bottled Lightning","Tiny Chest","Golden Idol"],"acts_visited":["Exordium"],"potions_floor_usage":[2,7],"damage_taken":[{"damage":6,"enemies":"Cultist","floor":1,"turns":3},{"damage":7,"enemies":"Small Slimes","floor":2,"turns":5},{"damage":0,"enemies":"2 Louse","floor":5,"turns":4},{"damage":43,"enemies":"Lagavulin","floor":7,"turns":9},{"damage":34,"enemies":"Gremlin Nob","floor":10,"turns":5},{"damage":4,"enemies":"2 Fungi Beasts","floor":13,"turns":4},{"damage":52,"enemies":"Slime Boss","floor":16,"turns":8}],"seed_played":"1275964316461450832","potions_obtained":[{"floor":1,"key":"SteroidPotion"},{"floor":2,"key":"Fruit Juice"},{"floor":5,"key":"hexamod:SoulburnPotion"}],"is_trial":false,"path_per_floor":["M","M","$","?","M","R","E","R","T","E","?","?","M","?","R","B"],"character_chosen":"IRONCLAD","items_purchased":["Peace Pipe","Ghostly Armor"],"campfire_rested":1,"item_purchase_floors":[3,3],"current_hp_per_floor":[56,60,60,60,66,66,29,54,54,26,19,19,21,49,49,0,0],"gold":100,"neow_bonus":"TWO_FIFTY_GOLD","is_daily":false,"chose_seed":false,"campfire_upgraded":2,"win_rate":0.0,"timestamp":1612322158,"path_taken":["M","M","$","?","?","R","E","R","T","E","?","?","M","?","R","BOSS"],"items_purchased_type":["Relic","Card"],"build_version":"2020-12-22","purchased_purges":0,"victory":false,"max_hp_per_floor":[80,85,85,85,85,85,85,85,85,85,85,85,85,85,85,85,85],"card_choices":[{"not_picked":["Headbutt","Sentinel"],"picked":"Flame Barrier","floor":1},{"not_picked":["Heavy Blade","Havoc","Entrench"],"picked":"SKIP","floor":2},{"not_picked":["Sever Soul","Flex"],"picked":"Shrug It Off","floor":5},{"not_picked":["Second Wind","True Grit"],"picked":"Carnage","floor":7},{"not_picked":["Ghostly Armor","Sentinel"],"picked":"Wild Strike","floor":10},{"not_picked":["Anger","Searing Blow","Rupture"],"picked":"SKIP","floor":13}],"player_experience":138904,"relics_obtained":[{"floor":7,"key":"Kunai"},{"floor":9,"key":"Bottled Lightning"},{"floor":10,"key":"Tiny Chest"}],"event_choices":[{"damage_healed":0,"gold_gain":0,"player_choice":"Gave Potion","damage_taken":0,"relics_obtained":["WingedGreaves"],"max_hp_gain":0,"max_hp_loss":0,"event_name":"WeMeetAgain","floor":4,"gold_loss":0},{"cards_removed":["Strike_R"],"damage_healed":0,"gold_gain":0,"player_choice":"Card Removal","damage_taken":7,"max_hp_gain":0,"max_hp_loss":0,"event_name":"Golden Wing","floor":11,"gold_loss":0},{"damage_healed":0,"gold_gain":0,"player_choice":"Take Wound","damage_taken":0,"relics_obtained":["Golden Idol"],"max_hp_gain":0,"max_hp_loss":0,"event_name":"Golden Idol","floor":12,"gold_loss":0,"cards_obtained":["Injury"]},{"damage_healed":28,"gold_gain":0,"player_choice":"Banana","damage_taken":0,"max_hp_gain":0,"max_hp_loss":0,"event_name":"Big Fish","floor":14,"gold_loss":0}],"is_beta":false,"boss_relics":[],"items_purged_floors":[],"is_endless":false,"potions_floor_spawned":[1,2,5],"killed_by":"Slime Boss","ascension_level":2}}