{"host":"y89x8uui45kcjy42","time":1612394962,"event":{"mods":["2.2 Compatiblity","BaseMod","CapriCore","Colored Map","Colored Powertips","Custom Start","Friendly Minions","Keyboard Shortcuts","Minty Spire (QoL Compilation)","Relic Stats","Slay the Relics Exporter","StSLib","SuperFastMode","Uncapped"],"gold_per_floor":[113,113,113,113,131,159,159,159,159,189,189,221,221,257,257,328,328,348,387,230,120,128,128,128,84,107,118,168,168,168,180,180,180,180],"floor_reached":33,"language":"KOR","playtime":796,"items_purged":["Defend_R","Bash+1"],"score":605,"play_id":"b98cdedc-fda2-4916-9a72-bc34161d7c55","local_time":"20210204082922","is_ascension_mode":true,"campfire_choices":[{"data":"Disarm","floor":7,"key":"SMITH"},{"data":"Rampage","floor":8,"key":"SMITH"},{"data":"Bash","floor":11,"key":"SMITH"},{"data":"Sword Boomerang","floor":15,"key":"SMITH"},{"data":"Entrench","floor":23,"key":"SMITH"},{"data":"Evolve","floor":24,"key":"SMITH"},{"data":"Disarm","floor":29,"key":"SMITH"},{"data":"Wild Strike","floor":30,"key":"SMITH"},{"data":"Shrug It Off","floor":32,"key":"SMITH"}],"circlet_count":0,"master_deck":["Bludgeon+1","Shrug It Off+1","Envenom+1","Disarm+1","Rampage+1","Sword Boomerang+1","Second Wind+1","Immolate+1","Evolve+1","Disarm+1","Entrench+1","Shrug It Off+1","Wild Strike+1"],"relics":["Burning Blood","Snake Skull","The Specimen","TwistedFunnel","MealTicket","Strawberry","Akabeko","CeramicFish","SacredBark","Potion Belt","Red Mask","Orrery","WingedGreaves","ClockworkSouvenir","Tiny Chest"],"acts_visited":["Exordium","TheCity"],"potions_floor_usage":[],"damage_taken":[{"damage":13,"enemies":"2 Louse","floor":1,"turns":2},{"damage":0,"enemies":"Small Slimes","floor":5,"turns":2},{"damage":25,"enemies":"Lagavulin","floor":6,"turns":5},{"damage":15,"enemies":"3 Sentries","floor":10,"turns":5},{"damage":23,"enemies":"Lagavulin","floor":12,"turns":4},{"damage":0,"enemies":"Gremlin Nob","floor":14,"turns":2},{"damage":23,"enemies":"Slime Boss","floor":16,"turns":8},{"damage":16,"enemies":"3 Byrds","floor":18,"turns":3},{"damage":24,"enemies":"Masked Bandits","floor":19,"turns":3},{"damage":9,"enemies":"Chosen","floor":27,"turns":3},{"damage":12,"enemies":"3 Cultists","floor":31,"turns":3},{"damage":103,"enemies":"Champ","floor":33,"turns":9}],"seed_played":"-3561221810794607503","potions_obtained":[{"floor":1,"key":"Block Potion"},{"floor":10,"key":"SkillPotion"},{"floor":12,"key":"Block Potion"},{"floor":19,"key":"FearPotion"},{"floor":27,"key":"Strength Potion"},{"floor":31,"key":"ColorlessPotion"}],"is_trial":false,"path_per_floor":["M","?","?","?","M","E","R","R","T","E","R","E","?","E","R","B",null,"M","?","$","?","$","R","R","$","T","M","?","R","R","M","R","B"],"character_chosen":"IRONCLAD","items_purchased":["Immolate","Evolve","Orrery","Wild Strike"],"campfire_rested":0,"item_purchase_floors":[20,22,22,25],"current_hp_per_floor":[61,61,38,85,85,66,66,66,66,64,64,47,52,58,58,41,83,73,55,70,70,85,85,85,97,97,94,94,94,94,88,88,0,0],"gold":180,"neow_bonus":"ONE_RANDOM_RARE_CARD","is_daily":false,"chose_seed":false,"campfire_upgraded":9,"win_rate":0.0,"timestamp":1612394962,"path_taken":["M","?","?","?","?","E","R","R","T","E","R","E","?","E","R","BOSS","M","?","$","?","$","R","R","$","T","?","?","R","R","M","R","BOSS"],"items_purchased_type":["Card","Card","Relic","Card"],"build_version":"2020-12-22","purchased_purges":2,"victory":false,"max_hp_per_floor":[75,75,75,85,85,85,85,85,85,92,92,92,97,97,97,97,97,97,97,97,97,97,97,97,97,97,97,97,97,97,97,97,97,97],"relic_stats":{"counters":[12,49],"CeramicFish":72,"MealTicket":42,"Tiny Chest":0,"Snake Skull":[103],"obtain_stats":[{"TwistedFunnel":0,"Potion Belt":17,"The Specimen":0,"CeramicFish":14,"SacredBark":17,"Snake Skull":0,"Burning Blood":0,"Akabeko":12,"ClockworkSouvenir":25,"Strawberry":10,"Orrery":22,"MealTicket":6,"Tiny Chest":26,"WingedGreaves":5,"Red Mask":19},{"TwistedFunnel":0,"Potion Belt":7,"The Specimen":0,"CeramicFish":6,"SacredBark":7,"Snake Skull":0,"Burning Blood":0,"Akabeko":5,"ClockworkSouvenir":9,"Strawberry":4,"Orrery":9,"MealTicket":3,"Tiny Chest":9,"WingedGreaves":2,"Red Mask":9},{"TwistedFunnel":0,"Potion Belt":28,"The Specimen":0,"CeramicFish":20,"SacredBark":28,"Snake Skull":0,"Burning Blood":0,"Akabeko":18,"ClockworkSouvenir":34,"Strawberry":14,"Orrery":34,"MealTicket":9,"Tiny Chest":34,"WingedGreaves":4,"Red Mask":34}],"Burning Blood":60},"card_choices":[{"not_picked":["Rupture","Thunderclap"],"picked":"Shrug It Off","floor":1},{"not_picked":["Twin Strike","Clothesline"],"picked":"Disarm","floor":5},{"not_picked":["Feel No Pain","Perfected Strike"],"picked":"Rampage","floor":6},{"not_picked":["Dark Embrace","Thunderclap","Corruption"],"picked":"SKIP","floor":10},{"not_picked":["Havoc","Sword Boomerang","Intimidate"],"picked":"SKIP","floor":12},{"not_picked":["Uppercut","Ghostly Armor"],"picked":"Sword Boomerang","floor":14},{"not_picked":["Cleave","Perfected Strike","Clash"],"picked":"SKIP","floor":18},{"not_picked":["Body Slam","Dropkick"],"picked":"Second Wind+1","floor":19},{"not_picked":["Anger","Clothesline"],"picked":"Disarm","floor":22},{"not_picked":["Reaper","Flex"],"picked":"Entrench","floor":22},{"not_picked":["Hemokinesis","Metallicize"],"picked":"Shrug It Off","floor":22},{"not_picked":["Warcry","Anger","Iron Wave"],"picked":"SKIP","floor":27},{"not_picked":["Rage","Armaments","Heavy Blade"],"picked":"SKIP","floor":31}],"player_experience":679767,"relics_obtained":[{"floor":6,"key":"MealTicket"},{"floor":10,"key":"Strawberry"},{"floor":12,"key":"Akabeko"},{"floor":14,"key":"CeramicFish"},{"floor":19,"key":"Red Mask"},{"floor":26,"key":"Tiny Chest"}],"event_choices":[{"damage_healed":0,"gold_gain":0,"player_choice":"Grow","damage_taken":0,"max_hp_gain":0,"max_hp_loss":0,"event_name":"Living Wall","floor":2,"gold_loss":0,"cards_upgraded":["Bludgeon"]},{"damage_healed":0,"gold_gain":0,"player_choice":"Entered Light","damage_taken":23,"max_hp_gain":0,"max_hp_loss":0,"event_name":"Shining Light","floor":3,"gold_loss":0,"cards_upgraded":["Strike_R","Shrug It Off"]},{"cards_removed":["Envenom"],"damage_healed":37,"gold_gain":0,"player_choice":"Offered Rare","damage_taken":0,"max_hp_gain":10,"max_hp_loss":0,"event_name":"Bonfire Elementals","floor":4,"gold_loss":0},{"damage_healed":0,"gold_gain":0,"player_choice":"Donut","damage_taken":0,"max_hp_gain":5,"max_hp_loss":0,"event_name":"Big Fish","floor":13,"gold_loss":0},{"damage_healed":0,"gold_gain":0,"player_choice":"Fought Bandits","damage_taken":0,"max_hp_gain":0,"max_hp_loss":0,"event_name":"Masked Bandits","floor":19,"gold_loss":0},{"cards_removed":["Strike_R"],"damage_healed":0,"gold_gain":0,"player_choice":"Upgrade and Remove","damage_taken":0,"max_hp_gain":0,"max_hp_loss":0,"event_name":"Designer","floor":21,"gold_loss":110,"cards_upgraded":["Immolate"]},{"damage_healed":0,"gold_gain":50,"player_choice":"Stole From Cult","damage_taken":0,"max_hp_gain":0,"max_hp_loss":0,"event_name":"Nest","floor":28,"gold_loss":0}],"is_beta":false,"boss_relics":[{"not_picked":["SlaversCollar","Tiny House"],"picked":"SacredBark"}],"items_purged_floors":[22,25],"is_endless":false,"potions_floor_spawned":[1,10,12,19,27,31],"killed_by":"Champ","ascension_level":20}}